4176 6444
605 447 713 514 819

1679 458 2105 522 NICEPHORI
2146 455 2622 521 PRESBYTER!
2664 458 2768 522 ΟΡ.

3752 457 3855 521 820

608 572 852 631 saturus,
881 563 936 619 in
960 564 1198 623 sublime
1219 581 1279 624 se
1310 569 1484 636 tollit;
1519 584 1584 627 ac
1611 586 1707 641 per
1735 587 1914 628 aerem
1949 573 2186 644 fugiens,

2293 573 2409 626 ἀλλ’
2443 572 2601 635 εἰδὼς
2653 573 2680 623 6
2727 571 2794 623 τά
2835 570 3122 640 ἀπόρρητα
3174 565 3534 638 ἐπιστάμενος
3585 565 3717 630 Θεὸς
3767 571 3858 622 τὸν

611 655 856 710 terribile
885 664 948 711 ac
990 657 1290 714 violentum
1343 659 1526 732 fulgur
1574 662 1812 720 declinat
1853 681 1865 717 :
1911 664 2053 718 inter
2102 662 2188 717 iu-

610 747 867 814 giendum
923 765 1090 816 vero,
1152 752 1205 806 id
1261 755 1513 826 studiose
1557 755 1706 825 agit,
1753 763 1809 809 ut
1863 753 2060 810 alicubi
2119 770 2183 808 cx

611 842 832 897 homine
876 858 1180 914 suspensus
1229 857 1485 912 maneat,
1515 863 1652 918 quo,
1689 862 1910 917 parcere
1937 849 2188 918 cupiente

613 931 722 987 Deo
783 934 1023 1001 homini,
1075 935 1178 1006 ipsi
1229 952 1450 1007 quoque
1500 949 1774 1008 parcatur.
1831 937 2029 997 Verum
2095 941 2185 1010 qui

611 1023 985 1078 occultissima
1022 1042 1254 1096 quaeque
1289 1029 1546 1098 perspicit
1586 1027 1768 1092 Deus.
1817 1029 2036 1100 cognito
2092 1046 2189 1083 ne-

613 1115 920 1172 t‘andissimi
976 1119 1201 1189 spiritus
1259 1117 1528 1186 consilio,
1583 1123 1675 1177 dat
1723 1123 1936 1192 signum
1991 1123 2184 1192 angelo

612 1210 892 1278 pmdicto,
925 1211 1113 1266 dicens
1146 1231 1160 1267 :
1195 1213 1350 1269 Tolle
1385 1223 1441 1270 et
1475 1215 1712 1271 amicum
1765 1217 2049 1286 pariter.et
2083 1214 2187 1269 ini-

611 1303 814 1355 inicum
851 1319 868 1368 ;
905 1303 957 1358 id
1017 1314 1147 1372 est,
1201 1307 1646 1377 quandoquidem
1713 1307 1856 1376 apud
1913 1307 2184 1361 hominem

606 1395 810 1461 justum
842 1395 946 1450 sibi
981 1398 1190 1466 asylum
1223 1399 1497 1468 qumsierit
1526 1399 1897 1470 nequissimus
1920 1439 1935 1465 ,
1981 1407 2188 1453 utrum-

607 1502 715 1554 que
743 1502 922 1542 crema
955 1507 966 1544 :
1003 1490 1267 1545 famulum
1308 1505 1410 1558 ego
1446 1506 1626 1547 meum
1662 1491 1786 1545 dein
1814 1490 2185 1545 consolatione

608 1581 875 1650 dignabor
923 1585 1252 1653 copiosiore.
1331 1585 1576 1655 Denique
1629 1586 1939 1654 ubicunque
1995 1583 2188 1653 depre-

606 1675 852 1728 hvnilerit
881 1674 1172 1731 draconem
1220 1679 1464 1747 angelus,
1485 1694 1578 1736 seu
1643 1681 1697 1732 in
1755 1678 1969 1743 arbore,
2009 1677 2121 1732 sive
2159 1677 2212 1732 in
2267 1692 2485 1748 campo,
2546 1677 2600 1731 in
2634 1676 2797 1732 domo
2825 1718 2839 1742 ,

607 1770 782 1840 ipsum
813 1772 1069 1840 percutit,
1103 1774 1158 1828 in
1191 1774 1402 1830 cineres
1440 1777 1670 1846 redigit,
1716 1785 1770 1828 ct
1824 1782 2077 1828 naturam
2116 1771 2332 1842 penitus
2403 1773 2702 1842 disperdit;

2290 664 2494 717 σκοπὸν
2528 661 2621 714 τοῦ
2647 662 2902 729 ματαίου,
2929 663 3096 712 ἔδωκε
3142 661 3371 728 σημεῖον
3393 658 3469 727 τῷ
3495 659 3711 730 ἀγγέλῳ
3758 662 3856 729 τῆς

2289 755 2578 827 ἀστραπῆς
2607 755 2787 824 φήσας
2822 771 2835 784 ·
2867 749 3037 822 Ἀρον
3078 752 3234 820 φίλον
3283 751 3381 803 σὺν
3424 750 3603 821 ἐχθρῷ
3630 767 3644 782 ⁸
3704 751 3860 804 τούτ-

2291 851 2459 913 έστιν,
2502 850 2586 901 ὅτι
2631 849 2733 901 κᾶν
2779 849 2857 911 είς
2903 847 3056 914 ἅγιον
3111 842 3422 915 προσφύγῃ,
3463 843 3665 898 καῦσον
3701 845 3863 896 αὐτὸν

2294 945 2393 993 σὺν
2417 937 2587 1010 αύτῷ,
2622 941 2715 992 καὶ
2745 937 2856 1008 ἐγὼ
2877 938 2968 990 τὸν
2995 936 3177 992 δοῦλόν
3207 955 3308 1000 μου
3337 937 3578 998 πλείονος
3608 954 3868 1006 παραμυ-

2293 1030 2413 1092 θίας
2442 1030 2773 1100 ἀξιώσομσι,
2804 1030 3005 1084 Λοιπὸν
3046 1030 3181 1081 ὅπου
3228 1027 3512 1099 καταλάὸῃ
3546 1028 3726 1088 αὑτὸν,
3764 1029 3866 1079 κεν

2293 1123 2389 1175 ἐπὶ
2412 1123 2651 1193 δένδρον,
2685 1123 2792 1176 κᾶν
2829 1122 2923 1174 ἐπὶ
2955 1120 3202 1190 κάμπου,
3251 1120 3351 1173 κᾶν
3383 1122 3439 1172 ὲν
3470 1120 3638 1189 οἰκίᾳ,
3669 1119 3773 1172 κᾶν
3811 1122 3866 1171 ὲν

2290 1215 2478 1285 πλοίῳ,
2514 1215 2620 1268 κᾶν
2663 1217 2756 1268 ἐπὶ
2808 1212 3083 1284 ἀνθρώπῳ
3129 1213 3476 1284 προσφεύγῃ,
3524 1215 3643 1265 ὲκετ
3699 1211 3861 1264 αὐτὸν

2292 1306 2564 1358 πατάσσει
2598 1306 2694 1358 καὶ⁸
2745 1305 3020 1376 τεφρόνει,
3055 1302 3146 1356 καὶ
3194 1301 3292 1373 τὴν
3331 1303 3491 1370 φύσιν
3537 1302 3700 1356 αὑτοῦ
3753 1302 3868 1355 δια-

2292 1396 2530 1467 φθείρειο
2555 1397 2647 1450 τὸν
2673 1397 2730 1454 δὲ
2753 1397 2998 1450 Σατανᾶν
3027 1395 3248 1463 δεσμοῖς
3279 1393 3494 1456 ἀλύτοις
3527 1393 3862 1455 ὑποϐάλλων,

2289 1491 2356 1560 τῇ
2406 1490 2661 1560 ἀστραπῇ
2707 1489 3000 1543 κατακαίει
3052 1486 3214 1558 μέχρι
3263 1486 3365 1555 τῆς
3405 1487 3711 1550 συντελεῐας
3763 1485 3863 1554 τῆς

2294 1584 2401 1654 πλη
2411 1601 2468 1655 ρε
2478 1601 2537 1636 στ
2547 1585 2680 1652 ἀτης
2708 1584 2972 1638 ἀνταποδό
2981 1601 3084 1637 σεω
3095 1601 3115 1644 ς
3125 1626 3136 1638 .

2929 1679 2983 1733 in
3044 1681 3278 1750 navigii),
3337 1680 3389 1733 in
3438 1679 3686 1737 homine;
3740 1675 3866 1727 istic

2779 1771 3038 1826 Satanam
3121 1789 3250 1829 vero
3313 1772 3519 1828 catenis
3593 1769 3725 1824 solvi
3771 1784 3867 1821 ne-

607 1869 733 1923 sciis
766 1871 1118 1925 constrictum
1143 1909 1160 1938 ,
1192 1872 1255 1938 ad
1291 1884 1596 1927 extremum
1633 1888 1805 1943 usque
1829 1871 2018 1942 judicii
2056 1871 2196 1925 diem
2237 1869 2360 1940 igne
2403 1868 2666 1923 fulmineo
2710 1871 3005 1938 torquebit.

683 1965 807 2020 171.
848 1966 1228 2038 lnterloquens
1270 1970 1466 2026 iterum
1497 1969 1835 2039 Epiphanius
1867 1986 1880 2023 :
1917 1967 2041 2033 Nix,
2087 1967 2183 2030 ait,
2221 1973 2259 2028 Β

607 2071 770 2125 quam
822 2059 1056 2114 subinde
1106 2076 1137 2117 e
1187 2063 1327 2117 coelo
1373 2063 1552 2118 delabi
1585 2063 1989 2132 conspicimus,
2043 2061 2185 2116 unde

608 2147 858 2212 albescit,
891 2160 985 2204 aut
1018 2149 1161 2205 unde
1184 2155 1490 2208 concrescit
1514 2153 1568 2207 in
1597 2153 1835 2208 ﬂoccos?
1875 2153 2187 2223 Respondet

608 2238 858 2296 Andreas
893 2258 905 2294 :
941 2240 996 2295 ln
1035 2253 1314 2313 comperto
1344 2253 1464 2310 est,
1511 2260 1651 2312 aqua
1683 2245 1735 2300 in
1767 2245 2006 2299 nubibus
2052 2245 2185 2301 resi-

608 2332 806 2398 dente,
853 2334 1010 2402 jussu
1047 2334 1138 2390 Dei
1190 2351 1221 2391 e
1268 2336 1612 2393 ﬁrmamento
1657 2337 1875 2408 prodire
1909 2339 2182 2408 spiritum,

608 2428 822 2479 laneum
860 2428 1168 2481 candorem
1227 2444 1338 2498 prae
1386 2416 1445 2483 se
1496 2429 1796 2496 terentem;
1847 2445 2079 2501 eumque
2130 2431 2183 2484 in

612 2517 785 2570 nubes
831 2532 971 2586 aqua
1020 2516 1254 2573 refertas
1293 2520 1576 2590 delapsum
1605 2559 1620 2583 ,
1672 2520 1974 2574 albedinem
2029 2535 2184 2574 suam

608 2619 736 2659 cum
792 2606 881 2659 illa
931 2607 1340 2664 communicare
1381 2626 1394 2661 :
1437 2624 1503 2663 eo
1558 2609 1668 2664 tere
1711 2611 1892 2673 modo,
1941 2626 2050 2680 quo
2095 2625 2184 2664 ros

609 2712 790 2752 ceram
835 2697 1075 2752 dealbat.
1109 2697 1228 2754 Jam
1270 2717 1400 2755 vero
1430 2717 1570 2772 aqua
1608 2703 1695 2756 illa
1744 2718 1838 2773 per
1876 2718 2057 2757 aerem
2098 2703 2186 2757 de-

611 2791 840 2856 labens‘,
889 2807 992 2846 non
1029 2793 1207 2846 tenuis
1233 2805 1283 2846 et
1321 2795 1540 2847 minuta:
1574 2797 1816 2864 guttula,
1852 2795 2026 2864 qualis
2063 2803 2186 2864 post

611 2896 772 2933 suum
810 2896 877 2934 ex
920 2881 1185 2936 immensa
1235 2882 1358 2954 cwlpi
1413 2883 1696 2937 altitudine
1745 2885 2068 2939 descensum
2131 2885 2182 2939 in

611 2981 753 3025 terra
790 2973 1158 3041 conspicitur,
1194 2975 1290 3027 sed
1321 2975 1539 3043 cepiosa
1572 2978 1974 3045 conjunctaque
2006 2991 2184 3030 massa

609 3074 726 3126 est;
791 3080 912 3133 quae
973 3065 1112 3118 inter
1163 3065 1466 3119 cadendum
1528 3067 1725 3120 multas
1786 3069 1836 3120 in
1893 3069 2185 3136 particulas

611 3155 818 3218 divisa,
871 3157 1087 3210 tandem
1142 3158 1207 3211 ad
1267 3171 1366 3212 nos
1425 3159 1691 3227 pervenit.
1745 3159 2040 3214 Considera
2099 3161 2185 3214 hic

613 3248 1207 3324 autemadmirandam
1239 3247 1330 3303 Dei
1358 3251 1653 3318 potentiam
1684 3269 1697 3316 ;
1737 3252 2026 3317 quomodo,
2063 3267 2184 3304 cum

614 3339 714 3406 ipsi
780 3317 1026 3401 libuerit,
1071 3339 1232 3395 faciat
1275 3317 1508 3410 pluviam
1547 3344 1598 3394 in
1640 3343 1865 3396 rotunda
1903 3344 2181 3398 densatum
2213 3317 2254 3373 ε

613 3445 804 3496 grana,
835 3447 955 3500 quae
985 3433 1304 3501 grandinem
1351 3435 1621 3504 appellare
1652 3435 2058 3497 consuevimus,
2093 3435 2185 3488 de-

613 3522 849 3576 cidere:
910 3524 1219 3591 qumnodo,
1273 3541 1395 3579 cum
1461 3527 1561 3595 ipsi
1624 3527 1877 3588 libuerit,
1939 3527 2183 3581 eamdem

615 3613 852 3690 pluviam
905 3612 1105 3667 formet
1149 3616 1201 3668 in
1235 3617 1449 3670 mollem
1487 3616 1702 3678 nivem,
1738 3631 1898 3683 quam
1936 3616 2070 3668 lana:
2105 3617 2184 3670 si-

613 3704 795 3757 milem
845 3705 1183 3760 descendere
1239 3707 1291 3759 in
1345 3717 1543 3760 terram
1599 3707 1968 3776 conspicimus
2004 3726 2016 3761 :
2047 3723 2184 3777 quo-

615 3793 778 3846 modo
806 3795 1060 3864 denique,
1092 3811 1214 3849 cum
1246 3797 1490 3863 libuerit,
1517 3798 1702 3868 jubeat
1727 3815 1921 3867 aquam
1957 3800 2188 3853 transire

613 3884 665 3936 in
699 3885 950 3953 glaciem,
1010 3895 1061 3940 et
1120 3889 1260 3940 hanc
1311 3887 1506 3942 iterum
1560 3890 1612 3943 in
1650 3905 1866 3959 aquam.
1924 3889 2186 3946 Mirabilis

614 3993 848 4045 namque
885 3979 937 4031 in
971 3980 1052 4032 bis
1085 3982 1342 4034 omnibus
1367 3992 1448 4036 ρει
1485 3981 1764 4037 Duiiiinus.

695 4070 810 4124 112.
845 4069 905 4123 Ει
940 4071 1276 4140 Epiphanius
1301 4113 1316 4137 ,
1365 4089 1490 4127 mox
1524 4075 1684 4127 aliam
1718 4077 2010 4144 subjiciens
2038 4090 2187 4144 qua:-

613 4162 841 4215 stinnem
876 4180 888 4216 :
925 4159 1230 4227 Quomodo.
1267 4163 1475 4232 inquit,
1510 4163 1971 4234 interpretandum
2032 4174 2189 4233 putas

614 4257 758 4325 quod
794 4257 925 4309 dicit
977 4253 1251 4323 Propheta
1287 4275 1299 4308 :
1338 4274 1355 4306 ι
1395 4255 1533 4320 Quia
1582 4259 1721 4310 calix
1771 4255 1823 4310 in
1870 4272 2031 4310 manu
2087 4257 2190 4310 Do—

621 4349 752 4402 mini
803 4347 910 4400 vini
969 4349 1100 4401 meri
1137 4349 1331 4416 plenus
1385 4349 1565 4402 misto.
1590 4349 1650 4401 Et
1683 4349 1960 4403 inclinavit
1988 4366 2054 4404 ex
2088 4350 2190 4404 hoc

618 4441 674 4498 in
722 4441 824 4495 boc
851 4458 864 4494 :
896 4449 1271 4497 verumtamen
1317 4441 1415 4496 faex
1445 4439 1564 4506 ejus
1600 4457 1704 4494 non
1746 4449 1828 4496 est
1865 4442 2141 4495 exinanita
2171 4459 2188 4495 .'

617 4535 806 4589 bibent
874 4551 1066 4590 omnes
1109 4548 1419 4603 peccatores
1459 4547 1616 4590 terra:
1665 4537 1748 4588 "2'
1785 4554 1802 4586 ›
1853 4535 2188 4591 Solutionem

617 4642 748 4679 vero
783 4626 855 4679 ita
893 4626 1077 4678 statim
1121 4625 1305 4680 subdit
1356 4628 1600 4680 Andreas
1642 4641 1655 4678 :

617 4717 750 4771 dixit
783 4736 795 4770 :
840 4735 858 4768 ι
899 4717 954 4771 Si
985 4717 1107 4786 quis
1153 4718 1302 4778 sitit,
1344 4718 1523 4771 veniat
1561 4719 1627 4773 ad
1662 4735 1767 4782 me,
1809 4734 1863 4774 et
1894 4721 2042 4774 bibat
2067 4721 2129 4774 “.
2167 4741 2184 4772 ι

617 4808 769 4863 Calix
829 4809 994 4878 igitur
1043 4817 1128 4863 est
1174 4808 1335 4862 Jesus
1386 4809 1679 4872 Christus,
1722 4827 1884 4865 verus
1938 4810 2078 4864 Deus
2133 4821 2187 4866 et

621 4905 806 4956 homo.
839 4902 991 4956 Calix
1049 4902 1448 4954 humanitatem
1492 4900 1673 4966 illius,
1722 4902 1904 4956 vinum
1956 4919 2190 4966 merum,

618 4995 849 5062 simplex
910 4993 1138 5047 Deitatis
1189 4992 1428 5045 Verbum
1482 4993 1790 5047 adumbrat.
1863 4995 1998 5049 Nam
2049 4998 2192 5051 sicut

619 5092 802 5143 vinum
845 5105 949 5144 non
987 5097 1204 5142 tenetur
1235 5087 1340 5141 nisi
1383 5089 1436 5140 in
1478 5103 1636 5154 vase;
1671 5088 1750 5142 sic
1791 5088 1996 5155 absque
2028 5105 2190 5146 carne

613 5201 720 5238 non
751 5192 937 5253 posset
975 5182 1066 5236 Dei
1098 5182 1362 5250 sapientia
1394 5182 1688 5236 invisibilis
1719 5198 1839 5235 cum
1880 5184 2191 5237 hominibus

612 5276 895 5330 visibiliter
947 5275 1284 5333 conversari.
1329 5276 1387 5329 ln
1443 5291 1609 5328 manu
1659 5275 1840 5344 itaque
1890 5275 2062 5329 Patris
2109 5287 2191 5330 est

685 5455 726 5484 ³³
770 5456 916 5510 l’SaI.
955 5470 1142 5519 Lxxiv,
1176 5455 1232 5510 9.
1309 5457 1352 5487 “
1390 5455 1548 5510 Joan.
1590 5472 1684 5516 vn,
1719 5456 1806 5509 37.

685 5641 798 5710 (81)
841 5640 915 5693 Ita
969 5639 1219 5703 mutavi,
1277 5641 1401 5693 licet
1431 5654 1535 5693 ms.
1575 5638 1748 5693 V'atic.
1793 5640 2011 5707 καιρὸν,
2053 5639 2190 5692 Maz.

616 5713 869 5782 σκιηρών
902 5713 1118 5767 habeat.

684 5778 797 5851 (8‘2)
841 5781 1117 5837 Prolixius
1153 5784 1238 5838 hic
1280 5798 1381 5834 ms.
1443 5778 1618 5851 Vatic.
1663 5778 1872 5847 Νοητὸν
1922 5780 2029 5850 γάρ
2076 5783 2190 5833 ἐστι

613 5850 876 5924 τὸνόημα
895 5869 909 5882 ·
942 5854 1203 5924 ποτήριόν
1235 5850 1626 5921 ὲστι·ι,’ῐησοῦς
1653 5857 1680 5905 ὁ
1707 5853 1964 5924 Κύριοςγὸ
1991 5853 2191 5914 τέλειος

614 5926 934 5994 ἅνθρωπος,
975 5923 1120 5989 οἶνος
1177 5926 1412 5992 ἄκρατος
1460 5925 1490 5974 6
1536 5925 1705 5991 Λόγος
1758 5926 1851 5990 τῆς
1905 5923 2186 5984 θεότητος·

2365 1970 2497 2034 ροα’.
2549 1962 2870 2032 Ἐπιφάνιος
2899 1959 3054 2017 εἶπεν
3085 1979 3100 1993 ·
3149 1964 3207 2018 '0
3238 1961 3372 2034 χιὼν
3398 1963 3426 2015 6
3473 1958 3767 2032 φερόμενος
3801 1959 3866 2010 ἐκ

2286 2055 2380 2109 τοῦ
2413 2054 2647 2124 ούρανοῦ
2709 2054 2875 2107 πόθεν
2907 2055 3274 2118 λευκαίνεται,
3305 2055 3336 2125 ἢ
3379 2055 3543 2108 πόθεν
3593 2056 3866 2122 πήσσεται

2287 2150 2368 2215 εἰς
2397 2147 2550 2218 χιόνα
2588 2145 3080 2216 μεταπεμπόμενος
3107 2163 3122 2212 ;
3184 2147 3242 2200 '0
3272 2146 3466 2214 ’Λγιος
3492 2141 3647 2196 εἶπεν
3672 2161 3686 2176 ο
3727 2145 3868 2213 Πρό-

2286 2241 2443 2311 δηλόν
2493 2241 2666 2304 ἐστιν,
2720 2238 2802 2290 ὅτι
2845 2239 2926 2291 ἔτι
2978 2237 3070 2291 τοῦ
3122 2236 3313 2301 ὓδατος
3354 2239 3409 2290 ὲν
3443 2239 3564 2302 ταῖς
3611 2237 3866 2303 νεφέλαις

2292 2329 2752 2402 χρηματίζοντος,
2809 2332 3092 2402 ἐξέρχεται
3145 2331 3208 2383 ὲκ
3251 2329 3345 2382 τοῦ
3386 2327 3765 2400 στερεώματος
3805 2328 3866 2380 τὸ

2288 2423 2502 2491 πνεῦμα
2526 2423 2719 2477 λευκὸν
2745 2424 2877 2478 ὠσεὶ
2906 2424 3072 2496 ἔριον,
3100 2421 3397 2494 προστάξει
3423 2420 3580 2488 Θεοῦ,
3616 2421 3709 2473 καὶ
3731 2418 3865 2474 αὐτὸ

2295 2515 2582 2568 ἐπιπίπτει
2602 2519 2722 2579 ταῖς
2752 2515 3002 2585 νεφέλαις
3032 2513 3126 2568 τοῦ
3154 2513 3344 2577 ὓδατος
3373 2513 3698 2581 άναμέστοις
3729 2529 3867 2582 χρη-

2290 2607 2669 2677 ματιζούσαις,
2712 2606 2806 2659 καὶ
2834 2594 3104 2659 λευκαίνει
3138 2606 3198 2657 τὺ
3228 2604 3368 2674 ὕδωρ
3390 2604 3548 2671 ἄγαν,
3584 2603 3642 2656 ὃν
3665 2604 3866 2673 τρόπον

2291 2699 2387 2749 καὶ
2443 2697 2534 2748 τὸν
2589 2696 2757 2765 κηρὸν
2796 2694 2907 2766 (81)
2944 2695 3216 2765 ἡδρόσος.
3262 2694 3685 2763 Κατερχόμενον
3717 2693 3774 2746 δὲ
3805 2694 3866 2745 τὸ

2286 2787 2430 2858 ὕδωρ
2458 2787 2548 2840 διὰ
2586 2787 2679 2844 τοῦ
2712 2787 2893 2855 ἀέρος,
2930 2786 3027 2855 οὐχ
3059 2782 3170 2837 οἷον
3198 2785 3261 2855 δὴ
3292 2786 3386 2837 ἐπὶ
3418 2786 3516 2854 τῆς
3542 2785 3643 2854 γῆς
3671 2785 3865 2854 θραύει

2285 2880 2638 2946 λεπτότατον,
2677 2880 2918 2934 τοιοῦτον
2949 2880 3014 2932 ἐκ
3051 2878 3144 2932 τοῦ
3189 2877 3357 2948 ὕψους
3389 2879 3598 2931 ἐκείνου
3637 2879 3731 2930 τοῦ
3769 2894 3865 2947 φο-

2287 2971 2448 3042 6εροῦ
2481 2973 2543 3025 ὲκ
2569 2971 2662 3024 τοῦ
2693 2972 2853 3041 ἀέρος
2887 2971 3237 3041 κατέρχεται,
3275 2971 3410 3025 ἀλλὰ
3445 2970 3861 3039 μεγεθέστεροϊ

2287 3064 2686 3134 κατερχόμενον
2719 3064 2773 3115 δὲ
2803 3065 2882 3127 είς
2909 3063 3077 3116 πολλὰ
3106 3063 3373 3132 τμήματι
3434 3061 3715 3132 μερίζεται
3745 3063 3866 3116 δια-

2288 3155 2570 3225 χεόμενον.
2603 3155 2748 3226 Ὅρα
2777 3155 2831 3208 δὲ
2856 3154 2994 3207 Θεοῦ
3026 3154 3260 3224 φρικτὴν
3293 3153 3544 3223 δύναμιν,
3579 3155 3696 3216 πῶς
3734 3155 3864 3206 ὅταν

2287 3247 2414 3319 δόξῃ
2445 3247 2618 3318 αὐτῷ,
2646 3249 2792 3301 ποιεῖ
2837 3247 2935 3319 τὴν
2963 3248 3164 3318 βροχὴν
3198 3247 3386 3317 ὥσπερ
3422 3249 3620 3298 κόκκον
3672 3261 3866 3313 στρογ-

2290 3341 2537 3412 γυλοειδῆ
2573 3343 2666 3395 ἐπὶ
2701 3345 2800 3413 τῆς
2850 3341 2953 3412 γῆς
2990 3341 3377 3410 κατέρχεσθαι,
3425 3341 3452 3394 6
3492 3341 3732 3410 χάλαζαν
3768 3356 3866 3391 κα-

2289 3436 2403 3488 λεῖν
2465 3435 2738 3506 εἰώθαμεν
2764 3452 2777 3466 ο
2813 3436 2900 3488 ὅτε
2934 3435 2990 3488 δὲ
3019 3435 3144 3507 δόξῃ
3177 3433 3350 3506 αὐτῷ,
3385 3436 3528 3487 ποιεί
3561 3432 3728 3502 αὐτὴν
3758 3429 3864 3499 φύο

2289 3546 2374 3580 σιν
2432 3526 2649 3598 ἁπαλὴν
2705 3528 2860 3597 χιόνα
2895 3529 3108 3598 ,ὧσπερ
3148 3530 3314 3601 ξριον,
3367 3527 3461 3579 καὶ
3517 3523 3688 3586 οὕτως
3729 3521 3865 3575 αὐτὸ

2292 3621 2594 3690 καταφέρει
2619 3620 2711 3672 ἐπὶ
2737 3621 2834 3688 τῆς
2861 3624 2981 3690 γῆς.
3014 3620 3182 3673 Πάλιν
3215 3619 3446 3684 κελεύει,
3478 3618 3569 3670 καὶ
3597 3614 3865 3685 μετατρέ-

2293 3727 2460 3763 πεται
2496 3711 2557 3762 τὸ
2590 3710 2730 3778 ὕδωρ
2763 3713 2841 3771 εἰς
2877 3713 3070 3777 πάγος,
3107 3709 3201 3761 καὶ
3248 3709 3410 3762 πάλιν
3457 3708 3517 3760 τὸ
3565 3709 3735 3773 πάγος
3784 3721 3863 3769 εις

2293 3800 2453 3872 ὕδωρ.
2485 3803 2809 3870 Θαυμαστὸς
2842 3801 2949 3870 γάρ
2978 3803 3123 3853 ἐστιν
3164 3801 3241 3863 είς
3273 3799 3444 3852 ταῦτα
3477 3803 3502 3851 6
3532 3799 3753 3868 Κύριος.

2361 4074 2492 4146 906'.
2513 4075 2829 4144 Ἐπιφάνιος
2853 4071 3008 4128 εἶπεν
3037 4093 3050 4104 ·
3080 4077 3144 4129 Τί
3176 4076 3524 4147 ἑρμηνεύει,ι
3552 4078 3670 4130 Ὀτι
3703 4081 3864 4149 ποτή-

2299 4184 2412 4240 ριον
2439 4169 2497 4218 ὲν
2526 4168 2673 4236 χειρὶ
2717 4167 2947 4235 Κυρίου,
2985 4168 3128 4219 οίνου
3160 4165 3400 4234 ἀκράτου
3446 4165 3648 4234 πλῆρες
3704 4169 3864 4236 κερά-

2295 4274 2499 4327 σματος
2541 4277 2558 4308 ι
2580 4260 2672 4311 καὶ
2694 4258 2900 4310 ἔκλινεν
2918 4259 2980 4308 ὲκ
3005 4256 3198 4308 τούτου
3231 4259 3310 4318 εἰς
3336 4255 3660 4323 τοῦτο,π).ὴν
3687 4259 3711 4307 ὁ
3731 4274 3864 4326 τρυ-

2293 4351 2418 4419 γίας
2477 4350 2640 4402 αὑτοῦ
2708 4352 2805 4402 οὐκ
2874 4348 3230 4417 ὲξεκενὼθη·
3273 4349 3485 4401 πίονται
3554 4349 3751 4410 πάντες
3819 4349 3864 4400 si

2297 4443 2611 4514 ἁμαρτωλοὶ
2644 4443 2743 4510 τῆς
2770 4443 2908 4510 γῆς;
2943 4461 2960 4493 ι
3010 4442 3066 4494 Ὀ
3093 4443 3281 4507 ’Λγιος
3321 4436 3474 4493 εἶπεν
3507 4459 3521 4472 ·
3562 4441 3623 4492 '0
3663 4439 3863 4509 Κύριος

2296 4539 2452 4609 ἡμῶν
2491 4537 2714 4607 εἴρηκεν
2739 4553 2752 4567 ·
2791 4554 2810 4587 ι
2852 4537 2908 4588 '0
2967 4537 3134 4606 διψῶν
3168 4536 3413 4606 ἐρχέσθω
3443 4536 3575 4605 πρός
3627 4553 3716 4602 με,
3772 4553 3864 4587 και

1715 4627 1972 4680 Dominus
2008 4636 2189 4680 noster

2301 4631 2548 4683 πινέτω.»
2575 4629 2866 4700 ιΠοτήριον
2892 4627 2983 4681 οὖν
3018 4627 3386 4698 ἑστινίησοῦς
3405 4629 3433 4678 6
3467 4629 3699 4698 Χριστὸς
3729 4628 3862 4688 Θεὸς

2296 4723 2506 4782 τέλειος
2539 4722 2633 4773 καὶ
2662 4721 2968 4791 ἄνθρωπος.
3032 4721 3298 4792 Ποτήριον
3325 4722 3358 4791 ὴ
3387 4720 3742 4789 ἀνθρωπὸτης
3769 4719 3864 4769 αύο

2295 4814 2389 4866 τοῦ
2421 4829 2436 4844 °
2493 4809 2633 4875 οἶνος
2711 4813 2945 4880 ἄκρατος
2992 4815 3020 4864 6
3063 4815 3235 4882 Λόγος
3289 4814 3387 4882 τῆς
3441 4814 3692 4879 θεότητος
3741 4812 3863 4864 άδοο

2295 4907 2384 4968 λος
2409 4906 2545 4977 (82).
2581 4906 2598 4977 ]
2640 4908 2801 4958 ’Δνευ
2827 4907 2935 4976 γὰρ
2963 4907 3190 4974 ἀγγείου
3224 4909 3250 4958 6
3275 4901 3419 4968 οἶνος
3447 4907 3506 4957 οῦ
3533 4908 3822 4973 κατέχεται
3847 4919 3862 4934 ·

2295 4999 2466 5062 οὕτως
2493 5002 2588 5052 καὶ
2617 5000 2746 5052 ἀνευ
2785 4999 2986 5068 σαρκὸς
3010 5000 3042 5069 ἡ
3069 4998 3161 5051 τοῦ
3196 4997 3332 5050 Θεοῦ
3364 4998 3525 5064 σοφία
3555 4996 3863 5063 ἀνθρώποις

2298 5094 2696 5163 προσομιλῆσαι
2733 5094 2944 5158 όρατῶς
2988 5092 3097 5162 (8'5)
3131 5092 3230 5144 οὐκ
3261 5092 3534 5159 ἠνέσχετο.
3601 5088 3686 5139 Ἐν
3726 5093 3863 5155 χειρὶ

2293 5182 2386 5238 οῦν
2416 5187 2627 5253 [ἰατρὸς
2655 5188 2682 5238 6
2715 5185 2839 5248 Υἱὸς
2864 5184 2959 5237 τοῦ
2986 5182 3275 5254 ἀνθρώπου
3310 5198 3323 5212 ‘
3356 5181 3515 5242 αὐτὸς
3536 5181 3644 5247 γάρ
3673 5176 3822 5230 εἶπεν
3849 5192 3863 5206 ⁸

2303 5295 2319 5327 ι
2348 5278 2550 5346 Πάτερ,
2577 5278 2653 5339 είς
2684 5276 2868 5346 χεῖράς
2888 5292 2982 5327 σου
3010 5273 3351 5345 παρατίθημι
3370 5272 3430 5324 τὸ
3449 5270 3668 5337 πνεῦμά
3690 5288 3810 5337 μω.
3841 5288 3858 5316 ι

2300 5640 2521 5704 διπλοῦς
2553 5640 2661 5708 γάρ
2681 5635 2748 5710 ἦν
2778 5643 2805 5693 6
2835 5639 3020 5710 Λόγος
3035 5638 3134 5706 τῆς
3162 5638 3413 5710 θεότητος
3435 5675 3447 5696 .
3485 5637 3573 5688 καὶ
3591 5635 3736 5710 *Θεὸς
3772 5635 3855 5710 καὶ

2300 5704 2584 5780 ἄνθρωπος
2623 5704 2717 5762 καί
2764 5710 2967 5780 Κύριος
3009 5704 3249 5774 Ἰησοῦς·
3289 5709 3548 5780 ποτῄριον
3587 5704 3852 5780 ἦνᾼήιὰν-

2301 5774 2588 5851 θρώποτης
2632 5782 2795 5834 αὑτοῦ
2824 5774 3030 5846 ,ὀῖνος
3071 5779 3309 5848 ἄκρατος
3352 5777 3537 5840 ἄδολος
3670 5776 3852 5839 θεότης

2259 5876 2264 5882 ·
2301 5854 2488 5905 αὑτοῦ,

2372 5922 2481 5984 (85)
2524 5921 2625 5978 Ms.
2652 5937 2814 5978 sensu
2846 5917 3123 5976 contrario
3152 5917 3309 5972 habet
3339 5917 3608 5980 ἀοράτως.
