4036 6446
255 412 364 476 821

1443 416 1622 476 VITA
1665 416 1726 473 S.
1766 415 2102 476 ANDREIE
2141 415 2338 476 SALI.

3431 400 3536 463 822

251 520 328 575 Τὸ
345 522 426 588 δὲ,
462 524 709 593 «nt-ﬁng
728 501 1092 593 κεράσματος,
1109 541 1126 573 ι
1151 525 1245 592 δλη
1275 525 1307 594 ἡ
1340 522 1567 591 Θεότης,
1583 524 1641 576 τὸ
1662 511 1846 592 γλυκὺδ

1951 524 2113 581 Filius
2140 525 2424 589 hominis;
2486 525 2603 594 ipso
2658 523 2921 579 dicente:
2963 539 2980 571 ι
3013 519 3194 578 Pater.
3238 516 3290 569 in
3343 529 3532 567 manus

247 614 529 683 κέρασμα,
577 615 637 666 τὺ
685 615 980 683 εὐφραῖνον
1004 615 1104 677 τὰς
1139 614 1371 684 καρδίας
1399 615 1556 684 ἡμῶν
1587 615 1698 668 τῶν
1744 632 1838 667 πι-

252 706 562 758 στευόντων
605 707 686 770 είς
726 705 892 760 αὐτὸν
920 722 933 735 ·
962 705 1177 776 πλήρης
1209 706 1318 776 γὰρ
1347 705 1615 778 Θεότητος
1662 705 1839 774 ἀκράο

247 812 365 859 του,
399 797 572 866 ἤγουν
599 798 792 850 ἀδόλου
832 798 865 866 ἠ
896 796 1259 868 ἀνθρωπότης
1284 796 1475 851 αὐτοῦ.

314 1083 448 1144 par.
475 1078 554 1132 τὸ
576 1077 628 1129 δὲ
651 1119 661 1137 ,
701 1095 719 1127 ι
741 1077 994 1130 Ἐκλινεν
1019 1079 1082 1131 ἐκ
1128 1078 1320 1132 τούτου
1346 1080 1427 1141 είς
1457 1078 1668 1146 τοῦτο,ι
1710 1074 1842 1149 ἦλθε

238 1167 554 1233 σαρκωθεὶς
592 1170 683 1230 eti;
737 1167 800 1220 τὸ
838 1167 991 1231 ἔθνος
1031 1169 1142 1220 τῶν
1185 1169 1477 1233 Ἰουδαίων,
1513 1169 1600 1224 ἵνα
1631 1169 1718 1223 διὰ
1747 1171 1846 1240 τῆς

234 1256 738 1331 ἑνανθρωπτήσετως
783 1262 949 1314 αὐτοῦ
993 1261 1242 1331 γνωρίσῃ
1277 1262 1376 1332 τὴν
1408 1261 1560 1314 ἔνδον
1604 1264 1845 1334 ἄκρατον

231 1350 468 1420 Θεότητα
522 1353 628 1426 [δι’
662 1349 730 1425 ἧς
779 1354 1005 1424 ἐποίησε
1045 1357 1248 1425 σημεῖα
1285 1355 1380 1408 καὶ
1408 1357 1611 1427 τέρατα
1640 1356 1847 1427 ἐμπρο-

235 1443 367 1494 σθεν
393 1447 542 1498 αὑτῶ
565 1464 593 1498 ν
626 1463 640 1477 ο
686 1447 887 1500 ἐκεῖνοι
917 1447 972 1498 δὲ
1012 1448 1194 1518 φθόνῳ
1229 1446 1574 1518 βαλλόμενοι,
1615 1448 1801 1515 ἔλεγον
1828 1464 1842 1479 ⁸

242 1531 338 1584 Ἐκ
369 1537 628 1602 μαγείιις
660 1539 819 1588 ’ποιεῖ’
848 1538 986 1591 αὐτὰ
1018 1538 1133 1608 (84)
1250 1534 1385 1590 Εἶτα
1438 1537 1563 1591 ἰδὼν
1595 1543 1620 1591 6
1657 1540 1846 1610 Πατὴρ

225 1622 307 1676 ὅτι
343 1627 654 1680 ἀπιστοίἶσι
693 1628 772 1697 τῷ
806 1631 1089 1696 μονογενεῖ
1113 1628 1282 1681 αὐτοῦ
1310 1628 1447 1698 Tim,
1479 1631 1573 1682 καὶ
1603 1617 1683 1683 δτὶ
1720 1631 1846 1684 ἐϐα-

227 1711 484 1767 νάτωσαν
508 1717 571 1769 αὑ
606 1716 699 1767 τόν
719 1730 734 1745 ·
767 1715 931 1778 αὐτὸς
961 1719 988 1769 6
1019 1717 1164 1786 ὲντῇ
1192 1718 1336 1787 χειρὶ
1375 1717 1540 1770 αὑτοῦ
1570 1719 1629 1770 τὸ
1663 1720 1845 1790 ποτή-

228 1818 343 1872 ριον
377 1809 582 1872 κρατῶν
612 1824 652 1890 ν,
682 1806 858 1874 ἤγουν
889 1806 988 1875 τὴν
1015 1810 1176 1877 χάριν
1208 1807 1394 1873 αὑτοῦ,
1426 1811 1488 1861 ἐκ
1532 1808 1626 1862 τοῦ
1659 1809 1846 1872 ἔθνους
1875 1841 1922 1900 Β

222 1894 335 1947 τῶν
400 1898 592 1952 Ίουδαί
622 1897 706 1949 ’ων
779 1893 925 1966 ἦρε,
982 1903 1076 1951 καὶ

1155 1901 1447 1969 Ῥωμαίοις
1507 1903 1844 1972 παρέδωκεν.

229 1987 412 2055 αυλὴν
467 1991 493 2040 6
540 2006 602 2059 τρ
636 1987 805 2053 ιυγίας
864 1986 1055 2057 [ἤγουν
1113 1990 1173 2041 τὸ
1227 1989 1454 2059 ἔσχατον
1506 1994 1604 2061 τῆς
1655 1991 1846 2063 ὀργῆς]

221 2078 390 2130 αὐτοῦ
421 2079 518 2132 οὐκ
546 2079 611 2145 ὲξι
647 2077 942 2149 ειενὼθιγ.»
980 2079 1202 2133 Ἐκλινε
1237 2084 1296 2135 τὸ
1321 2083 1654 2153 Εὐαγγέλιον
1685 2084 1849 2137 αὑτοῦ

223 2168 286 2220 ἑκ
332 2169 444 2220 τῶν
507 2168 622 2223 Ἰουι
655 2166 816 2218 ὶιξων
852 2169 932 2228 είς
983 2170 1049 2220 τὰ
1100 2168 1415 2240 θεοφόρητα
1461 2169 1613 2239 ἔθνη,
1649 2170 1850 2238 ὁμοίιος

222 2261 349 2320 τοὺς
376 2263 632 2313 ἀποστὸλι
669 2274 751 2318 tu;
782 2258 876 2310 καὶ
901 2259 962 2311 τὸ
995 2261 1265 2327 πανὰγιον
1288 2261 1517 2330 Πνεῦμα
1546 2279 1559 2292 ·
1585 2265 1680 2315 καὶ
1704 2264 1848 2316 ᾶπα-

229 2364 330 2401 σαν
357 2350 459 2419 τὴν
488 2352 642 2421 χάριν
679 2365 685 2384 ν
709 2347 806 2399 καὶ
840 2349 1041 2416 γνῶσιν
1078 2351 1186 2401 τῶν
1215 2351 1594 2404 θεοπνεύστων
1619 2352 1851 2420 Γραφῶν

226 2442 499 2493 ἐκένωσεν
526 2445 608 2506 είς
645 2462 653 2492 τ
689 2440 850 2508 ἡμᾶς.
897 2440 1040 2511 Πλὴν
1073 2444 1100 2494 6
1130 2443 1365 2513 τρυγίας
1391 2443 1560 2497 αὑτοῦ
1598 2443 1698 2496 οὐκ
1738 2444 1853 2510 ἑξε-

228 2533 448 2604 κενώθη
475 2549 488 2563 ·
524 2533 665 2586 ὥσπι
699 2547 752 2598 rp
800 2533 831 2601 ή
886 2536 1089 2600 τρυγία
1146 2534 1242 2587 τοῦ
1289 2537 1434 2588 οῐνου
1468 2538 1526 2590 ὲν
1577 2537 1718 2606 πίθιρ
1753 2538 1852 2589 οὐκ

227 2627 571 2691 ἐκκενοῦται,
601 2627 675 2680 οὖ-
711 2641 780 2676 τω
807 2624 868 2676 τὸ
902 2627 1138 2694 γράμμα
1172 2627 1232 2679 τὸ
1266 2629 1496 2697 νομικὸν
1559 2615 1852 2699 ἁνένέργη-

227 2716 318 2767 τόν
354 2717 472 2768 εστι
531 2719 624 2769 καὶ
658 2719 690 2770 ἀ
735 2713 1066 2783 νωφέλητον.
1104 2716 1318 2785 Τρυγία
1354 2719 1462 2786 γὰρ
1496 2721 1527 2785 ἡ
1567 2719 1850 2780 ὲλπὶςτῶν

243 2809 512 2863 Ἰουδαίων
539 2807 684 2860 ἐστίν
747 2818 764 2835 ⁸
796 2804 875 2856 ἔτι
899 2805 1008 2872 γὰρ
1031 2807 1188 2877 πάσῃ
1218 2810 1284 2878 τῇ
1307 2809 1375 2878 γῇ
1406 2807 1851 2878 οκορπισθέντες,

233 2901 484 2954 πίνουσ.ν
515 2904 570 2953 ἐν
600 2903 666 2971 τῇ
694 2919 716 2953 ει
746 2897 928 2968 τρυγίᾳ
960 2898 1057 2970 τὴν
1085 2899 1317 2970 πλάνην,
1336 2900 1744 2970 προσδοκῶντες
1761 2903 1851 2955 τὸν

233 2991 628 3063 ’Δντίχριστον.

314 3274 440 3345 ροδο,
493 3274 769 3342 Ἐπιφάνιι
794 3287 844 3333 ις
868 3269 1015 3337 λέγει
1043 3286 1056 3301 ·
1084 3269 1220 3324 Εἰπέ
1251 3289 1366 3342 μοι,
1391 3274 1713 3344 παρακαλῶ,
1752 3293 1845 3328 πο-

240 3367 782 3438 ταπὴνέρμηνεξανβ
816 3361 1004 3415 εϐαίαν
1019 3361 1135 3432 ἔχει
1164 3364 1257 3415 καὶ
1289 3363 1472 3430 τοῦτο,
1501 3385 1520 3416 ι
1553 3366 1848 3437 Κτηνὼδης

242 3459 512 3529 δγενήθην
546 3458 695 3527 παρὰ
727 3457 793 3508 σο¹
817 3455 852 3514 ὶ,
875 3454 1029 3520 κάγὼ
1057 3453 1146 3506 διὰ
1182 3454 1383 3515 παντὸς
1417 3456 1556 3521 μετά
1581 3473 1673 3508 σου
1698 3475 1712 3523 ;
1747 3475 1765 3507 ι
1787 3459 1846 3510 Ὀ

244 3553 538 3620 Μακάριος
566 3547 722 3601 εἶπεν
749 3564 763 3578 ο
832 3545 922 3597 Ἐκ
967 3544 1262 3613 προσώπου
1301 3545 1393 3598 τοῦ
1426 3545 1665 3616 Χριστοῦ
1701 3549 1850 3615 λέγει

239 3645 270 3697 6
298 3644 615 3712 Προφήτης,
660 3640 745 3691 διὰ
777 3639 858 3692 ιιὲὸ
902 3637 1156 3703 γενέσθαι
1187 3638 1475 3708 ἄνθρωπον
1503 3639 1593 3693 τὸν
1616 3641 1711 3694 σὺν
1745 3643 1851 3694 Πασ-

242 3739 332 3804 τρὶ
357 3737 485 3798 ῥντι
515 3735 681 3787 ἀΐδιον
703 3733 898 3798 Λόγων
934 3730 1028 3783 καὶ
1056 3730 1187 3785 Θεόν
1212 3745 1228 3762 ⁶
1265 3732 1552 3801 ἄνθρωπος
1585 3735 1694 3804 γὰρ
1727 3735 1847 3788 ὀνο-

247 3829 484 3900 μάζεται
520 3829 714 3894 κτῆνος
746 3826 847 3876 Θεο
872 3821 900 3872 ὗ
935 3818 1174 3889 λογικόν.
1219 3824 1373 3876 Ἐπεὶ
1399 3824 1491 3877 οὖν
1529 3828 1556 3879 ὁ
1592 3826 1717 3889 Υἱὸς
1755 3826 1847 3881 τοῦ

246 3921 387 3973 Θεοῦ
439 3920 654 3986 ἐγένετο
707 3917 1016 3987 ἄνθρωπος
1074 3916 1320 3984 τέλειος,
1367 3915 1518 3984 λέγει
1567 3921 1706 3990 πρὸς
1759 3920 1850 3971 τὸν

252 4019 496 4083 Πατέρα,
515 4013 575 4066 Ei
609 4012 703 4066 καὶ
732 4011 1054 4082 ἄνθρωπος,
1076 4012 1264 4082 φησὶν,
1291 4012 1560 4083 ἐγενήθην
1595 4014 1744 4082 παρὰ
1767 4015 1851 4066 σοὶ

252 4112 344 4164 ἐπ’
377 4112 624 4178 ἐσχάτων
667 4107 776 4159 τῶν
813 4103 1049 4174 ἡμιῖρῶν
1093 4103 1331 4168 τούτων,
1374 4103 1512 4157 ἀλλὰ
1537 4106 1603 4172 τῇ
1633 4103 1850 4173 Θεότητί

254 4205 374 4271 ειμι
421 4198 716 4258 διαπαντὸς
759 4197 896 4264 μετὰ
945 4193 1060 4245 σοῦ.
1114 4194 1433 4263 Ἐπιφάνιος
1484 4190 1679 4247 εἶπεν·
1713 4197 1848 4249 Τίνα

253 4294 553 4365 ἑρμηνείαν
585 4292 696 4360 ἔχει
716 4290 775 4342 τὸ
811 4287 981 4358 ῥηθὲν
1013 4287 1115 4338 ὑπὸ
1136 4286 1230 4339 τοῦ
1265 4287 1474 4356 Κυρίου
1503 4329 1518 4353 ,
1544 4306 1562 4338 ι
1590 4289 1681 4359 Μὴ
1719 4289 1851 4357 βατ-

256 4385 596 4450 τολογήσητε
648 4381 707 4432 ὲν
736 4383 858 4439 ταῖς
909 4380 1246 4447 προσευχαῖς
1281 4379 1454 4447 ὑμῶν,
1505 4379 1715 4443 ἀλλ’ὡς
1739 4382 1850 4434 ὲδι-

255 4477 516 4545 δάχθητε,
559 4473 701 4525 οὕτω
741 4470 1168 4540 προσεύχεσθε;ι
1218 4470 1276 4524 Ὀ
1307 4471 1593 4542 Μακάριος
1649 4473 1797 4542 λέγει
1832 4493 1846 4506 ο

257 4569 591 4634 Βαττολογία
620 4561 939 4630 ἐστὶν,’ὂταν
958 4582 1046 4627 τις
1078 4565 1250 4628 ἑστὼς
1281 4568 1338 4618 ὲν
1373 4570 1438 4636 τῇ
1473 4573 1752 4640 προσευχῇ
1785 4571 1846 4624 οὐ

256 4663 429 4729 λέγει’
464 4660 658 4727 Κύριε,
699 4659 971 4727 ἥμαρτον,
1007 4656 1366 4728 συγχώρησόν
1411 4677 1523 4726 μοι,
1555 4662 1648 4712 καὶ
1696 4662 1850 4734 ἐλέη-

263 4755 356 4808 σόν
408 4771 498 4822 με,
560 4751 654 4804 καὶ
705 4751 774 4802 τὰ
823 4751 1037 4813 τούτοις
1088 4750 1293 4819 ὅμοια·
1325 4750 1443 4804 ἀλλ’
1474 4753 1597 4804 ἀντὶ
1639 4754 1846 4808 τούτων

261 4846 414 4912 λέγει
457 4843 534 4912 τῷ
581 4841 733 4912 Ou?)-
775 4841 967 4910 Κύριε,
1001 4844 1341 4913 μερίμνησόν
1388 4861 1482 4913 μοι
1512 4847 1708 4913 φαγεῖν
1752 4848 1847 4900 καὶ

263 4937 542 4989 πιεῖνκαὶ
591 4935 864 4998 πλουτεῖν,
922 4936 1009 4987 ἵνα
1066 4937 1351 5006 χαίρωμαι
1414 4940 1492 4999 εἰς
1549 4938 1701 4990 τόνδε
1753 4939 1844 4993 τὸν

261 5030 491 5098 κόσμον,
528 5029 854 5097 σωματικῶς
885 5027 1174 5081 ἀπολαύων
1201 5028 1300 5095 τῆς
1327 5029 1594 5099 σαρκιπίῆς
1627 5030 1842 5102 ἡδονῆς.

260 5123 434 5175 τοῦτό
473 5123 591 5174 ἐστι
626 5119 972 5191 βαττολογία,
1005 5123 1098 5172 καὶ
1129 5120 1200 5174 τὰ
1225 5121 1434 5184 τούτοις
1467 5124 1648 5189 ὅμοια.
1691 5123 1750 5176 Ὀ
1784 5124 1841 5176 δὲ

261 5213 394 5275 Θεὸς
440 5213 539 5265 οὐκ
598 5213 790 5280 ἀγαπᾷ
821 5209 993 5272 οὕτως
1026 5212 1174 5278 ἡμᾶς
1212 5213 1618 5281 προσεύχεσθαι
1650 5254 1665 5279 ,
1707 5213 1843 5265 ἀλλὰ

261 5306 445 5373 ζητεῖν
498 5306 717 5373 πρῶτον
767 5303 865 5372 τὴν
917 5302 1196 5371 βασιλείαν
1247 5305 1341 5356 τοῦ
1389 5305 1546 5372 Θεοῦ,
1600 5305 1695 5357 καὶ
1739 5306 1841 5376 τὴν

261 5398 614 5466 δικαιοσύνην
652 5395 842 5460 αὐτοῦ,
873 5398 965 5447 καὶ
992 5395 1165 5448 ταῦτα
1190 5398 1371 5451 πάντα
1405 5396 1842 5465 προσέπσετοιι

264 5491 295 5558 ἡ
304 5494 415 5558 μῖν.

337 5673 382 5706 ³⁸
423 5669 555 5725 Luc.
592 5685 749 5735 unt,
786 5672 872 5726 ιδ.
953 5669 996 5700 ³⁸
1040 5669 1181 5722 Psal.
1215 5683 1389 5734 ωιιιι,
1417 5671 1506 5722 25.

1943 631 2068 676 tuas
2100 623 2426 675 commendo
2458 622 2710 689 spiritum
2758 632 2941 672 meum
2974 616 3040 668 ".
3089 633 3106 664 ι
3146 611 3300 680 Quod
3351 617 3532 662 autem

1941 710 2186 765 dicitur:
2227 710 2408 764 «Calix
2436 712 2631 781 plenus
2657 711 2820 763 misto
2842 726 2888 774 ,ι
2931 704 3174 773 intellige
3199 710 3364 756 totam
3406 697 3533 752 Dei~

1943 811 2155 866 tatem,
2208 818 2332 873 qua:
2379 816 2548 856 suave
2603 802 2827 855 mistum
2883 811 3016 862 est,
3059 795 3204 866 quod
3264 794 3534 847 exhilarat

1944 893 2419 949 corda-hominum
2461 892 2514 946 in
2547 891 2732 946 Deum
2755 890 3096 945 credentium
3135 904 3149 941 :
3187 885 3533 971 plenamam-

1945 1001 2052 1056 que
2085 1001 2250 1040 merae
2280 1001 2344 1039 ac
2379 985 2649 1054 simplicis
2685 983 2911 1039 Deitatis
2937 980 3251 1037 humanitas
3280 977 3401 1046 ejus
3428 985 3530 1029 est.

2020 1077 2144 1132 175.
2195 1076 2351 1143 Quod
2401 1077 2600 1131 deinde
2647 1074 3000 1145 subjungitur
3057 1091 3071 1127 :
3127 1067 3529 1125 «Inclinat-ite;

1947 1169 2050 1222 hoc
2090 1169 2147 1224 in
2199 1169 2390 1232 huc”.
2420 1172 2492 1222 ita
2529 1177 2690 1224 sonat
2739 1186 2754 1221 :
2792 1166 2952 1222 Venit
2979 1181 3075 1236 per
3099 1161 3533 1217 incarnationem

1949 1260 2014 1314 ad
2045 1271 2259 1329 gentem
2287 1259 2574 1316 Judaicam
2599 1299 2614 1326 ,
2648 1267 2707 1313 ut
2738 1259 2817 1313 sic
2856 1258 3117 1312 latentem
3144 1255 3292 1308 intus
3327 1266 3534 1306 meram

1948 1352 2317 1416 divinitatem;
2360 1368 2458 1422 per
2489 1368 2653 1423 quam
2690 1353 2940 1422 patraliat
2978 1352 3132 1418 signa
3170 1363 3234 1403 ac
3268 1346 3535 1416 prodigia,

1949 1459 2133 1499 coram
2178 1446 2316 1514 ipsis
2361 1457 2548 1501 notam
2578 1445 2806 1500 faceret.
2844 1445 2914 1498 At
2951 1443 3070 1507 illi,
3106 1440 3310 1496 invidia
3339 1439 3538 1492 stimu-

1950 1534 2069 1603 lati,
2097 1536 2198 1590 arti
2224 1539 2454 1605 magicae
2484 1538 2600 1591 haec
2633 1536 2984 1590 attribuenda
3016 1533 3291 1588 dicebant.
3345 1530 3538 1584 Postea

1941 1638 2075 1677 eum
2110 1624 2582 1680 animadverteret
2613 1626 2798 1692 Pater,
2834 1625 2886 1678 in
2918 1623 3240 1678 inﬁdelitate
3266 1621 3386 1675 illos
3419 1633 3531 1688 pcr-

1952 1715 2150 1770 sistere
2172 1757 2186 1778 ,
2236 1716 2488 1772 nolentes
2519 1718 2630 1772 ullo
2657 1703 2819 1772 modo
2849 1716 3010 1771 fidem
3044 1715 3304 1769 adhibere
3346 1711 3540 1782 unige-

1953 1806 2068 1861 nito
2096 1805 2233 1861 Filio
2262 1824 2385 1874 suo,
2416 1808 2527 1862 imo
2557 1819 2612 1864 et
2645 1817 2877 1864 mortem
2915 1808 2964 1862 ei
3001 1805 3348 1861 machinatus
3378 1818 3538 1866 esse;

1953 1911 2113 1965 quem
2175 1912 2340 1950 manu
2381 1899 2600 1952 tenebat
2656 1899 2926 1965 calicem,
2965 1898 3224 1967 gratiam,
3289 1896 3539 1962 inquam,

1953 1999 2130 2050 suam,
2161 2001 2192 2040 a
2211 1996 2374 2057 gente
2396 1988 2623 2043 Judaica
2650 1989 2921 2053 ablatam,
2952 1986 3314 2041 transtulitad
3345 1983 3542 2036 Roma-

1954 2089 2078 2130 nos.
2110 2094 2128 2127 ι
2157 2077 2555 2133 Verumtamen
2580 2078 2738 2146 faex,»
2766 2079 2882 2134 sive
2909 2088 3220 2133 extremum
3255 2076 3349 2130 irze
3376 2075 3541 2138 illius,

1960 2183 2097 2222 ιιιοιι
2123 2177 2204 2222 est
2231 2169 2562 2224 exinanita»
2592 2169 2947 2238 Evangelium
2981 2167 3201 2237 quidem
3244 2180 3429 2228 suum,
3464 2165 3541 2218 uti

1953 2270 2006 2314 et
2059 2261 2341 2331 apostolos
2393 2272 2447 2316 et
2500 2261 2764 2331 Spiritum
2814 2272 3068 2317 sanctum
3130 2276 3160 2313 ι
3213 2256 3417 2313 Iudaeis
3473 2258 3540 2310 ad

1955 2361 2144 2419 gentes
2171 2392 2186 2416 ,
2235 2353 2326 2405 illa
2357 2353 2612 2422 accipere
2648 2362 2871 2423 paratas
2897 2395 2911 2420 ,
2959 2351 3159 2408 deferri
3191 2350 3394 2414 voluit;
3425 2365 3542 2404 om—

1957 2458 2193 2511 nemque
2220 2447 2452 2512 gratiam
2489 2453 2542 2498 et
2571 2445 2962 2514 inSpiratarunt
2993 2445 3257 2497 divinitus
3294 2440 3542 2510 Scriptu-

1956 2550 2139 2588 rarum
2180 2536 2596 2606 intelligentiam
2628 2537 2681 2590 in
2734 2552 2833 2592 nos
2876 2535 3117 2591 chudit:
3167 2546 3542 2590 verumtamen

1955 2627 2057 2683 faex
2105 2628 2225 2698 ejus
2270 2644 2378 2683 non
2425 2639 2508 2684 est
2539 2631 2840 2684 exinanita.
2875 2629 3350 2694 Quemadmodum
3395 2630 3541 2681 enim

1955 2718 2054 2773 faex
2109 2737 2228 2789 qua:
2277 2722 2329 2773 in
2380 2722 2517 2776 cado
2568 2731 2652 2776 est
2704 2738 2814 2776 non
2848 2723 3205 2789 exhauritur,
3243 2722 3319 2776 sie
3371 2722 3540 2792 legale

1957 2811 2180 2865 verbum
2210 2814 2400 2866 inutile
2429 2814 2567 2883 ipsis
2594 2823 2645 2868 et
2677 2815 2924 2869 inefﬁcax
2959 2824 3166 2870 manet.
3196 2816 3318 2869 Faex
3345 2817 3542 2885 quippe

1955 2918 2105 2972 spes:
2137 2912 2222 2958 est
2273 2901 2590 2960 Judaeorum
2652 2926 2666 2962 :
2720 2923 2846 2962 nam
2887 2911 2942 2962 in
2987 2910 3278 2978 przescntia
3327 2925 3541 2979 quoque

1956 3009 2051 3063 per
2079 2996 2266 3049 orbem
2303 2997 2618 3052 universum
2655 2999 2888 3068 dispersi
2918 3040 2933 3066 ,
2976 3017 3039 3054 ex
3088 2999 3221 3055 fxce
3264 3001 3350 3055 illa
3387 3017 3542 3055 erro-

1957 3103 2069 3139 rem
2129 3089 2390 3144 hauriuut
2437 3091 2868 3158 crassissimum,
2917 3108 3028 3164 quo
3065 3096 3353 3148 adventum
3386 3096 3542 3150 Anti-

1872 3177 1916 3238 C
1950 3180 2141 3233 Christi
2181 3183 2342 3236 anxie
2377 3193 2722 3253 exspectant.

2031 3271 2152 3326 174.
2213 3272 2351 3338 Quis
2411 3285 2624 3339 autem,
2681 3277 2880 3345 quaerit
2943 3291 3110 3346 porro
3159 3277 3543 3347 Epiphanius,

1956 3361 2113 3415 istius
2168 3364 2268 3417 loci
2324 3365 2599 3433 genuinus
2640 3379 2838 3420 sensus
2885 3375 3017 3421 est:
3060 3387 3080 3420 ‹
3126 3365 3191 3421 Ut
3237 3368 3541 3433 iumentum

1956 3454 2130 3509 factus
2168 3472 2288 3510 sum
2342 3459 2484 3525 apud
2525 3466 2610 3520 te,
2663 3466 2716 3512 et
2765 3473 2864 3526 ego
2909 3474 3128 3528 semper
3177 3468 3354 3514 tecmn
3392 3462 3478 3513 "?
3519 3481 3539 3513 ι

1955 3548 2208 3602 Personae
2253 3549 2495 3614 Christi,
2549 3549 2624 3604 ait
2660 3557 2886 3608 sanctus
2917 3552 3167 3608 Andreas
3195 3591 3211 3618 ,
3271 3554 3393 3608 istic
3439 3556 3544 3608 loci

1956 3642 2289 3695 mentionem
2338 3642 2471 3696 facit
2515 3644 2784 3714 Propheta
2817 3663 2830 3698 :
2863 3647 2992 3715 quia
3036 3662 3235 3715 nempe
3281 3648 3402 3711 ille,
3449 3651 3543 3718 qui

1954 3736 2321 3802 sempiternus
2364 3752 2487 3790 cum
2529 3737 2688 3792 Patre
2725 3738 2866 3793 Deus
2910 3739 3272 3810 divinumque
3304 3739 3542 3796 Verbum

1953 3834 2069 3888 est,
2110 3828 2406 3880 humanam
2461 3829 2637 3882 induit
2687 3840 2940 3884 naturam
2992 3832 3216 3898 εξιιοιιιο
3273 3833 3541 3900 siquidem

1949 3916 2263 3984 jumentum
2303 3916 2420 3980 Dei,
2455 3919 2661 3972 ratione
2694 3920 3007 3988 praeditum,
3042 3922 3366 3989 appellatur.
3404 3923 3542 3976 Cum

1899 4077 1904 4080 .
1955 4009 2122 4078 igitur
2176 4008 2348 4062 Filius
2400 4009 2494 4063 Dei
2548 4012 2824 4079 pet-fectus
2877 4012 3042 4064 homo
3094 4014 3269 4068 iactus
3309 4015 3417 4076 sit,
3469 4015 3542 4068 ita

1928 4097 2358 4170 ‘quodammodo
2398 4102 2612 4156 Patrem
2648 4101 2947 4173 alloquitur

3001 4122 3014 4157 :
3069 4103 3312 4158 Tametsi
3360 4115 3543 4160 extre-

1955 4193 2059 4246 mis
2096 4193 2248 4248 ltisce
2287 4195 2626 4262 temporibus
2670 4195 2834 4248 homo
2871 4195 3047 4250 factus
3089 4211 3210 4249 sum
3244 4212 3426 4250 coram
3467 4207 3539 4258 te.

1956 4281 2317 4341 nihilominus
2350 4288 2562 4341 ratione
2593 4289 2894 4343 divinitatis
2929 4303 3145 4358 semper
3176 4298 3354 4342 tecum
3393 4306 3537 4345 sum.

1955 4379 2158 4434 lterum
2199 4379 2538 4448 Epiphanius
2576 4398 2590 4432 :
2638 4381 2742 4446 Qui
2795 4381 3060 4450 explicas,
3117 4383 3333 4450 inquit,
3380 4383 3539 4436 istam

1955 4470 2171 4524 Domini
2205 4472 2533 4524 sententiam
2583 4489 2597 4524 :
2642 4491 2658 4522 ι
2703 4473 2936 4526 Orantes
2981 4482 3162 4527 autem
3203 4474 3367 4527 nolite
3403 4476 3541 4527 ntul-

1955 4572 2066 4616 tum
2100 4565 2279 4632 loqui;
2331 4565 2425 4619 sed
2462 4565 2536 4618 uti
2573 4564 2720 4619 docti
2751 4567 2906 4627 estis,
2943 4565 3020 4619 ita
3053 4576 3204 4619 orate
3237 4567 3323 4617 ’7?
3353 4584 3365 4614 ι
3402 4568 3541 4618 Mul-

1952 4656 2239 4726 tiloquium
2301 4667 2427 4724 est,
2487 4658 2703 4727 reponit
2759 4657 3049 4722 Andreas,
3105 4673 3229 4712 cum
3288 4658 3412 4726 quis
3472 4659 3539 4712 ad

1951 4749 2222 4803 orandum
2258 4759 2478 4817 paratus
2505 4789 2520 4814 ,
2581 4764 2686 4802 non
2722 4749 2855 4802 dicit
2894 4767 2905 4801 :
2957 4749 3183 4803 Domine
3209 4791 3224 4815 ,
3276 4749 3537 4819 peccavi;

1951 4839 2164 4894 dimitte
2193 4841 2389 4894 delicta
2425 4855 2575 4903 mea,
2630 4849 2683 4892 et
2724 4840 2991 4894 miserere
3033 4841 3179 4905 mei,
3226 4851 3388 4910 atque
3433 4843 3537 4892 alia

1953 4932 2038 4986 his
2069 4933 2308 4996 similia;
2344 4932 2438 4985 sed
2476 4941 2668 4987 contra
2719 4933 2800 4986 sic
2833 4931 3004 4986 Deum
3043 4933 3381 5001 alloquitur:
3432 4932 3539 4985 Do-

1953 5026 2134 5090 mine,
2186 5041 2375 5080 curam
2428 5041 2554 5096 gere
2596 5026 2740 5092 mei,
2791 5035 2849 5080 ut
2893 5026 3058 5091 cibo,
3109 5035 3284 5095 potu,
3337 5025 3539 5079 divitiis

1950 5116 2248 5181 abundent,
2282 5127 2339 5171 ut
2375 5118 2543 5173 vitam
2589 5119 2642 5172 in
2679 5120 2779 5173 hoc
2812 5119 3020 5173 mundo
3059 5119 3178 5172 laete
3216 5116 3535 5185 transigam,

1952 5223 2010 5267 ut
2062 5212 2250 5266 carnis
2304 5211 2677 5277 voluptatibus
2729 5211 2969 5268 aﬂluam.
3035 5210 3139 5265 Ista
3193 5219 3248 5262 et
3303 5210 3538 5262 istorum

1951 5305 2151 5358 similia
2187 5305 2596 5374 multiloquium
2631 5316 2780 5361 sunt.
2812 5305 2957 5359 Deus
2993 5320 3123 5358 sane
3160 5319 3268 5356 nun
3300 5301 3406 5356 isto
3437 5317 3539 5354 nos

1953 5397 2116 5450 modo
2147 5398 2435 5451 instituere
2465 5397 2767 5451 orationem
2801 5397 2936 5461 vult,
2966 5397 3061 5450 sed
3101 5395 3334 5464 primum
3368 5392 3536 5461 quieri

1955 5504 2178 5559 regnum
2217 5491 2310 5544 Dei
2345 5499 2396 5544 et
2439 5490 2707 5560 justitiam
2741 5491 2886 5560 ejus,
2922 5500 2976 5546 et
3025 5492 3139 5546 lure
3185 5487 3370 5542 Omnia
3402 5485 3542 5554 adji-

1949 5584 2162 5636 cientur
2199 5586 2378 5638 nobis.

1589 5672 1632 5702 ³⁷
1677 5671 1866 5728 Matth.
1895 5692 1969 5742 vt,
1999 5679 2050 5733 7.

337 5800 446 5867 (δι)
490 5797 686 5852 lterum
722 5811 827 5870 ms.
863 5793 1060 5870 V2li_C-_.
1110 5794 1308 5870 ἐκεῖνοι
1361 5793 1711 5870 ἠπίστησαν,
1758 5796 1980 5869 ἐποίησε
2020 5805 2216 5870 σημεῖα
2293 5803 2383 5853 καὶ
2417 5802 2622 5870 τέρατα
2694 5798 3010 5869 ἔμπροσθεν
3087 5796 3300 5852 αὐτῶν
3333 5795 3538 5849 ἐκεῖνος

271 5864 532 5924 nimio-1
563 5872 625 5921 ἐκ
666 5866 895 5934 μαγείας
931 5864 1091 5918 αὑτὸν
1119 5865 1295 5919 ταῦτα
1338 5866 1718 5933 πεποιηκέναι.
