4176 6438
252 326 352 389 825

1431 328 1606 393 νιτΑ
1646 330 1706 390 S.
1750 330 2081 392 ΑΝῡΒΕΕ
2124 328 2319 393 8Διῐ.

3358 334 3478 397 8ἳὸ

250 437 278 486 6
301 434 469 502 Λόγος
512 433 604 487 τοῦ
630 420 765 488 Θιοῦ
808 436 931 500 τοὺς
977 437 1176 502 αίῶνας
1219 437 1470 509 συνέχει·
1502 440 1549 492 si
1583 438 1658 509 μὴ
1695 440 1801 509 γὰρ

1908 443 2141 510 positum
2177 442 2372 499 deinde
2411 430 2672 499 saeclum
2718 451 2822 499 est.
2870 440 3212 500 Manifestum
3249 452 3331 498 est
3378 444 3482 515 igi-

250 524 405 586 σῦτδς
454 524 605 595 ἐτέθη
655 525 918 595 θεμέλιος,
969 527 1204 598 0661906
1244 524 1389 600 εἶχον
1448 529 1704 582 σύστασιν
1736 530 1804 582 τὰ

248 614 514 684 κτίσματα
559 616 758 671 πάντα.
806 616 967 687 Λέγει
999 619 1106 689 γὰρ
1151 620 1181 672 6
1232 621 1527 683 ἀπόστολος
1574 621 1803 683 Παῦλος,

236 702 326 754 ὅτι
360 720 379 754 ι
428 703 516 756 Ἐν
555 705 723 774 αὐτῷ,
772 708 867 760 καὶ
920 712 999 770 είς
1034 709 1194 762 αὐτὸν
1227 710 1295 763 τὰ
1329 710 1506 764 πάντα
1554 711 1802 781 ἰκτίσθη.

244 794 334 846 καὶ
359 792 428 845 δι’
451 795 667 849 αὐτοῦ.»
704 794 776 848 Τὸ
801 798 918 867 μὲν,
957 817 976 850 ι
1012 800 1069 851 ὲν
1100 798 1300 869 αὐτῷ,›
1342 800 1489 868 λέγει
1518 794 1682 855 αὗτὸν
1714 802 1805 855 θε-

246 882 426 950 μέλιον
445 899 459 913 ·
486 884 543 937 τὸ
563 883 638 949 δὲ,
676 904 694 936 ι
722 884 788 938 δι’
818 885 1005 950 αὑτοῦ,
1038 906 1056 939 ι
1095 889 1442 958 σημαίνειὸτι
1471 892 1499 943 6
1530 892 1700 959 Λόγος
1730 889 1805 943 ὢν

243 971 330 1024 τοῦ
364 973 596 1044 Πατρὸς,
648 976 706 1042 ἐξ
748 977 910 1030 αὑτοῦ
945 980 1036 1032 τοῦ
1055 980 1263 1051 Πατρὸς
1304 981 1561 1051 ἐξήρχετο
1607 983 1805 1054 ἀρριύ-
1855 1025 1857 1028 ‹

248 1078 404 1128 στως,
435 1065 527 1117 καὶ
560 1064 667 1119 τῶν
718 1070 1029 1136 κτισμάτων
1059 1067 1157 1140 τὴν
1207 1070 1424 1138 ποίησιν
1478 1071 1764 1140 εἰργάζετο
1785 1085 1801 1101 ο

246 1154 378 1208 ὥστε
409 1154 574 1217 αὐτὸς
600 1152 666 1227 ἦν
695 1159 790 1213 καὶ
816 1159 1080 1229 θεμέλιος,
1126 1163 1218 1215 καὶ
1248 1163 1448 1228 κτίζων
1481 1165 1573 1216 ἐπὶ
1603 1164 1799 1216 ἑαυτοῦ

240 1246 305 1298 τὰ
340 1245 652 1314 enitimur
680 1250 840 1327 αὐτὸς
869 1251 973 1321 γάρ
1001 1254 1146 1306 ἐστιν
1177 1253 1210 1321 ἡ
1242 1252 1497 1314 σύστασις
1534 1253 1642 1305 τῶν
1662 1256 1803 1327 ,ὁρας

241 1334 345 1403 τῶν
378 1337 474 1387 καὶ
514 1336 622 1390 τῶν
660 1339 901 1405 ἀοράτων
926 1356 941 1371 ’
976 1341 1064 1394 διὰ
1095 1340 1254 1394 τοῦτό
1288 1359 1441 1411 φησι,
1480 1361 1501 1395 ι
1544 1344 1656 1414 Πρὸ
1708 1343 1800 1396 τοῦ

242 1422 433 1487 αίῶνος
486 1424 813 1495 ὲθεμελίωσέ
862 1445 930 1497 9e
953 1443 968 1458 '
1003 1448 1023 1482 ι
1056 1431 1149 1483 καὶ
1178 1430 1205 1481 6
1249 1431 1571 1495 Ἀπόστολός
1598 1450 1759 1501 φησιν
1785 1448 1800 1463 ’

245 1531 263 1564 ι
299 1512 567 1577 Ἕκαστος
613 1516 667 1568 δὲ
698 1516 942 1587 βλεπέτω
986 1520 1101 1582 πῶς
1148 1520 1508 1589 ἐποικοδομεῖ,
1557 1523 1802 1591 θεμέλιον

240 1604 343 1672 γὰρ
398 1606 550 1675 παρὰ
587 1608 677 1661 τὸν
716 1608 967 1689 κείμενον
1012 1612 1199 1682 ἕτερον
1242 1613 1520 1686 κτισθῆναι
1549 1616 1609 1668 οὐ
1636 1616 1802 1670 δύνα-

237 1710 343 1760 ται,
374 1696 435 1758 ὅς
467 1698 613 1751 ἐστιν
659 1699 864 1769 Ἰησοῦς
896 1702 1149 1771 Χριστός.
1187 1722 1208 1755 ι

238 1794 347 1839 ιειιιι
390 1787 610 1855 videat,
662 1791 778 1855 ait,
817 1796 1087 1870 quomodo
1156 1794 1596 1863 supermdiilcet:

238 1877 285 1930 id
325 1880 472 1947 quod
515 1882 750 1949 positum
776 1893 892 1947 est,
920 1881 1080 1938 Jesus
1112 1885 1359 1940 Christus
1388 1887 1463 1943 ”.
1495 1906 1517 1939 ι

1914 534 2022 591 tur,
2056 526 2291 583 Verbum
2336 530 2581 584 divinum
2622 531 2805 584 omnia
2849 531 3075 585 omnino
3101 533 3297 587 saecula
3326 548 3481 588 com-

1908 620 2092 687 plecti.
2144 619 2299 685 Quod
2350 622 2397 675 si
2451 623 2626 691 ipsum
2677 623 2943 678 rationem
2997 619 3324 677 fundamenti
3370 637 3481 678 non

1909 708 2171 775 haberet,
2221 710 2332 779 jam
2360 725 2459 763 nec
2492 711 2753 764 haberent
2778 720 3043 765 creaturae
3072 710 3360 776 universae,
3391 711 3480 764 ubi

1909 800 2292 855 consisterent.
2348 802 2487 857 Dicit
2521 802 2718 873 quippe
2765 802 3046 870 apostolus
3074 800 3326 856 Paulus:
3365 820 3384 851 ι
3421 801 3478 853 1η

1913 891 2033 959 ipso
2069 901 2123 946 et
2170 890 2266 961 per
2324 888 2523 960 ipsum
2563 902 2743 948 creata
2794 902 2923 947 sunt
2971 895 3154 947 omnia
3189 894 3257 946 ⁸⁹.
3290 910 3308 944 ι
3378 890 3482 946 Ubi

1909 982 2055 1050 quod
2105 982 2348 1037 dicitur:
2392 1000 2411 1033 ι
2460 984 2511 1037 in
2556 984 2711 1051 ipso,
2768 1002 2786 1035 ι
2832 982 3065 1036 Verbum
3115 999 3236 1038 esse.
3290 982 3483 1036 funda-

1908 1080 2147 1125 mentum
2174 1110 2190 1136 ,
2248 1074 2499 1138 indicat;
2556 1074 2685 1127 illud
2734 1082 2914 1127 autem
2948 1090 2963 1127 :
3004 1092 3024 1125 ‹
3065 1091 3160 1142 per
3215 1076 3415 1142 ipsum,
3456 1090 3476 1124 ι

1910 1171 2307 1217 commonstrat
2364 1163 2530 1231 quod,
2586 1178 2709 1218 cum
2744 1148 2975 1218 Verbum
3015 1163 3192 1217 Patris
3247 1166 3353 1224 sit,
3415 1178 3482 1217 ex

1912 1251 2030 1318 ipso
2063 1250 2222 1305 Patre
2258 1253 2396 1306 citra
2449 1255 2854 1325 corruptionem
2891 1255 3138 1315 exiverit,
3196 1266 3483 1320 rerumque

1912 1344 2156 1397 omnium
2197 1346 2525 1399 creationem
2561 1344 2876 1414 perfecerit;
2919 1348 3054 1399 adeo
3096 1356 3152 1398 ut
3200 1346 3377 1412 ipsum
3412 1344 3483 1397 sit

1908 1444 1963 1490 et
2013 1434 2426 1489 fundamentum
2484 1446 2538 1491 et
2570 1439 2822 1492 conditor
2870 1440 3302 1491 universorum:
3355 1450 3480 1488 cum

1907 1527 2084 1596 ipsum
2117 1537 2223 1580 tam
2270 1542 2389 1596 qua:
2429 1528 2703 1591 videntur,
2744 1543 2907 1597 quam
2937 1544 3059 1597 qua:
3092 1543 3201 1582 non
3231 1527 3480 1581 videntur

1902 1627 2169 1672 sustentet
2226 1620 2431 1674 omnia.
2496 1619 2637 1674 Hinc
2700 1620 2902 1674 dicitur
2945 1638 2960 1673 :
3011 1640 3031 1672 ι
3081 1621 3219 1673 Ante
3269 1616 3481 1672 saecula

1904 1705 2149 1762 fundavit
2183 1725 2283 1764 me.
2330 1729 2349 1761 ι
2389 1709 2454 1764 Ει
2494 1711 2788 1780 Apostolus
2827 1730 2842 1766 :
2880 1729 2899 1763 ι
2945 1709 3336 1780 Unusquisque
3376 1722 3485 1759 aue

1666 1796 2077 1856 fundamentum
2145 1801 2291 1893 enim
2361 1802 2508 1857 aliud
2552 1817 2715 1858 nemo
2769 1810 2944 1871 potest
2997 1814 3237 1872 ponere,
3276 1806 3480 1868 praeter

304 1942 437 2047 pn'q'.
487 1942 796 2048 ’ἐπιφάγιος
822 1942 968 2049 λέγει
989 1996 1002 2012 ·
1035 1980 1158 2045 Πῶς
1181 1983 1274 2035 καὶ
1297 1984 1354 2036 ἐν
1383 1984 1555 2055 τούτῳ
1588 1942 1804 2056 ’Ἄρειος

1979 1988 2100 2044 178.
2147 1988 2376 2056 Moxque
2419 1988 2758 2059 Epiphanius
2792 2001 2809 2042 :
2850 1985 3139 2053 Quomodo
3170 1978 3351 2039 autem
3383 2001 3479 2055 per

237 2070 628 2139 κατεστράφης
683 2071 743 2125 '0
776 2072 964 2139 Ἀγιος
1014 2070 1201 2127 εἶπενο
1243 2075 1477 2129 ’Λκούων
1533 2077 1561 2128 6
1617 2072 1798 2143 ἄθλιος

234 2159 309 2221 τ’),
330 2176 349 2209 ι
382 2149 439 2211 Ὀ
474 2159 673 2229 Κύριος
706 2160 883 2213 ἔκτισέ
909 2179 1027 2231 με,›
1065 2164 1164 2218 οὐκ
1188 2164 1407 2235 ἐνόησεν
1432 2167 1514 2218 ὅτι
1542 2167 1669 2238 περὶ
1696 2166 1800 2236 τῆς

237 2250 652 2323 ἁνθρωπότητος
680 2240 770 2305 106
799 2252 926 2306 Υίοῦ
958 2252 1048 2307 106
1076 2254 1210 2308 Θεοῦ
1235 2258 1404 2325 λέγει,
1434 2257 1545 2311 ἀλλ’
1578 2257 1800 2328 ἐνόησεν

236 2347 313 2399 ὅτι
360 2348 493 2417 περὶ
518 2348 615 2417 τῆς
664 2349 911 2419 θεότητος
941 2350 1105 2404 αὑτοῦ
1148 2352 1308 2406 τοῦτο
1336 2354 1530 2425 ἐλέχθη
1555 2371 1570 2387 ·
1600 2356 1695 2408 καὶ
1722 2350 1800 2410 οἷ-

238 2454 330 2508 μτι
365 2440 729 2509 συναπαχθεῖς
756 2446 821 2512 τῇ
847 2443 1237 2520 φρενοϐλαϐείᾳ
1267 2447 1373 2501 τῶν
1400 2446 1690 2515 δαιμόνων,
1719 2449 1800 2510 είς

235 2531 417 2587 ἄνοιαν
476 2533 765 2596 ἑξέπεσεν⁶
794 2538 865 2589 οὐ
914 2538 1021 2606 γὰρ
1059 2539 1275 2606 ἐφρόνει
1318 2539 1409 2591 τὸν
1442 2537 1675 2609 Χριστὸν
1721 2540 1800 2593 δι-

236 2623 395 2685 πλοῦν
446 2620 608 2689 εῖναι,
661 2627 790 2679 Θεὸν
827 2630 921 2682 καὶ
972 2629 1277 2696 ἄνθρωπον,
1314 2631 1447 2681 ἀλλὰ
1496 2632 1797 2700 μοναπλοῦν

234 2714 420 2769 τοῦτον
475 2715 823 2785 στοιχειώσας
866 2719 959 2772 καὶ
1003 2719 1147 2775 δεινὰ
1178 2720 1523 2787 φαντασθεὶς,
1568 2723 1646 2784 τίς
1682 2720 1800 2774 κτί-

240 2823 349 2877 σμα
379 2809 475 2860 καὶ
500 2808 709 2879 ποίημα
748 2808 806 2861 τὸ
828 2810 977 2861 Θεῖον
1007 2810 1341 2880 κατήγαγεν.
1641 2794 1653 2810 ⁸

308 3083 433 3157 ροθ⁹.
477 3084 784 3154 Ἐπιφάνιος
802 3084 952 3139 εἶπεν
976 3103 992 3118 ο
1021 3086 1083 3138 Τί
1113 3086 1280 3156 λέγει,
1310 3106 1328 3138 ι
1370 3087 1427 3139 Ὀ
1460 3087 1612 3155 Θεὸς,
1640 3089 1696 3141 ὲν
1724 3087 1800 3159 τῷ

240 3178 460 3245 ὀ·ιόματί
510 3193 601 3229 σου
636 3177 803 3229 σῶσόν
837 3193 926 3245 με,
960 3178 1052 3229 καὶ
1098 3178 1154 3229 ιν
1187 3181 1253 3247 τῇ
1300 3178 1521 3247 δυνάμει
1553 3196 1647 3231 σου
1675 3196 1799 3246 κρι-

242 3271 347 3327 νεῖς
381 3285 485 3336 με;
527 3286 544 3318 ι
590 3268 647 3321 Ὀ
679 3270 943 3337 μακάριος
974 3268 1075 3340 ἔφη
1105 3287 1120 3301 ο
1169 3269 1235 3322 ἸΙ
1273 3271 1449 3339 κρίσις
1476 3268 1613 3337 αὕτη
1644 3271 1803 3322 καθο-

1901 2081 2083 2135 locum
2144 2081 2459 2148 pra-dictum
2498 2081 2796 2137 subversus
2855 2088 2939 2133 est
2986 2078 3191 2132 Arius?
3236 2078 3305 2131 Et
3359 2079 3479 2145 ᾼη-

1899 2174 2060 2227 dreas
2093 2189 2108 2231 :
2153 2172 2317 2226 Miser
2348 2172 2435 2226 ille
2459 2212 2474 2237 ,
2510 2187 2634 2225 cum
2669 2172 2949 2225 audisset:
2993 2188 3012 2222 ι
3050 2170 3312 2223 Dominus
3343 2184 3478 2224 con-

1901 2262 2037 2318 didit
2080 2278 2200 2327 me,
2244 2282 2263 2313 ι
2301 2278 2411 2317 non
2459 2262 2937 2325 animadvertetis,
2974 2261 3041 2313 de
3072 2261 3311 2312 humana
3354 2256 3475 2310 Filii

1902 2354 1995 2409 Dei
2039 2362 2236 2415 natura
2273 2354 2322 2414 id
2359 2353 2760 2423 intelligendum
2787 2367 2929 2415 esse,
2985 2350 3170 2405 deitati
3202 2349 3475 2418 applicare

1901 2448 2088 2505 voluit.
2121 2452 2298 2515 Atque
2326 2460 2427 2514 ego
2456 2446 2674 2513 quidem
2728 2443 2864 2497 mihi
2905 2442 3209 2511 persuadeo
3237 2479 3251 2503 ,
3298 2438 3476 2491 homi-

1899 2554 2021 2593 nem
2066 2535 2334 2592 diabolico
2376 2532 2558 2587 furore
2586 2543 2897 2599 correptum
2922 2567 2938 2594 ,
2978 2530 3031 2581 in
3069 2529 3217 2580 hanc
3252 2526 3475 2579 demen-

1899 2631 2028 2683 tiam
2080 2627 2336 2682 incidisse
2358 2666 2371 2687 ,
2408 2627 2535 2693 quia
2565 2622 2833 2690 duplicem
2862 2621 2915 2674 in
2944 2620 3163 2673 Christo
3196 2627 3470 2673 naturam.

1902 2721 2195 2775 humanam
2230 2718 2436 2772 scilicet
2475 2730 2539 2768 ac
2565 2714 2825 2773 divinam,
2862 2710 3145 2763 admittere
3173 2720 3431 2760 recusans
3454 2745 3471 2769 ,

1902 2823 2063 2865 unam
2094 2807 2506 2874 simplicemque
2539 2805 2804 2856 duntaxat
2833 2799 3178 2854 statuendam
3212 2812 3309 2865 per
3350 2809 3475 2863 gra-

1902 2918 2019 2956 vem
2052 2900 2355 2954 illusionem
2386 2895 2568 2950 docuit
2588 2933 2620 2960 ,,
2644 2894 2927 2949 referendo
2953 2890 3215 2946 Deitatem
3247 2890 3299 2941 in
3326 2886 3476 2939 ordi-

1904 3006 2023 3044 ιιιιιιι
2070 3000 2311 3044 creatura
2322 3003 2459 3040 rum.

1975 3082 2096 3135 179.
2165 3079 2229 3132 Ει
2290 3062 2625 3147 Epiphanius
2683 3092 2700 3131 :
2771 3073 2913 3141 Quid
2974 3071 3077 3127 sibi
3136 3069 3248 3124 vult
3288 3065 3471 3123 illud:

1910 3194 1928 3227 ι
1970 3172 2133 3236 Deus,
2168 3171 2222 3224 in
2262 3171 2481 3225 nomine
2528 3180 2620 3223 tuo
2653 3168 2860 3224 salvum
2895 3180 2981 3219 me
3012 3164 3095 3218 lac
3122 3202 3138 3225 .
3185 3170 3237 3217 et
3268 3161 3477 3238 invit-

1906 3277 2017 3319 tule
2085 3274 2173 3318 tua
2220 3252 2409 3332 judica
2464 3276 2548 3313 me
2582 3258 2669 3312 ⁸ίῖ
2703 3276 2721 3308 ι
2762 3256 3004 3312 Andreas
3048 3255 3124 3309 ait
3155 3270 3170 3306 :
3198 3250 3472 3306 Iudicium

241 3356 359 3428 λική
417 3361 536 3410 ἐστι
595 3359 774 3427 πάσης
852 3359 1287 3430 ἀνθρωπότητος,
1354 3360 1551 3430 μᾶλλον
1598 3360 1655 3412 δὲ
1704 3361 1802 3429 τῆς

1908 3358 1997 3410 hic
2032 3346 2319 3425 generale,
2359 3352 2502 3422 quod
2541 3350 2798 3405 omnibus
2830 3346 3106 3415 impendet
3139 3342 3475 3405 hominibus,

253 3450 579 3520 Ἐκκλησίας
629 3449 861 3518 ὑπάρχει
905 3450 1040 3518 πρὸς
1076 3452 1164 3501 τὸν
1193 3449 1323 3501 Θεὸν
1368 3452 1400 3519 ἡ
1434 3450 1807 3520 παράκλησις*

245 3539 338 3609 βοᾷ
366 3542 477 3609 γὰρ
510 3540 645 3609 αὕτη
684 3540 769 3592 διὰ
802 3540 1065 3609 στόματος
1094 3540 1184 3593 106
1238 3542 1520 3610 Προφήτου
1558 3542 1692 3611 πρδς
1718 3542 1809 3595 τὸν

246 3632 527 3701 ’Υψιστον,
576 3632 843 3699 λέγουσαν
889 3632 946 3684 '0
979 3634 1131 3697 Θεὸς,
1180 3633 1335 3700 δίκην
1379 3634 1486 3702 ἔχω
1544 3636 1680 3704 μετὰ
1715 3633 1807 3686 τοῦ

167 3743 170 3746 ’
245 3721 487 3775 διαόόλου
528 3724 618 3775 καὶ
666 3723 771 3775 τῶν
824 3722 1273 3777 εἰδώ).ων...ςιύτοῦ
1312 3740 1325 3756 ·
1361 3728 1655 3778 anatoch
1694 3724 1809 3793 ,γὰρ

245 3815 521 3880 τυραννῶν
571 3833 636 3884 με
665 3819 729 3885 τῇ
783 3818 1013 3886 πονηρίᾳ
1048 3817 1233 3885 αὑτοῦ,
1281 3818 1394 3870 ἀλλ’
1432 3818 1550 3871 ἐλθὲ
1599 3834 1814 3887 σαρκω-

250 3905 377 3969 θεὶς,
426 3906 758 3976 ὀνομάσοητι
810 3907 1014 3973 Ἰησοῦς
1066 3909 1322 3979 Χριστὸς,
1362 3912 1455 3961 καὶ
1503 3912 1808 3961 πιστεύσωο

249 3994 302 4047 δν
332 3995 407 4064 τῷ
435 3996 656 4061 ὀνόματί
706 4013 797 4047 σου
835 3996 1003 4059 σῶζόν
1033 4014 1122 4063 με,
1160 3997 1446 4065 πλήρωσὸν
1499 4014 1591 4049 σου
1634 3999 1811 4050 πᾶσαν

248 4082 574 4151 οἰκονομίαν,
624 4081 960 4151 θανατώθητι
1015 4082 1081 4134 δι’
1125 4084 1246 4153 ἐμὲ,
1277 4084 1557 4154 ἐγέρθητι,
1609 4079 1811 4155 ἀνα).ήέ-

251 4174 426 4243 φθητι,
468 4173 689 4227 κάθισον
723 4176 785 4226 ἐκ
831 4173 1021 4237 δεξιῶν
1052 4174 1144 4226 τοῦ
1187 4176 1418 4245 Πατρδς,
1454 4176 1668 4246 πέμψον
1722 4195 1812 4245 μοι

249 4265 332 4316 τὸν
369 4266 724 4335 Παρὰκλητον
755 4265 842 4318 διὰ
872 4267 978 4316 τῶν
1020 4268 1332 4319 ἀποστόλων
1364 4285 1481 4331 σου,
1513 4272 1604 4320 καὶ
1632 4268 1812 4329 λύσεις
1855 4328 1859 4331 _

248 4354 342 4426 τὴν
388 4358 541 4423 δίκην
591 4374 713 4424 μου,
758 4356 1079 4419 καταϐαλεῖς
1130 4358 1197 4410 τὰ
1240 4358 1451 4425 εἴδωλα,
1507 4358 1813 4429 συν-τρίψεις

250 4448 371 4510 τοῖος
408 4448 646 4517 βωμοὺς,
699 4448 961 4511 κωλύσεις
1008 4450 1105 4511 τὰς
1161 4449 1388 4520 αἰσχρὰς
1425 4450 1635 4515 θυσίας,
1686 4454 1815 4503 ἁπο-

249 4536 433 4600 δώσεις
470 4555 559 4607 μοι
598 4540 663 4590 τὰ
700 4538 824 4608 ἔθνη
874 4540 941 4591 τὰ
975 4541 1294 4610 ὑπουράνια,
1328 4543 1418 4593 καὶ
1459 4545 1515 4593 ὲν
1556 4546 1620 4612 τῇ
1656 4541 1815 4594 δυ’νά-

255 4642 340 4695 μει
399 4631 731 4699 σονκρινεῖς
769 4646 856 4699 με,
922 4633 1219 4701 διατρινεῖς
1272 4648 1363 4702 μοι
1408 4633 1585 4701 ἀγαθὰ
1642 4637 1700 4687 ἐν
1749 4636 1813 4705 τῇ

1910 3446 2178 3513 intelligas
2224 3443 2348 3496 licet
2382 3458 2396 3493 :
2434 3441 2535 3494 nisi
2571 3439 2728 3493 malis
2764 3448 2987 3491 mecum’
3031 3435 3210 3489 dicere
3235 3470 3251 3496 ,
3288 3446 3480 3500 preca-

1906 3538 2110 3600 tionem
2148 3535 2291 3588 illam
2336 3531 2594 3587 Ecclesize
2621 3530 2784 3593 esse,
2833 3530 2896 3581 ad
2940 3527 3104 3602 Deum
3150 3523 3476 3578 altissimum

1911 3628 2200 3683 clamantis
2235 3641 2326 3694 per
2356 3640 2415 3679 os
2440 3618 2715 3694 propheta:
2752 3639 2767 3676 :
2806 3619 3013 3682 Viden‘,
3044 3634 3077 3672 ο
3118 3616 3278 3680 Deus,
3313 3629 3477 3683 quam

1910 3736 2107 3789 anceps
2136 3720 2265 3773 mihi
2295 3732 2416 3771 cum
2451 3716 2687 3779 diabolo,
2732 3729 2815 3766 me
2844 3724 3160 3780 Oppressam
3193 3705 3480 3783 tyrannide

1912 3814 2051 3867 male
2079 3812 2397 3872 multatum,
2428 3822 2663 3876 eumque
2705 3804 2865 3858 idolis
2893 3802 3012 3870 ejus
3053 3808 3325 3854 certamen
3366 3794 3481 3852 sit?

1911 3905 1993 3959 Tu
2025 3919 2150 3956 vero
2175 3918 2295 3972 age,
2329 3914 2547 3954 carnem
2583 3898 2802 3951 indutus
2830 3896 3121 3948 humanam
3156 3891 3261 3944 huc
3289 3887 3476 3941 adsis:

1910 3996 2286 4051 dulcissimum
2323 3991 2449 4045 Jcsu
2491 3989 2691 4043 Christi
2734 4001 2954 4047 nomen,
3002 3985 3054 4037 in
3087 3996 3195 4052 quo
3231 3981 3389 4034 ﬁdem
3425 3986 3481 4034 et

1912 4088 2163 4142 ﬁduciam
2204 4099 2418 4139 onmem
2453 4095 2731 4149 reponam,
2766 4092 3005 4133 assume.
3038 4073 3093 4127 ln
3133 4072 3351 4127 nomine
3388 4079 3481 4145 tuo

1914 4183 2060 4237 salva
2110 4194 2233 4244 me;
2283 4175 2542 4247 quidquid
2578 4174 2631 4227 in
2665 4186 2829 4227 carne
2853 4170 3101 4224 obiturus
3138 4181 3218 4231 es,
3249 4164 3483 4233 adimple

1914 4272 2100 4337 ocius;
2150 4286 2245 4337 pro
2294 4284 2377 4321 me
2428 4273 2654 4319 mortem
2688 4264 2801 4327 obi,
2853 4277 2883 4315 a
2930 4258 3165 4315 mortuis
3214 4269 3481 4323 resurge,

1914 4365 2146 4418 ascende
2196 4363 2248 4415 in
2283 4362 2488 4422 cmlos,
2532 4358 2595 4411 ad
2656 4356 2932 4410 dexteram
2982 4351 3159 4405 Patris
3216 4345 3480 4411 conside,

1917 4457 2058 4511 unde
2103 4466 2155 4509 et
2195 4453 2399 4524 Spiritu
2439 4450 2711 4521 paracleto
2762 4464 2854 4518 per
2904 4444 3181 4515 apostolos
3229 4450 3485 4497 tuosme

1918 4548 2127 4616 imperti
2172 4564 2187 4599 :
2238 4548 2309 4599 ita
2361 4544 2575 4598 tandem
2627 4542 2870 4611 prmlium
2923 4545 3171 4590 nostrum
3225 4530 3483 4593 dirimes,

1921 4636 2063 4690 idola
2106 4635 2346 4701 dejicies.
2389 4648 2509 4686 aras
2553 4629 2913 4688 comminues.
2947 4625 3121 4693 turpia
3165 4630 3217 4675 et
3259 4616 3502 4689 profana,

251 4717 513 4788 διακρίσει
538 4722 829 4788 γινώσκειν
868 4738 948 4785 σε,
980 4724 1191 4785 καὶτὰς
1223 4724 1440 4787 ἐντολάς
1472 4743 1563 4778 σου
1598 4731 1805 4798 τηρεῖν,

1916 4728 2181 4783 sacriﬁcia
2229 4725 2525 4794 impudica,
2574 4721 2775 4776 subdes
2820 4718 2953 4773 mihi
3005 4724 3194 4785 gentes
3228 4725 3345 4779 quae
3386 4707 3486 4761 sub

222 4864 228 4870 ,
256 4811 345 4861 καὶ
379 4811 671 4877 φυλάσσειν
724 4814 861 4879 μετὰ
908 4813 999 4865 σοῦ
1032 4814 1215 4885 ζωκρὰ
1244 4815 1354 4885 (87)
1391 4818 1806 4887 προστάγματα,

1918 4820 2053 4873 cmio
2088 4826 2214 4872 sunt
2243 4858 2255 4881 ,
2298 4829 2351 4869 et
2379 4815 2432 4867 in
2470 4815 2669 4867 virtute
2702 4808 3083 4880 tuajudicabis
3115 4820 3201 4860 me
3229 4821 3243 4857 :
3278 4799 3488 4871 judicio

259 4911 345 4957 tuo
379 4906 509 4959 mihi
566 4906 703 4960 bona
740 4908 977 4966 tribues.
1014 4918 1070 4961 ut
1111 4909 1171 4973 in,
1208 4908 1413 4977 judicio
1467 4920 1558 4965 tuo
1604 4927 1929 4983 cognoscam
1990 4922 2061 4977 te,
2095 4921 2149 4966 ut
2191 4924 2401 4965 servem
2469 4908 2728 4962 salutaria
2765 4903 3020 4959 mandata
3088 4910 3216 4965 tua,
3251 4905 3304 4953 et
3328 4908 3492 4949 exse'

259 5014 390 5069 quar
418 5015 609 5057 omnes
637 5002 964 5055 voluntates.

326 5098 430 5163 ρπθ.
459 5092 669 5163 Ὀνομα
719 5094 809 5146 οὖν
854 5094 1056 5164 Ἰησοῦς
1084 5095 1109 5146 ὁ
1153 5096 1383 5166 Χριστός
1406 5112 1421 5128 ·
1479 5095 1727 5166 δύναμις,
1753 5096 1813 5148 τὸ

262 5187 480 5259 Πνεῦμα
529 5188 588 5240 τὸ
623 5188 795 5255 ἅγιον.
852 5188 1013 5258 Ζητεῖ
1062 5188 1153 5241 οὖν
1193 5190 1487 5259 Ἐκκλησία
1536 5192 1669 5260 πρὸς
1722 5190 1810 5242 τὸν

1992 5092 2115 5146 180.
2160 5090 2364 5145 Nomen
2415 5091 2597 5157 itaque
2662 5092 2745 5140 est
2784 5082 2942 5137 Jesus
2997 5080 3282 5151 Christus;
3317 5074 3488 5129 virtus

1920 5168 2089 5249 vero,
2136 5182 2370 5253 Spiritus
2414 5191 2658 5237 sanctus.
2704 5176 2795 5233 Sic
2824 5173 3056 5244 appellat
3083 5171 3243 5243 igitur
3274 5167 3489 5222 Patrem

263 5277 494 5349 Πατέρα,
542 5279 807 5347 λέγουσαι⁸
849 5279 906 5332 Ὀ
948 5280 1101 5345 Θεὸς,
1136 5284 1192 5333 ὲν
1253 5281 1330 5351 τῷ
1377 5259 1595 5352 Χριστῷ
1638 5281 1808 5353 Ἰησοῦ

1918 5287 2182 5334 aeternum
2236 5274 2469 5332 Ecclesia
2502 5313 2516 5338 ,
2568 5259 2757 5329 dicens
2800 5286 2815 5323 :
2864 5270 2905 5320 0
2938 5267 3078 5321 Deus
3104 5308 3121 5334 ,
3176 5264 3231 5319 in
3270 5260 3491 5317 Christo

335 5466 375 5500 ³⁹
415 5468 571 5523 Rom.
604 5484 677 5531 xl,
709 5466 797 5521 36.
875 5468 917 5499 ⁸ο
961 5470 979 5523 l
1020 5467 1144 5523 Cor.
1182 5482 1263 5533 ιιι,
1296 5466 1385 5519 10.
1459 5465 1504 5495 ⁸¹
1545 5462 1690 5519 Psal.
1723 5480 1846 5527 Llll,
1881 5464 1935 5518 5.

337 5639 443 5717 (87)
485 5653 675 5719 Σωκρὰ
700 5652 963 5705 salutaria
995 5651 1150 5715 verti,
1180 5648 1435 5720 quamvis
1463 5662 1645 5702 vocem
1679 5649 1817 5703 hanc
1855 5650 1982 5708 alibi
2014 5662 2284 5720 nusquam
2321 5642 2615 5703 invenerim
2644 5659 2657 5697 :
2730 5654 2828 5697 nec
2900 5634 3043 5693 enim
3073 5631 3336 5706 aptiorem
3368 5639 3494 5717 εει)-

275 5732 386 5773 sum
426 5721 550 5776 dare
582 5723 629 5779 ei
666 5723 811 5791 potui
856 5743 868 5779 ;
912 5724 1060 5779 deest
1095 5730 1270 5776 tamen
1303 5719 1355 5775 in
1395 5719 1592 5774 Mazar.
