4138 6466
648 400 751 461 827

1690 403 1741 462 Ν
1750 403 1818 465 IC
1828 403 2113 466 EPHORI
2152 408 2624 472 PRESBYTER!
2664 410 2773 471 (ΣΡ.

3784 414 3900 477 823'

646 509 775 567 Jesu
808 512 1019 568 salvum
1053 528 1138 569 me
1172 514 1279 581 fac,
1309 525 1363 571 et
1412 517 1463 570 in
1507 525 1697 571 sancto
1732 516 1937 587 Spiritu
1972 529 2069 574 tuo
2112 520 2221 575 lar-

2347 526 2500 578 ιῶσὸν
2531 542 2619 594 με,
2660 530 2753 580 καὶ
2784 526 2860 598 τῷ
2894 528 3170 597 Πνεύματί
3218 544 3312 581 σου
3336 526 3416 598 τῷ
3459 526 3597 598 ἁγίῳ
3623 526 3895 597 διάκρισίν

646 604 765 672 gire
815 604 946 658 milii
988 606 1399 662 discretionem.
1452 607 1725 663 Discretio
1781 602 2019 680 namque
2070 627 2226 667 com-

646 706 916 751 monstrat
944 697 1147 753 homini
1182 713 1399 753 omnem
1434 701 1578 754 vi'am
1619 705 1816 755 bonam
1839 746 1853 769 ,
1886 719 1988 759 nec
2017 705 2226 774 patitur

646 786 824 857 ipsum
862 804 891 843 a
940 798 1088 844 recto
1134 790 1234 845 via:
1283 793 1503 851 tramite
1547 793 1819 847 aberrare.
1880 793 1975 849 llla
2024 796 2229 866 princi-

642 894 765 949 pem
813 882 956 935 inter
984 891 1213 935 caeteras
1256 884 1487 938 virtutes
1538 885 1718 939 locum
1752 886 1991 954 obtinet';
2040 898 2227 958 utpote

646 986 710 1025 ex
742 987 846 1041 qua
900 975 1183 1039 clnaritas,
1233 990 1298 1030 ex
1344 978 1616 1031 cbaritate
1669 993 1799 1033 vero
1846 980 2223 1037 misericordia

648 1068 913 1121 nascitur.
990 1066 1085 1120 llla
1140 1068 1374 1145 denique
1424 1085 1584 1123 omne
1637 1086 1775 1139 opus
1833 1073 2035 1127 bonum
2101 1091 2227 1145 pro~

648 1156 817 1222 ducit,
848 1174 911 1213 ac
944 1160 996 1213 in
1021 1162 1213 1230 primis
1244 1142 1461 1229 quidem
1496 1161 1879 1231 benignitatem
1908 1181 2034 1235 erga
2065 1142 2223 1233 alios,

646 1259 761 1306 tum
796 1256 1139 1308 aversionem
1173 1270 1236 1307 ac
1266 1256 1688 1321 detestationem
1715 1258 2004 1325 scelerum,
2046 1259 2230 1315 humic

647 1344 857 1399 litatetn
892 1360 1111 1414 quoque
1155 1360 1288 1401 suos
1336 1348 1706 1414 exaltantem,
1757 1363 1943 1418 pacem
1993 1350 2227 1419 denique

647 1448 700 1492 et
762 1438 1263 1491 mansuetudinem.
1320 1437 1412 1491 Illa
1468 1438 1585 1509 ipsa
1655 1439 1918 1495 discretio
1992 1438 2228 1510 Spiritus

648 1531 822 1587 sancti
859 1532 1015 1600 quasi
1072 1547 1226 1586 mens
1258 1541 1373 1597 est;
1410 1548 1529 1601 quae
1563 1536 1687 1587 cum
1726 1534 1892 1589 semel
1936 1535 1990 1590 in
2038 1536 2223 1589 animo

650 1622 890 1675 ltozninis
938 1634 1176 1690 recepta.
1218 1622 1341 1677 istic
1368 1625 1471 1678 sibi
1505 1625 1687 1679 sedem
1717 1626 1955 1695 delegit,
2006 1626 2228 1680 suavis-

650 1715 787 1769 sime
819 1714 981 1770 allicit
1026 1716 1315 1773 facultates
1348 1718 1496 1772 illius
1526 1718 1859 1787 spirituales.
1890 1719 2029 1785 Quid
2070 1732 2233 1781 porro

649 1815 732 1861 est
765 1808 1023 1863 discretio
1062 1810 1197 1863 illa?
1235 1809 1554 1865 attendesis.
1591 1809 1861 1877 Expendit
1884 1824 2040 1879 aqua
2076 1810 2229 1863 lance

650 1900 947 1970 cogitatum
1006 1918 1168 1956 omne

652 2002 707 2046 et
743 1993 981 2047 residere
1014 1994 1067 2048 in
1112 1996 1295 2049 animo
1336 2003 1389 2048 et
1418 1994 1753 2049 exsecutioni
1804 1993 2067 2059 mandari;
2100 2007 2227 2062 per-

2330 634 2421 684 μοι
2443 616 2704 687 δώρησαι.
2741 619 2805 671 Ἡ
2832 619 2939 688 γὰρ
2968 617 3237 689 διάκρισις
3262 618 3494 672 δεικνύει
3517 617 3596 686 τῷ
3626 615 3895 689 ἀνθρώπῳ

2328 711 2509 761 πᾶσαν
2540 709 2656 761 ὁδὸν
2695 710 2926 779 ἀγαθὴν,
2965 713 3059 765 καὶ
3102 712 3201 765 οὐκ
3227 712 3293 783 ἐᾷ
3333 710 3495 765 αὐτὸν
3526 711 3584 763 ὲν
3612 709 3716 780 ὀδῷ
3759 710 3913 763 ὑποο’

2328 800 2711 862 σκελίζεσθαιο
2767 801 3039 873 πρωτεύει
3088 802 3197 875 γὰρ
3253 803 3471 856 πάντων
3529 802 3637 856 τῶν
3686 802 3897 871 ἀρετῶν

2327 892 2468 962 αὕτη
2487 909 2501 924 ·
2532 894 2595 946 ὲκ
2622 893 2825 963 ταύτης
2864 894 2973 964 γὰρ
2999 878 3255 960 γεννᾶται
3297 893 3330 962 ἡ
3368 893 3579 963 ἀγάπη,
3622 894 3685 945 ἐκ
3710 892 3766 945 δὲ
3796 892 3899 961 τῆς

2328 987 2546 1055 ἀγάπης
2594 988 2628 1057 ή
2677 987 3056 1057 ὶλεημοσύνη’
3090 987 3227 1040 ὥστε
3277 987 3310 1057 ἡ
3359 986 3629 1055 διάκρισις
3676 980 3896 1051 φυτεύει

2329 1081 2511 1131 πᾶσαν
2565 1080 2951 1150 ἀγαθοεργίαν,
2982 1079 3285 1149 προχέουσα
3315 1077 3529 1148 πρῶτον
3555 1075 3767 1145 καρπὸν
3798 1073 3901 1142 τὴν

2329 1170 2596 1237 εὐποιίαν,
2653 1171 2843 1225 ἔπειτα
2888 1172 2985 1241 τὴν
3034 1171 3291 1236 ἀκακίαν,
3337 1172 3432 1223 καὶ
3483 1166 3581 1239 τὴν
3641 1164 3901 1236 ὑψοποιδν

2326 1264 2675 1327 ταπείνωσιν,
2704 1264 2803 1333 τὴν
2833 1264 3075 1334 εἰρήνην,
3108 1263 3201 1333 τὴν
3240 1262 3542 1333 πραότητα.
3584 1260 3649 1312 Ἦ
3687 1259 3905 1327 διάκρι-

2330 1373 2413 1419 σις
2440 1354 2554 1423 γάρ
2601 1355 2724 1415 νοῦς
2788 1356 2902 1407 ὲστι
2933 1352 3023 1406 τοῦ
3075 1351 3228 1421 ἁγίου
3263 1351 3604 1421 Πνεύματος,
3635 1348 3728 1401 καὶ
3771 1349 3904 1401 ὅταν

2329 1444 2553 1516 χωρηθῇ
2581 1445 2659 1507 εἰς
2686 1445 2923 1499 διάνοιαν
2950 1444 3237 1515 ἀνθρώπου
3267 1442 3359 1496 τοῦ
3394 1443 3597 1513 μένειν,
3627 1441 3906 1510 ήδυτέρως

2329 1536 2497 1590 αὐτοῦ
2532 1538 2678 1589 ποιεῖ
2716 1539 2826 1596 τοῖς
2870 1535 3249 1606 αἰσθητηρίοις
3292 1537 3404 1599 τοῖς
3437 1534 3645 1605 νοητοῖς
3694 1532 3908 1585 διακεῖ-

2334 1628 2476 1682 σθαι.
2539 1626 2605 1681 Τί
2653 1627 2709 1681 δέ
2759 1628 2873 1680 ἐστι
2925 1628 3232 1698 διάκρισιςς
3283 1626 3579 1699 [ἄκουσονο
3624 1622 3908 1693 Διάκρισίς

2332 1718 2504 1791 ἐστιν]
2533 1722 2565 1789 ἡ
2609 1719 2751 1773 ἁπαν
2790 1720 2968 1790 νόημα
3000 1718 3431 1787 ζυγοπατοῦσα,
3466 1717 3561 1769 καὶ
3599 1715 3720 1769 ὅσον
3754 1713 3909 1780 ὑγιὲς

2333 1810 2488 1883 εὕρῃ,
2520 1812 2734 1864 δίδωσιν
2762 1813 3008 1881 κατέχειν
3036 1812 3134 1882 τὴν
3164 1811 3401 1865 διάνοιαν
3426 1809 3520 1861 καὶ
3552 1809 3723 1861 ποιεῖν
3741 1822 3758 1839 ο
3784 1807 3911 1859 ὅσον

1230 1920 1242 1956 :
1304 1902 1559 1972 quodque
1625 1875 1847 1957 salubre
1933 1875 2225 1972 comperit,

2347 1875 2634 1970 ῑὲσαθρὸν,
2669 1875 2924 1969 ἐκτρέπει
2963 1902 3059 1970 τῆς
3092 1875 3337 1963 ’διανοίας
3382 1898 3478 1952 καὶ
3512 1895 3802 1965 σφενδόνης
3830 1894 3914 1947 δί-

2282 2036 2283 2039 η
2328 2008 2440 2061 κην
2477 1993 2694 2061 μακρὰν
2726 1992 3077 2063 ἀπορρίπτει.

653 2087 862 2142 mittit:
894 2090 1042 2160 quod
1088 2105 1220 2145 vero
1270 2092 1495 2152 noxium
1553 2090 1908 2161 putidumque
1942 2097 2071 2153 est,
2127 2088 2352 2159 expellit
2414 2103 2481 2143 ex
2508 2089 2733 2155 animo,
2773 2098 2827 2143 et
2900 2076 3157 2157 tanquam
3236 2086 3402 2142 funda
3466 2084 3683 2159 jactum'
3719 2080 3913 2157 procul

652 2184 881 2240 excutit.
948 2197 955 2205 '

726 2283 849 2339 181.
908 2281 1248 2353 Epiphanius
1306 2294 1485 2339 autem
1547 2285 2219 2357 interrogarefpergens:

657 2371 833 2437 Quid,
889 2372 1107 2441 inquit,
1158 2384 1381 2429 sanctus
1426 2374 1629 2431 Paulus
1660 2384 1930 2431 assertum
1970 2376 2084 2431 vult
2135 2390 2229 2445 per

656 2462 787 2516 illud
835 2480 849 2516 :
903 2480 922 2513 ι
980 2462 1151 2518 Omne
1204 2474 1480 2532 peccatum
1512 2475 1663 2521 extra
1714 2482 1910 2537 corpus
1963 2478 2095 2532 est;
2137 2464 2232 2534 qui

655 2564 839 2609 autem
889 2554 1193 2610 fornicatur
1217 2597 1231 2621 ,
1279 2558 1334 2612 in
1367 2573 1567 2628 corpus
1598 2574 1754 2612 suum
1787 2567 1976 2629 peccat
1991 2557 2080 2611 “1'
2116 2576 2135 2610 ι
2168 2556 2239 2611 Et

659 2648 993 2716 respondens
1038 2650 1282 2705 Andreas
1318 2669 1330 2704 :
1364 2648 1537 2704 Omne
1601 2651 1745 2705 aliud
1778 2662 2059 2720 peccatum
2090 2690 2103 2712 ,
2140 2650 2237 2715 ait,

658 2740 925 2795 inanima
968 2752 1254 2804 versatur,
1299 2753 1523 2811 excepta
1570 2743 1971 2807 fornicatione,
2023 2757 2145 2811 quae
2176 2740 2241 2796 ad

657 2846 863 2901 corpus
895 2834 1089 2886 attinet
1124 2852 1137 2887 :
1189 2850 1253 2887 cx
1284 2835 1452 2888 latere
1485 2834 1628 2887 enim
1665 2835 1855 2888 Adami
1892 2834 2124 2888 formata
2154 2840 2235 2886 est

661 2927 880 2994 mulier,
928 2938 985 2980 ttt
1015 2931 1122 2981 duo
1159 2944 1326 2981 unum
1362 2942 1572 2996 corpus
1620 2926 1816 2981 forent.
1854 2926 2027 2981 Omne
2075 2926 2237 2994 igitur

656 3026 943 3087 peccatum
974 3028 1127 3073 extra
1164 3033 1363 3087 corpus
1399 3030 1477 3073 est
1512 3034 1529 3071 :
1570 3034 1688 3081 seu.
1722 3019 1800 3072 uti
1842 3018 1954 3088 jam
1989 3016 2234 3079 memini,

663 3128 772 3164 non
809 3125 1057 3179 corpore,
1091 3112 1185 3165 sed
1232 3113 1449 3177 anima,
1506 3112 1599 3165 sed
1639 3121 1820 3166 mente
1846 3150 1860 3173 ,
1902 3111 1994 3164 sed
2045 3110 2237 3178 spiritu

2420 2285 2569 2351 ρπα’.
2614 2278 2930 2345 Ἐπιφάνιος
2952 2272 3137 2330 εἶπεν*
3170 2277 3236 2330 Τί
3261 2276 3407 2345 λέγει
3445 2278 3474 2330 6
3502 2276 3654 2345 ἀγιος
3675 2275 3915 2341 Παῦλος.

2338 2374 2423 2428 ὅτι
2464 2392 2484 2425 ι
2525 2373 2681 2425 Πᾶσα
2722 2371 2964 2441 ἁμαρτία
2994 2368 3147 2433 ἐκτὸς
3170 2369 3267 2447 τοῦ
3293 2370 3540 2439 σώματός
3568 2372 3714 2422 ἐστιν
3733 2385 3747 2399 ο
3802 2372 3829 2422 6
3857 2368 3917 2422 δὲ

2344 2466 2624 2537 πορνεύων
2666 2466 2746 2527 εἰς
2775 2466 2836 2518 τὸ
2882 2464 3013 2518 ἴδιον
3046 2465 3205 2535 σῶμα
3250 2465 3585 2534 ἁμαρτάνεις
3626 2483 3644 2517 ι
3685 2464 3833 2534 Ἔφη
3890 2464 3919 2517 6

2346 2560 2552 2619 Ὀσιος’
2585 2559 2741 2611 Πᾶσα
2772 2557 2901 2626 άλλη
2928 2557 3171 2626 ἁμαρτία
3201 2556 3404 2627 ψυχική
3437 2559 3606 2609 ἐστιν’
3634 2558 3666 2625 ἡ
3693 2555 3747 2608 6's
3776 2571 3923 2626 πορ-

2340 2650 2457 2702 νεία
2521 2647 2808 2717 σωματική
2874 2650 3056 2700 ἔστιν·
3116 2647 3179 2699 ὲκ
3231 2646 3336 2716 γάρ
3380 2647 3478 2714 τῆς
3533 2646 3773 2713 πλευρᾶς
3822 2645 3919 2699 τοῦ

2354 2734 2532 2803 Ἀδάμ.
2570 2731 2958 2804 ᾠκοδομήθη
2996 2734 3153 2804 γυνὴ,
3184 2734 3323 2787 ὥστε
3354 2735 3402 2786 οἰ
3430 2734 3522 2787 δύο
3557 2730 3616 2787 ἐν
3649 2735 3810 2804 σῶμά
3844 2738 3922 2789 εἱ-

2344 2842 2449 2880 σιν.
2490 2827 2647 2878 Πᾶσα
2696 2824 2787 2878 οὖν
2828 2827 3067 2897 ἁμαρτία
3120 2826 3276 2889 ἐκτὸς
3333 2825 3425 2879 τοῦ
3480 2826 3732 2894 σώματός
3777 2830 3920 2890 ἐστι,

2306 2905 2618 2973 ,τουτέστιν
2664 2915 2724 2968 οὐ
2782 2916 2859 2987 τῷ
2919 2916 3132 2987 σώματι
3183 2916 3435 2987 πράττει,
3486 2916 3622 2969 ἀλλὰ
3651 2921 3717 2988 τῇ
3747 2917 3924 2987 ψυχῇ,

2345 3007 2438 3059 καὶ
2470 3006 2545 3074 τῷ
2575 3005 2675 3067 νοῒ,
2712 3008 2817 3059 καὶ.
2839 3006 2914 3075 τῷ
2946 3004 3235 3075 πνεύματι,
3265 3004 3338 3067 ὡς
3371 3006 3639 3075 προέφην.
3674 3006 3782 3059 Καὶ
3814 3006 3924 3074 γὰρ

2348 3096 2412 3147 ὲκ
2445 3094 2714 3163 στόματος
2755 3094 2853 3163 τὴν
2883 3092 3078 3164 ἡδονὴν
3126 3093 3432 3164 καρποῦται
3463 3097 3490 3147 6
3532 3095 3797 3163 ψεύστης,
3831 3097 3864 3165 ἢ
3897 3097 3926 3148 6

663 3205 1047 3258 committitur.
1091 3204 1300 3257 Etenim
1348 3214 1402 3259 et
1454 3205 1720 3269 mendax,
1774 3215 1827 3259 et
1875 3202 2149 3273 periurus,
2192 3208 2242 3256 et

2349 3186 2631 3255 ἐπίορκος,
2666 3184 2699 3254 ἢ
2733 3186 2761 3238 6
2814 3184 3132 3249 κατάλαλος,
3163 3184 3195 3255 ἢ
3232 3186 3260 3237 6
3314 3185 3511 3254 ἑτέραν
3547 3184 3668 3237 τινὰ
3697 3185 3926 3255 ἀνομίαν

658 3296 825 3350 fama
868 3296 1057 3349 alienze
1083 3296 1174 3365 qui
1222 3295 1478 3362 detrahit,
1531 3307 1624 3350 aut
1660 3296 1802 3349 aliud
1839 3295 2115 3364 quidpiam
2149 3307 2244 3361 pa-

667 3396 773 3438 trat
816 3386 1082 3450 sceleris,
1136 3402 1202 3440 ex
1246 3386 1427 3440 verbis
1477 3386 1593 3441 suis
1641 3386 1877 3456 aliquam
1916 3386 2059 3455 capit
2092 3386 2248 3438 volu-

664 3486 867 3545 ptatetn
912 3492 924 3526 :
980 3476 1130 3528 solus
1186 3474 1480 3529 fornicator
1532 3491 1760 3543 corpore
1809 3490 1912 3529 suo
1965 3482 2243 3543 peccatum

668 3565 902 3635 perﬁcit.
938 3564 1412 3631 Quemadmodum
1452 3577 1629 3619 autem
1678 3582 1791 3628 sus,
1821 3566 1912 3635 qui
1965 3566 2245 3619 volutatur

668 3662 723 3713 in
765 3674 958 3723 emno,
1010 3674 1117 3712 non
1150 3660 1469 3729 coinquinat
1500 3658 1735 3713 interius
1782 3672 2001 3711 carnem
2044 3671 2241 3722 suam,

666 3750 763 3803 sed
794 3748 1039 3810 exterius
1074 3749 1337 3802 duntaxat
1387 3748 1577 3819 pellem
1635 3749 1888 3802 sordibus
1945 3763 2009 3801 ac
2060 3746 2253 3801 foetore

672 3840 847 3902 inficit
878 3861 890 3896 :
925 3841 998 3895 ita
1037 3850 1093 3895 et
1138 3842 1438 3896 fornicator
1467 3882 1485 3907 ,
1532 3844 1625 3912 qui
1669 3843 1723 3895 in
1764 3840 2037 3895 cubilibus
2086 3848 2251 3907 atque

665 3934 1034 4003 «itnpudicitiis
1080 3943 1341 4004 perpetuo
1373 3946 1662 4000 versatur,
1710 3949 1911 4003 corpus
1955 3932 2157 4001 pariter
2204 3940 2258 3983 et

666 4026 915 4083 animam
948 4025 1094 4081 foede
1128 4028 1532 4081 commaculat:
1568 4028 1757 4096 sicque
1798 4024 2081 4079 daemoniis
2114 4025 2255 4076 invi-

666 4118 926 4172 sibilibus
961 4118 1257 4173 ludibrium
1293 4136 1357 4174 ac
1396 4120 1537 4174 risus
1590 4120 1666 4173 fit.
1723 4120 1990 4173 Cancrum
2028 4116 2249 4185 quando

2350 3277 2718 3348 ἐργαζόμενος
2742 3292 2753 3306 ·
2795 3276 2954 3345 μόνον
2985 3275 3041 3328 δὲ
3079 3276 3107 3328 6
3138 3275 3417 3345 πορνεύων
3451 3275 3531 3345 τῷ
3567 3276 3680 3346 ἰδίῳ
3711 3274 3926 3346 σώματι

2348 3369 2593 3423 συντελεί
2636 3352 2736 3439 τὴν
2783 3366 3080 3437 ἁμαρτίαν.
3120 3368 3327 3436 Ὠσπερ
3375 3368 3402 3420 6
3442 3369 3644 3436 χοῖρος,
3667 3368 3798 3419 ὅταν
3834 3383 3933 3420 κυο

2348 3459 2505 3530 λισθῇ
2540 3463 2598 3513 ἐν
2632 3459 2893 3530 βορϐόρῳ,
2927 3460 2987 3511 οὐ
3016 3459 3082 3511 τὰ
3110 3458 3254 3511 ἔνδον
3300 3449 3465 3513 αὑτοῦ
3500 3459 3739 3528 μολύνει,
3793 3458 3931 3511 ἀ).λά

2349 3554 2447 3622 τὴν
2485 3551 2590 3616 ἔξω
2613 3552 2778 3605 αὑτοῦ
2812 3552 2991 3605 πᾶσαν
3025 3550 3184 3620 δορὰν
3213 3552 3505 3620 σικχαντὴν
3531 3550 3627 3604 καὶ
3659 3549 3929 3620 βρωμὼὁη

2352 3645 2727 3715 ἀπεργάζεται
2754 3660 2768 3673 ’
2805 3644 2946 3697 οὕτω
3024 3644 3116 3696 καὶ
3160 3646 3187 3695 6
3232 3642 3535 3713 πορνεύων,
3582 3644 3791 3705 κοίταις
3840 3644 3960 3694 καὶῖ

2352 3738 2661 3805 ἀσελγείαις
2693 3736 2883 3789 ἑαυτὸν
2941 3734 3312 3806 ἁναμιγνύων,
3344 3735 3634 3804 σικχαντὸν
3676 3733 3842 3786 αὑτοῦ
3876 3732 3934 3785 τὸ

2358 3830 2519 3898 σῶμα
2578 3831 2671 3883 καὶ
2714 3829 2810 3899 τὴν
2868 3828 3045 3899 ψυχὴν
3103 3827 3570 3898 ἀπεργαζόμενος,
3622 3820 3779 3886 οὗτος
3841 3840 3938 3877 πο-

2360 3923 2576 3993 ρεύεται
2632 3924 2839 3990 γέλοιον
2890 3924 2998 3985 τοῖς
3045 3922 3298 3992 άοράτοις
3344 3920 3594 3990 δαίμοσιν
3643 3916 3937 3987 ἀναφαινό-

2362 4032 2542 4085 μενος.
2581 4014 2779 4067 Λοιπὸν
2824 4014 2903 4075 εἰς
2938 4012 2999 4064 τὸ
3037 4012 3164 4064 ἴδιον
3206 4011 3367 4081 σῶμα
3414 4010 3743 4079 ἁμαρτάνει,
3790 4005 3940 4076 μιαί-

2358 4096 2489 4161 νων
2515 4106 2647 4159 αὐτό
2672 4122 2685 4135 ·
2720 4106 2818 4157 οὐκ
2849 4106 2981 4158 αὐτὸ
3012 4103 3065 4157 δὲ
3117 4106 3297 4174 μόνον,
3349 4102 3485 4155 ἀλλά
3512 4117 3574 4169 γε
3630 4098 3723 4152 καὶ
3755 4099 3818 4150 τὸ
3845 4098 3942 4166 τῆς

676 4210 735 4261 in
788 4224 986 4277 corpus
1021 4226 1180 4264 suum
1233 4220 1455 4279 peccat,
1510 4226 1621 4264 non
1669 4226 1829 4264 suum
1879 4206 2242 4263 tantutnmodr

2360 4200 2621 4269 γυναικὸς
2666 4201 2747 4262 εἰς
2780 4198 2807 4250 ὃ
2841 4197 3254 4268 περιπλέκεται.
3303 4194 3465 4264 ’Δνὴρ
3495 4194 3728 4260 γυναῖκα
3781 4191 3940 4261 ἔχων,

670 4315 883 4369 corpus
913 4342 927 4366 ,
977 4301 1070 4355 sed
1124 4302 1373 4355 mulieris
1403 4302 1568 4355 etiam
1606 4316 1842 4369 quacum
1886 4307 2112 4369 peccat,
2150 4308 2242 4352 turi

2363 4293 2457 4345 καὶ
2487 4295 2627 4362 γυνὴ
2654 4292 2883 4360 νόμιμον
2910 4291 3078 4361 ἄνδρα
3113 4289 3331 4360 ἔχουσα,
3380 4290 3479 4341 οὐκ
3510 4287 3691 4355 ἔχουσι.
3717 4285 3787 4338 τὰ
3820 4285 3944 4337 ἐαν·

676 4391 819 4457 piter
875 4400 1224 4460 conspurcat.
1294 4393 1423 4447 V'iro
1468 4394 1558 4463 qui
1627 4407 1893 4457 uxorem,
1946 4401 2000 4445 et
2051 4390 2242 4444 mulier

2364 4386 2473 4439 τῶν
2500 4387 2729 4455 σώματα
2756 4386 2863 4438 tam
2883 4399 2898 4412 '
2923 4384 3020 4436 τοῦ
3048 4384 3239 4453 ἀνδρὸς
3265 4382 3371 4453 γὰρ
3398 4381 3459 4435 τὸ
3488 4379 3649 4451 σῶμά
3707 4380 3825 4431 ἑστι
3848 4377 3945 4445 τῆς

674 4499 804 4552 qua:
832 4486 1090 4537 maritum
1126 4484 1370 4549 habent,
1414 4486 1691 4555 prepriunt
1738 4498 1939 4552 corpus
1981 4496 2091 4536 non
2136 4492 2219 4535 est

2369 4475 2623 4542 γυναικὸς
2654 4472 2839 4539 αὐτοῦ,
2881 4474 2976 4524 καὶ
3021 4472 3121 4539 τῆς
3178 4472 3436 4539 γυναικός
3470 4474 3584 4523 ἐστι
3620 4468 3715 4521 τοῦ
3755 4467 3946 4535 ἀνδρὸς

681 4575 781 4628 viri
809 4577 1009 4645 quippe
1040 4591 1244 4647 corpus
1276 4578 1505 4632 arbitrio
1543 4578 1735 4630 uxoris
1771 4576 1990 4640 subest;
2021 4581 2075 4627 et
2102 4573 2242 4627 simi-

2361 4566 2550 4633 αὐτῆς,
2599 4564 2737 4617 ὥστε
2767 4563 2950 4617 οὐκέτι
3009 4564 3115 4616 εἰσὶ
3181 4562 3297 4627 δύο,
3327 4562 3461 4614 ἀλλά
3496 4559 3775 4630 σὰρξμία.
3825 4557 3947 4610 Ἐάν

676 4667 809 4721 liter
846 4666 1097 4721 mulieris
1124 4683 1324 4738 corpus
1360 4669 1411 4721 in
1442 4677 1709 4738 potestate
1742 4666 1919 4720 mariti
1946 4674 2047 4729 est,
2068 4675 2123 4719 ut
2155 4681 2241 4719 not

2371 4655 2466 4712 οὖν
2500 4660 2531 4720 ἡ
2565 4656 2704 4727 γυνὴ
2731 4652 3026 4726 πορνεύσῂ,
3058 4655 3136 4717 εἰς
3166 4653 3225 4706 τὸ
3250 4653 3409 4721 σῶμα
3433 4650 3527 4704 τοῦ
3561 4650 3752 4720 ἀνδρὸς
3774 4650 3949 4721 ἁμαρα

684 4758 925 4829 amplius
968 4758 1079 4813 duo
1117 4760 1226 4812 sint
1250 4798 1266 4825 ,
1320 4760 1411 4814 sed
1446 4774 1553 4813 una
1586 4775 1735 4814 caro.
1767 4757 1821 4812 Si
1859 4756 2053 4811 mulier
2080 4757 2242 4826 itaqut

2372 4751 2523 4809 τάνει
2548 4766 2562 4779 ο
2600 4750 2695 4801 ἐὰν
2725 4748 2782 4801 δὲ
2820 4751 2847 4801 6
2882 4748 3020 4818 ἀνὴρ
3056 4746 3375 4816 ἁμαρτήσῃ,
3408 4744 3487 4807 εἰς
3527 4742 3587 4797 τὸ
3627 4743 3755 4795 ἴδιον
3791 4741 3946 4809 σῶμα

683 4848 1006 4912 fornicatur,
1041 4850 1096 4903 in
1129 4865 1332 4919 corpus
1365 4849 1546 4902 mariti
1580 4858 1767 4918 peccat
1798 4866 1811 4902 :
1848 4848 1894 4903 si
1930 4862 2059 4901 vero
2093 4845 2242 4901 mari

2370 4844 2472 4912 τῆς
2510 4840 2773 4907 γυναικὸς
2810 4839 3150 4909 ἁμαρτάνει*
3186 4835 3357 4901 οὕτως
3388 4836 3481 4890 οὖν
3524 4838 3603 4897 εἰς
3640 4834 3707 4886 τά
3740 4830 3946 4885 ἑαυτῶν

683 4951 813 5006 tus,
852 4951 1038 5010 peccat
1078 4943 1132 4996 in
1176 4958 1377 5012 corpus
1418 4959 1577 4997 suum
1606 4984 1619 5007 ,
1652 4941 1798 5011 quod
1845 4950 1932 4997 est
1972 4955 2146 5005 uxor;
2189 4939 2271 4994 sic

681 5042 742 5088 et
771 5034 911 5088 alter
959 5034 1013 5089 in
1066 5036 1292 5099 alterius
1334 5044 1563 5105 peccant
1606 5050 1857 5102 corpora,
1901 5031 2120 5103 quando
2161 5046 2270 5085 non

688 5141 749 5181 se
782 5126 956 5196 ipsos,
1002 5129 1098 5183 sed
1147 5129 1357 5183 alienos
1405 5129 1695 5193 adamant;
1739 5137 1926 5196 utpote
1972 5126 2064 5194 qui
2111 5124 2273 5177 ambo

689 5220 993 5275 maritalem
1032 5230 1211 5274 torum
1258 5222 1405 5290 turpi
1488 5221 1695 5291 ﬂagitio
1740 5220 2125 5274 deltonestant.
2158 5216 2273 5270 llac

690 5312 858 5381 igitur
898 5313 965 5368 de
1008 5329 1176 5369 causa
1206 5354 1223 5380 ,
1280 5334 1298 5367 ι
1331 5313 1506 5370 Omne
1542 5324 1823 5386 peccatum
1864 5324 2018 5368 extra
2072 5326 2274 5381 corpus

688 5412 774 5458 cst
820 5421 834 5457 :
887 5405 980 5474 qui
1029 5417 1208 5462 autem
1255 5407 1580 5475 fornicatur,
1614 5409 1666 5462 in
1712 5422 1911 5476 corpus
1957 5422 2117 5461 suum
2150 5420 2274 5474 pec-

689 5504 812 5559 cat;
858 5515 877 5548 ι
935 5512 1000 5551 ac
1050 5499 1317 5555 sordescit
1363 5516 1562 5571 corpus
1608 5501 1769 5569 ejus,
1820 5500 1992 5553 instar
2041 5499 2157 5552 suis
2220 5498 2274 5551 in

692 5595 937 5644 stercore
969 5590 1198 5647 volutati
1224 5633 1240 5659 ,
1285 5603 1339 5646 et
1372 5595 1553 5648 anima
1590 5596 1765 5647 instar
1793 5590 2053 5647 daemonis
2085 5590 2276 5643 foetore

2376 4934 2610 5004 σώματα
2634 4935 3063 5004 ἁμαρτάνουσιν,
3081 4930 3317 5001 ὁπηνίκα
3340 4931 3439 4999 οὐχ
3459 4928 3665 4981 ἑαυτῶν
3697 4926 3944 4998 ὲρῶνται,

2374 5026 2512 5079 ἀλλά
2541 5027 2648 5079 τῶν
2677 5025 2995 5091 ἀλλοτρίων,
3028 5024 3103 5087 ὡς
3128 5023 3427 5094 ἀμφότεροι
3462 5020 3560 5089 τὴν
3604 5019 3738 5072 ἰδίαν
3766 5016 3947 5084 κοίτην

2367 5122 2704 5190 μιαίνοντες.
2745 5118 2844 5171 Διά
2877 5120 3034 5171 τοῦτο
3066 5120 3179 5187 γάρ
3225 5118 3372 5169 πᾶσα
3402 5113 3641 5185 ἁμαρτία
3667 5111 3823 5172 ἐκτὸς
3857 5106 3945 5159 τοῦ

2377 5212 2632 5284 σώματός
2685 5213 2833 5265 ἐστιν
2858 5227 2873 5243 ·
2908 5213 2936 5264 6
2980 5211 3037 5265 δὲ
3090 5208 3369 5278 πορνεύων
3397 5209 3475 5270 εἰς
3506 5207 3565 5261 τὸ
3620 5206 3750 5257 ἴδιον
3793 5200 3947 5270 σῶμα

2375 5307 2704 5379 ἁμαρτάνει,
2756 5305 2944 5377 ὥσπερ
2975 5306 3155 5375 χοῖρος
3204 5304 3261 5354 ὲν
3290 5304 3483 5372 κόπρῳ
3516 5294 3948 5364 κυλινδούμενος,

2382 5403 2476 5453 καὶ
2503 5400 2712 5469 γίνεται
2758 5397 2925 5451 αὑτοῦ
2979 5397 3041 5447 τὸ
3074 5394 3235 5464 σῶμα
3268 5390 3577 5462 σικχαντὺν,
3603 5389 3697 5443 καὶ
3720 5386 3943 5455 ἀζομένη

2381 5493 2527 5563 ψυχὴ
2589 5492 2776 5554 αὑτοῦ,
2820 5491 3010 5558 ὥσπερ
3041 5488 3325 5557 δαίμονος·
3355 5486 3448 5537 7.1".
3479 5484 3628 5537 πάσα
3656 5481 3753 5552 μὲν
3776 5481 3953 5548 ἁμαρ-

2383 5588 2473 5639 τία
2506 5585 2695 5647 δεινῶς
2727 5583 2825 5653 τὴν
2851 5581 3028 5653 ψυχὴν
3079 5579 3314 5649 ζοφώδη,
3418 5575 3473 5628 δὲ
3518 5573 3743 5646 πορνεία
3777 5567 3948 5626 δυσῶ-

694 5680 884 5751 incipit
918 5700 933 5737 :
979 5700 1219 5756 cumque
1270 5697 1464 5742 caetera
1502 5697 1726 5757 peccata
1781 5685 2019 5741 tenebris
2051 5682 2242 5755 quibus

2382 5680 2469 5742 δες
2494 5678 2589 5731 καὶ
2626 5676 2853 5745 αἰσχρὸν
2877 5674 2935 5726 τὸ
2963 5674 3126 5743 σῶμα
3151 5668 3546 5742 ἀπεργάζεται.
3632 5681 3634 5684 '

690 5772 817 5829 dam
868 5772 1155 5831 involvunt
1192 5780 1432 5836 animam
1462 5823 1475 5850 ,
1515 5780 1807 5837 foruicatio
1855 5781 2078 5850 insuper
2126 5788 2281 5847 turpe
2320 5773 2679 5841 ftctiduntque
2717 5769 2875 5824 ellicit
2918 5782 3132 5838 corpus.

778 5866 820 5898 δ’
858 5865 877 5920 Ι
912 5867 1045 5924 Cor.
1078 5885 1167 5934 vt.
1204 5871 1292 5927 18.
