4138 6500
212 386 298 449 833

1341 369 1517 432 VITA
1552 367 1618 429 S.
1658 365 1987 428 ANDREJE
2026 364 2214 427 ΒΑΗ.

3292 367 3394 431 834

213 502 294 553 ἐπὶ
315 497 402 567 τὴν
438 493 638 561 λιθίνην
685 489 910 561 πόρταν,
952 482 1281 538 ἐκνεύσαντα
1311 479 1410 548 τῆς
1457 476 1740 549 δημοσίας.

1847 476 1985 531 riani
2015 474 2150 546 (89),
2195 484 2358 538 atque
2394 472 2518 530 inde
2543 473 2834 532 deflectens
2856 512 2871 540 .
2900 475 3039 533 forte
3085 479 3296 534 devenit
3329 477 3397 534 ad

210 588 299 644 Ἦν
336 586 386 640 δὲ
425 585 457 655 ἡ
507 581 708 651 ἡμέρα,
743 577 864 633 καθ’
899 579 964 646 ἢν
1017 573 1111 626 τοῦ
1165 570 1398 643 μεγάλου
1458 568 1734 640 μάρτυρος

207 678 390 746 θύρσου
438 676 470 742 ὴ
514 673 603 724 διὰ
653 670 862 741 Κύριον
891 665 1198 720 ἐπετελεῖτο
1241 663 1482 730 ἄθλησις.
1526 662 1612 722 Ὠς
1642 655 1735 713 οὖν

211 769 414 839 εἴρηται,
468 761 690 832 πλησίον
734 760 832 827 τῆς
860 757 1064 822 λιθίνης
1108 753 1311 822 πόρτας
1353 751 1604 818 γενέσθαι
1640 751 1736 804 a6-

209 861 300 920 τὸν,
335 854 448 922 ὁρᾷ,
484 851 574 904 καὶ
623 851 730 902 ἰδοὺ
767 847 1048 917 ἄνθρωπός
1089 862 1170 907 τις
1197 846 1259 896 ἐκ
1291 843 1384 894 τοῦ
1435 841 1734 910 μαρτυρίου

205 944 282 997 τοῦ
319 941 495 1008 ’Δγίου
553 937 925 1007 ὑποστρέφων,
975 935 1138 1004 ἀπῄει
1171 934 1250 995 εἰς
1286 933 1384 997 τὴν
1425 931 1603 984 οἰκίαν
1637 930 1736 982 αύ-

205 1033 284 1088 τοῦ
308 1047 320 1059 ·
345 1027 409 1100 ἦν
438 1031 492 1082 δὲ
518 1028 636 1090 ὅλος
667 1028 831 1096 μέλας
871 1027 965 1078 καὶ
993 1025 1235 1093 ζοφώδης
1264 1037 1277 1050 °
1312 1019 1515 1089 πλῆθός
1541 1037 1598 1072 τε
1625 1019 1738 1072 δαι-

209 1125 362 1194 μόνων
404 1119 709 1189 ἔμπροσθεν
745 1115 906 1170 αὐτοῦ
935 1116 1029 1168 καὶ
1073 1113 1295 1167 ὄπισθεν
1338 1111 1735 1179 πορευομένων,

206 1214 284 1266 καὶ
323 1210 621 1278 κατεγέλων
653 1207 959 1278 τραγῳδίαν
989 1205 1110 1257 τινὰ
1155 1204 1284 1274 περὶ
1313 1201 1474 1255 αὑτοῦ
1501 1218 1514 1231 ο
1550 1201 1740 1270 ὀρχού-

209 1320 335 1375 μενοι
370 1301 703 1376 δὲ.ἐλεγον,·
762 1293 928 1360 Οὗτος
982 1298 1117 1359 τέως
1172 1294 1329 1365 ἡμῶν
1376 1293 1540 1346 ἐστιν.
1571 1292 1633 1343 Οἱ
1681 1291 1736 1342 δὲ

203 1391 907 1459 λοιποὶάνταποκρινόμενοι
942 1388 1084 1457 πρὸς,
1122 1387 1220 1456 τὴν
1263 1381 1583 1453 κατάληξιν,
1627 1382 1739 1434 ἕλε-

204 1501 283 1554 γον
305 1499 316 1514 ο
362 1483 490 1534 Ἰδοὺ
537 1481 866 1552 κερδάνεμεν
890 1479 1049 1532 αὑτὸν
1074 1479 1358 1547 ὁμόσωμον
1397 1476 1489 1527 καὶ
1517 1474 1738 1543 ὁμότρο-

203 1593 306 1636 πον,
347 1576 437 1628 καὶ
477 1574 575 1626 οὐκ
604 1573 749 1625 ἔστιν
777 1571 1088 1641 ἀντίρρησις
1116 1571 1239 1638 περὶ
1293 1565 1455 1621 αὑτοῦ
1487 1565 1694 1626 οὐδενός
1721 1579 1733 1591 ·

203 1665 301 1726 ὅλος
320 1663 421 1731 γάρ
453 1662 610 1731 ἡμῶν
637 1665 802 1714 ἐστιν.
835 1659 1017 1712 Ταῦτα
1047 1659 1142 1728 μὲν
1166 1660 1349 1725 ἔλεγον
1389 1656 1514 1722 περὶ
1549 1653 1733 1719 αὐτοῦ,

1837 576 2046 636 portam
2089 564 2421 633 .Lapideam.
2483 564 2781 634 Agebatur-
2826 575 3003 621 autem
3061 567 3175 624 dies
3205 611 3221 635 ,
3286 585 3398 642 quo

1839 672 2063 725 magnus
2081 655 2282 710 Christi
2311 664 2514 728 martyr
2535 655 2775 725 Thyrsus
2798 656 2908 728 (90)
2929 670 3397 715 consummarcrat

1834 757 2110 800 certamen
2153 748 2418 816 martyrii.
2468 747 2563 799 lllo
2602 748 2763 816 igitur
2800 750 2894 802 die
2932 750 2995 802 ad
3022 760 3229 818 portam
3256 791 3272 814 ,
3313 752 3390 805 uti

1839 839 2038 890 dictum
2067 845 2169 903 est,
2204 837 2491 906 Lapideam
2539 841 2800 892 accedens
2828 841 3091 902 Andreas.
3133 843 3397 911 conspicit

1839 925 2116 978 hominem
2147 925 2482 994 quemdam,
2517 942 2545 980 e
2587 929 2872 981 memorati
2921 931 3170 999 martyris
3203 930 3399 999 templo

1837 1017 2227 1086 egredientem,
2262 1018 2643 1074 domum-sese
2673 1019 2941 1084 conferre,
2976 1023 3122 1074 omni
3159 1038 3222 1075 ex
3252 1032 3400 1090 parte

1840 1110 2053 1177 nigrum
2102 1123 2165 1164 ac
2201 1111 2598 1164 tenebricosum
2636 1127 2650 1164 :
2691 1112 2883 1181 ingens
2929 1113 3200 1167 hominem
3237 1118 3396 1168 turba

1838 1197 2141 1251 daemonum
2189 1200 2561 1264 praecedebat,
2599 1202 2928 1270 sequebatur
2975 1201 3194 1270 ingens;
3229 1218 3399 1272 eaque

1839 1287 2138 1343 deridendo
2173 1299 2226 1342 et
2254 1291 2540 1344 saltitando
2568 1307 2672 1345 non
2714 1293 2886 1346 lgetam
2917 1309 3048 1348 sane
3079 1296 3396 1364 tragoediam

1835 1393 2003 1446 agens
2054 1380 2394 1434 exclamabat
2453 1397 2467 1434 :
2521 1379 2617 1434 llic
2674 1392 2873 1436 nostra:
2929 1386 3089 1437 modo
3146 1385 3398 1453 potestati

1839 1469 2092 1523 subditus
2127 1479 2227 1523 est.
2280 1469 2490 1535 Quibus
2536 1472 2627 1525 alii
2673 1474 2856 1527 statim
2933 1477 3273 1534 succinentes
3321 1479 3426 1529 re-'

1838 1560 2176 1629 spondebant
2233 1559 2454 1615 :'Ecce
2502 1563 2652 1616 illum
2685 1604 2699 1627 ,
2758 1549 3004 1621 moribus
3034 1581 3098 1620 ac
3155 1566 3400 1619 fmditatc

1841 1650 2000 1704 nobis
2046 1650 2378 1704 simillimum
2434 1653 2804 1708 lucrifecimus
2851 1644 3012 1709 {nec
3059 1667 3140 1710 est
3172 1657 3265 1725 qui
3299 1671 3401 1709 uo—

203 1757 278 1808 καὶ
306 1755 433 1808 ἄλλα
465 1754 653 1814 πολλὰ,
679 1753 715 1806 ἃ
751 1753 849 1805 οὐκ
877 1752 996 1815 ἐξὸν
1036 1751 1288 1819 γράφειν,
1315 1748 1408 1800 καὶ
1438 1741 1620 1799 εἷλκον
1647 1743 1736 1796 τὸν

1847 1743 2051 1797 biscum
2114 1742 2180 1796 de
2237 1743 2342 1796 ulla
2401 1742 2572 1812 ipsius
2632 1755 2784 1813 parte
2828 1747 3156 1802 contendere
3205 1748 3401 1802 ausit:

203 1846 409 1898 ἐλεεινὸν
464 1843 918 1914 εὐφραινόμενοι·
969 1817 1274 1908 γνῶ-σαντες
1323 1839 1430 1905 γὰρ
1480 1831 1618 1906 ἦσαν
1669 1837 1732 1903 τῇ

1847 1845 1984 1888 totus
2037 1835 2254 1904 quippe,
2316 1845 2552 1904 quantus
2606 1848 2840 1906 quantus
2897 1848 2998 1904 est,
3061 1849 3242 1894 noster
3300 1848 3400 1892 est.

200 1933 366 2004 αὔριον
419 1934 675 2003 ἐκδημεῖν
731 1933 890 1986 αὑτὸν
935 1930 1040 1982 ἀπὸ
1089 1929 1179 1981 τοῦ
1219 1927 1489 1996 σώματος,
1530 1927 1623 1979 καὶ
1650 1925 1737 1977 διὰ

199 2026 334 2079 τοῦτο
367 2024 728 2094 ηύρραίνοντο
762 2025 840 2085 είς
870 2023 966 2092 τὴν
1001 2020 1271 2074 ἀπώλειαν
1298 2017 1484 2071 αὐτοῦ.

1841 1925 2018 1994 Atque
2058 1928 2171 2003 inec
2211 1926 2461 1993 quidem,
2497 1935 2690 1995 praeter
2720 1930 2826 1982 alia
2864 1929 3114 1998 plurima,
3152 1945 3272 1998 qua
3318 1931 3406 1984 hic

1842 2016 2148 2092 describere
2176 2017 2308 2070 nihil
2342 2017 2566 2084 attinet,
2593 2018 2871 2088 jactabant
2901 2021 3190 2087 daemones,
3226 2031 3408 2092 rapta-

199 2121 416 2190 bantque
473 2120 739 2174 misellum
803 2119 1072 2172 hominem
1129 2114 1532 2179 exsultabundi,
1587 2114 1708 2183 quia
1756 2123 2015 2168 noverant
2061 2115 2178 2168 luce
2227 2123 2444 2183 postera
2518 2131 2548 2169 e
2583 2130 2810 2183 corpore
2851 2116 3257 2186 migraturum;
3296 2120 3404 2173 sic-

197 2208 564 2277 quciuteritus
607 2207 770 2276 hujus
820 2205 1033 2259 illorutn
1069 2205 1322 2272 gaudium
1366 2203 1490 2256 fuit.

262 2357 400 2420 ρπη’.
447 2351 512 2402 Ὀ
555 2349 610 2402 δὲ
660 2347 942 2416 Μακάριος
989 2346 1177 2411 ἑστὼς,
1209 2348 1282 2409 ὡς
1325 2343 1429 2400 εἶδε
1462 2348 1653 2412 ταῦτα,
1688 2350 1743 2400 ἐν

197 2439 327 2509 λύπῃ
357 2439 596 2506 ἐγένετο·
632 2437 746 2507 ᾔδει
774 2439 880 2505 γὰρ
909 2438 990 2489 ὅτι
1026 2435 1179 2500 ἆπαξ
1200 2436 1528 2506 κερδάνωσιν
1557 2437 1741 2500 αὑτὸν,

195 2529 260 2590 ὡς
304 2528 369 2593 ἐξ
406 2529 576 2596 αὐτῆς
623 2528 720 2595 τῆς
764 2528 898 2587 νέας
937 2526 1150 2596 ἡλικίας
1189 2527 1602 2596 πορνοκάπηλος
1653 2523 1742 2597 ἦν,

196 2619 530 2688 αιμομιξίαις
560 2619 652 2670 καὶ
682 2615 988 2684 ἀσελγείαις
1015 2614 1286 2686 σχολάζων
1306 2634 1320 2648 ο
1348 2618 1410 2669 τὸ
1437 2617 1492 2669 δὲ
1526 2617 1742 2670 πάντων

195 2713 382 2779 χεῖρον,
408 2713 490 2764 δτι
531 2710 622 2762 καλ⁸
649 2709 728 2770 είς
754 2708 850 2777 τὴν
884 2707 1146 2776 βδελυρὰν
1187 2707 1293 2759 τῶν
1325 2707 1626 2776 Σοδομιτῶν
1652 2708 1742 2760 αἵθ

198 2819 338 2872 ρισιν
376 2803 404 2854 6
449 2799 632 2863 ἄθλιος
670 2797 1015 2867 ἐπεμαίνετο,
1062 2796 1197 2849 ἀλλὰ
1255 2797 1390 2867 μήτε
1448 2796 1744 2867 ἐκκλησίαν

195 2891 492 2961 γνωρίζων,
525 2891 635 2942 εἴτε
685 2890 987 2955 κοινωνίαν,
1027 2888 1133 2940 εἴτε
1171 2888 1332 2956 εὐχὴν
1364 2889 1576 2941 πώποτε
1602 2888 1748 2954 δεξά-

197 2999 366 3050 μενος,
429 2982 548 3036 ἀλλ’
591 2980 712 3035 οὔτε
765 2999 815 3034 τι
865 2982 972 3033 τῶν
1026 2979 1410 3049 πνευματικῶν
1460 2981 1743 3050 ἠπίστατο,

193 3073 320 3126 ἀλλὰ
358 3074 537 3128 πάντα
565 3074 822 3142 σαρκικὰ,
861 3072 1036 3124 πάντα
1076 3072 1363 3140 δαιμονικά
1390 3088 1405 3102 ·
1431 3073 1607 3125 πάντα
1638 3072 1745 3140 γάρ

1916 2347 2038 2402 188.
2083 2348 2243 2402 Stans
2287 2349 2470 2419 itaque
2498 2350 2827 2404 Andreaset
2859 2352 3259 2419 contemplatus
3312 2355 3408 2408 tri-

1846 2447 1926 2491 ste
1972 2440 2339 2508 spectaculum
2370 2479 2384 2502 ,
2431 2456 2681 2510 magnam
2713 2442 2897 2494 animo
2930 2444 3244 2497 mcestitiam
3273 2461 3406 2499 con-

1846 2528 1987 2596 Cepit
2020 2537 2291 2582 :novcrat
2326 2530 2494 2593 enim,
2523 2529 2634 2598 jam
2675 2530 2884 2599 pridem
2929 2534 3179 2600 potestati
3209 2535 3408 2588 daemo-

1847 2634 1974 2671 num
2029 2619 2282 2672 traditum
2337 2619 2528 2686 fuisse,
2571 2621 2713 2688 quod
2762 2622 2872 2690 jam
2931 2622 3056 2677 inde
3110 2639 3139 2678 a
3185 2625 3411 2694 juvenili

1848 2718 2001 2764 mtatc
2054 2712 2106 2764 in
2155 2711 2405 2780 lupanari
2457 2727 2705 2776 versans,
2763 2712 3217 2768 fornicationibus
3247 2727 3413 2782 atque

1849 2800 2176 2855 incestuosis
2206 2801 2519 2856 libidinibus
2557 2803 2716 2855 linem
2764 2803 2972 2857 nullum
3022 2804 3412 2873 imposuisset;

1848 2892 2102 2960 quodque
2132 2893 2506 2946 detestandum
2551 2894 2764 2963 magis,
2808 2895 2860 2947 in
2897 2895 3183 2948 nefandam
3234 2897 3412 2950 Sodo-

1797 3041 1801 3045 ,
1850 2981 2104 3035 milarum
2158 2983 2400 3038 haeresim
2453 2999 2518 3038 ac
2560 2986 2763 3040 rabiem
2816 2984 3002 3057 furore
3053 2996 3162 3041 tam
3218 2988 3412 3044 insano

1853 3071 2127 3126 ferebatur
2177 3075 2381 3136 miser,
2439 3083 2496 3128 ut
2552 3091 2728 3145 neque
2776 3078 3057 3132 ecelesiam
3094 3095 3191 3133 nec
3225 3095 3412 3136 sacros

193 3164 255 3216 τὰ
288 3165 454 3217 αὐτοῦ
498 3164 705 3226 άσωτα,
752 3166 846 3217 καὶ
873 3164 1038 3226 δεινά,
1075 3164 1165 3215 καὶ
1203 3163 1466 3215 σατανικά
1501 3162 1748 3232 ἐχρημά-

1851 3169 2026 3216 cretus
2050 3163 2377 3231 precationis
2407 3179 2571 3218 causa
2608 3181 2848 3236 unquam
2883 3170 3086 3233 adiret,
3122 3187 3222 3225 nec
3248 3173 3410 3226 ullam

193 3253 351 3320 τιζιν,
389 3256 570 3308 πάντα
602 3256 692 3308 τὸν
740 3254 852 3324 βίον
883 3254 1045 3308 αὑτοῦ
1078 3255 1213 3322 μετά
1251 3255 1484 3324 πορνῶν,
1531 3255 1623 3306 καὶ
1651 3271 1748 3324 με·

194 3344 446 3412 θυόντων,
480 3346 574 3399 καὶ⁵
619 3345 935 3416 κιθαρῳδῶν
963 3345 1275 3414 ἀνήλισκεν,
1311 3345 1526 3407 τούτους
1555 3345 1751 3414 τερπό-

195 3452 366 3504 μενος.
421 3433 511 3498 Ὠς
540 3436 596 3488 δὲ
645 3435 934 3506 ἐπορεύετο
964 3434 991 3485 6
1039 3435 1266 3497 ἐλεεινὸς
1296 3435 1387 3487 ἐπὶ
1420 3433 1518 3505 τὴν
1573 3437 1750 3488 οἰκίαν

192 3527 372 3590 αὑτοῦ,
402 3526 768 3596 ἠκολούθησεν
810 3529 836 3578 6
880 3527 1095 3588 Δίκαιος
1127 3524 1371 3589 δπισθεν,
1411 3525 1578 3578 θέλων
1624 3527 1749 3578 ἰδεῖν

193 3616 288 3668 τιοῦ
317 3618 473 3686 μένει
495 3632 510 3647 ⁸
541 3617 634 3670 καὶ
666 3615 740 3679 ὡς
768 3614 961 3680 ἔμαθε,
989 3618 1054 3684 τῇ
1114 3613 1373 3684 ἐπαύριον
1416 3612 1574 3684 ἦλθεν
1605 3618 1660 3667 ἐν
1684 3619 1746 3686 τῇ

192 3708 351 3779 οἰκίᾳ,
402 3708 684 3780 πόρρωθεν
731 3707 920 3769 ἑστὼς,
968 3705 1290 3775 βουλόμενος
1338 3706 1464 3759 ἰδεῖν
1513 3707 1582 3759 τά
1613 3724 1749 3775 συμ-

196 3802 360 3859 6ἀντα
405 3801 573 3871 αὐτῷ.
604 3795 741 3872 Εὗρε
807 3801 862 3853 δὲ
906 3799 1066 3854 αὑτὸν
1110 3800 1167 3852 ἐν
1204 3802 1268 3868 τῇ
1308 3798 1495 3865 παγίδι
1531 3798 1623 3850 τοῦ
1653 3796 1750 3848 θα-

194 3895 343 3949 νάτου
403 3895 764 3964 ζωγρηθέντα
807 3893 900 3946 καὶ
931 3892 1204 3960 κείμενον,
1245 3893 1338 3942 καί
1383 3906 1501 3942 τινα
1529 3888 1750 3958 ἄσκημα

193 3983 282 4055 ιθη
311 3986 729 4056 εἰσπράττοντα.
760 3978 938 4035 Ἦσαν
962 3982 1017 4034 δὲ
1041 3982 1155 4032 ἐκεῖ
1189 3981 1426 4033 πλεῖστοι
1453 3981 1557 4032 τῶν
1583 3981 1748 4042 ἰδίων,

193 4075 345 4146 χάριν
395 4074 738 4144 ἐπισκέψεως
803 4073 1142 4143 ἐληλυθότες,
1197 4072 1289 4123 καὶ
1347 4071 1522 4141 ἕτεροι
1569 4070 1752 4123 πολλοὶ

193 4168 496 4237 ἱστάμενοι,
549 4165 810 4236 ἐθρήνουν
871 4164 1052 4218 αὐτόν.
1122 4163 1273 4216 Ἐπεὶ
1325 4163 1381 4214 δέ
1434 4178 1552 4213 τινα
1605 4161 1752 4214 δεινὰ

193 4258 484 4330 ἐκεκράγει
537 4259 628 4310 καὶ
674 4256 892 4326 αίσχρά,
934 4257 1032 4314 οὐκ
1059 4255 1240 4318 αὐτὸς,
1284 4253 1397 4306 ἀλλ’
1424 4254 1452 4304 6
1488 4253 1754 4322 κερδήσας

194 4349 352 4405 αὐτὸν
388 4348 657 4411 διάϐολος.
698 4347 949 4416 Ἐθεώρει
988 4347 1044 4400 δὲ
1083 4347 1109 4398 ὁ
1139 4347 1351 4406 Δίκαιος
1379 4344 1470 4397 τὸν
1513 4345 1753 4397 Σατανᾶν

193 4439 380 4511 ὥσπερ
413 4441 540 4510 μῦς,
587 4440 715 4492 ποτὲ
743 4439 798 4491 δὲ
846 4440 918 4499 ὡς
956 4437 1096 4506 ὄφις,
1124 4438 1156 4507 ἢ
1189 4438 1261 4498 ὼς
1299 4436 1480 4504 ἔχιδνα
1523 4438 1748 4504 ἐκχέειν,

1851 3269 2033 3309 rerum
2069 3255 2430 3323 spiritualium
2456 3299 2470 3321 ,
2510 3259 2808 3313 carnalium
2848 3276 2973 3316 vero
3018 3271 3072 3316 et
3117 3263 3415 3318 diabolica-

1852 3360 1972 3397 rum
2020 3345 2261 3398 omnium
2297 3347 2585 3402 maximam
2634 3348 2858 3405 haberet
2898 3354 3144 3407 notitiam
3180 3371 3195 3409 :
3230 3359 3411 3411 omnia

1850 3435 2032 3497 enim.
2070 3452 2189 3504 qua:
2225 3437 2517 3502 actitabat,
2567 3439 2867 3505 libidinem,
2901 3444 3236 3511 nequitiam,
3288 3460 3414 3514 pec-

1850 3535 2028 3576 catum
2083 3527 2336 3590 olebant;
2409 3536 2572 3580 t0tam
2619 3529 2780 3583 vitam
2813 3581 2817 3584 .
2848 3546 2970 3586 cum
3019 3533 3253 3597 scortis,
3290 3551 3411 3588 cum

1853 3616 2182 3677 temulentis.
2211 3632 2334 3671 cum
2359 3617 2704 3685 citharoedis,
2754 3637 2983 3691 quorum
3020 3627 3416 3696 consuetudine

1853 3703 2243 3769 delectabatur,
2293 3709 2668 3765 consumebat.
2697 3712 2993 3767 Abeuntem
3039 3714 3199 3784 igitur
3247 3717 3410 3770 mise-

1853 3809 1972 3847 rum
2011 3796 2154 3849 hunc
2184 3796 2405 3851 domum
2436 3813 2590 3852 suam
2625 3815 2762 3868 pone
2797 3813 3016 3858 secutus
3039 3815 3121 3859 est
3147 3807 3413 3872 Andreas,

1853 3885 2246 3940 observaturus
2286 3902 2395 3957 quo
2435 3891 2490 3942 in
2531 3891 2652 3945 loco
2686 3893 3019 3948 domicilium
3059 3912 3218 3951 suum
3251 3900 3413 3954 babe-

1853 3987 1933 4029 ret
1960 3994 1973 4029 :
2003 3977 2147 4044 quod
2179 3978 2271 4030 ubi
2299 3979 2596 4044 didicisset,
2625 3982 2783 4036 rediit
2808 3986 2994 4039 eodem
3024 3989 3268 4056 sequenti
3293 3992 3407 4055 die;

1853 4079 2013 4138 atque
2057 4070 2271 4124 eminus
2317 4071 2661 4139 consistens,
2708 4077 2837 4144 quid
2877 4078 3235 4133 obventurum
3271 4088 3413 4136 esset

1853 4160 2340 4227 contemplabatur.
2389 4161 2609 4233 Reperit
2659 4178 2836 4222 autem
2879 4169 2930 4222 in
2971 4171 3159 4238 primis
3211 4171 3411 4241 ipsum,

1812 4253 2045 4328 _laqueo
2075 4252 2186 4321 jam
2235 4254 2426 4309 mortis
2483 4257 2863 4325 constrictum,
2926 4262 3102 4327 turpia
3164 4264 3410 4330 quasdam

1854 4343 2051 4411 quibus
2080 4347 2394 4398 assueverat
2416 4347 2805 4415 exprimentem
2829 4367 2843 4403 :
2867 4354 3065 4419 reperit
3089 4361 3140 4404 et
3165 4354 3415 4422 frequen—

1855 4441 1960 4488 tem
1998 4443 2106 4487 tam
2139 4436 2567 4506 propinquorum
2593 4477 2607 4500 ,
2653 4440 2745 4505 qui
2780 4439 2982 4494 visendi
3015 4457 3176 4496 causa
3208 4445 3414 4498 coutin-

198 4536 288 4585 καὶ
319 4533 474 4604 ἐξῄει
512 4535 574 4585 ἐκ
606 4530 699 4584 τοῦ
753 4531 1017 4600 στόματος
1067 4530 1251 4591 αὐτοῦ,
1295 4531 1387 4581 καὶ
1416 4527 1630 4598 κράζων
1665 4528 1751 4579 διὰ

1860 4535 2085 4588 xerant,
2142 4541 2303 4596 quam
2344 4527 2818 4592 aliorumturbam
2847 4569 2861 4593 ,
2903 4545 3092 4585 omnes
3133 4534 3416 4588 moribun-

196 4623 302 4675 τῶν
325 4624 577 4692 ὁργάνων
612 4620 706 4673 τοῦ
737 4619 990 4684 ἐλεεινοῦ,
1017 4620 1144 4671 ποτὲ
1179 4620 1274 4688 μὲν
1302 4619 1375 4679 ὼς
1398 4620 1588 4686 γάττα,
1623 4619 1752 4671 ποτὲ

197 4714 250 4767 δέ
280 4715 355 4778 ὡς
390 4718 561 4777 κύων,
610 4712 642 4783 ἦ
677 4711 751 4773 ὡς
781 4713 979 4780 χοῖρος.
1010 4709 1198 4777 ,Ἀφίει
1239 4711 1293 4762 δὲ
1323 4710 1419 4780 τὴν
1467 4713 1620 4779 χεῖρα
1653 4709 1754 4761 αὑ·

195 4805 285 4858 τοῦ
321 4807 382 4858 ἐν
410 4805 492 4873 τῷ
518 4803 787 4874 ἀφεδρῶνι
828 4800 1011 4862 αὐτοῦ,
1060 4804 1152 4868 τῆς
1183 4800 1384 4868 κόπρου
1426 4798 1588 4851 αὐτοῦ
1623 4800 1754 4851 ἀπο-

196 4901 519 4968 γευόμενος·
554 4901 660 4950 ἀπὸ
689 4897 795 4966 γὰρ
818 4895 910 4948 τοῦ
940 4894 1132 4946 πολλοῦ
1165 4894 1350 4947 κλόνου
1380 4895 1576 4962 ἠρέμει
1605 4895 1662 4945 ἐν
1687 4896 1751 4962 τῇ

196 4991 287 5042 τοῦ
345 4989 578 5041 θανάτου
632 4986 1007 5056 προσεγγίζων
1043 4988 1203 5053 τομῇ.
1256 4983 1441 5044 Οὕτως
1471 4981 1562 5036 οὖν
1609 4986 1637 5037 6
1666 5002 1759 5038 τα-

199 5076 478 5149 λαίπωρος
525 5077 1186 5147 παραδειγματιζόμενος,
1237 5078 1328 5127 καὶ
1365 5074 1593 5144 αἰσχύνη
1646 5079 1758 5136 τοῖς

209 5171 334 5222 πᾶσι
375 5169 585 5237 φανεὶς,
622 5169 816 5237 πικρὸν
842 5167 901 5219 τὸ
929 5166 1076 5227 τέλος
1105 5165 1450 5232 ἀπηνέγκατο
1480 5183 1494 5197 ·
1531 5166 1622 5218 καὶ
1651 5166 1758 5232 γάρ

203 5259 322 5312 οὔτε
353 5261 624 5325 ἐξέκλινεν
656 5260 687 5329 ὴ
730 5257 875 5328 ψυχὴ
915 5255 1073 5310 αὐτοῦ
1116 5253 1353 5318 πώποτε,
1384 5254 1496 5306 ἀλλ’
1532 5254 1758 5322 ὀρθοδα-

277 5463 388 5532 (89)
433 5464 529 5518 Ms.
558 5460 756 5532 Vatia,
784 5459 849 5532 τά
874 5455 1154 5532 Μαριανού
1179 5471 1193 5508 :
1224 5455 1380 5532 male.
1403 5454 1753 5532 scribendum

209 5525 316 5585 erat
363 5525 706 5600 Μαυριανοῦ.
749 5530 879 5600 Agit,
907 5525 1084 5580 autem
1127 5527 1193 5580 de
1247 5525 1348 5600 hoc
1395 5527 1541 5600 urbis
1582 5535 1759 5600 tractu

212 5619 302 5656 seu
329 5594 529 5669 palatio
561 5594 831 5669 Caugius',
872 5599 962 5652 lib.
995 5613 1059 5663 ιι,
1093 5611 1212 5665 cap.
1251 5595 1347 5658 16,
1390 5598 1456 5650 de
1503 5594 1756 5650 Domibus

212 5673 538 5739 insignibus,
577 5687 629 5726 ιι.
664 5672 750 5724 52.

279 5734 392 5800 (9'0)
420 5743 477 5797 S.
516 5743 755 5806 Thyrsus
787 5738 1202 5810 martyrcolitur
1235 5736 1476 5790 Ηιιιιτέιί
1506 5734 1755 5790 Decetub.

1861 4617 1990 4670 dum
2023 4617 2275 4670 lamentis
2307 4617 2702 4692 etplanctibus
2745 4631 3133 4689 prosequentes
3165 4639 3179 4675 :
3217 4626 3417 4692 reperit
3488 4631 3499 4657 ⁸

1859 4705 2091 4773 denique
2129 4717 2181 4758 et
2235 4690 2488 4780 Satanam
2516 4745 2531 4769 ,
2568 4708 2659 4775 qui
2701 4722 2794 4775 per
2820 4711 3001 4778 aegroti
3050 4725 3252 4780 organa
3278 4690 3414 4767 -ιον-

1859 4797 2067 4850 ribilem
2109 4798 2269 4864 atque
2311 4795 2606 4850 absurdum
2647 4799 2937 4853 clamorem
2976 4803 3174 4866 ciebat,
3213 4808 3415 4877 quique

1859 4890 2016 4941 modo
2063 4890 2230 4940 muris
2258 4924 2275 4948 ,
2313 4889 2472 4942 modo
2520 4890 2746 4959 anguis,
2803 4892 2967 4946 modo
3003 4896 3198 4962 viperae
3235 4901 3418 4965 specie

1858 4991 1952 5045 per
1981 4992 2042 5030 os
2073 4978 2288 5038 exibat,
2340 4993 2401 5032 ac
2443 4979 2671 5033 multum
2712 4983 3049 5049 vociferans,
3096 5001 3242 5039 nunc
3273 4987 3413 5052 fetis,

1861 5083 2003 5122 nunc
2036 5073 2188 5122 canis
2213 5108 2226 5132 ,
2264 5085 2409 5124 nunc
2439 5073 2587 5140 porci
2628 5087 2812 5126 vocem
2849 5075 3222 5129 aemulabatur.
3267 5078 3413 5131 Non-

1860 5174 2137 5228 nunquam
2173 5177 2389 5216 manum
2423 5179 2576 5217 suam
2607 5167 2661 5217 in
2693 5176 2932 5222 secretas
2961 5170 3204 5239 corporis
3237 5182 3418 5239 partes

1863 5255 2182 5320 iunuittens,
2216 5266 2457 5309 extracta
2501 5257 2624 5311 inde
2659 5269 2902 5314 stercora
2934 5275 3025 5314 ore
3056 5261 3375 5330 degustabat
3398 5281 3425 5315 :-

1864 5473 1892 5510 a
1922 5458 2145 5522 Grmcis,
2177 5477 2204 5513 a
2234 5458 2441 5515 Latinis
2474 5478 2599 5532 vero
2628 5461 2696 5516 28
2717 5461 2980 5525 Januarii,
3012 5465 3228 5532 quando
3261 5465 3327 5518 de
3354 5482 3418 5520 eo

1863 5533 2068 5602 egimus
2108 5543 2133 5602 :_
2162 5536 2280 5599 ejus
2325 5543 2500 5585 autem
2547 5531 2858 5602 Martyrium
2912 5531 3107 5586 Metilea
3156 5536 3422 5588 collocant

1865 5602 1916 5649 iu
1956 5598 2284 5670 lleleniauis,
2315 5617 2450 5670 quas
2476 5605 2649 5665 mdes,
2687 5598 2812 5655 'vico
2845 5604 2937 5654 toti
2980 5617 3174 5657 nomen
3207 5605 3416 5667 dantes,

1868 5671 1917 5720 in
1954 5672 2065 5756 tor!)
2088 5669 2373 5752 Theodosii
2404 5673 2533 5729 sitas
2569 5674 2731 5729 l'uissc
2761 5673 2918 5727 docet
2946 5672 3201 5743 Cangius,
3232 5675 3322 5728 lib.
3359 5689 3415 5740 ιι,

1866 5755 1986 5806 (κει).
2024 5757 2152 5804 έ),11.
2193 5755 2246 5793 οο
