4138 6468
427 346 528 405 M9

1569 362 1738 421 rm
1780 366 1832 423 s
1876 367 2199 429 mones
2234 373 2418 435 sALr.
2500 350 2508 356 ’

3502 369 3605 436 850

402 457 684 527 ἀστραπῆς
731 463 991 531 ὑπάρχον,
1039 466 1129 516 καὶ
1168 465 1529 530 ἁποτυλὶξσισα
1583 473 1639 536 ἐξ
1682 474 1846 542 αὐτῆς
1883 478 1942 545 τῇ

2053 482 2253 546 velum,
2284 488 2425 553 quod
2473 485 2649 548 fulgur
2694 487 2980 551 splendore
3009 485 3271 548 anteibat,
3303 487 3601 540 detractum

400 544 577 616 ὡραία
615 551 903 619 σεμνότητι
950 554 1067 612 ταῖς
1117 556 1510 623 παναχράντοις
1553 561 1736 627 χερσὶν
1786 561 1951 628 αὐτῆς

401 634 655 698 λαΰοῦσα,
691 640 830 707 μέγα
857 641 952 693 καὶ
977 641 1206 711 φοϐερὸν
1235 643 1498 714 ὖπάρχον,
1523 648 1715 700 ἑπάνω
1747 649 1952 711 παντὸς

399 723 490 775 τοῦ
513 726 689 778 ἐκεῖσε
714 729 946 789 ἑστῶτος
985 728 1115 781 λαοῦ
1151 731 1466 785 διεπέτασεν
1487 752 1499 766 ο
1532 736 1667 805 ὅπερ
1699 736 1789 787 ἐπὶ
1831 738 1922 788 ῖκα

396 815 491 876 νὰς
538 816 899 887 ὥρας’έώρων
945 821 993 872 oi
1039 804 1328 890 θαυμάσιοι
1385 804 1644 894 ὑπεράνω
1679 825 1770 878 τοῦ
1818 826 1945 878 λαοῦ

396 902 749 972 ἐκτεταμένον
773 905 864 956 καὶ
892 907 1126 975 αὐγάζον
1147 910 1308 975 δόξαν
1337 912 1538 979 Κυρίου
1562 913 1635 975 ὡς
1661 915 1959 985 ἠλεκτρον..

393 991 599 1061 Μέχρις
631 989 725 1045 οὖν
765 990 833 1065 ἦν
859 996 974 1049 ἐκεῖ
1002 1000 1034 1066 ὴ
1066 1000 1337 1069 ύπεραγία
1367 1002 1646 1066 Θεοτόκος,
1690 1005 1947 1060 έδλέπετο

392 1083 614 1134 κάκεῖνο
640 1102 657 1117 ο
695 1087 832 1153 μετὰ
862 1087 918 1140 δὲ
948 1089 1006 1140 τὸ
1037 1089 1384 1161 ἀναχωρῆσαι
1412 1093 1598 1162 αὐτὴν,
1630 1096 1811 1149 οὐκέτι
1853 1115 1943 1150 τε-

391 1171 583 1223 θέατοο
636 1174 849 1239 πάντως
872 1177 981 1245 γὰρ
1007 1174 1140 1249 ἦρεν
1177 1180 1306 1234 αὐτὸ
1347 1182 1465 1250 μεθ’
1498 1183 1717 1252 ἑαυτῆς,
1763 1186 1859 1256 τὴν
1887 1187 1944 1239 δὲ

389 1261 548 1328 χάριν
576 1264 782 1332 ἀφῆκεν
804 1268 916 1329 τοῖς
944 1265 1092 1321 οὖσιν
1120 1271 1251 1324 ἐκεῖ.
1285 1271 1464 1324 Ταῦτα
1499 1273 1597 1341 μὲν
1633 1275 1792 1336 αὐτὸς
1838 1273 1940 1328 εἶδε

391 1351 479 1401 καὶ
508 1353 720 1422 ἑώρακε
752 1358 1052 1424 μεσιτείαις
1102 1361 1194 1412 τοῦ
1222 1361 1478 1432 θεοφόρου
1511 1365 1718 1434 Πατρός
1740 1380 1754 1396 ο
1781 1365 1942 1428 αὐτὸς

387 1442 496 1511 γὰρ
537 1446 848 1515 παρρησίαν
874 1449 1028 1518 ἔχων,
1063 1450 1160 1520 τῆς
1203 1453 1367 1505 αὐτοῦ
1402 1455 1632 1522 θεωρίας
1663 1449 1942 1524 ἐχαρίζετο

388 1533 690 1596 μεσιτεύων
715 1536 879 1604 αύτῷ,
907 1541 998 1591 καὶ
1030 1541 1302 1609 πανταχοῦ
1331 1541 1496 1594 αὑτοῦ
1525 1545 1938 1614 προϊστάμενος,

381 1618 539 1686 δόξαν
567 1623 763 1696 εὐκλεῆ
790 1626 935 1698 αὐτῷ
973 1629 1333 1683 ὲναπετίθετο.

2055 570 2152 623 sibi
2185 571 2393 626 decenti
2423 590 2543 625 cum
2581 576 2842 640 gravitate
2868 574 3162 643 explicuit;
3213 583 3603 641 extensnmque

2055 660 2208 729 longe
2238 663 2450 730 lateque
2496 663 2833 718 nitidissimis
2868 668 3117 717 manibus
3167 675 3354 718 tenens
3382 706 3395 726 ,
3437 680 3598 731 supra

2052 762 2264 804 omnem
2286 752 2464 820 populi
2485 752 2604 806 istic
2633 754 2938 822 congregati
2971 762 3169 807 ctetnm
3195 753 3451 822 expandit
3485 773 3496 806 :
3529 754 3601 806 id-

2051 853 2156 906 que
2187 841 2259 895 ita
2291 856 2616 908 expansum,
2647 844 2814 912 gloria
2851 843 3059 897 Domini
3092 844 3264 898 instar
3292 844 3474 896 electri
3502 860 3600 895 un-

2050 930 2214 999 dique
2265 932 2590 1000 elfulgente,
2641 943 3036 1002 Conspexerunt
3103 933 3202 986 viri
3263 934 3602 986 admirabiles

2051 1017 2381 1088 Epiphanius
2416 1028 2470 1073 ct
2498 1020 2777 1082 Andreas;
2809 1031 3200 1088 conspexerunt
3233 1030 3410 1074 autem
3445 1022 3604 1089 longo

2049 1109 2179 1162 satis
2219 1120 2458 1178 tempore
2484 1130 2519 1170 .·
2546 1111 2793 1165 videlicet
2825 1111 3062 1180 quandiu
3109 1111 3228 1166 istic
3257 1112 3598 1167 sanctissima

2050 1198 2142 1252 Dei
2191 1199 2433 1254 Genitrix
2484 1201 2658 1254 adfuit
2703 1219 2717 1255 :
2766 1192 3093 1270 post-cujus
3149 1202 3448 1256 discessum
3513 1219 3604 1258 ve-

2043 1289 2151 1340 lum
2197 1305 2414 1358 quoque
2449 1291 2618 1344 videri
2653 1291 2853 1354 desiit,
2891 1291 3053 1345 simul
3091 1307 3213 1344 cum
3269 1292 3382 1359 ipsa
3431 1294 3604 1345 subla-

2045 1389 2158 1432 tum
2179 1420 2192 1440 ,
2224 1381 2408 1434 relicta
2443 1382 2799 1450 praesentibus
2835 1382 3089 1436 omnibus
3119 1383 3286 1452 gratia
3322 1383 3602 1450 singulari.

2044 1469 2217 1538 Atque
2252 1472 2351 1526 hac
2380 1472 2631 1540 dignatus
2664 1483 2747 1527 est
2796 1474 3006 1527 visione
3033 1471 3364 1540 Epiphanius
3385 1512 3399 1533 ,
3432 1473 3596 1525 inter-

2044 1559 2378 1614 venientibus
2427 1563 2593 1616 divini
2640 1563 2810 1616 Patris
2867 1563 3094 1617 Andreae
3146 1562 3397 1630 precibus
3450 1578 3462 1612 :
3515 1560 3600 1612 hic

2043 1646 2185 1699 enim
2214 1663 2276 1700 ea
2301 1651 2438 1716 apud
2472 1664 2698 1717 superos
2725 1651 2957 1718 pollebat
2997 1650 3166 1717 gratia
3199 1658 3356 1718 atque
3384 1648 3598 1711 fiducia,

383 1720 528 1812 ιιι-ει
559 1714 732 1784 ipsum
759 1733 850 1785 per
879 1717 1320 1773 intercessionem
1345 1736 1492 1774 suam
1518 1738 1740 1778 suarum
1770 1727 2035 1784 visionum
2105 1714 2415 1805 participem
2487 1714 2683 1795 faceret
2715 1714 2738 1805 ,⁷
2764 1743 2921 1810 cujus
2998 1714 3197 1812 ubique
3259 1714 3373 1795 erat
3416 1741 3466 1793 in
3500 1757 3595 1794 au-

385 1803 572 1858 xilium
621 1817 939 1874 promptus,
985 1818 1039 1862 et
1082 1809 1305 1874 gloriam
1354 1811 1606 1882 inclytam
1639 1818 1931 1883 plurimum
1972 1803 2357 1892 amplifieabat.
2681 1825 2684 1828 ’

455 1913 550 1970 σε’.
583 1918 805 1971 Ἀλλοτε
837 1918 890 1971 δὲ
921 1921 1080 1974 πάλιν
1119 1923 1212 1975 τοῦ
1263 1925 1533 1994 μακαρίου
1571 1928 1628 1980 ὲν
1656 1929 1731 1997 τῷ
1763 1932 1940 1984 Ἰππο-

2113 1943 2238 1997 205.
2286 1946 2432 1998 Alias
2477 1962 2601 1999 cum
2638 1947 2718 1999 vir
2762 1947 2950 2001 beatus
2984 1947 3217 1999 hominis
3251 1962 3433 2015 parum
3484 1949 3598 2001 sani

381 2005 589 2076 δρομίῳ
636 2008 915 2073 παίζοντος
945 2012 1082 2063 κατὰ
1130 2012 1188 2064 τδ
1238 2013 1428 2076 εἰωθὸς
1473 2016 1643 2086 αὐτῷ,
1693 2019 1785 2072 καί
1824 2037 1943 2074 τινα

383 2097 596 2165 ἄθεσμα
620 2097 695 2160 ὡς
735 2099 892 2167 δῆθεν
921 2101 1351 2170 είσπράττοντος,
1381 2105 1430 2156 οί
1471 2105 1592 2158 λαοὶ
1635 2107 1942 2176 βλέποντες,

381 2188 430 2238 οἱ
460 2188 559 2255 μὲν
604 2187 892 2251 ἐθλίϐοντο,
919 2191 967 2241 οἱ
997 2189 1051 2242 δὲ
1095 2192 1487 2258 μυσαττόμενοι
1535 2197 1942 2265 ἀνεθεμάτιζον,

383 2277 478 2326 καὶ
543 2277 855 2345 κατηρῶντο
893 2277 1039 2347 αὐτῷ
1081 2280 1156 2342 ὡς
1206 2281 1400 2350 πικρὸν
1444 2282 1672 2352 δαίμονα
1728 2287 1941 2356 ἔχοντα.

386 2360 479 2426 Εἷς
506 2364 564 2417 δέ
605 2383 686 2428 τις
723 2367 842 2418 ’τῶν
885 2368 1134 2436 μεγάλων
1162 2368 1523 2439 διερχόμενος,
1574 2374 1709 2432 ἰδὼν
1762 2380 1943 2444 αύτόν,

371 2453 696 2534 ,ἐϐδελύξατο
724 2457 882 2509 αὐτὸν
906 2458 1003 2509 καὶ
1032 2460 1345 2514 ἐνέπτυσεν.
1388 2461 1533 2520 ’0,δὲ
1565 2466 1820 2537 θεράπων
1845 2473 1942 2524 τοῦ

384 2545 743 2612 Χριστοῦτὲπὶ
777 2547 974 2617 πολλὴν
1004 2547 1153 2618 ὥραν
1204 2553 1485 2621 προσέχων
1513 2555 1696 2619 αὐτὸν,
1732 2561 1825 2612 καὶ
1852 2579 1946 2613 κα-

381 2636 650 2702 τανοήσας
671 2638 737 2689 τὰ
766 2637 952 2697 αὐτοῦ,
977 2639 1122 2706 λέγει
1153 2642 1283 2709 πρὸς
1325 2643 1488 2696 αὐτόν
1513 2661 1528 2676 ·
1556 2646 1729 2723 Δόλιε,
1764 2651 1940 2720 μοιχὲ,

383 2726 913 2793 ὲκκλησιεμπαῖκτα,
958 2729 986 2781 ὁ
1014 2732 1236 2804 ᾲφορμῇ
1265 2733 1362 2800 τῆς
1392 2736 1706 2803 ἐκκλησίας,
1733 2741 1812 2810 τῷ
1839 2743 1942 2795 Σα-

383 2815 520 2884 τανᾷ
561 2815 833 2884 ὁρθρίζεις
875 2818 984 2872 ἀπὸ
1026 2824 1374 2889 μεσονυκτίου
1415 2827 1793 2897 ἐγειρόμενοςο
1844 2833 1943 2884 οὐκ

385 2904 495 2960 ἰδοὺ
522 2906 753 2975 ἔφθασεν
777 2909 809 2979 ἡ
837 2908 968 2979 ῥὸγα
996 2912 1073 2982 (5)
1098 2928 1212 2977 σου,
1239 2911 1322 2965 ἵνα
1346 2914 1490 2986 λήψῃ
1512 2917 1652 2970 καθᾶ
1676 2920 1935 2989 ἔπραξας,

382 2997 564 3049 λαθεῖν
591 2999 825 3066 νομίζων
858 3000 935 3070 τῷ
965 3002 1178 3073 φοδερῷ
1201 2999 1463 3076 ὀφθαλμῷ
1488 3006 1580 3060 τοῦ
1614 3007 1894 3073 ὲτάζοντος
1922 3023 1936 3075 ;

384 3085 566 3137 Ταῦτα
583 3089 784 3151 ἐκεῖνος
812 3088 1066 3153 ἀκούσας,
1095 3096 1387 3163 πτερνίσας
1413 3097 1503 3150 τὸν
1532 3099 1719 3166 ἵππον,
1747 3100 1942 3171 ἀνεχώ-

387 3194 585 3246 ρησεν·
617 3179 711 3231 καὶ
759 3179 869 3250 γὰρ
906 3182 1294 3254 χαρτουλάριος
1324 3187 1431 3238 τῶν
1479 3188 1723 3258 πλοΐμων
1772 3193 1937 3262 ὲχρη·

2047 2040 2260 2096 partcs,
2301 2044 2359 2088 ut
2395 2036 2583 2089 solitus
2621 2045 2771 2097 erat,
2811 2036 2862 2088 in
2899 2036 3268 2104 Ilippodromo
3302 2046 3511 2104 ageret,
3549 2048 3601 2087 et

2043 2117 2222 2185 aliqua
2261 2123 2440 2175 minus
2471 2124 2666 2190 decora
2696 2124 3096 2195 committeret;
3134 2125 3477 2192 prtesentium
3509 2124 3598 2175 alii

2043 2210 2490 2267 excruciabantur
2538 2213 2762 2277 animo,
2823 2213 2912 2266 alii
2971 2213 3386 2280 imlignabantur
3437 2221 3600 2278 atque

2044 2303 2460 2356 exsecrabantur
2492 2305 2785 2369 hominem,
2817 2319 2869 2359 et
2900 2304 3199 2356 maledictis
3232 2304 3596 2362 incessabant.

2046 2392 2210 2445 veluti
2243 2409 2272 2444 a
2307 2397 2541 2460 pessimo
2571 2394 2814 2447 dremone
2847 2395 3138 2446 incessum.
3177 2394 3412 2446 Transiit
3462 2393 3599 2447 forte

2044 2481 2206 2534 etiam
2237 2497 2376 2536 unus
2407 2483 2602 2548 aliquis
2633 2474 2662 2535 c
2697 2482 3059 2549 tnagnatibus,
3093 2481 3182 2548 qui
3215 2480 3481 2534 Andream
3513 2482 3564 2533 in

2045 2570 2235 2634 tuitus,
2271 2573 2538 2624 conviciis
2573 2571 2852 2639 impetere,
2887 2585 3190 2636 conspucie
3222 2580 3275 2622 et
3326 2571 3596 2623 exsecrari

2044 2661 2225 2726 cmpit.
2253 2658 2424 2724 Quem
2453 2658 2654 2713 Christi
2705 2659 2937 2714 famulus
2975 2659 3185 2712 diutino
3226 2667 3466 2726 tempore
3515 2669 3595 2711 at-

2045 2759 2189 2804 tente
2231 2750 2499 2819 aspiciens
2526 2789 2540 2811 ,
2571 2759 2623 2802 et
2653 2749 2907 2802 interiora
2933 2750 3284 2803 considerans
3304 2789 3318 2811 ,
3364 2751 3433 2801 ita
3467 2749 3597 2800 allo-

2043 2841 2228 2908 quitur
2260 2858 2274 2894 :
2308 2839 2668 2894 Fraudulente
2693 2879 2708 2901 ,
2753 2841 2984 2903 adulter,
3012 2840 3251 2893 ecclesia:
3277 2840 3497 2907 profane
3533 2841 3596 2891 il-

2043 2931 2228 2996 lusor,
2273 2932 2362 3000 qui
2399 2924 2838 2998 prietextu'ilIam
2876 2930 3295 2998 frequentandi,
3330 2932 3436 2996 jam
3473 2929 3594 2983 inde

2043 3034 2072 3071 a
2103 3019 2277 3073 media
2314 3028 2468 3074 nocte
2496 3005 2845 3088 experrectus
2868 3060 2881 3079 .
2913 3019 3125 3072 Satanze
3156 3018 3341 3084 vigilas
3368 3035 3381 3082 ;
3419 3032 3594 3069 nonne

2044 3105 2224 3163 vides?
2270 3106 2468 3162 Verum
2500 3109 2801 3161 attendcsis
2825 3147 2839 3170 ,
2889 3117 3130 3175 paratam
3170 3107 3468 3160 mercedem
3500 3107 3596 3158 tibi

2044 3207 2189 3252 tuam
2217 3213 2372 3263 esse,
2408 3213 2568 3266 quam
2610 3209 2769 3267 prout
2813 3198 3070 3251 laborasti
3100 3197 3330 3264 accipies
3351 3236 3364 3258 ,
3402 3197 3596 3248 misere

385 3267 630 3357 ματιζεν,
662 3269 770 3323 ἀπὸ
815 3271 1134 3342 ’Λμὰστρων
1179 3275 1516 3345 ὁρμώμενος.
1563 3281 1701 3333 Μεθ’
1729 3284 1936 3351 ἡμέρας

2044 3289 2294 3354 deceptus
2352 3289 2604 3357 opinione
2661 3299 2754 3342 tua
2779 3327 2794 3350 ,
2847 3303 3070 3354 sperans
3107 3303 3266 3356 posse
3305 3302 3466 3352 cpt-ra
3506 3293 3593 3338 tua

380 3356 475 3413 οὖν
524 3377 670 3422 τινας
716 3361 855 3430 νόσῳ
893 3362 1170 3436 δεινοτάτῃ
1214 3370 1510 3435 συσχεθεὶς,
1556 3371 1697 3433 κατὰ
1748 3375 1942 3442 μικρδν

381 3451 580 3521 ἤρξατο
610 3448 1066 3522 ταλαιπωρεῖσθαι
1082 3448 1114 3518 Α(
1120 3456 1174 3524 8)
1197 3470 1212 3485 ο
1239 3455 1483 3526 ἀπῄεσαν
1507 3456 1600 3512 οὖν
1623 3461 1728 3514 ἀπὸ
1747 3463 1943 3532 ἐκκλη-

384 3543 503 3603 σίας
533 3545 610 3605 είς
641 3544 955 3613 ἐκκλησίαν,
993 3548 1085 3599 καὶ
1110 3548 1216 3599 ἀπὸ
1268 3550 1451 3619 ἰατροῦ
1486 3552 1566 3613 εἰς
1606 3553 1810 3621 ἰατρδν,
1845 3556 1940 3607 καὶ

380 3631 482 3683 οὐκ
505 3627 572 3700 ἧν
592 3632 652 3684 τὸ
685 3632 1012 3702 ζητούμενον

2048 3377 2383 3447 perspicaces
2410 3377 2618 3431 Judicis
2645 3378 2832 3431 oculos
2859 3378 3043 3430 latere.
3076 3377 3199 3430 llaec
3230 3377 3318 3430 ille
3349 3375 3592 3435 aud-iens,

2046 3467 2277 3522 Subditis
2301 3482 2440 3536 equo
2483 3467 2785 3522 calcaribus
2809 3509 2823 3530 ,
2868 3484 2897 3520 e
2927 3467 3148 3535 vestigio
3181 3481 3239 3520 se
3271 3467 3394 3518 inde
3424 3468 3595 3534 prori-

2045 3557 2188 3624 puit;
2247 3565 2358 3610 erat
2412 3564 2592 3609 autem
2651 3556 3014 3610 chartularius
3068 3556 3142 3624 (6)
3205 3554 3592 3621 navigationis,

2045 3643 2310 3698 Amastris
2338 3643 2415 3713 (7)
2473 3643 2756 3700 oriundus.
2804 3642 2920 3698 Non
2961 3644 3115 3697 ηιιιιιί
3133 3643 3454 3698 cflluxerunt
3480 3641 3594 3694 dies

380 3739 504 3777 cum
560 3723 646 3778 hic
693 3725 811 3808 ipse
855 3725 908 3779 in
954 3728 1333 3797 gravissimum
1381 3731 1626 3789 incidens
1653 3736 1896 3789 morbum
1924 3777 1937 3800 ,
1974 3739 2119 3792 brevi
2186 3749 2424 3809 tempore
2472 3739 2605 3793 febri
2648 3749 2874 3794 exustus
2923 3740 2986 3793 ad
3073 3746 3309 3792 extrema
3349 3736 3594 3790 redactus

379 3823 464 3870 est
497 3834 511 3870 :
541 3817 785 3901 itumque
824 3822 1006 3874 statim
1046 3823 1146 3875 fuit
1171 3825 1239 3876 ab
1277 3825 1500 3880 ecclesia
1533 3828 1587 3880 in
1619 3829 1925 3895 ecclesiam,
1967 3847 1997 3887 a
2046 3833 2252 3888 medico
2319 3836 2384 3888 ad
2454 3833 2758 3900 medicum;
2803 3848 2902 3888 nec
2940 3843 3116 3887 tamen
3172 3832 3404 3901 uspiam,
3451 3831 3590 3897 quod

382 3897 745 3976 quatrehatur,
776 3911 1051 3965 iuventam
1092 3903 1522 3971 cst'remcdium.
1857 3930 1859 3932 ’

455 3997 563 4063 σς’.
595 4000 804 4062 Νυκτὸς
839 4002 894 4053 δὲ
925 4002 1110 4072 οὔσης,
1140 4006 1322 4075 βλέπει
1371 4009 1399 4060 ὁ
1423 4009 1564 4068 ὅσιος
1598 4009 1822 4080 πλησίον
1842 4012 1935 4064 τοῦ

381 4090 527 4143 οῐκου
574 4091 736 4143 αὐτοῦ
770 4092 997 4159 ἄγγελον
1044 4096 1266 4163 Κυρίου,
1300 4097 1376 4159 ὡς
1422 4100 1528 4150 ἀπὸ
1574 4099 1794 4169 δυσμῶν
1831 4119 1936 4154 πι-

385 4182 743 4251 ραγενόμενον
771 4182 857 4234 διὰ
910 4183 1003 4234 τοῦ
1032 4186 1208 4254 ἀέρος,
1240 4187 1296 4249 ὃς
1324 4183 1391 4257 ἦν
1435 4188 1677 4257 πύρινος,
1710 4191 1934 4260 ἀγρίους

382 4271 522 4342 ἔχων
541 4274 662 4334 τοὺς
698 4273 1028 4343 ὀφθαλμοὺς,
1058 4277 1148 4328 καὶ
1173 4278 1204 4345 ἠ
1235 4277 1345 4330 ἰδέα
1390 4279 1482 4332 τοῦ
1515 4279 1805 4348 προσώπου
1836 4283 1932 4333 αὐ-

382 4362 476 4418 τοῦ
507 4365 581 4424 ὡς
610 4363 741 4435 πῦρ,
769 4364 911 4417 καοὰ
954 4367 1010 4418 ὲν
1037 4366 1226 4436 δρυμῷ
1254 4367 1450 4436 φλέγον
1493 4372 1588 4424 καὶ
1620 4370 1817 4440 βρύχον
1842 4373 1932 4424 τοῦ

383 4455 683 4525 έξαλεῖψαι,
719 4457 937 4526 κρατῶν
979 4458 1037 4510 ὲν
1073 4461 1138 4528 τῇ
1167 4460 1310 4528 χειρὶ
1356 4461 1517 4513 αὐτοῦ
1553 4462 1746 4533 ράὅδον
1777 4462 1935 4533 πύριο

2109 4010 2236 4063 206.
2278 4008 2397 4062 Jam
2436 4024 2542 4064 nos
2572 4010 2885 4079 ingruerat,
2930 4023 3051 4063 cum
3086 4019 3304 4062 sanctus
3331 4010 3624 4077 Andr-east

2042 4116 2148 4154 non
2190 4100 2374 4169 prOt-nl
2405 4115 2431 4151 a
2464 4100 2627 4153 domo
2659 4100 2901 4166 przedicti
2935 4099 3073 4161 viri,
3123 4101 3384 4164 conspicit
3429 4117 3564 4171 auge

2044 4193 2151 4246 lutn
2201 4192 2409 4246 Domini
2443 4193 2510 4245 ab
2542 4177 2822 4246 occidente
2869 4208 2963 4260 per
2992 4206 3116 4246 aera
3145 4191 3444 4258 advolare;
3480 4205 3594 4247 erat

2041 4293 2219 4337 autem
2250 4284 2474 4352 angelus
2513 4284 2753 4350 undique
2781 4284 3164 4346 inflammatus,
3197 4293 3249 4337 et
3283 4294 3434 4339 torvo
3468 4301 3597 4338 ocu-

2037 4372 2210 4426 lorutn
2248 4373 2438 4426 obtutu
2496 4377 2560 4427 ac
2603 4373 2744 4427 facie
2788 4373 3026 4428 referens
3064 4375 3276 4443 ignem,
3313 4376 3486 4444 qualis
3513 4377 3593 4427 vel

2037 4460 2226 4513 silvam
2252 4461 2558 4522 incendere.
2593 4472 2642 4517 et
2671 4476 2792 4516 cum
2822 4463 3027 4530 crepitu
3059 4464 3112 4516 in
3147 4465 3360 4519 cineres
3404 4474 3587 4533 posset

384 4560 499 4607 vov,
523 4544 618 4596 καὶ
659 4545 858 4613 ἦρχετο
896 4547 988 4598 ἐπὶ
1031 4547 1120 4600 τὸν
1147 4543 1294 4599 οἶκον
1328 4548 1421 4600 τοῦ
1451 4548 1688 4602 ὲλεεινοῦ
1729 4551 1936 4604 ἐκείνου

2044 4552 2303 4621 redigere.
2360 4553 2618 4608 Gestabat
2653 4569 2782 4607 vero
2820 4569 2982 4608 manu
3030 4556 3230 4624 virgam
3280 4556 3581 4619 ardentem,

383 4634 770 4703 ἀπειλούμενος
803 4636 1049 4706 ὲκριζοῦν
1074 4637 1165 4689 καὶ
1190 4637 1258 4689 τὰ
1283 4637 1522 4706 θεμέλια.
1561 4641 1686 4692 Ὅτε
1719 4638 1812 4695 οὖν
1843 4645 1936 4694 ἐπὶ

385 4728 476 4778 τὸν
520 4726 844 4779 ἀσθενοῦντα
902 4728 1137 4794 ἐγένετο,
1185 4729 1371 4781 ἀκούει
1413 4734 1593 4800 φωνῆς
1641 4732 1827 4802 ὥσπερ
1877 4734 1935 4798 ἐξ

386 4818 553 4887 ﬁxi/ou;
591 4817 853 4887 λεγούσης
878 4835 892 4849 ο
924 4819 1054 4888 Δέρε
1096 4819 1185 4871 τὸν
1223 4820 1553 4891 ὲμπαίκτην,
1593 4822 1683 4874 τὸν
1729 4823 1936 4893 σοδομίέ

384 4926 504 4977 την,
550 4908 642 4959 τδν
679 4907 883 4976 μοιχὸν,
932 4909 1024 4959 τὸν
1070 4910 1287 4978 πόρνον,
1339 4911 1430 4961 τὸν
1459 4912 1631 4979 ἁσεὸἧ
1662 4917 1754 4965 καὶ
1803 4915 1932 4968 ἀλά-

388 5013 582 5068 στηιρασ
651 4999 753 5062 ἕως
805 4990 865 5050 οὗ
924 4999 1129 5069 τύπτῃς
1179 4999 1360 5065 αὑτὸν,
1407 5001 1548 5055 οὕτω
1602 5003 1744 5074 λέγε,
1796 5006 1935 5074 Πορ-

387 5086 592 5151 νεύεις;
660 5086 962 5156 Ἀπὴρξατο
1009 5086 1100 5140 οὖν
1144 5087 1364 5142 τύπτειν
1411 5090 1592 5156 αὐτὸν,
1641 5094 1738 5144 καὶ
1792 5093 1935 5161 λέγει

387 5176 534 5247 αὐτῷ
555 5192 570 5208 ’
608 5177 915 5246 Πορνεύεις,
954 5177 1242 5247 μοιχεύεις,
1267 5179 1534 5249 ὀρθρίζεις
1559 5181 1635 5251 τῷ
1663 5183 1932 5252 διαὸόλῳ;

389 5267 494 5320 Καὶ
524 5263 593 5337 ἦν
633 5267 730 5336 μὲν
765 5267 947 5338 φωνὴν
988 5267 1152 5321 αὑτοῦ
1185 5270 1502 5336 ἀκούεσθαι,
1525 5271 1614 5324 τὸν
1645 5273 1702 5326 δὲ
1733 5273 1934 5345 ταύτην

461 5469 536 5537 (5)
569 5467 1020 5540 'P67a,erogatio.
1046 5471 1381 5540 stipendium.
1403 5473 1468 5525 de
1491 5486 1595 5540 qua
1619 5485 1748 5524 voce
1769 5471 1936 5524 multa

392 5540 655 5593 Meursius
700 5540 752 5592 in
785 5539 1092 5604 Glossario;
1150 5542 1302 5610 origo
1351 5541 1493 5593 haud
1543 5541 1706 5594 dubie
1749 5540 1937 5593 Latina

390 5617 534 5743 esib)
578 5676 648 5732 De
696 5676 1042 5732 chartulariis
1097 5679 1272 5732 multa
1317 5679 1454 5738 idem
1491 5680 1688 5745 habet,
1740 5692 1794 5736 et
1839 5682 1938 5735 tria

2043 4644 2230 4712 sicque
2273 4646 2337 4697 ad
2380 4644 2564 4700 miseri
2607 4645 2842 4699 hominis
2881 4646 3173 4699 dereniens
3223 4648 3589 4711 domicilimn,

2043 4733 2391 4788 fundamenta
2446 4733 2564 4803 ejus
2623 4734 2932 4788 minabatur
2996 4736 3266 4791 subruere
3329 4737 3590 4791 funditus.

2041 4823 2330 4894 Postquam
2377 4836 2557 4878 autem
2606 4825 2672 4879 ad
2706 4825 2996 4879 infirmum
3052 4828 3227 4896 ipsum
3278 4842 3589 4897 perventum

2040 4924 2216 4990 esset,
2249 4915 2430 4968 audita
2466 4917 2577 4970 haec
2604 4931 2705 4970 vox
2745 4927 2827 4970 est
2851 4955 2866 4980 ,
2910 4919 3064 4985 quasi
3098 4919 3310 4979 caelitus
3346 4921 3544 4990 allapSa
3573 4938 3588 4974 :

2043 4983 2272 5059 Exeoria
2298 5007 2593 5065 derisorem
2639 5007 2825 5070 istum,
2859 4998 3179 5062 sodoinitam
3207 5050 3224 5074 ,
3264 5011 3591 5072 adulterum.

2042 5105 2422 5160 seortatorem,
2448 5096 2724 5165 religionis
2750 5097 3040 5167 papulique
3070 5102 3390 5167 perniciem;
3416 5117 3591 5168 quan-

2040 5187 2131 5239 diu
2170 5195 2349 5239 autem
2385 5187 2559 5256 ipsum
2597 5189 2950 5254 percusseris,
2984 5190 3070 5244 die
3099 5191 3382 5243 identidem
3413 5209 3426 5244 :
3459 5190 3590 5244 For-

2041 5275 2243 5331 nicaris
2264 5270 2556 5330 etiamnum
2582 5279 2606 5330 ἲ
2635 5277 2697 5332 Ει
2728 5279 2908 5332 statim
2939 5281 3167 5347 arreptis
3208 5278 3388 5348 ﬂagris
3427 5280 3589 5348 etrapit

2045 5488 2234 5550 eorum
2283 5474 2566 5550 distinguit
2599 5473 2791 5550 genera
2839 5493 2853 5533 :
2906 5478 2992 5531 hic
3048 5489 3228 5533 autem
3279 5477 3586 5550 designatur

2047 5544 2244 5610 aliquis
2277 5546 2612 5613 vectigalium
2650 5548 2954 5611 praefectus.

2116 5614 2192 5684 (ἶ)
2233 5613 2527 5684 Amastra),
2560 5613 2686 5684 urbs
2720 5615 3116 5684 Paphlagoniae.

2120 5681 2195 5749 (3)
2237 5681 2334 5736 Ms.
2374 5682 2537 5735 Vatic.
2575 5681 2948 5747 πλανίζεσθαιῖ
