4036 6446
210 377 319 439 857

1357 384 1527 443 VITA
1562 387 1633 446 .S.
1673 386 1997 448 ANDREAZ
2044 392 2234 450 ΞΛΜ.

3291 398 3394 459 858

206 484 394 554 ἡμέρᾳ
424 487 519 555 τῆς
560 489 811 557 κρίσεως.
842 490 973 542 Τότε
1006 489 1182 557 ζεύξει
1218 496 1478 562 μοναχοίις
1505 497 1624 555 ταῖς
1666 513 1756 564 μο-

1858 503 2046 558 dromo
2077 504 2283 557 Joanne
2312 504 2658 559 collocabitur
2690 506 2742 559 iu
2775 505 2860 560 ilic
2887 506 3093 573 jmlicii.
3152 504 3259 556 Rex
3294 501 3395 554 iste

207 573 515 640 ναστρίαις,
548 576 639 627 καὶ
675 577 835 642 ίερεῖς
862 577 1078 643 ὁμοίως,
1132 582 1223 631 καὶ
1253 584 1539 651 γενήσεται
1569 584 1601 651 ἡ
1637 585 1755 635 ἀνο-

206 660 341 729 μοία
368 664 464 732 τῆς
493 664 689 731 μίξεως
714 668 891 735 χεῖρον
916 667 1075 733 φόνου
1100 684 1115 699 ⁸
1158 670 1254 721 καὶ
1282 672 1439 731 αὐτὸς
1470 671 1753 739 πορνεύσει

204 751 423 821 μητερα
469 755 562 805 καὶ
618 752 911 823 θυγατέρα.
942 758 1050 809 Καὶ
1079 758 1155 825 τῷ
1212 759 1387 828 καιρῷ
1432 761 1626 831 ἐκείνῳ
1668 762 1755 815 διά

196 840 306 908 τὴν
338 841 639 908 κατάρατον
682 844 972 898 ἀκολασίαν
999 846 1153 899 λύσιν
1182 846 1436 911 λαϐόντες
1488 850 1538 902 oi
1582 852 1756 922 μωροὶ

199 924 432 988 ἀσώτως
458 929 577 991 ταῖς
611 929 817 983 ἑαυτῶν
846 931 1101 999 ἀδελφαῖς
1132 933 1651 1004 ὶπιχρεμετίσουσιν.

1858 590 2153 642 monachos
2187 605 2280 642 nec
2324 606 2428 643 non
2462 603 2512 645 et
2546 594 2853 646 sacerdotes
2901 610 3020 647 cum
3066 590 3395 645 consecratis

1858 673 1965 747 Deo
1996 675 2294 743 virginibus
2328 681 2659 748 conjngabit,
2707 692 2759 734 et
2806 682 3106 734 coinn-istio
3140 680 3227 731 lict
3270 679 3400 729 abo-

1860 763 2109 815 minanda
2160 766 2329 831 magis
2372 783 2532 836 quam
2591 770 2938 821 homicidium
2985 786 2997 821 :
3051 782 3220 833 neque
3271 779 3398 819 vero

1859 849 2084 917 ipsemet
2143 868 2173 906 a
2227 866 2397 910 matre
2442 874 2536 911 sua
2592 867 2752 925 atque
2815 858 2923 911 tilia
2978 871 3034 910 se
3086 854 3393 909 abstinebit.

1861 941 2060 994 Eodem
2093 946 2568 1011 tempore'etl‘renis
2607 949 3027 1014 intemperantia:
3053 944 3400 1007 libidinisth

199 1031 374 1070 causa
402 1056 417 1082 ,
470 1019 697 1077 vinculis
729 1023 843 1078 suis
893 1030 945 1078 ct
997 1034 1141 1078 metu
1176 1026 1369 1092 soluti,
1414 1037 1657 1084 amentes
1718 1044 1780 1084 ac
1819 1033 1967 1086 stulti
2021 1036 2264 1103 proprias
2303 1051 2517 1091 sorores
2594 1054 2721 1092 suas
2761 1038 3015 1092 invadere
3068 1052 3172 1089 non
3218 1032 3403 1086 formi-

201 1111 436 1166 dabunL

283 1207 406 1268 σιγ’.
453 1203 560 1255 Καὶ
592 1203 916 1274 ἀναϐήσεται
944 1207 976 1277 ἡ
1010 1210 1209 1279 σαπρία
1233 1214 1325 1263 καὶ
1373 1214 1401 1265 ὁ
1430 1213 1645 1285 βρῶμος
1677 1215 1752 1278 ὡς

204 1293 485 1363 βδέλυγμα
527 1296 751 1350 ἐνώπιον
780 1299 1008 1368 Κυρίου,
1038 1302 1130 1361 καὶ
1175 1304 1387 1373 πικρῶς
1432 1305 1756 1375 ὀργισθήσε-

200 1386 522 1452 ται·Κύριος
548 1386 574 1436 ὁ
610 1385 758 1451 Θιδς,
802 1391 893 1440 καὶ
919 1390 997 1459 τῷ
1026 1390 1180 1461 θυμῷ
1210 1394 1430 1463 μεγάλῳ
1473 1397 1753 1464 ἐπιϐλέψει

203 1474 302 1527 ἰπὶ
326 1476 504 1528 πᾶσαν
540 1477 636 1546 τὴν
662 1479 787 1547 γῆν,
820 1481 913 1531 καὶ
953 1482 1241 1534 ἐντελεῖται
1270 1487 1332 1553 τῇ
1367 1484 1557 1554 βροντῇ
1589 1485 1752 1539 αὑτοῦ

201 1564 413 1617 ἀνωθεν
445 1567 535 1618 καὶ
574 1568 691 1630 ταῖς
716 1569 1039 1633 ἀστραπαῖς,
1081 1572 1173 1622 καὶ
1211 1572 1458 1639 ἄρξονται
1502 1574 1754 1643 ἀκρατῶς

203 1654 378 1726 φρίκῃ
409 1656 574 1725 πολλῇ
611 1659 1011 1727 καταφέρεσθαι
1034 1661 1124 1712 ἐπὶ
1163 1660 1261 1730 τῆς
1283 1662 1407 1730 γῆς,
1436 1662 1529 1716 καὶ
1565 1662 1757 1715 πολλαὶ

1929 1218 2055 1271 215.
2084 1214 2279 1269 Verum
2311 1219 2451 1271 enim
2485 1234 2610 1271 vero
2650 1220 2922 1286 corruptio
2949 1220 3035 1273 illa
3067 1232 3119 1275 et
3149 1238 3399 1292 peccato-

1854 1322 1971 1360 rum
2006 1306 2185 1371 fictor,
2229 1307 2302 1360 uti
2332 1308 2679 1367 abominatio.
2717 1310 2973 1363 ascendet
3022 1312 3074 1364 in
3109 1328 3399 1381 conspectu

1854 1397 2064 1451 Domini
2091 1437 2106 1459 ,
2160 1398 2391 1453 maxima
2426 1401 2786 1454 succendendi
2840 1401 3143 1464 iracundia,
3189 1416 3242 1457 et
3283 1410 3404 1459 nni-

1854 1502 2067 1541 versam
2097 1497 2289 1540 terram
2328 1504 2520 1557 magno
2549 1505 2668 1543 cum
2700 1489 2881 1544 furore
2912 1490 3215 1557 lustratnri,
3251 1495 3405 1546 datu-

1858 1577 2010 1645 rique
2047 1577 2100 1629 in
2130 1578 2399 1632 mandatis
2426 1578 2665 1633 tonitruo
2717 1595 2813 1633 suo
2856 1595 2919 1633 ac
2949 1580 3183 1646 fulmini,
3217 1594 3266 1635 nt
3300 1593 3405 1636 ter-

1862 1665 2000 1718 ribili
2065 1682 2185 1719 cum
2238 1667 2462 1735 strepitu
2524 1668 2575 1721 in
2617 1678 2810 1721 terram
2884 1669 3098 1735 delata,
3174 1680 3407 1726 tremore

201 1743 392 1807 πόλεις
431 1745 787 1815 πυρίκαυστοι
834 1749 1182 1818 γενήσονται,
1234 1752 1327 1804 καὶ
1376 1752 1650 1821 ἄνθρωποι
1698 1753 1756 1805 ὲκ

1862 1769 2055 1823 magno
2097 1756 2336 1825 repleant
2381 1759 2650 1812 universa.
2686 1758 2822 1813 liinc
2872 1774 2998 1814 vero
3064 1777 3184 1815 mox
3246 1766 3406 1817 uilws

196 1832 303 1885 τοῦ
337 1834 577 1901 πατάγου
603 1834 709 1887 τῶν
735 1836 976 1906 φοϐερῶν
1007 1838 1487 1913 ὲκείνωνβροντῶν
1513 1841 1755 1912 θροῖσμῷ

204 1921 432 1992 μεγάλῳ
476 1924 972 1994 παραλυθήσονται,
1021 1928 1115 1979 καὶ
1159 1926 1342 1991 κακῶς
1390 1931 1753 1996 ἀποθάνωσιν,

200 2012 305 2061 καὶ
328 2011 508 2064 πολλοὶ
533 2013 1006 2083 ἀστραπόκαυστοι
1032 2018 1371 2087 γενήσονται.
1398 2021 1533 2072 Οὐαὶ
1557 2021 1615 2072 δὲ
1636 2023 1755 2073 τότε

200 2105 276 2170 τῇ
306 2105 376 2171 γῇ
417 2104 521 2155 ἀπὸ
544 2103 643 2173 τῆς
672 2106 901 2175 ἀπειλῆς
927 2108 1017 2159 τοῦ
1052 2110 1510 2178 Παντοκράτορος,
1539 2112 1631 2163 καὶ
1660 2112 1757 2179 τῆς

200 2188 436 2260 ἀπείρου
472 2194 640 2263 ὀργῆς
669 2211 725 2246 τε
763 2196 856 2248 καὶ
897 2196 1068 2266 θυμοῦ
1103 2198 1287 2263 αὐτοῦ,
1317 2199 1411 2254 τοῦ
1448 2200 1550 2271 ήδη
1599 2202 1759 2272 ἐπερ-

201 2284 436 2351 χομινου
471 2287 548 2346 εἰς
590 2285 768 2337 πᾶσαν
817 2286 915 2355 τὴν
948 2289 1302 2357 οίκουμένηνί
1348 2290 1757 2359 Παταχθήσεται

200 2375 313 2443 γὰρ
337 2375 493 2428 τοῦτο
521 2376 580 2428 τὸ
602 2380 877 2447 σκῆπτρον
902 2382 1000 2447 τῆς
1021 2378 1271 2448 ἀνομίας,
1299 2381 1392 2431 καὶ
1418 2380 1474 2431 ἰν
1497 2380 1574 2448 τῷ
1599 2380 1757 2432 ἀσϐἑο

204 2482 320 2535 στῳ
350 2467 483 2536 πυρὶ
510 2467 861 2536 ληφθήσεται.
904 2467 1033 2521 ’Δπδ
1063 2469 1117 2520 δὲ
1154 2468 1260 2521 τῶν
1284 2469 1504 2539 ἡμερῶν
1538 2470 1759 2521 ἐκείνων

204 2556 467 2625 μακάριοι
496 2557 545 2607 oi
582 2556 959 2619 κατοικοῦντες
988 2560 1045 2610 ὲν
1085 2558 1292 2628 Ῥώμῃ,
1336 2558 1457 2629 ἢέν
1497 2559 1759 2628 ’Δρμενο-

203 2646 405 2715 πέτρα,
433 2646 465 2713 ἢ
498 2648 555 2697 ὲν
606 2645 907 2715 Στροϐύ>.ῳ,
939 2646 971 2717 ἢ
1019 2649 1076 2699 ὲν
1124 2648 1449 2718 Καριοπόλει
1479 2664 1492 2677 ·
1527 2650 1585 2700 ἐν
1635 2648 1761 2699 ταύ-

202 2751 323 2798 ταις
354 2738 473 2798 ταῖς
524 2736 707 2788 πόλεσι
750 2736 845 2789 καὶ
889 2738 1072 2801 τόποις
1102 2738 1519 2791 ἀναπαύσονται.
1544 2740 1624 2791 Τὰ
1650 2741 1758 2807 γὰρ

205 2824 345 2877 ἄλλα
376 2826 551 2878 πάντα
588 2826 809 2895 πόλεμοι
850 2827 941 2878 καὶ
979 2828 1214 2896 ταραχαὶ
1247 2829 1339 2879 καὶ
1369 2827 1585 2896 θόρυϐοι
1635 2828 1759 2879 πο).-

202 2913 289 2964 λοὶ
313 2913 649 2983 γενήσονται,
699 2913 838 2965 κατά
886 2915 976 2965 τὸν
1017 2915 1256 2979 εἰπόντα,
1306 2916 1386 2967 ὅτι
1438 2934 1455 2966 ι
1488 2916 1760 2983 Μελλήσε-

200 3020 265 3054 τε
293 3002 509 3056 ἀκούειν
540 3001 827 3073 πολέμους,
877 3004 970 3056 καὶ
1000 3004 1165 3067 ἀκοὰς
1224 3004 1532 3074 πολέμων,ι
1570 3009 1663 3057 καὶ
1691 3006 1756 3057 τὰ

207 3094 356 3162 ἑξῆςο

284 3274 399 3329 σιδ⁸.
433 3274 585 3328 Μετὰ
628 3274 683 3328 δὲ
710 3273 878 3328 ταῦτα
925 3274 1275 3344 ἐγερθήσεται
1322 3273 1568 3343 βασιλεία
1598 3274 1757 3342 ἑτέρα

207 3365 303 3416 επὶ
329 3364 424 3434 τὴν
456 3364 607 3418 πόλιν
634 3363 855 3439 ταύτην,
894 3365 987 3415 καὶ
1022 3364 1179 3425 αὐτὸς
1220 3363 1471 3432 βλοσυρὸς
1500 3363 1615 3423 τινος
1658 3363 1752 3413 καὶ

208 3455 433 3523 ἔξαρνος
476 3454 649 3525 Ἰησοῦ
680 3453 933 3524 Χριστοῦ,
964 3454 1056 3505 καὶ
1077 3453 1388 3519 ἀναγνώσας
1418 3452 1527 3505 τῶν
1566 3452 1751 3519 Ἐλλή-

208 3562 314 3597 νων
344 3547 555 3613 γραφὰς
596 3546 1065 3615 μετατραπήσεται
1121 3547 1199 3604 είς
1241 3542 1614 3610 Ἐλληνισμίιν,
1662 3546 1753 3594 καὶ

210 3636 428 3704 ποιήσει
475 3635 707 3703 πόλεμον
763 3635 897 3703 μετά
928 3634 1033 3685 τῶν
1071 3634 1237 3701 ἁγίων
1273 3632 1381 3702 (19)
1411 3647 1427 3663 ο
1469 3630 1584 3702 [καὶ
1615 3632 1751 3683 κατά

208 3729 271 3779 τὸ
293 3724 691 3797 γεγραμμένον)
748 3726 853 3779 ἀπὸ
895 3726 983 3777 τὸν
1008 3726 1245 3776 Σατανᾶν
1266 3727 1293 3777 ὁ
1316 3723 1577 3784 διάϐολος.
1603 3724 1752 3775 Μετὰ

209 3818 317 3885 γὰρ
346 3816 527 3881 ὀλίγας
556 3816 766 3885 ἡμέρας
793 3814 883 3867 τοῦ
929 3814 1189 3883 κρατῆσαι
1233 3813 1412 3874 αὑτὸν,
1462 3810 1659 3881 [πάντα
1687 3812 1754 3861 τά

208 3907 331 3975 ιερά
364 3905 529 3975 σκεύη
580 3907 920 3976 πυρίκαυστα
947 3903 1096 3973 (20)]
1135 3905 1364 3971 ποιήσει,
1416 3910 1509 3954 καὶ
1538 3900 1627 3952 τὸν
1673 3902 1754 3952 τί-

212 4015 334 4068 μιον
363 3998 455 4049 καὶ
501 3996 760 4060 ζωοποιὸν
802 3997 1030 4065 σταυρὸν
1064 3994 1303 4063 φούρκαν
1343 3994 1622 4061 ὀνομάσει,
1659 3995 1756 4047 καὶ

213 4089 426 4158 ποιήσει
474 4088 533 4140 τὸ
593 4086 850 4155 ἱερατεῖον
896 4088 973 4148 είς
1026 4086 1228 4136 πτῶσιν
1285 4084 1399 4153 ικαὶ
1445 4086 1759 4154 κατακοπὴν

211 4178 341 4231 λαοῦ
388 4178 483 4246 τῆς
515 4176 721 4245 μέσεως
771 4175 881 4244 (ει)
921 4175 1134 4243 ποιήσει
1189 4174 1327 4227 κατὰ
1369 4172 1463 4236 τάς
1507 4173 1765 4240 δημοσίας

294 4367 339 4398 ⁸³
376 4364 538 4419 Marc.
571 4381 684 4428 xm,
719 4363 774 4417 7.

1858 1846 2101 1915 plurimae
2166 1848 2515 1901 absumentur
2547 1849 2688 1918 igni,
2738 1859 2791 1902 et
2832 1849 3074 1904 homines
3104 1867 3211 1919 pra:
3241 1854 3407 1906 nimio

1855 1936 2171 1988 terribilium
2218 1936 2571 1989 tonitruorum
2625 1937 2834 2004 fragore
2873 1939 3165 1992 exanimati
3195 1982 3210 2001 ,
3282 1943 3404 1994 totis

1853 2024 2078 2077 artubus
2106 2025 2468 2079 dissolventur
2511 2035 2565 2079 et
2599 2026 2735 2078 male
2765 2026 3017 2094 peribunt
3058 2044 3071 2079 :
3116 2042 3214 2080 nec
3252 2029 3404 2096 pattri

1853 2128 2035 2166 eorum
2087 2116 2210 2168 tacti
2262 2114 2487 2169 fulmine
2529 2116 2648 2169 vita:
2701 2117 2904 2169 exitum
2962 2118 3279 2169 sortientur.
3319 2116 3407 2168 Va:

1857 2213 2011 2258 terra:
2047 2214 2173 2258 tunc
2200 2206 2454 2273 temporis
2490 2221 2518 2259 a
2550 2207 2744 2259 minaci
2782 2208 2933 2260 vultu
2955 2246 2971 2270 ,
3001 2206 3070 2260 ab
3097 2208 3174 2260 ira
3221 2207 3409 2273 impla-

1856 2295 2011 2348 cabili
2055 2302 2108 2349 et
2165 2294 2347 2348 furore
2394 2295 2824 2363 Omnipotentis,
2879 2296 3188 2349 universum
3221 2298 3402 2349 orbem

1859 2394 2121 2439 terrarum
2154 2385 2549 2453 pessumdaturi
2576 2388 2589 2438 !
2627 2387 3011 2440 conterendum
3040 2387 3238 2455 quippe
3278 2396 3406 2439 tunc

1856 2484 1937 2529 est
1962 2483 2231 2542 sceptrum
2266 2475 2565 2544 iniquitatis
2591 2514 2606 2538 ,
2660 2486 2711 2528 et
2740 2475 2845 2543 igni
2881 2491 2984 2529 non
3020 2476 3406 2542 exstinguendu

1858 2563 2203 2618 tradendum.
2242 2565 2385 2618 Beati
2417 2556 2595 2619 autem
2626 2566 2699 2618 illi
2728 2568 2818 2633 qui
2848 2566 2898 2618 in
2937 2566 3127 2619 diebus
3159 2566 3262 2618 illis
3292 2581 3408 2617 mo-

1856 2657 2122 2713 rabuntur
2158 2657 2236 2709 vel
2284 2644 2487 2716 Romm.
2524 2656 2604 2710 vel
2655 2655 2797 2709 lliza:
2834 2654 2969 2724 (15),
3016 2655 3095 2707 vel
3149 2648 3411 2707 Krmenn-

1856 2754 2032 2815 petraz-
2058 2746 2203 2814 (16),
2243 2746 2322 2798 vel
2352 2743 2599 2814 ,Strobyli
2638 2746 2784 2815 (17)),
2834 2746 2917 2798 vel
2964 2745 3231 2813 Cariopoli
3273 2745 3404 2813 (l8),

1854 2834 2053 2902 quibus
2105 2834 2183 2886 in.
2214 2834 2438 2887 urbibus
2480 2834 2723 2901 locisque
2773 2836 3137 2902 tranquillitas
3192 2850 3402 2885 summa

1855 2923 1955 2975 erit
1989 2939 2001 2973 :
2044 2922 2246 2990 reliqua
2281 2937 2409 2976 vero
2431 2924 2610 2975 omnia
2650 2922 2823 2988 bellis,
2861 2924 3200 2987 tumultibu-,
3233 2923 3402 2974 turbis

1856 3011 2021 3064 variis
2047 3011 2427 3065 eoncutiontur
2454 3050 2466 3073 ,
2502 3027 2531 3064 e
2572 2999 2837 3064 sententia
2893 3012 3039 3064 illius
3085 3013 3177 3080 qui
3222 3012 3397 3064 dicit:

1782 3085 1826 3147 C
1865 3118 1884 3150 ι
1946 3099 2199 3153 Αυόίειίε·
2236 3099 2369 3152 bella
2425 3108 2481 3152 cl.
2544 3098 2825 3167 opiniones
2872 3098 3133 3152 bellorum
3166 3101 3231 3163 ”;
3290 3118 3306 3149 ι
3348 3111 3405 3153 ct

1854 3206 1975 3260 quae
2019 3199 2345 3256 sequuntur.

1923 3280 2045 3333 214.
2084 3279 2178 3333 liis
2220 3280 2506 3335 transactis
2551 3280 2875 3334 excitabitur
2921 3296 3142 3348 regnum
3177 3280 3318 3333 aliud
3350 3282 3400 3333 in

1857 3373 2071 3425 civitate
2096 3372 2214 3431 hac.
2244 3370 2398 3439 cujus
2428 3386 2515 3425 rex
2548 3371 2736 3425 asinus
2765 3371 2870 3424 erit
2897 3371 3118 3434 bardus,
3143 3373 3233 3440 qui
3261 3389 3400 3424 nuu-

1860 3463 1933 3514 tio
1979 3460 2104 3513 Jesu
2143 3460 2355 3514 Christo
2390 3476 2511 3515 cum
2546 3459 2827 3528 negatione
2857 3462 3082 3515 remisso
3105 3501 3120 3521 .
3158 3463 3404 3527 perlectis

1857 3550 2130 3616 gentilium
2199 3550 2411 3617 scriptis
2483 3550 2547 3603 ad
2597 3550 2957 3617 gentilismuni
3010 3550 3225 3617 :nljiciet
3285 3551 3405 3602 ani-
3458 3596 3461 3597 ν

1860 3657 2027 3703 ιιιιιιιι,
2062 3641 2255 3693 bellum
2282 3642 2483 3695 sanctis
2520 3642 2791 3705 movebit;
2824 3652 2876 3693 et
2903 3640 2976 3692 uti
3006 3642 3266 3707 scriptum
3299 3652 3401 3695 est.

1859 3731 1959 3785 erit
2004 3747 2070 3785 ex
2115 3732 2311 3785 Satana
2350 3732 2618 3787 diabolus.
2658 3730 2853 3786 Paucis
2898 3731 3163 3799 siquidem
3210 3730 3403 3799 elapsis

1856 3819 2062 3887 imperii
2096 3820 2308 3882 diebus.
2330 3820 2509 3874 omnia
2532 3835 2682 3875 sacra
2713 3835 2837 3874 vasa
2867 3819 2986 3887 igne
3012 3820 3219 3887 iubebit
3247 3834 3399 3872 com-

1857 3910 1999 3973 buri,
2039 3910 2397 3962 venerandam
2433 3918 2488 3962 et
2539 3909 2805 3962 viviﬁcam
2850 3923 3066 3962 crucem
3117 3909 3404 3977 appellabit

1861 4000 2095 4063 furcam,
2126 4007 2287 4066 atque
2318 3998 2613 4051 sacrarium
2647 3997 2889 4052 funditus
2912 3997 3172 4062 destruet,
3198 4007 3250 4051 et
3278 4014 3405 4050 con-

1862 4086 2005 4141 cidet
2035 4086 2313 4139 dimidiam
2347 4097 2550 4155 partem
2585 4087 2764 4156 populi
2813 4087 2864 4140 in
2906 4086 3133 4155 publicis
3177 4087 3400 4155 plateis:

1874 4186 1982 4228 tum
2022 4189 2147 4230 vero
2183 4176 2341 4230 etiam
2373 4177 2533 4231 amici
2565 4178 2802 4242 amicos,
2838 4177 3000 4232 vicini
3034 4177 3261 4241 vicinos,
3291 4191 3407 4245 ger-

284 4519 401 4592 (15)
423 4519 561 4592 Biza
593 4520 735 4573 nulla
763 4535 987 4592 usquam
1020 4528 1134 4592 est:
1171 4518 1417 4592 suspicor
1443 4488 1545 4588 ego
1574 4518 1755 4587 legen-
1790 4535 1831 4589 ι)
1862 4518 2133 4592 invenitur
2156 4554 2172 4580 ,
2220 4515 2600 4592 Turcis‘hodie
2630 4511 2918 4592 Clarioboli
2959 4510 3144 4592 dictan
3167 4509 3318 4592 Quod
3359 4515 3407 4565 si

215 4588 342 4645 duin
376 4590 521 4653 Pisa,
552 4604 669 4656 qua:
700 4590 828 4661 urbs
850 4588 938 4661 est
969 4590 1032 4641 ad
1070 4603 1217 4661 mare
1246 4588 1583 4661 lletruscuin,
1623 4604 1758 4661 pra;-

211 4662 354 4727 cipui
402 4670 529 4712 tunc
570 4655 802 4710 nominis
838 4657 890 4727 et
921 4658 1169 4727 potentia;
1214 4674 1256 4727 :A
1279 4657 1605 4727 conveniunt
1637 4655 1759 4727 qui-

211 4724 332 4782 dem
365 4744 464 4781 ius.
506 4728 556 4779 in
593 4728 819 4779 litteram
860 4724 987 4787 Ῥῶ,
1029 4728 1120 4778 sed
1158 4725 1209 4775 in
1245 4724 1383 4777 hanc
1408 4725 1561 4785 facile
1589 4726 1762 4791 potuit

212 4799 536 4865 degenerare
580 4795 753 4849 aliinis
801 4794 973 4865 littera
1024 4795 1113 4865 il,
1148 4796 1361 4865 quando
1408 4808 1513 4865 pes
1537 4793 1759 4865 ultimus

217 4862 405 4919 litierae
430 4866 509 4934 (ut
539 4878 679 4932 saepe
706 4864 862 4932 solet)
891 4864 1064 4915 solum
1088 4862 1345 4935 dimidius
1376 4862 1631 4930 pingitur,
1659 4862 1762 4915 hoc

215 4935 377 4988 modo
402 4936 442 4986 1]
454 4972 467 4985 .

284 5002 397 5071 (16)
439 5004 825 5071 Armennpetra
860 5015 1119 5068 nusquam
1168 5015 1312 5053 nunc
1356 4999 1628 5071 nominata
1678 4998 1764 5050 in-

216 5068 447 5135 venitur,
482 5087 577 5124 nec
609 5070 763 5122 lacile
805 5080 886 5123 est
938 5071 1179 5121 divinare
1209 5084 1317 5137 quo
1372 5071 1519 5120 locus
1551 5068 1635 5119 hic
1666 5083 1759 5137 no-

220 5141 456 5194 minatus
491 5150 716 5208 spectet.
772 5140 907 5202 Quid
954 5141 999 5191 si
1054 5139 1258 5204 legatur
1307 5138 1337 5205 ἢ
1389 5140 1443 5208 ὲν
1502 5136 1759 5202 Ἀριμίνῳ

219 5210 382 5277 πέρα,
414 5220 501 5260 aut
526 5206 747 5261 ‘Arimiui
781 5220 927 5259 trans
962 5223 1104 5259 mare
1131 5246 1145 5267 ,
1198 5210 1337 5277 quod
1381 5206 1457 5257 ult
1481 5220 1624 5256 muni
1658 5219 1752 5255 vo-

220 5276 468 5331 cabulum
512 5277 760 5343 respiciat
789 5279 895 5339 jam
935 5279 1106 5329 dictas
1141 5286 1246 5328 tres
1279 5276 1446 5327 ltalne
1462 5276 1689 5343 iurbes.

290 5348 399 5415 (17)
440 5342 687 5399 Fortasse
730 5346 1067 5413 Strongylns,
1102 5344 1273 5415 insula
1308 5360 1413 5396 una
1438 5342 1758 5405 Eoliarum,

222 5414 415 5468 Sicilire
456 5417 697 5481 subjecta
725 5455 738 5477 ,
775 5415 930 5480 vulgo
969 5414 1279 5481 Slrombyli.

291 5480 566 5551 (18)Quaj
613 5483 662 5534 in
714 5501 814 5535 ius.
864 5480 1226 5534 Mazariniano
1258 5480 1584 5549 Καριόπολις
1636 5490 1759 5542 est,

224 5554 272 5603 iu
321 5552 577 5604 Vaticano
627 5551 1011 5619 Καρυ).ώπολις
1063 5551 1315 5603 scribitur
1349 5568 1361 5603 :
1398 5552 1628 5617 priorem
1662 5565 1760 5600 au-

224 5632 363 5681 tem,
417 5625 539 5672 hcet
600 5623 950 5671 recentiorem
1014 5620 1293 5685 lectionem
1348 5620 1583 5685 pra'tali,
1636 5620 1759 5682 quia

223 5706 401 5741 tcvct'a
445 5690 737 5756 Cariopolis
766 5689 815 5741 in
875 5690 1028 5743 Caria
1081 5690 1217 5742 Asia:
1270 5689 1495 5741 minoris
1544 5690 1759 5756 regione

1860 4587 2169 4654 supradicta
2220 4586 2525 4653 Strobylus,
2573 4594 2813 4654 respectu
2856 4580 3408 4654 Constantinopoleos

1860 4648 1944 4708 eis
1978 4671 2123 4707 mare
2158 4648 2485 4711 inveniretur
2513 4648 2588 4705 ἰιι
2643 4652 2902 4704 Dalmatia
2946 4649 3025 4700 vel
3091 4648 3279 4699 Istria:
3324 4652 3406 4701 vix

1860 4725 2159 4777 dubitarem
2214 4723 2555 4788 Carnopolim
2597 4736 2690 4773 seu
2739 4718 3409 4788 Carnorum-urbaniu-

1859 4807 2020 4861 gere.
2074 4802 2128 4845 et
2167 4786 2458 4857 intelligere
2511 4788 2710 4861 Iulium
2741 4788 3096 4861 Carnicurit_,_
3123 4788 3203 4837 vel
3249 4786 3407 4839 aliain

1861 4854 2182 4928 praecipuam
2224 4864 2273 4914 in
2315 4854 2504 4913 Carnis
2537 4874 2628 4912 seu
2674 4854 2953 4928 foro‘Julii
2998 4854 3300 4928 civitatem;
3351 4864 3408 4906 ut

1864 4923 2057 4982 sensus
2086 4931 2177 4994 sit,
2208 4944 2431 4984 securus
2465 4930 2577 4980 fore
2608 4928 2697 4993 qui
2732 4926 2935 4994 Italiam
2962 4934 3051 4975 aut
3088 4923 3248 4975 Itali."
3278 4938 3407 4974 cun-

1862 4999 2116 5049 terminas
2151 4992 2214 5051 ad
2249 5000 2578 5052 Adriaticqu
2627 4992 2723 5048 iseu
2786 4992 3096 5047 Veneticum
3148 5005 3292 5044 mare
3327 5007 3407 5044 re-

1862 5067 2049 5134 giones
2076 5068 2331 5121 incoleut.

1930 5134 2039 5201 (19)
2082 5134 2179 5190 Ms.
2222 5135 2386 5189 Vatic.
2432 5135 2573 5187 hanc
2607 5132 3058 5201 constructionem
3089 5127 3403 5201 simpliciter

1860 5198 1947 5255 sici
1971 5198 2177 5271 legebat
2206 5222 2219 5257 :
2256 5207 2363 5256 Καὶ
2394 5207 2607 5272 ποιήσει
2634 5203 2862 5268 πόλεμον
2915 5198 3051 5272 μετά
3101 5198 3207 5272 τῶν
3240 5198 3407 5272 ἀγίων

1859 5273 1970 5323 ἀπὸ
1997 5267 2110 5323 ’τὸν
2157 5275 2391 5325 σατανᾶν
2438 5276 2465 5324 ὁ
2498 5267 3125 5334 διάϐολοςζϋοιτίμιειιι
3171 5267 3279 5317 ἀπὸ
3311 5267 3402 5315 τοῦ

1862 5343 2069 5393 σατανᾶ
2102 5343 2205 5395 nisi
2240 5341 2525 5409 utrobique
2557 5342 2710 5391 aliter
2741 5340 3029 5405 legeretur.
3064 5337 3406 5409 Sednescio,

1862 5412 2004 5475 quod
2039 5410 2170 5463 dicit
2210 5428 2309 5464 nis.
2342 5405 2535 5463 Maiar.
2578 5409 2662 5460 ubi
2700 5408 2828 5458 illud
2861 5409 3118 5475 scripturn
3152 5405 3244 5457 sit.

1931 5481 2043 5542 (20)
2085 5479 2181 5531 Ms.
2221 5481 2392 5534 Vatic.
2424 5481 2593 5532 solum
2627 5496 2639 5528 :
2674 5477 2832 5543 ἥλους
2865 5474 3288 5542 πυρικαύστους.

1936 5550 2046 5614 (21)
2088 5550 2259 5610 Μέσις
2316 5547 2699 5600 recentioribus
2733 5544 2934 5597 Grmcis
2974 5544 3245 5614 medietas
3296 5549 3398 5590 est.

1861 5612 2098 5686 Cangius
2133 5617 2367 5685 suggerit
2410 5615 2684 5684 legendum
2725 5613 2850 5666 λατιῦ
2884 5612 3140 5679 ἡμίσεως.
