  <div class='ocr_page' id='page_1' title='image "/cluster/home/n/w/nwhite01/storage/ocr_20150623/111/hvd.32044010574143/443.png"; bbox 0 0 4138 6462; ppageno 0'>
   <div class='ocr_carea' id='block_1_1' title="bbox 623 229 727 347">
    <p class='ocr_par' dir='ltr' id='par_1_1' title="bbox 623 229 727 347">
     <span class='ocr_line' id='line_1_1' title="bbox 623 229 727 347; baseline 0.038 -5"><span class='ocrx_word' id='word_1_1' title='bbox 623 229 727 347; x_wconf 74' lang='lat' dir='ltr'><strong>sn</strong></span> 
     </span>
    </p>
   </div>
   <div class='ocr_carea' id='block_1_2' title="bbox 1685 281 2767 346">
    <p class='ocr_par' dir='ltr' id='par_1_2' title="bbox 1685 281 2767 346">
     <span class='ocr_line' id='line_1_2' title="bbox 1685 281 2767 346; baseline 0.004 -4"><span class='ocrx_word' id='word_1_2' title='bbox 1685 281 2102 342; x_wconf 79' lang='lat' dir='ltr'><strong>NlCEl‘lIORI</strong></span> <span class='ocrx_word' id='word_1_3' title='bbox 2142 282 2616 344; x_wconf 79' lang='lat' dir='ltr'><strong>PRESBYTERI</strong></span> <span class='ocrx_word' id='word_1_4' title='bbox 2661 286 2767 346; x_wconf 69' lang='grc' dir='ltr'><strong>(ΣΡ.</strong></span> 
     </span>
    </p>
   </div>
   <div class='ocr_carea' id='block_1_3' title="bbox 3755 280 3858 344">
    <p class='ocr_par' dir='ltr' id='par_1_3' title="bbox 3755 280 3858 344">
     <span class='ocr_line' id='line_1_3' title="bbox 3755 280 3858 344; baseline 0 0"><span class='ocrx_word' id='word_1_5' title='bbox 3755 280 3858 344; x_wconf 80' lang='lat'><strong>872</strong></span> 
     </span>
    </p>
   </div>
   <div class='ocr_carea' id='block_1_4' title="bbox 621 391 2193 468">
    <p class='ocr_par' dir='ltr' id='par_1_4' title="bbox 621 391 2193 462">
     <span class='ocr_line' id='line_1_4' title="bbox 621 391 2193 462; baseline -0.002 -13"><span class='ocrx_word' id='word_1_6' title='bbox 621 393 946 462; x_wconf 65' lang='grc' dir='ltr'><strong>Εῆἰοομὲ).</strong></span> <span class='ocrx_word' id='word_1_7' title='bbox 979 391 1212 461; x_wconf 77' lang='lat' dir='ltr'><strong>denique</strong></span> <span class='ocrx_word' id='word_1_8' title='bbox 1260 391 1568 446; x_wconf 81' lang='lat' dir='ltr'><strong>nolentibus</strong></span> <span class='ocrx_word' id='word_1_9' title='bbox 1609 393 1663 447; x_wconf 92' lang='lat' dir='ltr'><strong>in</strong></span> <span class='ocrx_word' id='word_1_10' title='bbox 1717 410 1775 450; x_wconf 84' lang='lat' dir='ltr'><strong>se</strong></span> <span class='ocrx_word' id='word_1_11' title='bbox 1824 394 2044 449; x_wconf 79' lang='lat' dir='ltr'><strong>credere</strong></span> <span class='ocrx_word' id='word_1_12' title='bbox 2074 409 2193 448; x_wconf 89' lang='lat' dir='ltr'><strong>orn-</strong></span> 
     </span>
    </p>
   </div>
   <div class='ocr_carea' id='block_1_5' title="bbox 2298 391 3858 468">
    <p class='ocr_par' dir='ltr' id='par_1_5' title="bbox 2298 391 3858 468">
     <span class='ocr_line' id='line_1_5' title="bbox 2298 391 3858 468; baseline -0.001 -22"><span class='ocrx_word' id='word_1_13' title='bbox 2298 394 2391 447; x_wconf 88' lang='grc' dir='ltr'><strong>τοῦ</strong></span> <span class='ocrx_word' id='word_1_14' title='bbox 2438 395 2533 447; x_wconf 78' lang='grc' dir='ltr'>καὶ</span> <span class='ocrx_word' id='word_1_15' title='bbox 2570 393 2664 447; x_wconf 91' lang='grc' dir='ltr'><strong>τοῦ</strong></span> <span class='ocrx_word' id='word_1_16' title='bbox 2713 395 2985 450; x_wconf 81' lang='grc' dir='ltr'>Δεσπότου</span> <span class='ocrx_word' id='word_1_17' title='bbox 3033 392 3268 468; x_wconf 79' lang='grc' dir='ltr'><strong>Χριστοῦ</strong></span> <span class='ocrx_word' id='word_1_18' title='bbox 3330 393 3562 463; x_wconf 82' lang='grc' dir='ltr'>πόλεμος</span> <span class='ocrx_word' id='word_1_19' title='bbox 3614 391 3858 462; x_wconf 72' lang='grc' dir='ltr'>φοϐερὸς,</span> 
     </span>
    </p>
   </div>
   <div class='ocr_carea' id='block_1_6' title="bbox 627 483 2190 550">
    <p class='ocr_par' dir='ltr' id='par_1_6' title="bbox 627 483 2190 550">
     <span class='ocr_line' id='line_1_6' title="bbox 627 483 2190 550; baseline 0 -13"><span class='ocrx_word' id='word_1_20' title='bbox 627 488 810 540; x_wconf 84' lang='lat' dir='ltr'><strong>nibus.</strong></span> <span class='ocrx_word' id='word_1_21' title='bbox 871 484 1026 538; x_wconf 82' lang='lat' dir='ltr'><strong>Tunc</strong></span> <span class='ocrx_word' id='word_1_22' title='bbox 1074 484 1216 536; x_wconf 86' lang='lat' dir='ltr'><strong>inter</strong></span> <span class='ocrx_word' id='word_1_23' title='bbox 1271 483 1447 550; x_wconf 77' lang='lat' dir='ltr'><strong>ipsum</strong></span> <span class='ocrx_word' id='word_1_24' title='bbox 1501 493 1556 539; x_wconf 87' lang='lat' dir='ltr'><strong>et</strong></span> <span class='ocrx_word' id='word_1_25' title='bbox 1606 484 1890 540; x_wconf 81' lang='lat' dir='ltr'><strong>Dominum</strong></span> <span class='ocrx_word' id='word_1_26' title='bbox 1945 495 2190 539; x_wconf 88' lang='lat' dir='ltr'><strong>nostrum</strong></span> 
     </span>
    </p>
   </div>
   <div class='ocr_carea' id='block_1_7' title="bbox 622 574 2194 644">
    <p class='ocr_par' dir='ltr' id='par_1_7' title="bbox 622 574 2194 644">
     <span class='ocr_line' id='line_1_7' title="bbox 622 574 2194 644; baseline -0.003 -15"><span class='ocrx_word' id='word_1_27' title='bbox 622 575 808 630; x_wconf 81' lang='lat' dir='ltr'><strong>Jesum</strong></span> <span class='ocrx_word' id='word_1_28' title='bbox 850 574 1133 629; x_wconf 81' lang='lat' dir='ltr'><strong>Christum</strong></span> <span class='ocrx_word' id='word_1_29' title='bbox 1170 576 1272 627; x_wconf 90' lang='lat' dir='ltr'><strong>erit</strong></span> <span class='ocrx_word' id='word_1_30' title='bbox 1317 574 1516 627; x_wconf 90' lang='lat' dir='ltr'><strong>bellum</strong></span> <span class='ocrx_word' id='word_1_31' title='bbox 1551 574 1826 642; x_wconf 85' lang='lat' dir='ltr'><strong>terribile;</strong></span> <span class='ocrx_word' id='word_1_32' title='bbox 1857 584 1912 629; x_wconf 89' lang='lat' dir='ltr'><strong>et</strong></span> <span class='ocrx_word' id='word_1_33' title='bbox 1937 575 2194 644; x_wconf 89' lang='lat' dir='ltr'><strong>quoniam</strong></span> 
     </span>
    </p>
   </div>
   <div class='ocr_carea' id='block_1_8' title="bbox 624 663 2195 734">
    <p class='ocr_par' dir='ltr' id='par_1_8' title="bbox 624 663 2195 734">
     <span class='ocr_line' id='line_1_8' title="bbox 624 663 2195 734; baseline -0.001 -14"><span class='ocrx_word' id='word_1_34' title='bbox 624 667 857 734; x_wconf 83' lang='lat' dir='ltr'><strong>denique</strong></span> <span class='ocrx_word' id='word_1_35' title='bbox 910 665 1086 733; x_wconf 80' lang='lat' dir='ltr'><strong>palam</strong></span> <span class='ocrx_word' id='word_1_36' title='bbox 1148 665 1238 718; x_wconf 89' lang='lat' dir='ltr'><strong>liet</strong></span> <span class='ocrx_word' id='word_1_37' title='bbox 1303 665 1478 733; x_wconf 89' lang='lat' dir='ltr'><strong>ipsum</strong></span> <span class='ocrx_word' id='word_1_38' title='bbox 1531 663 1755 717; x_wconf 80' lang='lat' dir='ltr'><strong>immani</strong></span> <span class='ocrx_word' id='word_1_39' title='bbox 1810 665 1988 726; x_wconf 84' lang='lat' dir='ltr'><strong>l’nrore</strong></span> <span class='ocrx_word' id='word_1_40' title='bbox 2046 663 2195 732; x_wconf 87' lang='lat' dir='ltr'><strong>rapi,</strong></span> 
     </span>
    </p>
   </div>
   <div class='ocr_carea' id='block_1_9' title="bbox 625 754 2197 826">
    <p class='ocr_par' dir='ltr' id='par_1_9' title="bbox 625 754 2197 826">
     <span class='ocr_line' id='line_1_9' title="bbox 625 754 2197 826; baseline -0.001 -17"><span class='ocrx_word' id='word_1_41' title='bbox 625 759 873 826; x_wconf 66' lang='lat' dir='ltr'><strong>caeloque</strong></span> <span class='ocrx_word' id='word_1_42' title='bbox 916 771 974 810; x_wconf 83' lang='lat' dir='ltr'><strong>se</strong></span> <span class='ocrx_word' id='word_1_43' title='bbox 1014 771 1330 825; x_wconf 85' lang='lat' dir='ltr'><strong>opponere,</strong></span> <span class='ocrx_word' id='word_1_44' title='bbox 1384 754 1612 808; x_wconf 73' lang='lat' dir='ltr'><strong>fulmina</strong></span> <span class='ocrx_word' id='word_1_45' title='bbox 1646 755 1910 809; x_wconf 85' lang='lat' dir='ltr'><strong>eliciendo</strong></span> <span class='ocrx_word' id='word_1_46' title='bbox 1936 795 1951 820; x_wconf 92' lang='lat'><strong>,</strong></span> <span class='ocrx_word' id='word_1_47' title='bbox 2004 754 2197 808; x_wconf 88' lang='lat' dir='ltr'><strong>ciendo</strong></span> 
     </span>
    </p>
   </div>
   <div class='ocr_carea' id='block_1_10' title="bbox 625 845 2194 916">
    <p class='ocr_par' dir='ltr' id='par_1_10' title="bbox 625 845 2194 916">
     <span class='ocr_line' id='line_1_10' title="bbox 625 845 2194 916; baseline -0.003 -15"><span class='ocrx_word' id='word_1_48' title='bbox 625 851 861 902; x_wconf 89' lang='lat' dir='ltr'><strong>tonitrua</strong></span> <span class='ocrx_word' id='word_1_49' title='bbox 889 889 902 912; x_wconf 95' lang='lat'><strong>,</strong></span> <span class='ocrx_word' id='word_1_50' title='bbox 964 857 1284 914; x_wconf 82' lang='lat' dir='ltr'><strong>tantumque</strong></span> <span class='ocrx_word' id='word_1_51' title='bbox 1331 845 1598 916; x_wconf 72' lang='lat' dir='ltr'><strong>fragorem</strong></span> <span class='ocrx_word' id='word_1_52' title='bbox 1640 846 1910 912; x_wconf 81' lang='lat' dir='ltr'><strong>faciendo,</strong></span> <span class='ocrx_word' id='word_1_53' title='bbox 1954 856 2015 900; x_wconf 88' lang='lat' dir='ltr'><strong>ut</strong></span> <span class='ocrx_word' id='word_1_54' title='bbox 2041 855 2194 910; x_wconf 82' lang='lat' dir='ltr'><strong>quot-</strong></span> 
     </span>
    </p>
   </div>
   <div class='ocr_carea' id='block_1_11' title="bbox 624 935 2199 1009">
    <p class='ocr_par' dir='ltr' id='par_1_11' title="bbox 624 935 2199 1009">
     <span class='ocr_line' id='line_1_11' title="bbox 624 935 2199 1009; baseline -0.002 -18"><span class='ocrx_word' id='word_1_55' title='bbox 624 950 757 1009; x_wconf 92' lang='lat' dir='ltr'><strong>quot</strong></span> <span class='ocrx_word' id='word_1_56' title='bbox 807 939 1055 992; x_wconf 90' lang='lat' dir='ltr'><strong>incolunt</strong></span> <span class='ocrx_word' id='word_1_57' title='bbox 1107 952 1371 992; x_wconf 90' lang='lat' dir='ltr'><strong>terrarum</strong></span> <span class='ocrx_word' id='word_1_58' title='bbox 1408 938 1592 991; x_wconf 86' lang='lat' dir='ltr'><strong>orbem</strong></span> <span class='ocrx_word' id='word_1_59' title='bbox 1637 937 1951 990; x_wconf 86' lang='lat' dir='ltr'><strong>universum</strong></span> <span class='ocrx_word' id='word_1_60' title='bbox 1989 935 2199 1006; x_wconf 87' lang='lat' dir='ltr'><strong>percul-</strong></span> 
     </span>
    </p>
   </div>
   <div class='ocr_carea' id='block_1_12' title="bbox 581 1025 2195 1104">
    <p class='ocr_par' dir='ltr' id='par_1_12' title="bbox 581 1025 2195 1104">
     <span class='ocr_line' id='line_1_12' title="bbox 581 1025 2195 1104; baseline -0.004 -18"><span class='ocrx_word' id='word_1_61' title='bbox 581 1059 592 1072; x_wconf 64' lang='grc' dir='ltr'><strong>ε</strong></span> <span class='ocrx_word' id='word_1_62' title='bbox 623 1047 788 1104; x_wconf 86' lang='lat' dir='ltr'><strong>surus</strong></span> <span class='ocrx_word' id='word_1_63' title='bbox 820 1030 1139 1084; x_wconf 76' lang='lat' dir='ltr'><strong>terribiliter</strong></span> <span class='ocrx_word' id='word_1_64' title='bbox 1167 1041 1219 1083; x_wconf 88' lang='lat' dir='ltr'><strong>et</strong></span> <span class='ocrx_word' id='word_1_65' title='bbox 1253 1029 1667 1083; x_wconf 76' lang='lat' dir='ltr'><strong>exanimaturus</strong></span> <span class='ocrx_word' id='word_1_66' title='bbox 1711 1027 1803 1080; x_wconf 83' lang='lat' dir='ltr'><strong>sit.</strong></span> <span class='ocrx_word' id='word_1_67' title='bbox 1833 1025 2034 1095; x_wconf 67' lang='lat' dir='ltr'><strong>ECquia</strong></span> <span class='ocrx_word' id='word_1_68' title='bbox 2084 1037 2195 1080; x_wconf 88' lang='lat' dir='ltr'><strong>tum</strong></span> 
     </span>
    </p>
   </div>
   <div class='ocr_carea' id='block_1_13' title="bbox 623 1115 2196 1190">
    <p class='ocr_par' dir='ltr' id='par_1_13' title="bbox 623 1115 2196 1190">
     <span class='ocr_line' id='line_1_13' title="bbox 623 1115 2196 1190; baseline -0.005 -14"><span class='ocrx_word' id='word_1_69' title='bbox 623 1124 884 1190; x_wconf 89' lang='lat' dir='ltr'><strong>temporis</strong></span> <span class='ocrx_word' id='word_1_70' title='bbox 912 1137 1020 1174; x_wconf 91' lang='lat' dir='ltr'><strong>non</strong></span> <span class='ocrx_word' id='word_1_71' title='bbox 1061 1121 1449 1174; x_wconf 77' lang='lat' dir='ltr'><strong>contremiscet</strong></span> <span class='ocrx_word' id='word_1_72' title='bbox 1476 1158 1493 1181; x_wconf 93' lang='lat'><strong>,</strong></span> <span class='ocrx_word' id='word_1_73' title='bbox 1542 1118 1665 1186; x_wconf 88' lang='lat' dir='ltr'><strong>quis</strong></span> <span class='ocrx_word' id='word_1_74' title='bbox 1695 1135 1800 1171; x_wconf 91' lang='lat' dir='ltr'><strong>non</strong></span> <span class='ocrx_word' id='word_1_75' title='bbox 1833 1118 2084 1184; x_wconf 83' lang='lat' dir='ltr'><strong>pavebit,</strong></span> <span class='ocrx_word' id='word_1_76' title='bbox 2124 1115 2196 1170; x_wconf 85' lang='lat' dir='ltr'><strong>illi</strong></span> 
     </span>
    </p>
   </div>
   <div class='ocr_carea' id='block_1_14' title="bbox 625 1207 2196 1279">
    <p class='ocr_par' dir='ltr' id='par_1_14' title="bbox 625 1207 2196 1279">
     <span class='ocr_line' id='line_1_14' title="bbox 625 1207 2196 1279; baseline -0.002 -16"><span class='ocrx_word' id='word_1_77' title='bbox 625 1212 734 1264; x_wconf 85' lang='lat' dir='ltr'><strong>mi?</strong></span> <span class='ocrx_word' id='word_1_78' title='bbox 759 1212 930 1275; x_wconf 82' lang='lat' dir='ltr'><strong>Beati,</strong></span> <span class='ocrx_word' id='word_1_79' title='bbox 955 1213 1048 1279; x_wconf 85' lang='lat' dir='ltr'><strong>qui</strong></span> <span class='ocrx_word' id='word_1_80' title='bbox 1077 1221 1208 1264; x_wconf 90' lang='lat' dir='ltr'><strong>tunc</strong></span> <span class='ocrx_word' id='word_1_81' title='bbox 1238 1211 1290 1262; x_wconf 92' lang='lat' dir='ltr'><strong>in</strong></span> <span class='ocrx_word' id='word_1_82' title='bbox 1324 1209 1552 1262; x_wconf 85' lang='lat' dir='ltr'><strong>Domino</strong></span> <span class='ocrx_word' id='word_1_83' title='bbox 1580 1219 1767 1263; x_wconf 90' lang='lat' dir='ltr'><strong>nostro</strong></span> <span class='ocrx_word' id='word_1_84' title='bbox 1793 1207 1921 1261; x_wconf 85' lang='lat' dir='ltr'><strong>Jcsu</strong></span> <span class='ocrx_word' id='word_1_85' title='bbox 1955 1208 2196 1271; x_wconf 89' lang='lat' dir='ltr'><strong>Christo,</strong></span> 
     </span>
    </p>
   </div>
   <div class='ocr_carea' id='block_1_15' title="bbox 619 1301 2196 1369">
    <p class='ocr_par' dir='ltr' id='par_1_15' title="bbox 619 1301 2196 1369">
     <span class='ocr_line' id='line_1_15' title="bbox 619 1301 2196 1369; baseline -0.003 -13"><span class='ocrx_word' id='word_1_86' title='bbox 619 1319 748 1356; x_wconf 84' lang='lat' dir='ltr'><strong>vero</strong></span> <span class='ocrx_word' id='word_1_87' title='bbox 784 1304 890 1356; x_wconf 87' lang='lat' dir='ltr'><strong>Deo</strong></span> <span class='ocrx_word' id='word_1_88' title='bbox 917 1343 932 1368; x_wconf 92' lang='lat'><strong>,</strong></span> <span class='ocrx_word' id='word_1_89' title='bbox 981 1317 1089 1356; x_wconf 89' lang='lat' dir='ltr'><strong>non</strong></span> <span class='ocrx_word' id='word_1_90' title='bbox 1125 1301 1682 1356; x_wconf 81' lang='lat' dir='ltr'><strong>scandalizabuntur!</strong></span> <span class='ocrx_word' id='word_1_91' title='bbox 1726 1301 1867 1354; x_wconf 86' lang='lat' dir='ltr'><strong>beati</strong></span> <span class='ocrx_word' id='word_1_92' title='bbox 1894 1339 1910 1362; x_wconf 91' lang='lat'><strong>,</strong></span> <span class='ocrx_word' id='word_1_93' title='bbox 1963 1301 2056 1369; x_wconf 89' lang='lat' dir='ltr'><strong>qui</strong></span> <span class='ocrx_word' id='word_1_94' title='bbox 2089 1315 2196 1353; x_wconf 92' lang='lat' dir='ltr'><strong>non</strong></span> 
     </span>
    </p>
   </div>
   <div class='ocr_carea' id='block_1_16' title="bbox 625 1385 2198 1462">
    <p class='ocr_par' dir='ltr' id='par_1_16' title="bbox 625 1385 2198 1462">
     <span class='ocr_line' id='line_1_16' title="bbox 625 1385 2198 1462; baseline -0.005 -14"><span class='ocrx_word' id='word_1_95' title='bbox 625 1395 1031 1462; x_wconf 73' lang='lat' dir='ltr'><strong>separabantur</strong></span> <span class='ocrx_word' id='word_1_96' title='bbox 1052 1409 1080 1444; x_wconf 92' lang='lat' dir='ltr'><strong>a</strong></span> <span class='ocrx_word' id='word_1_97' title='bbox 1113 1385 1584 1461; x_wconf 38' lang='lat' dir='ltr'><strong>satu-tae&#39;Virginis</strong></span> <span class='ocrx_word' id='word_1_98' title='bbox 1609 1390 1791 1445; x_wconf 72' lang='lat' dir='ltr'><strong>Mariae</strong></span> <span class='ocrx_word' id='word_1_99' title='bbox 1826 1391 1997 1444; x_wconf 83' lang='lat' dir='ltr'><strong>Filio!</strong></span> <span class='ocrx_word' id='word_1_100' title='bbox 2031 1390 2198 1456; x_wconf 82' lang='lat' dir='ltr'><strong>beati,</strong></span> 
     </span>
    </p>
   </div>
   <div class='ocr_carea' id='block_1_17' title="bbox 623 1480 2195 1550">
    <p class='ocr_par' dir='ltr' id='par_1_17' title="bbox 623 1480 2195 1550">
     <span class='ocr_line' id='line_1_17' title="bbox 623 1480 2195 1550; baseline -0.002 -17"><span class='ocrx_word' id='word_1_101' title='bbox 623 1485 717 1550; x_wconf 81' lang='lat' dir='ltr'><strong>qui</strong></span> <span class='ocrx_word' id='word_1_102' title='bbox 748 1484 953 1535; x_wconf 86' lang='lat' dir='ltr'><strong>amoris</strong></span> <span class='ocrx_word' id='word_1_103' title='bbox 981 1483 1154 1550; x_wconf 88' lang='lat' dir='ltr'><strong>ipsius</strong></span> <span class='ocrx_word' id='word_1_104' title='bbox 1177 1495 1341 1534; x_wconf 85' lang='lat' dir='ltr'><strong>eausa</strong></span> <span class='ocrx_word' id='word_1_105' title='bbox 1372 1489 1600 1534; x_wconf 79' lang='lat' dir='ltr'><strong>martem</strong></span> <span class='ocrx_word' id='word_1_106' title='bbox 1628 1480 1876 1542; x_wconf 85' lang='lat' dir='ltr'><strong>ohibunt,</strong></span> <span class='ocrx_word' id='word_1_107' title='bbox 1904 1482 2195 1532; x_wconf 70' lang='lat' dir='ltr'><strong>draconem</strong></span> 
     </span>
    </p>
   </div>
   <div class='ocr_carea' id='block_1_18' title="bbox 624 1570 2199 1643">
    <p class='ocr_par' dir='ltr' id='par_1_18' title="bbox 624 1570 2199 1643">
     <span class='ocr_line' id='line_1_18' title="bbox 624 1570 2199 1643; baseline -0.001 -18"><span class='ocrx_word' id='word_1_108' title='bbox 624 1575 804 1643; x_wconf 90' lang='lat' dir='ltr'><strong>ipsum</strong></span> <span class='ocrx_word' id='word_1_109' title='bbox 834 1573 1154 1628; x_wconf 77' lang='lat' dir='ltr'><strong>inl’ernalem</strong></span> <span class='ocrx_word' id='word_1_110' title='bbox 1185 1584 1238 1628; x_wconf 88' lang='lat' dir='ltr'><strong>et</strong></span> <span class='ocrx_word' id='word_1_111' title='bbox 1267 1588 1485 1628; x_wconf 87' lang='lat' dir='ltr'><strong>errores</strong></span> <span class='ocrx_word' id='word_1_112' title='bbox 1518 1572 1635 1638; x_wconf 85' lang='lat' dir='ltr'><strong>ejus</strong></span> <span class='ocrx_word' id='word_1_113' title='bbox 1669 1571 1722 1623; x_wconf 92' lang='lat' dir='ltr'><strong>in</strong></span> <span class='ocrx_word' id='word_1_114' title='bbox 1749 1570 1944 1624; x_wconf 74' lang='lat' dir='ltr'><strong>faciem</strong></span> <span class='ocrx_word' id='word_1_115' title='bbox 1971 1585 2199 1639; x_wconf 78' lang='lat' dir='ltr'><strong>arguere</strong></span> 
     </span>
    </p>
   </div>
   <div class='ocr_carea' id='block_1_19' title="bbox 623 1663 2201 1736">
    <p class='ocr_par' dir='ltr' id='par_1_19' title="bbox 623 1663 2201 1736">
     <span class='ocr_line' id='line_1_19' title="bbox 623 1663 2201 1736; baseline -0.003 -18"><span class='ocrx_word' id='word_1_116' title='bbox 623 1666 756 1719; x_wconf 81' lang='lat' dir='ltr'><strong>nihil</strong></span> <span class='ocrx_word' id='word_1_117' title='bbox 790 1667 978 1720; x_wconf 75' lang='lat' dir='ltr'><strong>veriti!</strong></span> <span class='ocrx_word' id='word_1_118' title='bbox 1015 1667 1157 1720; x_wconf 85' lang='lat' dir='ltr'><strong>beati</strong></span> <span class='ocrx_word' id='word_1_119' title='bbox 1199 1668 1433 1736; x_wconf 85' lang='lat' dir='ltr'><strong>denique</strong></span> <span class='ocrx_word' id='word_1_120' title='bbox 1481 1680 1669 1718; x_wconf 85' lang='lat' dir='ltr'><strong>omnes</strong></span> <span class='ocrx_word' id='word_1_121' title='bbox 1705 1663 1796 1733; x_wconf 91' lang='lat' dir='ltr'><strong>qui</strong></span> <span class='ocrx_word' id='word_1_122' title='bbox 1836 1673 2021 1717; x_wconf 80' lang='lat' dir='ltr'><strong>contra</strong></span> <span class='ocrx_word' id='word_1_123' title='bbox 2048 1678 2201 1717; x_wconf 83' lang='lat' dir='ltr'><strong>eum-</strong></span> 
     </span>
    </p>
   </div>
   <div class='ocr_carea' id='block_1_20' title="bbox 619 1757 2198 1828">
    <p class='ocr_par' dir='ltr' id='par_1_20' title="bbox 619 1757 2198 1828">
     <span class='ocr_line' id='line_1_20' title="bbox 619 1757 2198 1828; baseline -0.004 -16"><span class='ocrx_word' id='word_1_124' title='bbox 619 1760 740 1812; x_wconf 85' lang='lat' dir='ltr'><strong>dem</strong></span> <span class='ocrx_word' id='word_1_125' title='bbox 775 1760 1003 1812; x_wconf 80' lang='lat' dir='ltr'><strong>viriliter</strong></span> <span class='ocrx_word' id='word_1_126' title='bbox 1057 1759 1482 1828; x_wconf 81' lang='lat' dir='ltr'><strong>depugnabunt,</strong></span> <span class='ocrx_word' id='word_1_127' title='bbox 1535 1757 1761 1826; x_wconf 80' lang='lat' dir='ltr'><strong>ejusque</strong></span> <span class='ocrx_word' id='word_1_128' title='bbox 1813 1757 2198 1809; x_wconf 85' lang='lat' dir='ltr'><strong>immanitatem</strong></span> 
     </span>
    </p>
   </div>
   <div class='ocr_carea' id='block_1_21' title="bbox 623 1848 2194 1919">
    <p class='ocr_par' dir='ltr' id='par_1_21' title="bbox 623 1848 2194 1919">
     <span class='ocr_line' id='line_1_21' title="bbox 623 1848 2194 1919; baseline -0.002 -17"><span class='ocrx_word' id='word_1_129' title='bbox 623 1865 878 1919; x_wconf 87' lang='lat' dir='ltr'><strong>generose</strong></span> <span class='ocrx_word' id='word_1_130' title='bbox 911 1851 1344 1919; x_wconf 85' lang='lat' dir='ltr'><strong>reprehendent;</strong></span> <span class='ocrx_word' id='word_1_131' title='bbox 1378 1851 1452 1904; x_wconf 90' lang='lat' dir='ltr'><strong>illi</strong></span> <span class='ocrx_word' id='word_1_132' title='bbox 1497 1867 1685 1918; x_wconf 85' lang='lat' dir='ltr'><strong>nempe</strong></span> <span class='ocrx_word' id='word_1_133' title='bbox 1718 1848 2007 1902; x_wconf 86' lang='lat' dir='ltr'><strong>luminaria</strong></span> <span class='ocrx_word' id='word_1_134' title='bbox 2044 1862 2194 1916; x_wconf 70' lang='lat' dir='ltr'><strong>qum-</strong></span> 
     </span>
    </p>
   </div>
   <div class='ocr_carea' id='block_1_22' title="bbox 623 1927 2192 2012">
    <p class='ocr_par' dir='ltr' id='par_1_22' title="bbox 623 1927 2192 2012">
     <span class='ocr_line' id='line_1_22' title="bbox 623 1927 2192 2012; baseline -0.001 -21"><span class='ocrx_word' id='word_1_135' title='bbox 623 1944 744 1993; x_wconf 89' lang='lat' dir='ltr'><strong>dam</strong></span> <span class='ocrx_word' id='word_1_136' title='bbox 779 1927 955 2007; x_wconf 30' lang='lat' dir='ltr'><strong>terre-13,</strong></span> <span class='ocrx_word' id='word_1_137' title='bbox 992 1944 1066 1995; x_wconf 89' lang='lat' dir='ltr'><strong>illi</strong></span> <span class='ocrx_word' id='word_1_138' title='bbox 1101 1943 1308 2012; x_wconf 77' lang='lat' dir='ltr'><strong>pugiles</strong></span> <span class='ocrx_word' id='word_1_139' title='bbox 1329 1943 1534 2007; x_wconf 85' lang='lat' dir='ltr'><strong>decori,</strong></span> <span class='ocrx_word' id='word_1_140' title='bbox 1576 1943 1647 1995; x_wconf 83' lang='lat' dir='ltr'><strong>illi</strong></span> <span class='ocrx_word' id='word_1_141' title='bbox 1682 1943 1914 1995; x_wconf 84' lang='lat' dir='ltr'><strong>uniones</strong></span> <span class='ocrx_word' id='word_1_142' title='bbox 1947 1938 2192 2009; x_wconf 77' lang='lat' dir='ltr'><strong>pretiosi.</strong></span> 
     </span>
    </p>
   </div>
   <div class='ocr_carea' id='block_1_23' title="bbox 621 2026 2185 2101">
    <p class='ocr_par' dir='ltr' id='par_1_23' title="bbox 621 2026 2185 2101">
     <span class='ocr_line' id='line_1_23' title="bbox 621 2026 2185 2101; baseline -0.002 -14"><span class='ocrx_word' id='word_1_143' title='bbox 621 2032 692 2087; x_wconf 86' lang='lat' dir='ltr'><strong>illi</strong></span> <span class='ocrx_word' id='word_1_144' title='bbox 739 2049 933 2086; x_wconf 81' lang='lat' dir='ltr'><strong>suaves</strong></span> <span class='ocrx_word' id='word_1_145' title='bbox 959 2075 973 2099; x_wconf 95' lang='lat'><strong>,</strong></span> <span class='ocrx_word' id='word_1_146' title='bbox 1015 2036 1268 2101; x_wconf 72' lang='lat' dir='ltr'><strong>jucunda:</strong></span> <span class='ocrx_word' id='word_1_147' title='bbox 1323 2051 1385 2088; x_wconf 90' lang='lat' dir='ltr'><strong>ac</strong></span> <span class='ocrx_word' id='word_1_148' title='bbox 1427 2034 1582 2086; x_wconf 80' lang='lat' dir='ltr'><strong>melle</strong></span> <span class='ocrx_word' id='word_1_149' title='bbox 1640 2035 1912 2087; x_wconf 87' lang='lat' dir='ltr'><strong>dulciores</strong></span> <span class='ocrx_word' id='word_1_150' title='bbox 1947 2026 2185 2086; x_wconf 59' lang='lat' dir='ltr'><strong>auium:</strong></span> 
     </span>
    </p>
   </div>
   <div class='ocr_carea' id='block_1_24' title="bbox 2300 481 3862 557">
    <p class='ocr_par' dir='ltr' id='par_1_24' title="bbox 2300 481 3862 557">
     <span class='ocr_line' id='line_1_24' title="bbox 2300 481 3862 557; baseline -0.001 -19"><span class='ocrx_word' id='word_1_151' title='bbox 2300 486 2438 539; x_wconf 75' lang='grc' dir='ltr'>ὲπάν</span> <span class='ocrx_word' id='word_1_152' title='bbox 2470 485 2657 557; x_wconf 82' lang='grc' dir='ltr'>γνώσῃ</span> <span class='ocrx_word' id='word_1_153' title='bbox 2705 485 2813 556; x_wconf 78' lang='grc' dir='ltr'>πρὸ</span> <span class='ocrx_word' id='word_1_154' title='bbox 2859 486 3047 549; x_wconf 80' lang='grc' dir='ltr'><strong>τέλους</strong></span> <span class='ocrx_word' id='word_1_155' title='bbox 3082 487 3280 557; x_wconf 90' lang='grc' dir='ltr'>μανίαν</span> <span class='ocrx_word' id='word_1_156' title='bbox 3337 481 3515 554; x_wconf 71' lang='grc' dir='ltr'>δεινήν</span> <span class='ocrx_word' id='word_1_157' title='bbox 3569 483 3734 553; x_wconf 72' lang='grc' dir='ltr'>ἔχειν,</span> <span class='ocrx_word' id='word_1_158' title='bbox 3769 483 3862 536; x_wconf 80' lang='grc' dir='ltr'>καὶ</span> 
     </span>
    </p>
   </div>
   <div class='ocr_carea' id='block_1_25' title="bbox 2301 573 3861 647">
    <p class='ocr_par' dir='ltr' id='par_1_25' title="bbox 2301 573 3861 647">
     <span class='ocr_line' id='line_1_25' title="bbox 2301 573 3861 647; baseline -0.001 -19"><span class='ocrx_word' id='word_1_159' title='bbox 2301 576 2440 647; x_wconf 72' lang='grc' dir='ltr'>πρὸς</span> <span class='ocrx_word' id='word_1_160' title='bbox 2471 578 2529 629; x_wconf 84' lang='grc' dir='ltr'>οὐ</span> <span class='ocrx_word' id='word_1_161' title='bbox 2540 575 2698 646; x_wconf 72' lang='grc' dir='ltr'>ρανδν</span> <span class='ocrx_word' id='word_1_162' title='bbox 2724 575 3111 646; x_wconf 82' lang='grc' dir='ltr'>ἁντιπράξεται</span> <span class='ocrx_word' id='word_1_163' title='bbox 3136 578 3483 643; x_wconf 80' lang='grc' dir='ltr'><strong>ἀστράπτων,</strong></span> <span class='ocrx_word' id='word_1_164' title='bbox 3508 577 3601 627; x_wconf 86' lang='grc' dir='ltr'>καὶ</span> <span class='ocrx_word' id='word_1_165' title='bbox 3628 573 3861 645; x_wconf 79' lang='grc' dir='ltr'><strong>βροντῶν</strong></span> 
     </span>
    </p>
   </div>
   <div class='ocr_carea' id='block_1_26' title="bbox 2297 663 3867 739">
    <p class='ocr_par' dir='ltr' id='par_1_26' title="bbox 2297 663 3867 739">
     <span class='ocr_line' id='line_1_26' title="bbox 2297 663 3867 739; baseline -0.001 -19"><span class='ocrx_word' id='word_1_166' title='bbox 2297 670 2393 720; x_wconf 76' lang='grc' dir='ltr'>καὶ</span> <span class='ocrx_word' id='word_1_167' title='bbox 2438 667 2676 726; x_wconf 82' lang='grc' dir='ltr'>κτύπους</span> <span class='ocrx_word' id='word_1_168' title='bbox 2709 666 2899 727; x_wconf 89' lang='grc' dir='ltr'>ποιῶν.</span> <span class='ocrx_word' id='word_1_169' title='bbox 2931 667 3070 720; x_wconf 80' lang='grc' dir='ltr'>ὥστε</span> <span class='ocrx_word' id='word_1_170' title='bbox 3096 668 3173 739; x_wconf 86' lang='grc' dir='ltr'><strong>τῷ</strong></span> <span class='ocrx_word' id='word_1_171' title='bbox 3201 671 3315 739; x_wconf 72' lang='grc' dir='ltr'><strong>ῆχῳ</strong></span> <span class='ocrx_word' id='word_1_172' title='bbox 3349 669 3443 738; x_wconf 83' lang='grc' dir='ltr'>τῆς</span> <span class='ocrx_word' id='word_1_173' title='bbox 3477 666 3603 737; x_wconf 79' lang='grc' dir='ltr'>βοῆς</span> <span class='ocrx_word' id='word_1_174' title='bbox 3644 666 3742 732; x_wconf 76' lang='grc' dir='ltr'>τὴν</span> <span class='ocrx_word' id='word_1_175' title='bbox 3771 663 3867 718; x_wconf 81' lang='grc' dir='ltr'><strong>ὑπ’</strong></span> 
     </span>
    </p>
   </div>
   <div class='ocr_carea' id='block_1_27' title="bbox 2303 755 3864 829">
    <p class='ocr_par' dir='ltr' id='par_1_27' title="bbox 2303 755 3864 829">
     <span class='ocr_line' id='line_1_27' title="bbox 2303 755 3864 829; baseline -0.002 -19"><span class='ocrx_word' id='word_1_176' title='bbox 2303 759 2534 829; x_wconf 76' lang='grc' dir='ltr'>οὐρανὸν</span> <span class='ocrx_word' id='word_1_177' title='bbox 2564 758 2784 826; x_wconf 62' lang='grc' dir='ltr'>ὼνῆσαι</span> <span class='ocrx_word' id='word_1_178' title='bbox 2813 756 2908 810; x_wconf 72' lang='grc' dir='ltr'>καὶ</span> <span class='ocrx_word' id='word_1_179' title='bbox 2935 760 3315 828; x_wconf 88' lang='grc' dir='ltr'>περιηγεῖσθαι</span> <span class='ocrx_word' id='word_1_180' title='bbox 3345 758 3609 828; x_wconf 75' lang='grc' dir='ltr'>φοϐερῶς.</span> <span class='ocrx_word' id='word_1_181' title='bbox 3650 756 3760 809; x_wconf 77' lang='grc' dir='ltr'><strong>Καὶ</strong></span> <span class='ocrx_word' id='word_1_182' title='bbox 3780 755 3864 818; x_wconf 89' lang='grc' dir='ltr'><strong>τίς</strong></span> 
     </span>
    </p>
   </div>
   <div class='ocr_carea' id='block_1_28' title="bbox 2297 845 3866 917">
    <p class='ocr_par' dir='ltr' id='par_1_28' title="bbox 2297 845 3866 917">
     <span class='ocr_line' id='line_1_28' title="bbox 2297 845 3866 917; baseline 0.001 -20"><span class='ocrx_word' id='word_1_183' title='bbox 2297 845 2419 897; x_wconf 84' lang='grc' dir='ltr'>τότε</span> <span class='ocrx_word' id='word_1_184' title='bbox 2453 847 2514 898; x_wconf 84' lang='grc' dir='ltr'>οὐ</span> <span class='ocrx_word' id='word_1_185' title='bbox 2559 845 2968 915; x_wconf 80' lang='grc' dir='ltr'>θαμὸηθήσεται</span> <span class='ocrx_word' id='word_1_186' title='bbox 2998 846 3092 898; x_wconf 70' lang='grc' dir='ltr'>καὶ</span> <span class='ocrx_word' id='word_1_187' title='bbox 3120 847 3332 917; x_wconf 81' lang='grc' dir='ltr'>πτήξει,</span> <span class='ocrx_word' id='word_1_188' title='bbox 3358 849 3547 900; x_wconf 87' lang='grc' dir='ltr'>τέκνον</span> <span class='ocrx_word' id='word_1_189' title='bbox 3592 845 3866 914; x_wconf 73' lang='grc' dir='ltr'>γλυκύτασ</span> 
     </span>
    </p>
   </div>
   <div class='ocr_carea' id='block_1_29' title="bbox 2298 937 3864 1008">
    <p class='ocr_par' dir='ltr' id='par_1_29' title="bbox 2298 937 3864 1008">
     <span class='ocr_line' id='line_1_29' title="bbox 2298 937 3864 1008; baseline 0 -19"><span class='ocrx_word' id='word_1_190' title='bbox 2298 937 2742 1005; x_wconf 71' lang='grc' dir='ltr'>τονςΜακάριοι</span> <span class='ocrx_word' id='word_1_191' title='bbox 2797 937 2917 990; x_wconf 81' lang='grc' dir='ltr'>τότε</span> <span class='ocrx_word' id='word_1_192' title='bbox 2969 937 3165 999; x_wconf 77' lang='grc' dir='ltr'>οἰτινες</span> <span class='ocrx_word' id='word_1_193' title='bbox 3204 938 3263 990; x_wconf 84' lang='grc' dir='ltr'>οὺ</span> <span class='ocrx_word' id='word_1_194' title='bbox 3319 939 3864 1008; x_wconf 74' lang='grc' dir='ltr'><strong>σκανδαλισθήσονται</strong></span> 
     </span>
    </p>
   </div>
   <div class='ocr_carea' id='block_1_30' title="bbox 2301 1025 3864 1097">
    <p class='ocr_par' dir='ltr' id='par_1_30' title="bbox 2301 1025 3864 1097">
     <span class='ocr_line' id='line_1_30' title="bbox 2301 1025 3864 1097; baseline 0.001 -19"><span class='ocrx_word' id='word_1_195' title='bbox 2301 1027 2359 1078; x_wconf 82' lang='grc' dir='ltr'>ὲν</span> <span class='ocrx_word' id='word_1_196' title='bbox 2385 1025 2461 1094; x_wconf 81' lang='grc' dir='ltr'>τῷ</span> <span class='ocrx_word' id='word_1_197' title='bbox 2487 1026 2729 1095; x_wconf 73' lang='grc' dir='ltr'>Δεσπότῃ</span> <span class='ocrx_word' id='word_1_198' title='bbox 2753 1025 2907 1095; x_wconf 80' lang='grc' dir='ltr'>ἡμῶν</span> <span class='ocrx_word' id='word_1_199' title='bbox 2936 1025 3157 1096; x_wconf 78' lang='grc' dir='ltr'>Χριστῷ</span> <span class='ocrx_word' id='word_1_200' title='bbox 3179 1025 3259 1094; x_wconf 81' lang='grc' dir='ltr'><strong>τῷ</strong></span> <span class='ocrx_word' id='word_1_201' title='bbox 3287 1026 3522 1097; x_wconf 85' lang='grc' dir='ltr'>ἀληθινῷ</span> <span class='ocrx_word' id='word_1_202' title='bbox 3545 1027 3664 1097; x_wconf 86' lang='grc' dir='ltr'><strong>Θεῷ</strong></span> <span class='ocrx_word' id='word_1_203' title='bbox 3689 1025 3864 1096; x_wconf 73' lang='grc' dir='ltr'>ἡμῶν.</span> 
     </span>
    </p>
   </div>
   <div class='ocr_carea' id='block_1_31' title="bbox 2303 1118 3871 1190">
    <p class='ocr_par' dir='ltr' id='par_1_31' title="bbox 2303 1118 3871 1190">
     <span class='ocr_line' id='line_1_31' title="bbox 2303 1118 3871 1190; baseline -0.002 -17"><span class='ocrx_word' id='word_1_204' title='bbox 2303 1120 2585 1190; x_wconf 73' lang='grc' dir='ltr'><strong>Μακάριοι</strong></span> <span class='ocrx_word' id='word_1_205' title='bbox 2655 1119 2776 1172; x_wconf 88' lang='grc' dir='ltr'>τότε</span> <span class='ocrx_word' id='word_1_206' title='bbox 2837 1120 3032 1182; x_wconf 82' lang='grc' dir='ltr'>οἵτινες</span> <span class='ocrx_word' id='word_1_207' title='bbox 3121 1118 3221 1171; x_wconf 74' lang='grc' dir='ltr'>οὐκ</span> <span class='ocrx_word' id='word_1_208' title='bbox 3291 1119 3727 1188; x_wconf 78' lang='grc' dir='ltr'>ἀποσχοινίσουσι</span> <span class='ocrx_word' id='word_1_209' title='bbox 3776 1119 3871 1172; x_wconf 75' lang='grc' dir='ltr'><strong>τὸν</strong></span> 
     </span>
    </p>
   </div>
   <div class='ocr_carea' id='block_1_32' title="bbox 2301 1207 3874 1282">
    <p class='ocr_par' dir='ltr' id='par_1_32' title="bbox 2301 1207 3874 1282">
     <span class='ocr_line' id='line_1_32' title="bbox 2301 1207 3874 1282; baseline 0.001 -18"><span class='ocrx_word' id='word_1_210' title='bbox 2301 1211 2630 1282; x_wconf 78' lang='grc' dir='ltr'>γεννηθέντα</span> <span class='ocrx_word' id='word_1_211' title='bbox 2657 1211 2722 1262; x_wconf 73' lang='grc' dir='ltr'>ἐκ</span> <span class='ocrx_word' id='word_1_212' title='bbox 2752 1210 2851 1279; x_wconf 76' lang='grc' dir='ltr'>τῆς</span> <span class='ocrx_word' id='word_1_213' title='bbox 2889 1210 3052 1277; x_wconf 89' lang='grc' dir='ltr'>ἁγίας</span> <span class='ocrx_word' id='word_1_214' title='bbox 3084 1209 3360 1281; x_wconf 86' lang='grc' dir='ltr'>Παρθένου</span> <span class='ocrx_word' id='word_1_215' title='bbox 3411 1211 3649 1282; x_wconf 79' lang='grc' dir='ltr'>Μαρίας.</span> <span class='ocrx_word' id='word_1_216' title='bbox 3681 1207 3874 1266; x_wconf 75' lang='grc' dir='ltr'>Μακά-</span> 
     </span>
    </p>
   </div>
   <div class='ocr_carea' id='block_1_33' title="bbox 2306 1299 3875 1373">
    <p class='ocr_par' dir='ltr' id='par_1_33' title="bbox 2306 1299 3875 1373">
     <span class='ocr_line' id='line_1_33' title="bbox 2306 1299 3875 1373; baseline -0.001 -17"><span class='ocrx_word' id='word_1_217' title='bbox 2306 1321 2413 1373; x_wconf 92' lang='grc' dir='ltr'>ριοι</span> <span class='ocrx_word' id='word_1_218' title='bbox 2442 1303 2638 1364; x_wconf 82' lang='grc' dir='ltr'>οίτινις</span> <span class='ocrx_word' id='word_1_219' title='bbox 2681 1301 2769 1354; x_wconf 82' lang='grc' dir='ltr'><strong>διὰ</strong></span> <span class='ocrx_word' id='word_1_220' title='bbox 2797 1303 2897 1370; x_wconf 77' lang='grc' dir='ltr'>τὴν</span> <span class='ocrx_word' id='word_1_221' title='bbox 2939 1302 3163 1370; x_wconf 80' lang='grc' dir='ltr'><strong>ἀγάπην</strong></span> <span class='ocrx_word' id='word_1_222' title='bbox 3193 1299 3356 1353; x_wconf 81' lang='grc' dir='ltr'>αὐτοῦ</span> <span class='ocrx_word' id='word_1_223' title='bbox 3402 1301 3749 1364; x_wconf 76' lang='grc' dir='ltr'>ἀποθανοῦσι,</span> <span class='ocrx_word' id='word_1_224' title='bbox 3771 1301 3875 1354; x_wconf 71' lang='grc' dir='ltr'>καὶ</span> 
     </span>
    </p>
   </div>
   <div class='ocr_carea' id='block_1_34' title="bbox 2300 1391 3875 1464">
    <p class='ocr_par' dir='ltr' id='par_1_34' title="bbox 2300 1391 3875 1464">
     <span class='ocr_line' id='line_1_34' title="bbox 2300 1391 3875 1464; baseline -0.003 -16"><span class='ocrx_word' id='word_1_225' title='bbox 2300 1395 2579 1464; x_wconf 77' lang='grc' dir='ltr'>ἑλέγξουσι</span> <span class='ocrx_word' id='word_1_226' title='bbox 2627 1393 2769 1448; x_wconf 82' lang='grc' dir='ltr'><strong>κατά</strong></span> <span class='ocrx_word' id='word_1_227' title='bbox 2836 1394 3130 1463; x_wconf 80' lang='grc' dir='ltr'>πρόσωπον</span> <span class='ocrx_word' id='word_1_228' title='bbox 3181 1395 3273 1446; x_wconf 81' lang='grc' dir='ltr'>τὸν</span> <span class='ocrx_word' id='word_1_229' title='bbox 3318 1391 3586 1462; x_wconf 84' lang='grc' dir='ltr'>δρὰκοντα</span> <span class='ocrx_word' id='word_1_230' title='bbox 3629 1395 3718 1445; x_wconf 74' lang='grc' dir='ltr'>καὶ</span> <span class='ocrx_word' id='word_1_231' title='bbox 3773 1394 3875 1463; x_wconf 78' lang='grc' dir='ltr'><strong>τὴν</strong></span> 
     </span>
    </p>
   </div>
   <div class='ocr_carea' id='block_1_35' title="bbox 2302 1483 3876 1556">
    <p class='ocr_par' dir='ltr' id='par_1_35' title="bbox 2302 1483 3876 1556">
     <span class='ocr_line' id='line_1_35' title="bbox 2302 1483 3876 1556; baseline -0.001 -17"><span class='ocrx_word' id='word_1_232' title='bbox 2302 1487 2466 1540; x_wconf 85' lang='grc' dir='ltr'>αὐτοῦ</span> <span class='ocrx_word' id='word_1_233' title='bbox 2498 1485 2896 1554; x_wconf 84' lang='grc' dir='ltr'>ἀποπλάνησιν.</span> <span class='ocrx_word' id='word_1_234' title='bbox 2926 1486 3203 1556; x_wconf 75' lang='grc' dir='ltr'>Μακάριοι</span> <span class='ocrx_word' id='word_1_235' title='bbox 3229 1485 3342 1537; x_wconf 83' lang='grc' dir='ltr'>ὅσοι</span> <span class='ocrx_word' id='word_1_236' title='bbox 3365 1485 3505 1537; x_wconf 85' lang='grc' dir='ltr'><strong>κατά</strong></span> <span class='ocrx_word' id='word_1_237' title='bbox 3532 1483 3624 1538; x_wconf 89' lang='grc' dir='ltr'><strong>τοῦ</strong></span> <span class='ocrx_word' id='word_1_238' title='bbox 3650 1485 3876 1553; x_wconf 84' lang='grc' dir='ltr'>δράκον-</span> 
     </span>
    </p>
   </div>
   <div class='ocr_carea' id='block_1_36' title="bbox 2299 1575 3874 1648">
    <p class='ocr_par' dir='ltr' id='par_1_36' title="bbox 2299 1575 3874 1648">
     <span class='ocr_line' id='line_1_36' title="bbox 2299 1575 3874 1648; baseline -0.003 -16"><span class='ocrx_word' id='word_1_239' title='bbox 2299 1596 2390 1641; x_wconf 88' lang='grc' dir='ltr'><strong>τος</strong></span> <span class='ocrx_word' id='word_1_240' title='bbox 2439 1577 2918 1648; x_wconf 84' lang='grc' dir='ltr'>ἀνδρυνθήσονται,</span> <span class='ocrx_word' id='word_1_241' title='bbox 2977 1576 3071 1629; x_wconf 76' lang='grc' dir='ltr'>καὶ</span> <span class='ocrx_word' id='word_1_242' title='bbox 3096 1577 3355 1643; x_wconf 84' lang='grc' dir='ltr'>γενναίως</span> <span class='ocrx_word' id='word_1_243' title='bbox 3387 1578 3452 1629; x_wconf 68' lang='grc' dir='ltr'>τὰ</span> <span class='ocrx_word' id='word_1_244' title='bbox 3503 1575 3651 1629; x_wconf 81' lang='grc' dir='ltr'>δεινά</span> <span class='ocrx_word' id='word_1_245' title='bbox 3707 1575 3874 1628; x_wconf 73' lang='grc' dir='ltr'>αὐτοῦ</span> 
     </span>
    </p>
   </div>
   <div class='ocr_carea' id='block_1_37' title="bbox 2302 1666 3875 1741">
    <p class='ocr_par' dir='ltr' id='par_1_37' title="bbox 2302 1666 3875 1741">
     <span class='ocr_line' id='line_1_37' title="bbox 2302 1666 3875 1741; baseline 0 -20"><span class='ocrx_word' id='word_1_246' title='bbox 2302 1667 2650 1741; x_wconf 76' lang='grc' dir='ltr'><strong>ἐλέγξουσιν·</strong></span> <span class='ocrx_word' id='word_1_247' title='bbox 2703 1667 2753 1719; x_wconf 79' lang='lat' dir='ltr'><strong>oi</strong></span> <span class='ocrx_word' id='word_1_248' title='bbox 2810 1666 3115 1735; x_wconf 78' lang='grc' dir='ltr'>φωστῆρες,</span> <span class='ocrx_word' id='word_1_249' title='bbox 3155 1667 3205 1718; x_wconf 86' lang='grc' dir='ltr'><strong>οί</strong></span> <span class='ocrx_word' id='word_1_250' title='bbox 3259 1667 3473 1735; x_wconf 81' lang='grc' dir='ltr'>ὡραῖοι,</span> <span class='ocrx_word' id='word_1_251' title='bbox 3525 1667 3576 1720; x_wconf 81' lang='lat' dir='ltr'><strong>oi</strong></span> <span class='ocrx_word' id='word_1_252' title='bbox 3627 1668 3875 1735; x_wconf 78' lang='grc' dir='ltr'>φίλτατοι</span> 
     </span>
    </p>
   </div>
   <div class='ocr_carea' id='block_1_38' title="bbox 2311 1755 3877 1828">
    <p class='ocr_par' dir='ltr' id='par_1_38' title="bbox 2311 1755 3877 1828">
     <span class='ocr_line' id='line_1_38' title="bbox 2311 1755 3877 1828; baseline -0.001 -18"><span class='ocrx_word' id='word_1_253' title='bbox 2311 1760 2667 1828; x_wconf 73' lang='grc' dir='ltr'>μαργαρῖται,</span> <span class='ocrx_word' id='word_1_254' title='bbox 2699 1758 2754 1808; x_wconf 84' lang='grc' dir='ltr'>αἱ</span> <span class='ocrx_word' id='word_1_255' title='bbox 2798 1755 3056 1828; x_wconf 5' lang='grc' dir='ltr'>,γλυκεῖαι</span> <span class='ocrx_word' id='word_1_256' title='bbox 3101 1757 3340 1826; x_wconf 79' lang='grc' dir='ltr'>καρδίαι,</span> <span class='ocrx_word' id='word_1_257' title='bbox 3381 1758 3474 1811; x_wconf 73' lang='grc' dir='ltr'>καὶ</span> <span class='ocrx_word' id='word_1_258' title='bbox 3522 1759 3752 1827; x_wconf 74' lang='grc' dir='ltr'>τερπναὶ</span> <span class='ocrx_word' id='word_1_259' title='bbox 3778 1757 3877 1809; x_wconf 74' lang='grc' dir='ltr'>καὶ</span> 
     </span>
    </p>
   </div>
   <div class='ocr_carea' id='block_1_39' title="bbox 2309 1827 3876 1919">
    <p class='ocr_par' dir='ltr' id='par_1_39' title="bbox 2309 1827 3876 1919">
     <span class='ocr_line' id='line_1_39' title="bbox 2309 1827 3876 1919; baseline -0.001 -18"><span class='ocrx_word' id='word_1_260' title='bbox 2309 1827 2648 1919; x_wconf 76' lang='grc' dir='ltr'>μελίρρυτοι,</span> <span class='ocrx_word' id='word_1_261' title='bbox 2681 1849 2775 1900; x_wconf 72' lang='grc' dir='ltr'>καὶ</span> <span class='ocrx_word' id='word_1_262' title='bbox 2796 1827 2918 1900; x_wconf 58' lang='grc' dir='ltr'>’ὅσοι</span> <span class='ocrx_word' id='word_1_263' title='bbox 2952 1849 3031 1910; x_wconf 88' lang='grc' dir='ltr'><strong>είς</strong></span> <span class='ocrx_word' id='word_1_264' title='bbox 3071 1848 3287 1916; x_wconf 84' lang='grc' dir='ltr'>Πατέρα</span> <span class='ocrx_word' id='word_1_265' title='bbox 3315 1850 3407 1901; x_wconf 77' lang='grc' dir='ltr'>καὶ</span> <span class='ocrx_word' id='word_1_266' title='bbox 3438 1849 3566 1902; x_wconf 82' lang='grc' dir='ltr'>Υίὸν</span> <span class='ocrx_word' id='word_1_267' title='bbox 3596 1855 3686 1901; x_wconf 70' lang='grc' dir='ltr'>καὶ</span> <span class='ocrx_word' id='word_1_268' title='bbox 3716 1851 3876 1915; x_wconf 84' lang='grc' dir='ltr'>ἆγιον</span> 
     </span>
    </p>
   </div>
   <div class='ocr_carea' id='block_1_40' title="bbox 2304 1940 3874 2011">
    <p class='ocr_par' dir='ltr' id='par_1_40' title="bbox 2304 1940 3874 2011">
     <span class='ocr_line' id='line_1_40' title="bbox 2304 1940 3874 2011; baseline 0.001 -18"><span class='ocrx_word' id='word_1_269' title='bbox 2304 1940 2547 2010; x_wconf 79' lang='grc' dir='ltr'>Πνεῦμα,</span> <span class='ocrx_word' id='word_1_270' title='bbox 2583 1941 2661 2002; x_wconf 84' lang='grc' dir='ltr'><strong>είς</strong></span> <span class='ocrx_word' id='word_1_271' title='bbox 2712 1940 2812 2010; x_wconf 76' lang='grc' dir='ltr'>τὴν</span> <span class='ocrx_word' id='word_1_272' title='bbox 2849 1940 3012 2007; x_wconf 86' lang='grc' dir='ltr'>ἁγίαν</span> <span class='ocrx_word' id='word_1_273' title='bbox 3058 1940 3152 1993; x_wconf 83' lang='grc' dir='ltr'>καὶ</span> <span class='ocrx_word' id='word_1_274' title='bbox 3204 1941 3487 2009; x_wconf 83' lang='grc' dir='ltr'>ὀμοούσιον</span> <span class='ocrx_word' id='word_1_275' title='bbox 3539 1941 3745 2008; x_wconf 82' lang='grc' dir='ltr'>Τριάδα</span> <span class='ocrx_word' id='word_1_276' title='bbox 3773 1942 3874 2011; x_wconf 70' lang='grc' dir='ltr'>τὴν</span> 
     </span>
    </p>
   </div>
   <div class='ocr_carea' id='block_1_41' title="bbox 2299 2029 3002 2094">
    <p class='ocr_par' dir='ltr' id='par_1_41' title="bbox 2299 2029 3002 2094">
     <span class='ocr_line' id='line_1_41' title="bbox 2299 2029 3002 2094; baseline 0 -12"><span class='ocrx_word' id='word_1_277' title='bbox 2299 2029 2583 2094; x_wconf 79' lang='grc' dir='ltr'>ζωοποιδν,</span> <span class='ocrx_word' id='word_1_278' title='bbox 2615 2029 3002 2082; x_wconf 83' lang='grc' dir='ltr'>πιστεύσωσιν.</span> 
     </span>
    </p>
   </div>
   <div class='ocr_carea' id='block_1_42' title="bbox 621 2123 3872 2195">
    <p class='ocr_par' dir='ltr' id='par_1_42' title="bbox 621 2123 3872 2195">
     <span class='ocr_line' id='line_1_42' title="bbox 621 2123 3872 2195; baseline -0.001 -16"><span class='ocrx_word' id='word_1_279' title='bbox 621 2128 696 2179; x_wconf 87' lang='lat' dir='ltr'><strong>uti</strong></span> <span class='ocrx_word' id='word_1_280' title='bbox 735 2137 788 2179; x_wconf 91' lang='lat' dir='ltr'><strong>et</strong></span> <span class='ocrx_word' id='word_1_281' title='bbox 833 2143 1022 2180; x_wconf 89' lang='lat' dir='ltr'><strong>omnes</strong></span> <span class='ocrx_word' id='word_1_282' title='bbox 1060 2128 1150 2194; x_wconf 89' lang='lat' dir='ltr'><strong>qui</strong></span> <span class='ocrx_word' id='word_1_283' title='bbox 1203 2133 1253 2195; x_wconf 79' lang='lat' dir='ltr'><strong>in</strong></span> <span class='ocrx_word' id='word_1_284' title='bbox 1300 2127 1515 2178; x_wconf 82' lang='lat' dir='ltr'><strong>l‘atrem</strong></span> <span class='ocrx_word' id='word_1_285' title='bbox 1545 2137 1596 2179; x_wconf 86' lang='lat' dir='ltr'><strong>et</strong></span> <span class='ocrx_word' id='word_1_286' title='bbox 1628 2126 1823 2178; x_wconf 82' lang='lat' dir='ltr'><strong>Filium</strong></span> <span class='ocrx_word' id='word_1_287' title='bbox 1868 2135 1920 2177; x_wconf 89' lang='lat' dir='ltr'><strong>et</strong></span> <span class='ocrx_word' id='word_1_288' title='bbox 1951 2132 2198 2178; x_wconf 88' lang='lat' dir='ltr'><strong>sanetum</strong></span> <span class='ocrx_word' id='word_1_289' title='bbox 2244 2123 2530 2192; x_wconf 85' lang='lat' dir='ltr'><strong>Spiritum,</strong></span> <span class='ocrx_word' id='word_1_290' title='bbox 2561 2131 2801 2177; x_wconf 84' lang='lat' dir='ltr'><strong>sanctam</strong></span> <span class='ocrx_word' id='word_1_291' title='bbox 2865 2131 2919 2175; x_wconf 91' lang='lat' dir='ltr'><strong>et</strong></span> <span class='ocrx_word' id='word_1_292' title='bbox 2979 2123 3492 2177; x_wconf 82' lang='lat' dir='ltr'><strong>coosubslautialem</strong></span> <span class='ocrx_word' id='word_1_293' title='bbox 3528 2125 3872 2191; x_wconf 81' lang='lat' dir='ltr'><strong>Trinitatem,</strong></span> 
     </span>
    </p>
   </div>
   <div class='ocr_carea' id='block_1_43' title="bbox 619 2217 1948 2286">
    <p class='ocr_par' dir='ltr' id='par_1_43' title="bbox 619 2217 1948 2286">
     <span class='ocr_line' id='line_1_43' title="bbox 619 2217 1948 2286; baseline 0 -18"><span class='ocrx_word' id='word_1_294' title='bbox 619 2235 750 2286; x_wconf 63' lang='lat' dir='ltr'><strong>qua:</strong></span> <span class='ocrx_word' id='word_1_295' title='bbox 789 2220 953 2271; x_wconf 87' lang='lat' dir='ltr'><strong>vitam</strong></span> <span class='ocrx_word' id='word_1_296' title='bbox 995 2219 1186 2271; x_wconf 88' lang='lat' dir='ltr'><strong>tribuit</strong></span> <span class='ocrx_word' id='word_1_297' title='bbox 1211 2220 1484 2279; x_wconf 91' lang='lat' dir='ltr'><strong>omnibus,</strong></span> <span class='ocrx_word' id='word_1_298' title='bbox 1518 2217 1776 2271; x_wconf 89' lang='lat' dir='ltr'><strong>credituri</strong></span> <span class='ocrx_word' id='word_1_299' title='bbox 1804 2225 1948 2272; x_wconf 90' lang='lat' dir='ltr'><strong>sunt.</strong></span> 
     </span>
    </p>
   </div>
   <div class='ocr_carea' id='block_1_44' title="bbox 689 2310 2194 2375">
    <p class='ocr_par' dir='ltr' id='par_1_44' title="bbox 689 2310 2194 2375">
     <span class='ocr_line' id='line_1_44' title="bbox 689 2310 2194 2375; baseline -0.005 -8"><span class='ocrx_word' id='word_1_300' title='bbox 689 2315 815 2368; x_wconf 71' lang='lat'><strong>228.</strong></span> <span class='ocrx_word' id='word_1_301' title='bbox 853 2312 1088 2365; x_wconf 88' lang='lat' dir='ltr'><strong>Sedebat</strong></span> <span class='ocrx_word' id='word_1_302' title='bbox 1129 2313 1319 2367; x_wconf 88' lang='lat' dir='ltr'><strong>beatus</strong></span> <span class='ocrx_word' id='word_1_303' title='bbox 1352 2311 1596 2365; x_wconf 65' lang='lat' dir='ltr'><strong>Andreas</strong></span> <span class='ocrx_word' id='word_1_304' title='bbox 1629 2327 1750 2364; x_wconf 92' lang='lat' dir='ltr'><strong>cum</strong></span> <span class='ocrx_word' id='word_1_305' title='bbox 1785 2311 1972 2364; x_wconf 67' lang='lat' dir='ltr'><strong>isthaec</strong></span> <span class='ocrx_word' id='word_1_306' title='bbox 2006 2310 2194 2375; x_wconf 85' lang='lat' dir='ltr'><strong>loque-</strong></span> 
     </span>
    </p>
   </div>
   <div class='ocr_carea' id='block_1_45' title="bbox 622 2401 2192 2471">
    <p class='ocr_par' dir='ltr' id='par_1_45' title="bbox 622 2401 2192 2471">
     <span class='ocr_line' id='line_1_45' title="bbox 622 2401 2192 2471; baseline -0.008 -12"><span class='ocrx_word' id='word_1_307' title='bbox 622 2414 822 2459; x_wconf 85' lang='lat' dir='ltr'><strong>retur:</strong></span> <span class='ocrx_word' id='word_1_308' title='bbox 877 2401 1217 2471; x_wconf 80' lang='lat' dir='ltr'><strong>Epiphanius</strong></span> <span class='ocrx_word' id='word_1_309' title='bbox 1276 2417 1402 2455; x_wconf 85' lang='lat' dir='ltr'><strong>vero</strong></span> <span class='ocrx_word' id='word_1_310' title='bbox 1450 2403 1712 2463; x_wconf 89' lang='lat' dir='ltr'><strong>audiens,</strong></span> <span class='ocrx_word' id='word_1_311' title='bbox 1770 2415 1890 2469; x_wconf 66' lang='lat' dir='ltr'><strong>qua:</strong></span> <span class='ocrx_word' id='word_1_312' title='bbox 1938 2408 2192 2452; x_wconf 86' lang='lat' dir='ltr'><strong>eventura</strong></span> 
     </span>
    </p>
   </div>
   <div class='ocr_carea' id='block_1_46' title="bbox 620 2489 2195 2560">
    <p class='ocr_par' dir='ltr' id='par_1_46' title="bbox 620 2489 2195 2560">
     <span class='ocr_line' id='line_1_46' title="bbox 620 2489 2195 2560; baseline -0.007 -11"><span class='ocrx_word' id='word_1_313' title='bbox 620 2504 776 2549; x_wconf 85' lang='lat' dir='ltr'><strong>erant</strong></span> <span class='ocrx_word' id='word_1_314' title='bbox 817 2498 1072 2548; x_wconf 88' lang='lat' dir='ltr'><strong>universo</strong></span> <span class='ocrx_word' id='word_1_315' title='bbox 1111 2493 1314 2546; x_wconf 92' lang='lat' dir='ltr'><strong>mundo</strong></span> <span class='ocrx_word' id='word_1_316' title='bbox 1356 2531 1370 2555; x_wconf 97' lang='lat'><strong>,</strong></span> <span class='ocrx_word' id='word_1_317' title='bbox 1417 2493 1660 2559; x_wconf 82' lang='lat' dir='ltr'><strong>plorabat</strong></span> <span class='ocrx_word' id='word_1_318' title='bbox 1689 2507 1751 2544; x_wconf 91' lang='lat' dir='ltr'><strong>ac</strong></span> <span class='ocrx_word' id='word_1_319' title='bbox 1784 2491 2018 2560; x_wconf 69' lang='lat' dir='ltr'><strong>graiitcr</strong></span> <span class='ocrx_word' id='word_1_320' title='bbox 2049 2489 2195 2557; x_wconf 82' lang='lat' dir='ltr'><strong>inge-</strong></span> 
     </span>
    </p>
   </div>
   <div class='ocr_carea' id='block_1_47' title="bbox 622 2583 2198 2653">
    <p class='ocr_par' dir='ltr' id='par_1_47' title="bbox 622 2583 2198 2653">
     <span class='ocr_line' id='line_1_47' title="bbox 622 2583 2198 2653; baseline -0.004 -13"><span class='ocrx_word' id='word_1_321' title='bbox 622 2589 924 2646; x_wconf 76' lang='lat' dir='ltr'><strong>miscebat,</strong></span> <span class='ocrx_word' id='word_1_322' title='bbox 963 2588 1040 2640; x_wconf 92' lang='lat' dir='ltr'><strong>uti</strong></span> <span class='ocrx_word' id='word_1_323' title='bbox 1092 2587 1295 2653; x_wconf 66' lang='lat' dir='ltr'><strong>Sil&#39;pitls</strong></span> <span class='ocrx_word' id='word_1_324' title='bbox 1329 2587 1534 2638; x_wconf 88' lang='lat' dir='ltr'><strong>dictum</strong></span> <span class='ocrx_word' id='word_1_325' title='bbox 1564 2595 1665 2648; x_wconf 76' lang='lat' dir='ltr'><strong>est,</strong></span> <span class='ocrx_word' id='word_1_326' title='bbox 1706 2585 1871 2637; x_wconf 87' lang='lat' dir='ltr'><strong>multa</strong></span> <span class='ocrx_word' id='word_1_327' title='bbox 1908 2583 2198 2635; x_wconf 88' lang='lat' dir='ltr'><strong>commisc-</strong></span> 
     </span>
    </p>
   </div>
   <div class='ocr_carea' id='block_1_48' title="bbox 623 2671 2195 2732">
    <p class='ocr_par' dir='ltr' id='par_1_48' title="bbox 623 2671 2195 2732">
     <span class='ocr_line' id='line_1_48' title="bbox 623 2671 2195 2732; baseline -0.003 -2"><span class='ocrx_word' id='word_1_328' title='bbox 623 2680 832 2730; x_wconf 82' lang='lat' dir='ltr'><strong>ratione</strong></span> <span class='ocrx_word' id='word_1_329' title='bbox 863 2686 1061 2732; x_wconf 89' lang='lat' dir='ltr'><strong>tactus.</strong></span> <span class='ocrx_word' id='word_1_330' title='bbox 1097 2678 1301 2731; x_wconf 88' lang='lat' dir='ltr'><strong>Deinde</strong></span> <span class='ocrx_word' id='word_1_331' title='bbox 1334 2679 1413 2730; x_wconf 85' lang='lat' dir='ltr'><strong>sic</strong></span> <span class='ocrx_word' id='word_1_332' title='bbox 1455 2675 1723 2728; x_wconf 76' lang='lat' dir='ltr'><strong>Andream</strong></span> <span class='ocrx_word' id='word_1_333' title='bbox 1749 2674 1947 2727; x_wconf 75' lang='lat' dir='ltr'><strong>aﬂ‘atur</strong></span> <span class='ocrx_word' id='word_1_334' title='bbox 1981 2691 1994 2725; x_wconf 90' lang='lat'><strong>:</strong></span> <span class='ocrx_word' id='word_1_335' title='bbox 2036 2671 2195 2725; x_wconf 80' lang='lat' dir='ltr'><strong>Edis-</strong></span> 
     </span>
    </p>
   </div>
   <div class='ocr_carea' id='block_1_49' title="bbox 622 2767 2190 2840">
    <p class='ocr_par' dir='ltr' id='par_1_49' title="bbox 622 2767 2190 2840">
     <span class='ocr_line' id='line_1_49' title="bbox 622 2767 2190 2840; baseline -0.005 -18"><span class='ocrx_word' id='word_1_336' title='bbox 622 2784 764 2833; x_wconf 82' lang='lat' dir='ltr'><strong>sere,</strong></span> <span class='ocrx_word' id='word_1_337' title='bbox 787 2785 994 2840; x_wconf 68' lang='lat' dir='ltr'><strong>quazso,</strong></span> <span class='ocrx_word' id='word_1_338' title='bbox 1035 2770 1206 2834; x_wconf 91' lang='lat' dir='ltr'><strong>mihi,</strong></span> <span class='ocrx_word' id='word_1_339' title='bbox 1238 2769 1430 2822; x_wconf 89' lang='lat' dir='ltr'><strong>amabo</strong></span> <span class='ocrx_word' id='word_1_340' title='bbox 1462 2778 1531 2828; x_wconf 88' lang='lat' dir='ltr'><strong>te,</strong></span> <span class='ocrx_word' id='word_1_341' title='bbox 1557 2782 1664 2834; x_wconf 88' lang='lat' dir='ltr'><strong>quo</strong></span> <span class='ocrx_word' id='word_1_342' title='bbox 1704 2777 1859 2835; x_wconf 73' lang='lat' dir='ltr'><strong>pacto</strong></span> <span class='ocrx_word' id='word_1_343' title='bbox 1880 2767 2190 2818; x_wconf 86' lang='lat' dir='ltr'><strong>universum</strong></span> 
     </span>
    </p>
   </div>
   <div class='ocr_carea' id='block_1_50' title="bbox 625 2853 2190 2928">
    <p class='ocr_par' dir='ltr' id='par_1_50' title="bbox 625 2853 2190 2928">
     <span class='ocr_line' id='line_1_50' title="bbox 625 2853 2190 2928; baseline -0.004 -17"><span class='ocrx_word' id='word_1_344' title='bbox 625 2875 795 2928; x_wconf 68' lang='lat' dir='ltr'><strong>genus</strong></span> <span class='ocrx_word' id='word_1_345' title='bbox 854 2859 1154 2912; x_wconf 87' lang='lat' dir='ltr'><strong>humanum</strong></span> <span class='ocrx_word' id='word_1_346' title='bbox 1204 2875 1233 2912; x_wconf 90' lang='lat' dir='ltr'><strong>e</strong></span> <span class='ocrx_word' id='word_1_347' title='bbox 1285 2860 1444 2913; x_wconf 89' lang='lat' dir='ltr'><strong>terris</strong></span> <span class='ocrx_word' id='word_1_348' title='bbox 1504 2858 1838 2919; x_wconf 88' lang='lat' dir='ltr'><strong>tollendum,</strong></span> <span class='ocrx_word' id='word_1_349' title='bbox 1898 2863 2063 2923; x_wconf 88' lang='lat' dir='ltr'><strong>atque</strong></span> <span class='ocrx_word' id='word_1_350' title='bbox 2121 2853 2190 2905; x_wconf 91' lang='lat' dir='ltr'><strong>ita</strong></span> 
     </span>
    </p>
   </div>
   <div class='ocr_carea' id='block_1_51' title="bbox 623 2945 2194 3005">
    <p class='ocr_par' dir='ltr' id='par_1_51' title="bbox 623 2945 2194 3005">
     <span class='ocr_line' id='line_1_51' title="bbox 623 2945 2194 3005; baseline -0.004 -3"><span class='ocrx_word' id='word_1_351' title='bbox 623 2951 818 3005; x_wconf 85' lang='lat' dir='ltr'><strong>deinde</strong></span> <span class='ocrx_word' id='word_1_352' title='bbox 874 2961 1310 3004; x_wconf 78' lang='lat' dir='ltr'><strong>resurrecturum</strong></span> <span class='ocrx_word' id='word_1_353' title='bbox 1365 2951 1458 3004; x_wconf 88' lang='lat' dir='ltr'><strong>sit.</strong></span> <span class='ocrx_word' id='word_1_354' title='bbox 1519 2949 1617 3002; x_wconf 79' lang='lat' dir='ltr'><strong>Cui</strong></span> <span class='ocrx_word' id='word_1_355' title='bbox 1677 2950 1908 3001; x_wconf 82' lang='lat' dir='ltr'><strong>Sanetus</strong></span> <span class='ocrx_word' id='word_1_356' title='bbox 1957 2963 1970 2998; x_wconf 89' lang='lat'><strong>:</strong></span> <span class='ocrx_word' id='word_1_357' title='bbox 2045 2945 2194 2997; x_wconf 89' lang='lat' dir='ltr'><strong>Alios</strong></span> 
     </span>
    </p>
   </div>
   <div class='ocr_carea' id='block_1_52' title="bbox 2365 2298 3870 2379">
    <p class='ocr_par' dir='ltr' id='par_1_52' title="bbox 2365 2298 3870 2379">
     <span class='ocr_line' id='line_1_52' title="bbox 2365 2298 3870 2379; baseline 0.007 -25"><span class='ocrx_word' id='word_1_358' title='bbox 2365 2300 2504 2371; x_wconf 86' lang='grc' dir='ltr'>σκη’.</span> <span class='ocrx_word' id='word_1_359' title='bbox 2524 2298 2711 2355; x_wconf 84' lang='grc' dir='ltr'>Ταῦτα</span> <span class='ocrx_word' id='word_1_360' title='bbox 2732 2300 2823 2353; x_wconf 92' lang='grc' dir='ltr'><strong>τοῦ</strong></span> <span class='ocrx_word' id='word_1_361' title='bbox 2857 2301 3123 2372; x_wconf 82' lang='grc' dir='ltr'>μακαρίου</span> <span class='ocrx_word' id='word_1_362' title='bbox 3164 2303 3525 2373; x_wconf 75' lang='grc' dir='ltr'>καθεζομένου</span> <span class='ocrx_word' id='word_1_363' title='bbox 3567 2309 3658 2360; x_wconf 80' lang='grc' dir='ltr'><strong>καὶ</strong></span> <span class='ocrx_word' id='word_1_364' title='bbox 3679 2309 3870 2379; x_wconf 79' lang='grc' dir='ltr'>λέγον·</span> 
     </span>
    </p>
   </div>
   <div class='ocr_carea' id='block_1_53' title="bbox 2293 2393 3875 2466">
    <p class='ocr_par' dir='ltr' id='par_1_53' title="bbox 2293 2393 3875 2466">
     <span class='ocr_line' id='line_1_53' title="bbox 2293 2393 3875 2466; baseline 0.013 -30"><span class='ocrx_word' id='word_1_365' title='bbox 2293 2411 2403 2456; x_wconf 72' lang='grc' dir='ltr'><strong>τος,</strong></span> <span class='ocrx_word' id='word_1_366' title='bbox 2455 2393 2772 2460; x_wconf 76' lang='grc' dir='ltr'>Ἐπιιρανίου</span> <span class='ocrx_word' id='word_1_367' title='bbox 2803 2393 2858 2444; x_wconf 82' lang='grc' dir='ltr'><strong>δὲ</strong></span> <span class='ocrx_word' id='word_1_368' title='bbox 2904 2393 3190 2455; x_wconf 73' lang='grc' dir='ltr'>ἀκούοντος</span> <span class='ocrx_word' id='word_1_369' title='bbox 3220 2395 3287 2446; x_wconf 75' lang='grc' dir='ltr'>τὰ</span> <span class='ocrx_word' id='word_1_370' title='bbox 3332 2397 3590 2464; x_wconf 84' lang='grc' dir='ltr'>μέλλοντα</span> <span class='ocrx_word' id='word_1_371' title='bbox 3621 2403 3875 2466; x_wconf 75' lang='grc' dir='ltr'>γενέσθαι</span> 
     </span>
    </p>
   </div>
   <div class='ocr_carea' id='block_1_54' title="bbox 2295 2484 3872 2563">
    <p class='ocr_par' dir='ltr' id='par_1_54' title="bbox 2295 2484 3872 2563">
     <span class='ocr_line' id='line_1_54' title="bbox 2295 2484 3872 2563; baseline 0.007 -28"><span class='ocrx_word' id='word_1_372' title='bbox 2295 2484 2432 2535; x_wconf 78' lang='grc' dir='ltr'>κατὰ</span> <span class='ocrx_word' id='word_1_373' title='bbox 2456 2485 2552 2554; x_wconf 81' lang='grc' dir='ltr'>τὴν</span> <span class='ocrx_word' id='word_1_374' title='bbox 2584 2484 2927 2554; x_wconf 76' lang='grc' dir='ltr'>οἰκουμένην,</span> <span class='ocrx_word' id='word_1_375' title='bbox 2961 2485 3179 2554; x_wconf 76' lang='grc' dir='ltr'>ἐθρήνει</span> <span class='ocrx_word' id='word_1_376' title='bbox 3209 2487 3270 2537; x_wconf 79' lang='grc' dir='ltr'>ἐκ</span> <span class='ocrx_word' id='word_1_377' title='bbox 3307 2486 3513 2555; x_wconf 77' lang='grc' dir='ltr'>βαθέων</span> <span class='ocrx_word' id='word_1_378' title='bbox 3530 2494 3872 2563; x_wconf 73' lang='grc' dir='ltr'>στεναγμῶν,</span> 
     </span>
    </p>
   </div>
   <div class='ocr_carea' id='block_1_55' title="bbox 2297 2579 3870 2655">
    <p class='ocr_par' dir='ltr' id='par_1_55' title="bbox 2297 2579 3870 2655">
     <span class='ocr_line' id='line_1_55' title="bbox 2297 2579 3870 2655; baseline 0.008 -25"><span class='ocrx_word' id='word_1_379' title='bbox 2297 2579 2478 2641; x_wconf 83' lang='grc' dir='ltr'>καθὼς</span> <span class='ocrx_word' id='word_1_380' title='bbox 2498 2579 2754 2641; x_wconf 75' lang='grc' dir='ltr'>πολλάκις</span> <span class='ocrx_word' id='word_1_381' title='bbox 2775 2579 3007 2648; x_wconf 75' lang='grc' dir='ltr'>εἴρηται,</span> <span class='ocrx_word' id='word_1_382' title='bbox 3022 2581 3160 2647; x_wconf 73' lang='grc' dir='ltr'>ἄγιν</span> <span class='ocrx_word' id='word_1_383' title='bbox 3176 2583 3461 2652; x_wconf 83' lang='grc' dir='ltr'>συμπαθὴς</span> <span class='ocrx_word' id='word_1_384' title='bbox 3481 2586 3870 2655; x_wconf 72' lang='grc' dir='ltr'><strong>ἐχρημάτιζεν.</strong></span> 
     </span>
    </p>
   </div>
   <div class='ocr_carea' id='block_1_56' title="bbox 2305 2669 3871 2748">
    <p class='ocr_par' dir='ltr' id='par_1_56' title="bbox 2305 2669 3871 2748">
     <span class='ocr_line' id='line_1_56' title="bbox 2305 2669 3871 2748; baseline 0.006 -28"><span class='ocrx_word' id='word_1_385' title='bbox 2305 2669 2435 2720; x_wconf 76' lang='grc' dir='ltr'>Εἶτα</span> <span class='ocrx_word' id='word_1_386' title='bbox 2485 2670 2633 2736; x_wconf 81' lang='grc' dir='ltr'>λέγει</span> <span class='ocrx_word' id='word_1_387' title='bbox 2680 2671 2814 2737; x_wconf 71' lang='grc' dir='ltr'>πρὸς</span> <span class='ocrx_word' id='word_1_388' title='bbox 2871 2671 2960 2723; x_wconf 80' lang='grc' dir='ltr'>τὸν</span> <span class='ocrx_word' id='word_1_389' title='bbox 2993 2671 3171 2724; x_wconf 70' lang='grc' dir='ltr'>ὅσιονο</span> <span class='ocrx_word' id='word_1_390' title='bbox 3215 2675 3413 2741; x_wconf 78' lang='grc' dir='ltr'>Δέομαί</span> <span class='ocrx_word' id='word_1_391' title='bbox 3445 2692 3557 2738; x_wconf 92' lang='grc' dir='ltr'>σου,</span> <span class='ocrx_word' id='word_1_392' title='bbox 3605 2679 3723 2730; x_wconf 87' lang='grc' dir='ltr'>είπέ</span> <span class='ocrx_word' id='word_1_393' title='bbox 3755 2697 3871 2748; x_wconf 78' lang='grc' dir='ltr'>μοι,</span> 
     </span>
    </p>
   </div>
   <div class='ocr_carea' id='block_1_57' title="bbox 2305 2761 3872 2837">
    <p class='ocr_par' dir='ltr' id='par_1_57' title="bbox 2305 2761 3872 2837">
     <span class='ocr_line' id='line_1_57' title="bbox 2305 2761 3872 2837; baseline 0.007 -25"><span class='ocrx_word' id='word_1_394' title='bbox 2305 2763 2418 2824; x_wconf 81' lang='grc' dir='ltr'><strong>πῶς</strong></span> <span class='ocrx_word' id='word_1_395' title='bbox 2467 2762 2650 2829; x_wconf 80' lang='grc' dir='ltr'>μέλλει</span> <span class='ocrx_word' id='word_1_396' title='bbox 2681 2762 2787 2813; x_wconf 75' lang='grc' dir='ltr'><strong>ἀπὸ</strong></span> <span class='ocrx_word' id='word_1_397' title='bbox 2816 2761 2914 2830; x_wconf 80' lang='grc' dir='ltr'>τῆς</span> <span class='ocrx_word' id='word_1_398' title='bbox 2955 2766 3058 2832; x_wconf 76' lang='grc' dir='ltr'>γῆς</span> <span class='ocrx_word' id='word_1_399' title='bbox 3092 2763 3488 2835; x_wconf 80' lang='grc' dir='ltr'>ἁπαλειφθῆναι</span> <span class='ocrx_word' id='word_1_400' title='bbox 3523 2769 3553 2837; x_wconf 73' lang='grc' dir='ltr'>ἡ</span> <span class='ocrx_word' id='word_1_401' title='bbox 3583 2770 3872 2835; x_wconf 74' lang='grc' dir='ltr'>ἀνθρωπό-</span> 
     </span>
    </p>
   </div>
   <div class='ocr_carea' id='block_1_58' title="bbox 2301 2850 3868 2927">
    <p class='ocr_par' dir='ltr' id='par_1_58' title="bbox 2301 2850 3868 2927">
     <span class='ocr_line' id='line_1_58' title="bbox 2301 2850 3868 2927; baseline 0.008 -26"><span class='ocrx_word' id='word_1_402' title='bbox 2301 2868 2422 2918; x_wconf 87' lang='grc' dir='ltr'>της,</span> <span class='ocrx_word' id='word_1_403' title='bbox 2458 2851 2553 2902; x_wconf 77' lang='grc' dir='ltr'>καὶ</span> <span class='ocrx_word' id='word_1_404' title='bbox 2579 2850 2719 2903; x_wconf 66' lang='grc' dir='ltr'>οὕτω</span> <span class='ocrx_word' id='word_1_405' title='bbox 2747 2851 2999 2916; x_wconf 85' lang='grc' dir='ltr'>γενέσθαι</span> <span class='ocrx_word' id='word_1_406' title='bbox 3048 2854 3079 2922; x_wconf 76' lang='grc' dir='ltr'><strong>ἠ</strong></span> <span class='ocrx_word' id='word_1_407' title='bbox 3121 2855 3446 2920; x_wconf 70' lang='grc' dir='ltr'>ἀνάστασιςς</span> <span class='ocrx_word' id='word_1_408' title='bbox 3478 2860 3620 2927; x_wconf 77' lang='grc' dir='ltr'>Ἔφη</span> <span class='ocrx_word' id='word_1_409' title='bbox 3650 2864 3676 2913; x_wconf 79' lang='grc' dir='ltr'><strong>ὀ</strong></span> <span class='ocrx_word' id='word_1_410' title='bbox 3697 2863 3868 2927; x_wconf 82' lang='grc' dir='ltr'>ὅσιος·</span> 
     </span>
    </p>
   </div>
   <div class='ocr_carea' id='block_1_59' title="bbox 2302 2942 3869 3016">
    <p class='ocr_par' dir='ltr' id='par_1_59' title="bbox 2302 2942 3869 3016">
     <span class='ocr_line' id='line_1_59' title="bbox 2302 2942 3869 3016; baseline 0.01 -24"><span class='ocrx_word' id='word_1_411' title='bbox 2302 2942 2437 3003; x_wconf 73' lang='grc' dir='ltr'>Τοὺς</span> <span class='ocrx_word' id='word_1_412' title='bbox 2470 2942 2568 3010; x_wconf 76' lang='grc' dir='ltr'>μὲν</span> <span class='ocrx_word' id='word_1_413' title='bbox 2591 2943 2658 2995; x_wconf 87' lang='grc' dir='ltr'><strong>τά</strong></span> <span class='ocrx_word' id='word_1_414' title='bbox 2687 2943 2906 3012; x_wconf 81' lang='grc' dir='ltr'>μυσαρά</span> <span class='ocrx_word' id='word_1_415' title='bbox 2931 2944 3054 3013; x_wconf 73' lang='grc' dir='ltr'>ἔθνη</span> <span class='ocrx_word' id='word_1_416' title='bbox 3083 2946 3306 3014; x_wconf 74' lang='grc' dir='ltr'>ἥκουσιν</span> <span class='ocrx_word' id='word_1_417' title='bbox 3334 2949 3633 3013; x_wconf 72' lang='grc' dir='ltr'>ἀναλῶσαι,</span> <span class='ocrx_word' id='word_1_418' title='bbox 3660 2953 3784 3016; x_wconf 85' lang='grc' dir='ltr'>τοὺς</span> <span class='ocrx_word' id='word_1_419' title='bbox 3809 2957 3869 3008; x_wconf 73' lang='grc' dir='ltr'><strong>δὲ</strong></span> 
     </span>
    </p>
   </div>
   <div class='ocr_carea' id='block_1_60' title="bbox 621 3029 2193 3111">
    <p class='ocr_par' dir='ltr' id='par_1_60' title="bbox 621 3037 2190 3111">
     <span class='ocr_line' id='line_1_60' title="bbox 621 3037 2190 3111; baseline -0.003 -20"><span class='ocrx_word' id='word_1_420' title='bbox 621 3043 837 3110; x_wconf 86' lang='lat' dir='ltr'><strong>quidem</strong></span> <span class='ocrx_word' id='word_1_421' title='bbox 903 3043 1185 3106; x_wconf 71' lang='lat' dir='ltr'><strong>nefandae,</strong></span> <span class='ocrx_word' id='word_1_422' title='bbox 1231 3057 1371 3111; x_wconf 87' lang='lat' dir='ltr'><strong>quos</strong></span> <span class='ocrx_word' id='word_1_423' title='bbox 1427 3042 1535 3094; x_wconf 75' lang='lat' dir='ltr'><strong>dixi</strong></span> <span class='ocrx_word' id='word_1_424' title='bbox 1566 3080 1581 3103; x_wconf 96' lang='lat'><strong>,</strong></span> <span class='ocrx_word' id='word_1_425' title='bbox 1625 3048 1809 3109; x_wconf 80' lang='lat' dir='ltr'><strong>gentes</strong></span> <span class='ocrx_word' id='word_1_426' title='bbox 1869 3037 2190 3099; x_wconf 89' lang='lat' dir='ltr'><strong>conlicient;</strong></span> 
     </span>
    </p>
   </div>
   <div class='ocr_carea' id='block_1_61' title="bbox 2298 3029 3872 3111">
    <p class='ocr_par' dir='ltr' id='par_1_61' title="bbox 2298 3034 3872 3108">
     <span class='ocr_line' id='line_1_61' title="bbox 2298 3034 3872 3108; baseline 0.01 -25"><span class='ocrx_word' id='word_1_427' title='bbox 2298 3034 2354 3085; x_wconf 82' lang='grc' dir='ltr'>ἐν</span> <span class='ocrx_word' id='word_1_428' title='bbox 2384 3036 2495 3096; x_wconf 88' lang='grc' dir='ltr'>τοῖς</span> <span class='ocrx_word' id='word_1_429' title='bbox 2532 3034 2886 3096; x_wconf 77' lang='grc' dir='ltr'>πυκνοτάτοις</span> <span class='ocrx_word' id='word_1_430' title='bbox 2911 3035 3093 3098; x_wconf 82' lang='grc' dir='ltr'>τόποις</span> <span class='ocrx_word' id='word_1_431' title='bbox 3122 3038 3210 3088; x_wconf 83' lang='grc' dir='ltr'>καὶ</span> <span class='ocrx_word' id='word_1_432' title='bbox 3235 3039 3492 3108; x_wconf 75' lang='grc' dir='ltr'>πολέμοις</span> <span class='ocrx_word' id='word_1_433' title='bbox 3523 3041 3872 3098; x_wconf 74' lang='grc' dir='ltr'>θανατώσου-</span> 
     </span>
    </p>
   </div>
   <div class='ocr_carea' id='block_1_62' title="bbox 623 3131 2195 3188">
    <p class='ocr_par' dir='ltr' id='par_1_62' title="bbox 623 3131 2195 3188">
     <span class='ocr_line' id='line_1_62' title="bbox 623 3131 2195 3188; baseline -0.004 -3"><span class='ocrx_word' id='word_1_434' title='bbox 623 3135 762 3186; x_wconf 83' lang='lat' dir='ltr'><strong>alios</strong></span> <span class='ocrx_word' id='word_1_435' title='bbox 797 3134 850 3186; x_wconf 91' lang='lat' dir='ltr'><strong>in</strong></span> <span class='ocrx_word' id='word_1_436' title='bbox 883 3135 1136 3188; x_wconf 86' lang='lat' dir='ltr'><strong>obscuris</strong></span> <span class='ocrx_word' id='word_1_437' title='bbox 1177 3135 1310 3188; x_wconf 86' lang='lat' dir='ltr'><strong>locis</strong></span> <span class='ocrx_word' id='word_1_438' title='bbox 1350 3143 1404 3186; x_wconf 81' lang='lat' dir='ltr'><strong>et</strong></span> <span class='ocrx_word' id='word_1_439' title='bbox 1434 3133 1590 3186; x_wconf 84' lang='lat' dir='ltr'><strong>hellis</strong></span> <span class='ocrx_word' id='word_1_440' title='bbox 1623 3131 1892 3184; x_wconf 82' lang='lat' dir='ltr'><strong>necabunt</strong></span> <span class='ocrx_word' id='word_1_441' title='bbox 1924 3145 1937 3182; x_wconf 89' lang='lat'>:</span> <span class='ocrx_word' id='word_1_442' title='bbox 1971 3139 2195 3182; x_wconf 66' lang='lat' dir='ltr'><strong>caeteros</strong></span> 
     </span>
    </p>
   </div>
   <div class='ocr_carea' id='block_1_63' title="bbox 625 3221 2194 3286">
    <p class='ocr_par' dir='ltr' id='par_1_63' title="bbox 625 3221 2194 3286">
     <span class='ocr_line' id='line_1_63' title="bbox 625 3221 2194 3286; baseline -0.004 -10"><span class='ocrx_word' id='word_1_443' title='bbox 625 3225 825 3278; x_wconf 70' lang='lat' dir='ltr'><strong>tLhristi</strong></span> <span class='ocrx_word' id='word_1_444' title='bbox 859 3226 1043 3279; x_wconf 78' lang='lat' dir='ltr'><strong>ﬁdeles</strong></span> <span class='ocrx_word' id='word_1_445' title='bbox 1068 3226 1325 3279; x_wconf 86' lang='lat' dir='ltr'><strong>mactabit</strong></span> <span class='ocrx_word' id='word_1_446' title='bbox 1347 3225 1721 3278; x_wconf 82' lang='lat' dir='ltr'><strong>Anticliristus</strong></span> <span class='ocrx_word' id='word_1_447' title='bbox 1749 3241 1762 3276; x_wconf 74' lang='grc' dir='ltr'>ε</span> <span class='ocrx_word' id='word_1_448' title='bbox 1798 3223 1851 3274; x_wconf 91' lang='lat' dir='ltr'><strong>in</strong></span> <span class='ocrx_word' id='word_1_449' title='bbox 1881 3221 2040 3286; x_wconf 88' lang='lat' dir='ltr'><strong>hujus</strong></span> <span class='ocrx_word' id='word_1_450' title='bbox 2069 3233 2194 3270; x_wconf 68' lang='lat' dir='ltr'><strong>vero</strong></span> 
     </span>
    </p>
   </div>
   <div class='ocr_carea' id='block_1_64' title="bbox 623 3308 2192 3373">
    <p class='ocr_par' dir='ltr' id='par_1_64' title="bbox 623 3308 2192 3373">
     <span class='ocr_line' id='line_1_64' title="bbox 623 3308 2192 3373; baseline -0.006 -3"><span class='ocrx_word' id='word_1_451' title='bbox 623 3319 859 3373; x_wconf 85' lang='lat' dir='ltr'><strong>asseclas</strong></span> <span class='ocrx_word' id='word_1_452' title='bbox 899 3329 953 3371; x_wconf 89' lang='lat' dir='ltr'><strong>et</strong></span> <span class='ocrx_word' id='word_1_453' title='bbox 997 3331 1290 3372; x_wconf 84' lang='lat' dir='ltr'><strong>sectatores</strong></span> <span class='ocrx_word' id='word_1_454' title='bbox 1341 3318 1592 3371; x_wconf 85' lang='lat' dir='ltr'><strong>immittet</strong></span> <span class='ocrx_word' id='word_1_455' title='bbox 1646 3308 1907 3368; x_wconf 84' lang='lat' dir='ltr'><strong>Dominus</strong></span> <span class='ocrx_word' id='word_1_456' title='bbox 1939 3311 2192 3365; x_wconf 89' lang='lat' dir='ltr'><strong>animalia</strong></span> 
     </span>
    </p>
   </div>
   <div class='ocr_carea' id='block_1_65' title="bbox 625 3404 2260 3484">
    <p class='ocr_par' dir='ltr' id='par_1_65' title="bbox 625 3404 2260 3484">
     <span class='ocr_line' id='line_1_65' title="bbox 625 3404 2260 3484; baseline -0.006 -22"><span class='ocrx_word' id='word_1_457' title='bbox 625 3412 858 3464; x_wconf 62' lang='lat' dir='ltr'><strong>solantia</strong></span> <span class='ocrx_word' id='word_1_458' title='bbox 885 3452 902 3477; x_wconf 90' lang='lat'><strong>,</strong></span> <span class='ocrx_word' id='word_1_459' title='bbox 943 3411 1009 3464; x_wconf 89' lang='lat' dir='ltr'><strong>de</strong></span> <span class='ocrx_word' id='word_1_460' title='bbox 1043 3411 1242 3475; x_wconf 88' lang='lat' dir='ltr'><strong>quibus</strong></span> <span class='ocrx_word' id='word_1_461' title='bbox 1288 3408 1538 3462; x_wconf 81' lang='lat' dir='ltr'><strong>Ezechiel</strong></span> <span class='ocrx_word' id='word_1_462' title='bbox 1564 3446 1578 3467; x_wconf 86' lang='lat'><strong>,</strong></span> <span class='ocrx_word' id='word_1_463' title='bbox 1623 3408 1878 3459; x_wconf 81' lang='lat' dir='ltr'><strong>habentia</strong></span> <span class='ocrx_word' id='word_1_464' title='bbox 1917 3405 1969 3458; x_wconf 76' lang='lat' dir='ltr'><strong>in</strong></span> <span class='ocrx_word' id='word_1_465' title='bbox 2006 3404 2193 3458; x_wconf 85' lang='lat' dir='ltr'><strong>caudis</strong></span> <span class='ocrx_word' id='word_1_466' title='bbox 2247 3471 2260 3484; x_wconf 48' lang='lat'><em>.</em></span> 
     </span>
    </p>
   </div>
   <div class='ocr_carea' id='block_1_66' title="bbox 625 3497 2190 3566">
    <p class='ocr_par' dir='ltr' id='par_1_66' title="bbox 625 3497 2190 3566">
     <span class='ocr_line' id='line_1_66' title="bbox 625 3497 2190 3566; baseline -0.006 -10"><span class='ocrx_word' id='word_1_467' title='bbox 625 3505 739 3557; x_wconf 80' lang='lat' dir='ltr'><strong>suis</strong></span> <span class='ocrx_word' id='word_1_468' title='bbox 770 3505 928 3556; x_wconf 90' lang='lat' dir='ltr'><strong>boum</strong></span> <span class='ocrx_word' id='word_1_469' title='bbox 961 3502 1212 3556; x_wconf 83' lang='lat' dir='ltr'><strong>stimulos</strong></span> <span class='ocrx_word' id='word_1_470' title='bbox 1242 3516 1446 3554; x_wconf 67' lang='lat' dir='ltr'><strong>veneno</strong></span> <span class='ocrx_word' id='word_1_471' title='bbox 1475 3500 1701 3551; x_wconf 88' lang='lat' dir='ltr'><strong>inlectos</strong></span> <span class='ocrx_word' id='word_1_472' title='bbox 1736 3498 1881 3566; x_wconf 59' lang='lat'><strong>(45):</strong></span> <span class='ocrx_word' id='word_1_473' title='bbox 1911 3513 1939 3549; x_wconf 89' lang='lat' dir='ltr'><strong>a</strong></span> <span class='ocrx_word' id='word_1_474' title='bbox 1972 3497 2190 3563; x_wconf 83' lang='lat' dir='ltr'><strong>quibus,</strong></span> 
     </span>
    </p>
   </div>
   <div class='ocr_carea' id='block_1_67' title="bbox 622 3587 2190 3663">
    <p class='ocr_par' dir='ltr' id='par_1_67' title="bbox 622 3587 2190 3663">
     <span class='ocr_line' id='line_1_67' title="bbox 622 3587 2190 3663; baseline -0.006 -16"><span class='ocrx_word' id='word_1_475' title='bbox 622 3605 892 3663; x_wconf 84' lang='lat' dir='ltr'><strong>quotquot</strong></span> <span class='ocrx_word' id='word_1_476' title='bbox 953 3594 1189 3647; x_wconf 74' lang='lat' dir='ltr'><strong>salutare</strong></span> <span class='ocrx_word' id='word_1_477' title='bbox 1247 3602 1299 3644; x_wconf 91' lang='lat' dir='ltr'><strong>et</strong></span> <span class='ocrx_word' id='word_1_478' title='bbox 1362 3608 1544 3643; x_wconf 77' lang='lat' dir='ltr'><strong>verum</strong></span> <span class='ocrx_word' id='word_1_479' title='bbox 1600 3592 1800 3642; x_wconf 73' lang='lat' dir='ltr'><strong>Christi</strong></span> <span class='ocrx_word' id='word_1_480' title='bbox 1859 3590 2072 3658; x_wconf 76' lang='lat' dir='ltr'><strong>signum</strong></span> <span class='ocrx_word' id='word_1_481' title='bbox 2141 3587 2190 3638; x_wconf 93' lang='lat' dir='ltr'><strong>in</strong></span> 
     </span>
    </p>
   </div>
   <div class='ocr_carea' id='block_1_68' title="bbox 625 3682 2192 3750">
    <p class='ocr_par' dir='ltr' id='par_1_68' title="bbox 625 3682 2192 3750">
     <span class='ocr_line' id='line_1_68' title="bbox 625 3682 2192 3750; baseline -0.006 -11"><span class='ocrx_word' id='word_1_482' title='bbox 625 3687 893 3739; x_wconf 77' lang='lat' dir='ltr'><strong>frontibus</strong></span> <span class='ocrx_word' id='word_1_483' title='bbox 946 3687 1061 3738; x_wconf 90' lang='lat' dir='ltr'><strong>suis</strong></span> <span class='ocrx_word' id='word_1_484' title='bbox 1111 3701 1217 3741; x_wconf 85' lang='lat' dir='ltr'><strong>non</strong></span> <span class='ocrx_word' id='word_1_485' title='bbox 1277 3685 1598 3742; x_wconf 81' lang='lat' dir='ltr'><strong>habuerint,</strong></span> <span class='ocrx_word' id='word_1_486' title='bbox 1649 3682 1828 3750; x_wconf 76' lang='lat' dir='ltr'><strong>puncti</strong></span> <span class='ocrx_word' id='word_1_487' title='bbox 1883 3693 2192 3745; x_wconf 80' lang='lat' dir='ltr'><strong>venenoque</strong></span> 
     </span>
    </p>
   </div>
   <div class='ocr_carea' id='block_1_69' title="bbox 623 3769 2188 3841">
    <p class='ocr_par' dir='ltr' id='par_1_69' title="bbox 623 3769 2188 3841">
     <span class='ocr_line' id='line_1_69' title="bbox 623 3769 2188 3841; baseline -0.007 -10"><span class='ocrx_word' id='word_1_488' title='bbox 623 3778 848 3839; x_wconf 79' lang='lat' dir='ltr'><strong>infecti,</strong></span> <span class='ocrx_word' id='word_1_489' title='bbox 895 3775 1244 3832; x_wconf 85' lang='lat' dir='ltr'><strong>acerbissima</strong></span> <span class='ocrx_word' id='word_1_490' title='bbox 1300 3789 1429 3827; x_wconf 88' lang='lat' dir='ltr'><strong>nece</strong></span> <span class='ocrx_word' id='word_1_491' title='bbox 1479 3774 1752 3841; x_wconf 88' lang='lat' dir='ltr'><strong>peribunt.</strong></span> <span class='ocrx_word' id='word_1_492' title='bbox 1803 3769 1957 3836; x_wconf 87' lang='lat' dir='ltr'><strong>Quod</strong></span> <span class='ocrx_word' id='word_1_493' title='bbox 2009 3771 2053 3823; x_wconf 88' lang='lat' dir='ltr'><strong>si</strong></span> <span class='ocrx_word' id='word_1_494' title='bbox 2099 3769 2188 3836; x_wconf 87' lang='lat' dir='ltr'><strong>qui</strong></span> 
     </span>
    </p>
   </div>
   <div class='ocr_carea' id='block_1_70' title="bbox 622 3860 2191 3930">
    <p class='ocr_par' dir='ltr' id='par_1_70' title="bbox 622 3860 2191 3930">
     <span class='ocr_line' id='line_1_70' title="bbox 622 3860 2191 3930; baseline -0.006 -8"><span class='ocrx_word' id='word_1_495' title='bbox 622 3871 785 3922; x_wconf 83' lang='lat' dir='ltr'><strong>etiam</strong></span> <span class='ocrx_word' id='word_1_496' title='bbox 831 3873 1172 3927; x_wconf 81' lang='lat' dir='ltr'><strong>Sanctorum,</strong></span> <span class='ocrx_word' id='word_1_497' title='bbox 1205 3864 1540 3926; x_wconf 81' lang='lat' dir='ltr'><strong>Anticluisto</strong></span> <span class='ocrx_word' id='word_1_498' title='bbox 1569 3862 1860 3930; x_wconf 48' lang='lat' dir='ltr'><strong>praeteriti,</strong></span> <span class='ocrx_word' id='word_1_499' title='bbox 1906 3861 1957 3912; x_wconf 91' lang='lat' dir='ltr'><strong>in</strong></span> <span class='ocrx_word' id='word_1_500' title='bbox 1999 3860 2191 3914; x_wconf 86' lang='lat' dir='ltr'><strong>solitu-</strong></span> 
     </span>
    </p>
   </div>
   <div class='ocr_carea' id='block_1_71' title="bbox 624 3949 2190 4017">
    <p class='ocr_par' dir='ltr' id='par_1_71' title="bbox 624 3949 2190 4017">
     <span class='ocr_line' id='line_1_71' title="bbox 624 3949 2190 4017; baseline -0.008 -4"><span class='ocrx_word' id='word_1_501' title='bbox 624 3959 843 4013; x_wconf 90' lang='lat' dir='ltr'><strong>dinibus</strong></span> <span class='ocrx_word' id='word_1_502' title='bbox 877 3959 1078 4012; x_wconf 80' lang='lat' dir='ltr'><strong>inventi</strong></span> <span class='ocrx_word' id='word_1_503' title='bbox 1126 3955 1326 4008; x_wconf 76' lang='lat' dir='ltr'><strong>fuerint</strong></span> <span class='ocrx_word' id='word_1_504' title='bbox 1352 3992 1366 4017; x_wconf 93' lang='lat'><strong>,</strong></span> <span class='ocrx_word' id='word_1_505' title='bbox 1419 3954 1492 4005; x_wconf 88' lang='lat' dir='ltr'><strong>illi</strong></span> <span class='ocrx_word' id='word_1_506' title='bbox 1537 3969 1723 4006; x_wconf 89' lang='lat' dir='ltr'><strong>omnes</strong></span> <span class='ocrx_word' id='word_1_507' title='bbox 1754 3951 1919 4004; x_wconf 89' lang='lat' dir='ltr'><strong>divini</strong></span> <span class='ocrx_word' id='word_1_508' title='bbox 1955 3949 2190 4017; x_wconf 81' lang='lat' dir='ltr'><strong>Spiritus</strong></span> 
     </span>
    </p>
   </div>
   <div class='ocr_carea' id='block_1_72' title="bbox 626 4043 2187 4112">
    <p class='ocr_par' dir='ltr' id='par_1_72' title="bbox 626 4043 2187 4112">
     <span class='ocr_line' id='line_1_72' title="bbox 626 4043 2187 4112; baseline -0.008 -10"><span class='ocrx_word' id='word_1_509' title='bbox 626 4055 822 4104; x_wconf 86' lang='lat' dir='ltr'><strong>virtute</strong></span> <span class='ocrx_word' id='word_1_510' title='bbox 845 4051 900 4103; x_wconf 92' lang='lat' dir='ltr'><strong>in</strong></span> <span class='ocrx_word' id='word_1_511' title='bbox 933 4058 1180 4102; x_wconf 88' lang='lat' dir='ltr'><strong>sanctam</strong></span> <span class='ocrx_word' id='word_1_512' title='bbox 1204 4045 1476 4100; x_wconf 87' lang='lat' dir='ltr'><strong>civitatem</strong></span> <span class='ocrx_word' id='word_1_513' title='bbox 1511 4045 1640 4096; x_wconf 70' lang='lat' dir='ltr'><strong>Sion</strong></span> <span class='ocrx_word' id='word_1_514' title='bbox 1676 4043 2144 4112; x_wconf 77' lang='lat' dir='ltr'><strong>congregabuntur</strong></span> <span class='ocrx_word' id='word_1_515' title='bbox 2172 4057 2187 4090; x_wconf 89' lang='lat'><strong>:</strong></span> 
     </span>
    </p>
   </div>
   <div class='ocr_carea' id='block_1_73' title="bbox 621 4133 2189 4208">
    <p class='ocr_par' dir='ltr' id='par_1_73' title="bbox 621 4133 2189 4208">
     <span class='ocr_line' id='line_1_73' title="bbox 621 4133 2189 4208; baseline -0.007 -13"><span class='ocrx_word' id='word_1_516' title='bbox 621 4157 673 4196; x_wconf 77' lang='lat' dir='ltr'><strong>ul</strong></span> <span class='ocrx_word' id='word_1_517' title='bbox 705 4145 753 4195; x_wconf 90' lang='lat' dir='ltr'><strong>hi</strong></span> <span class='ocrx_word' id='word_1_518' title='bbox 783 4151 941 4205; x_wconf 90' lang='lat' dir='ltr'><strong>sunt,</strong></span> <span class='ocrx_word' id='word_1_519' title='bbox 976 4140 1068 4208; x_wconf 90' lang='lat' dir='ltr'><strong>qui</strong></span> <span class='ocrx_word' id='word_1_520' title='bbox 1111 4141 1163 4192; x_wconf 92' lang='lat' dir='ltr'><strong>in</strong></span> <span class='ocrx_word' id='word_1_521' title='bbox 1197 4141 1405 4191; x_wconf 88' lang='lat' dir='ltr'><strong>beatam</strong></span> <span class='ocrx_word' id='word_1_522' title='bbox 1443 4134 1896 4188; x_wconf 82' lang='lat' dir='ltr'><strong>immortalitatem</strong></span> <span class='ocrx_word' id='word_1_523' title='bbox 1931 4133 2189 4184; x_wconf 81' lang='lat' dir='ltr'><strong>transcri-</strong></span> 
     </span>
    </p>
   </div>
   <div class='ocr_carea' id='block_1_74' title="bbox 625 4239 832 4288">
    <p class='ocr_par' dir='ltr' id='par_1_74' title="bbox 625 4239 832 4288">
     <span class='ocr_line' id='line_1_74' title="bbox 625 4239 832 4288; baseline -0.01 -1"><span class='ocrx_word' id='word_1_524' title='bbox 625 4239 832 4288; x_wconf 73' lang='lat' dir='ltr'><strong>bentur.</strong></span> 
     </span>
    </p>
   </div>
   <div class='ocr_carea' id='block_1_75' title="bbox 691 4319 2186 4396">
    <p class='ocr_par' dir='ltr' id='par_1_75' title="bbox 691 4319 2186 4396">
     <span class='ocr_line' id='line_1_75' title="bbox 691 4319 2186 4396; baseline -0.005 -19"><span class='ocrx_word' id='word_1_525' title='bbox 691 4327 820 4377; x_wconf 65' lang='lat'><strong>‘229.</strong></span> <span class='ocrx_word' id='word_1_526' title='bbox 861 4323 1232 4396; x_wconf 58' lang='lat' dir='ltr'><strong>Antichristus</strong></span> <span class='ocrx_word' id='word_1_527' title='bbox 1281 4336 1409 4372; x_wconf 84' lang='lat' dir='ltr'><strong>vero</strong></span> <span class='ocrx_word' id='word_1_528' title='bbox 1436 4319 1544 4386; x_wconf 87' lang='lat' dir='ltr'><strong>jam</strong></span> <span class='ocrx_word' id='word_1_529' title='bbox 1584 4334 1911 4386; x_wconf 79' lang='lat' dir='ltr'><strong>percussus,</strong></span> <span class='ocrx_word' id='word_1_530' title='bbox 1953 4333 2186 4385; x_wconf 86' lang='lat' dir='ltr'><strong>cmnque</strong></span> 
     </span>
    </p>
   </div>
   <div class='ocr_carea' id='block_1_76' title="bbox 621 4409 2194 4480">
    <p class='ocr_par' dir='ltr' id='par_1_76' title="bbox 621 4409 2194 4480">
     <span class='ocr_line' id='line_1_76' title="bbox 621 4409 2194 4480; baseline -0.006 -10"><span class='ocrx_word' id='word_1_531' title='bbox 621 4418 905 4470; x_wconf 73' lang='lat' dir='ltr'><strong>(laeinuniis</strong></span> <span class='ocrx_word' id='word_1_532' title='bbox 936 4416 1050 4467; x_wconf 84' lang='lat' dir='ltr'><strong>suis</strong></span> <span class='ocrx_word' id='word_1_533' title='bbox 1079 4412 1508 4480; x_wconf 88' lang='lat' dir='ltr'><strong>comprehensus</strong></span> <span class='ocrx_word' id='word_1_534' title='bbox 1532 4449 1544 4469; x_wconf 89' lang='lat'><strong>.</strong></span> <span class='ocrx_word' id='word_1_535' title='bbox 1591 4421 1643 4461; x_wconf 85' lang='lat' dir='ltr'><strong>et</strong></span> <span class='ocrx_word' id='word_1_536' title='bbox 1672 4411 1739 4461; x_wconf 89' lang='lat' dir='ltr'><strong>ab</strong></span> <span class='ocrx_word' id='word_1_537' title='bbox 1773 4409 1956 4474; x_wconf 79' lang='lat' dir='ltr'><strong>ignitis</strong></span> <span class='ocrx_word' id='word_1_538' title='bbox 1988 4409 2194 4477; x_wconf 78' lang='lat' dir='ltr'><strong>angelis</strong></span> 
     </span>
    </p>
   </div>
   <div class='ocr_carea' id='block_1_77' title="bbox 624 4495 2192 4568">
    <p class='ocr_par' dir='ltr' id='par_1_77' title="bbox 624 4495 2192 4568">
     <span class='ocr_line' id='line_1_77' title="bbox 624 4495 2192 4568; baseline -0.006 -8"><span class='ocrx_word' id='word_1_539' title='bbox 624 4513 678 4560; x_wconf 89' lang='lat' dir='ltr'><strong>in</strong></span> <span class='ocrx_word' id='word_1_540' title='bbox 724 4505 938 4558; x_wconf 73' lang='lat' dir='ltr'><strong>vincula</strong></span> <span class='ocrx_word' id='word_1_541' title='bbox 974 4502 1384 4568; x_wconf 76' lang='lat' dir='ltr'><strong>custodiamque</strong></span> <span class='ocrx_word' id='word_1_542' title='bbox 1425 4510 1644 4565; x_wconf 85' lang='lat' dir='ltr'><strong>raptus,</strong></span> <span class='ocrx_word' id='word_1_543' title='bbox 1684 4503 1747 4548; x_wconf 63' lang='lat' dir='ltr'><strong>all</strong></span> <span class='ocrx_word' id='word_1_544' title='bbox 1781 4495 1922 4547; x_wconf 77' lang='lat' dir='ltr'><strong>Jud&#39;n</strong></span> <span class='ocrx_word' id='word_1_545' title='bbox 1946 4498 1987 4549; x_wconf 83' lang='lat' dir='ltr'><strong>is</strong></span> <span class='ocrx_word' id='word_1_546' title='bbox 2028 4498 2192 4550; x_wconf 64' lang='lat' dir='ltr'><strong>divini</strong></span> 
     </span>
    </p>
   </div>
   <div class='ocr_carea' id='block_1_78' title="bbox 624 4588 2191 4662">
    <p class='ocr_par' dir='ltr' id='par_1_78' title="bbox 624 4588 2191 4662">
     <span class='ocr_line' id='line_1_78' title="bbox 624 4588 2191 4662; baseline -0.007 -13"><span class='ocrx_word' id='word_1_547' title='bbox 624 4596 861 4649; x_wconf 80' lang='lat' dir='ltr'><strong>tribunal</strong></span> <span class='ocrx_word' id='word_1_548' title='bbox 895 4593 1262 4662; x_wconf 84' lang='lat' dir='ltr'><strong>protra‘hetnr,</strong></span> <span class='ocrx_word' id='word_1_549' title='bbox 1293 4600 1345 4643; x_wconf 87' lang='lat' dir='ltr'><strong>et</strong></span> <span class='ocrx_word' id='word_1_550' title='bbox 1391 4590 1720 4650; x_wconf 90' lang='lat' dir='ltr'><strong>animarum,</strong></span> <span class='ocrx_word' id='word_1_551' title='bbox 1755 4602 1892 4654; x_wconf 84' lang='lat' dir='ltr'><strong>quas</strong></span> <span class='ocrx_word' id='word_1_552' title='bbox 1927 4590 1974 4638; x_wconf 89' lang='lat' dir='ltr'><strong>in</strong></span> <span class='ocrx_word' id='word_1_553' title='bbox 2010 4588 2191 4652; x_wconf 82' lang='lat' dir='ltr'><strong>perni-</strong></span> 
     </span>
    </p>
   </div>
   <div class='ocr_carea' id='block_1_79' title="bbox 623 4675 2188 4754">
    <p class='ocr_par' dir='ltr' id='par_1_79' title="bbox 623 4675 2188 4754">
     <span class='ocr_line' id='line_1_79' title="bbox 623 4675 2188 4754; baseline -0.009 -12"><span class='ocrx_word' id='word_1_554' title='bbox 623 4689 758 4742; x_wconf 85' lang='lat' dir='ltr'><strong>ciem</strong></span> <span class='ocrx_word' id='word_1_555' title='bbox 793 4686 1044 4754; x_wconf 90' lang='lat' dir='ltr'><strong>impulit,</strong></span> <span class='ocrx_word' id='word_1_556' title='bbox 1080 4681 1342 4735; x_wconf 90' lang='lat' dir='ltr'><strong>rationem</strong></span> <span class='ocrx_word' id='word_1_557' title='bbox 1372 4679 1753 4746; x_wconf 80' lang='lat' dir='ltr'><strong>postulabitur.</strong></span> <span class='ocrx_word' id='word_1_558' title='bbox 1785 4675 1937 4729; x_wconf 83' lang='lat' dir='ltr'><strong>Tunc</strong></span> <span class='ocrx_word' id='word_1_559' title='bbox 1980 4688 2032 4730; x_wconf 87' lang='lat' dir='ltr'><strong>et</strong></span> <span class='ocrx_word' id='word_1_560' title='bbox 2063 4678 2188 4729; x_wconf 90' lang='lat' dir='ltr'><strong>tuba</strong></span> 
     </span>
    </p>
   </div>
   <div class='ocr_carea' id='block_1_80' title="bbox 622 4769 2190 4848">
    <p class='ocr_par' dir='ltr' id='par_1_80' title="bbox 622 4769 2190 4848">
     <span class='ocr_line' id='line_1_80' title="bbox 622 4769 2190 4848; baseline -0.009 -13"><span class='ocrx_word' id='word_1_561' title='bbox 622 4783 867 4848; x_wconf 73' lang='lat' dir='ltr'><strong>clultgel,</strong></span> <span class='ocrx_word' id='word_1_562' title='bbox 903 4787 956 4829; x_wconf 86' lang='lat' dir='ltr'><strong>et</strong></span> <span class='ocrx_word' id='word_1_563' title='bbox 1008 4772 1209 4827; x_wconf 90' lang='lat' dir='ltr'><strong>mortui</strong></span> <span class='ocrx_word' id='word_1_564' title='bbox 1258 4782 1536 4839; x_wconf 83' lang='lat' dir='ltr'><strong>resurgent</strong></span> <span class='ocrx_word' id='word_1_565' title='bbox 1589 4770 1886 4836; x_wconf 88' lang='lat' dir='ltr'><strong>incorrupti</strong></span> <span class='ocrx_word' id='word_1_566' title='bbox 1931 4785 1944 4820; x_wconf 88' lang='lat'><strong>:</strong></span> <span class='ocrx_word' id='word_1_567' title='bbox 2001 4769 2190 4821; x_wconf 82' lang='lat' dir='ltr'><strong>deinde</strong></span> 
     </span>
    </p>
   </div>
   <div class='ocr_carea' id='block_1_81' title="bbox 624 4860 2185 4938">
    <p class='ocr_par' dir='ltr' id='par_1_81' title="bbox 624 4860 2185 4938">
     <span class='ocr_line' id='line_1_81' title="bbox 624 4860 2185 4938; baseline -0.009 -13"><span class='ocrx_word' id='word_1_568' title='bbox 624 4873 739 4935; x_wconf 92' lang='lat' dir='ltr'><strong>illi,</strong></span> <span class='ocrx_word' id='word_1_569' title='bbox 775 4871 866 4938; x_wconf 88' lang='lat' dir='ltr'><strong>qui</strong></span> <span class='ocrx_word' id='word_1_570' title='bbox 906 4869 1128 4927; x_wconf 78' lang='lat' dir='ltr'><strong>vivunt,</strong></span> <span class='ocrx_word' id='word_1_571' title='bbox 1183 4876 1238 4918; x_wconf 91' lang='lat' dir='ltr'><strong>ut</strong></span> <span class='ocrx_word' id='word_1_572' title='bbox 1273 4865 1511 4931; x_wconf 81' lang='lat' dir='ltr'><strong>IOquitur</strong></span> <span class='ocrx_word' id='word_1_573' title='bbox 1564 4860 1621 4916; x_wconf 90' lang='lat' dir='ltr'><strong>D.</strong></span> <span class='ocrx_word' id='word_1_574' title='bbox 1656 4861 1853 4914; x_wconf 81' lang='lat' dir='ltr'><strong>Paulus</strong></span> <span class='ocrx_word' id='word_1_575' title='bbox 1875 4861 1918 4891; x_wconf 90' lang='grc'><strong>⁸⁷</strong></span> <span class='ocrx_word' id='word_1_576' title='bbox 1942 4903 1954 4925; x_wconf 90' lang='grc'><strong>,</strong></span> <span class='ocrx_word' id='word_1_577' title='bbox 1986 4862 2185 4928; x_wconf 76' lang='lat' dir='ltr'><strong>quique</strong></span> 
     </span>
    </p>
   </div>
   <div class='ocr_carea' id='block_1_82' title="bbox 627 4953 2182 5019">
    <p class='ocr_par' dir='ltr' id='par_1_82' title="bbox 627 4953 2182 5019">
     <span class='ocr_line' id='line_1_82' title="bbox 627 4953 2182 5019; baseline -0.01 -1"><span class='ocrx_word' id='word_1_578' title='bbox 627 4967 678 5019; x_wconf 71' lang='lat' dir='ltr'><strong>in</strong></span> <span class='ocrx_word' id='word_1_579' title='bbox 715 4964 1002 5014; x_wconf 86' lang='lat' dir='ltr'><strong>adventum</strong></span> <span class='ocrx_word' id='word_1_580' title='bbox 1036 4958 1241 5012; x_wconf 87' lang='lat' dir='ltr'><strong>Domini</strong></span> <span class='ocrx_word' id='word_1_581' title='bbox 1292 4956 1460 5009; x_wconf 87' lang='lat' dir='ltr'><strong>relicti</strong></span> <span class='ocrx_word' id='word_1_582' title='bbox 1511 4963 1674 5017; x_wconf 86' lang='lat' dir='ltr'><strong>sunt,</strong></span> <span class='ocrx_word' id='word_1_583' title='bbox 1727 4953 1778 5005; x_wconf 91' lang='lat' dir='ltr'><strong>in</strong></span> <span class='ocrx_word' id='word_1_584' title='bbox 1834 4955 1939 5004; x_wconf 76' lang='lat' dir='ltr'><strong>ictu</strong></span> <span class='ocrx_word' id='word_1_585' title='bbox 1973 4953 2110 5004; x_wconf 83' lang='lat' dir='ltr'><strong>oculi</strong></span> <span class='ocrx_word' id='word_1_586' title='bbox 2155 4967 2182 5002; x_wconf 84' lang='lat' dir='ltr'><strong>a</strong></span> 
     </span>
    </p>
   </div>
   <div class='ocr_carea' id='block_1_83' title="bbox 625 5045 2182 5121">
    <p class='ocr_par' dir='ltr' id='par_1_83' title="bbox 625 5045 2182 5121">
     <span class='ocr_line' id='line_1_83' title="bbox 625 5045 2182 5121; baseline -0.007 -15"><span class='ocrx_word' id='word_1_587' title='bbox 625 5054 974 5121; x_wconf 84' lang='lat' dir='ltr'><strong>corruptione</strong></span> <span class='ocrx_word' id='word_1_588' title='bbox 1002 5052 1052 5103; x_wconf 90' lang='lat' dir='ltr'><strong>in</strong></span> <span class='ocrx_word' id='word_1_589' title='bbox 1077 5049 1535 5118; x_wconf 83' lang='lat' dir='ltr'><strong>incorruptionem</strong></span> <span class='ocrx_word' id='word_1_590' title='bbox 1560 5047 1771 5109; x_wconf 88' lang='lat' dir='ltr'><strong>mutati,</strong></span> <span class='ocrx_word' id='word_1_591' title='bbox 1794 5045 1949 5097; x_wconf 75' lang='lat' dir='ltr'><strong>simul</strong></span> <span class='ocrx_word' id='word_1_592' title='bbox 1971 5045 2182 5112; x_wconf 85' lang='lat' dir='ltr'><strong>rapien-</strong></span> 
     </span>
    </p>
   </div>
   <div class='ocr_carea' id='block_1_84' title="bbox 695 5221 1204 5286">
    <p class='ocr_par' dir='ltr' id='par_1_84' title="bbox 695 5221 1204 5286">
     <span class='ocr_line' id='line_1_84' title="bbox 695 5221 1204 5286; baseline -0.012 -7"><span class='ocrx_word' id='word_1_593' title='bbox 695 5228 736 5256; x_wconf 85' lang='lat'><strong>&quot;</strong></span> <span class='ocrx_word' id='word_1_594' title='bbox 783 5229 795 5278; x_wconf 90' lang='grc' dir='ltr'><strong>ι</strong></span> <span class='ocrx_word' id='word_1_595' title='bbox 829 5225 954 5278; x_wconf 85' lang='lat' dir='ltr'><strong>Cor.</strong></span> <span class='ocrx_word' id='word_1_596' title='bbox 996 5238 1085 5286; x_wconf 73' lang='lat' dir='ltr'><strong>xv,</strong></span> 
     </span>
    </p>
   </div>
   <div class='ocr_carea' id='block_1_85' title="bbox 700 5393 2182 5470">
    <p class='ocr_par' dir='ltr' id='par_1_85' title="bbox 700 5393 2182 5470">
     <span class='ocr_line' id='line_1_85' title="bbox 700 5393 2182 5470; baseline -0.007 -17"><span class='ocrx_word' id='word_1_597' title='bbox 700 5401 810 5470; x_wconf 51' lang='grc' dir='ltr'><strong>(κιρ)</strong></span> <span class='ocrx_word' id='word_1_598' title='bbox 849 5399 960 5453; x_wconf 87' lang='lat' dir='ltr'><strong>lloc</strong></span> <span class='ocrx_word' id='word_1_599' title='bbox 993 5401 1034 5470; x_wconf 69' lang='lat' dir='ltr'><strong>si</strong></span> <span class='ocrx_word' id='word_1_600' title='bbox 1075 5400 1203 5459; x_wconf 88' lang='lat' dir='ltr'><strong>liat,</strong></span> <span class='ocrx_word' id='word_1_601' title='bbox 1274 5397 1556 5470; x_wconf 86' lang='lat' dir='ltr'><strong>mplebitnr</strong></span> <span class='ocrx_word' id='word_1_602' title='bbox 1589 5394 1651 5470; x_wconf 72' lang='lat' dir='ltr'><strong>ad</strong></span> <span class='ocrx_word' id='word_1_603' title='bbox 1695 5394 1925 5470; x_wconf 83' lang='lat' dir='ltr'><strong>litteram</strong></span> <span class='ocrx_word' id='word_1_604' title='bbox 1951 5436 1964 5456; x_wconf 87' lang='lat'><strong>,</strong></span> <span class='ocrx_word' id='word_1_605' title='bbox 2017 5393 2182 5470; x_wconf 77' lang='lat' dir='ltr'><strong>quod,</strong></span> 
     </span>
    </p>
   </div>
   <div class='ocr_carea' id='block_1_86' title="bbox 629 5463 2182 5530">
    <p class='ocr_par' dir='ltr' id='par_1_86' title="bbox 629 5463 2182 5530">
     <span class='ocr_line' id='line_1_86' title="bbox 629 5463 2182 5530; baseline -0.007 -5"><span class='ocrx_word' id='word_1_606' title='bbox 629 5464 734 5525; x_wconf 80' lang='lat' dir='ltr'><strong>non</strong></span> <span class='ocrx_word' id='word_1_607' title='bbox 772 5463 945 5522; x_wconf 67' lang='lat' dir='ltr'><strong>solum</strong></span> <span class='ocrx_word' id='word_1_608' title='bbox 991 5469 1192 5521; x_wconf 73' lang='lat' dir='ltr'><strong>Jucobu</strong></span> <span class='ocrx_word' id='word_1_609' title='bbox 1217 5506 1230 5530; x_wconf 90' lang='lat'><strong>,</strong></span> <span class='ocrx_word' id='word_1_610' title='bbox 1270 5472 1359 5518; x_wconf 80' lang='lat' dir='ltr'><strong>sed</strong></span> <span class='ocrx_word' id='word_1_611' title='bbox 1390 5469 1549 5517; x_wconf 84' lang='lat' dir='ltr'><strong>etiam</strong></span> <span class='ocrx_word' id='word_1_612' title='bbox 1600 5463 1791 5517; x_wconf 73' lang='lat' dir='ltr'><strong>Jouuni</strong></span> <span class='ocrx_word' id='word_1_613' title='bbox 1826 5466 2182 5516; x_wconf 78' lang='lat' dir='ltr'><strong>communiter</strong></span> 
     </span>
    </p>
   </div>
   <div class='ocr_carea' id='block_1_87' title="bbox 630 5535 2184 5611">
    <p class='ocr_par' dir='ltr' id='par_1_87' title="bbox 630 5535 2184 5611">
     <span class='ocr_line' id='line_1_87' title="bbox 630 5535 2184 5611; baseline -0.008 -16"><span class='ocrx_word' id='word_1_614' title='bbox 630 5545 870 5611; x_wconf 66' lang='lat' dir='ltr'><strong>puulixit</strong></span> <span class='ocrx_word' id='word_1_615' title='bbox 914 5540 1162 5591; x_wconf 53' lang='lat' dir='ltr'><strong>Christus</strong></span> <span class='ocrx_word' id='word_1_616' title='bbox 1191 5577 1204 5599; x_wconf 95' lang='lat'><strong>,</strong></span> <span class='ocrx_word' id='word_1_617' title='bbox 1249 5540 1469 5589; x_wconf 74' lang='lat' dir='ltr'><strong>caltcmn</strong></span> <span class='ocrx_word' id='word_1_618' title='bbox 1515 5538 1639 5611; x_wconf 63' lang='lat' dir='ltr'><strong>ejus</strong></span> <span class='ocrx_word' id='word_1_619' title='bbox 1684 5538 1975 5593; x_wconf 77' lang='lat' dir='ltr'><strong>liilnturus,</strong></span> <span class='ocrx_word' id='word_1_620' title='bbox 2018 5535 2064 5584; x_wconf 60' lang='lat' dir='ltr'><strong>ial</strong></span> <span class='ocrx_word' id='word_1_621' title='bbox 2103 5545 2184 5584; x_wconf 64' lang='lat' dir='ltr'><strong>est</strong></span> 
     </span>
    </p>
   </div>
   <div class='ocr_carea' id='block_1_88' title="bbox 630 5605 2181 5679">
    <p class='ocr_par' dir='ltr' id='par_1_88' title="bbox 630 5605 2181 5679">
     <span class='ocr_line' id='line_1_88' title="bbox 630 5605 2181 5679; baseline -0.009 -15"><span class='ocrx_word' id='word_1_622' title='bbox 630 5605 940 5679; x_wconf 74' lang='lat' dir='ltr'><strong>inartyrium</strong></span> <span class='ocrx_word' id='word_1_623' title='bbox 977 5625 1253 5674; x_wconf 78' lang='lat' dir='ltr'><strong>passuros.</strong></span> <span class='ocrx_word' id='word_1_624' title='bbox 1282 5609 1410 5657; x_wconf 69' lang='lat' dir='ltr'><strong>Nam</strong></span> <span class='ocrx_word' id='word_1_625' title='bbox 1441 5612 1582 5671; x_wconf 71' lang='lat' dir='ltr'><strong>quod</strong></span> <span class='ocrx_word' id='word_1_626' title='bbox 1619 5605 1873 5654; x_wconf 63' lang='lat' dir='ltr'><strong>ferventis</strong></span> <span class='ocrx_word' id='word_1_627' title='bbox 1903 5609 2001 5654; x_wconf 69' lang='lat' dir='ltr'><strong>olei</strong></span> <span class='ocrx_word' id='word_1_628' title='bbox 2041 5606 2181 5653; x_wconf 70' lang='lat' dir='ltr'><strong>ilnliu</strong></span> 
     </span>
    </p>
   </div>
   <div class='ocr_carea' id='block_1_89' title="bbox 632 5679 2183 5734">
    <p class='ocr_par' dir='ltr' id='par_1_89' title="bbox 632 5679 2183 5734">
     <span class='ocr_line' id='line_1_89' title="bbox 632 5679 2183 5734; baseline -0.008 0"><span class='ocrx_word' id='word_1_629' title='bbox 632 5685 907 5734; x_wconf 70' lang='lat' dir='ltr'><strong>immissus</strong></span> <span class='ocrx_word' id='word_1_630' title='bbox 957 5679 1188 5730; x_wconf 61' lang='lat' dir='ltr'><strong>Joannes</strong></span> <span class='ocrx_word' id='word_1_631' title='bbox 1247 5689 1347 5734; x_wconf 74' lang='lat' dir='ltr'><strong>est.</strong></span> <span class='ocrx_word' id='word_1_632' title='bbox 1413 5691 1698 5727; x_wconf 70' lang='lat' dir='ltr'><strong>lliuliVlt&#39;ll)</strong></span> <span class='ocrx_word' id='word_1_633' title='bbox 1732 5691 1850 5724; x_wconf 73' lang='lat' dir='ltr'><strong>cum</strong></span> <span class='ocrx_word' id='word_1_634' title='bbox 1906 5691 2024 5725; x_wconf 74' lang='lat' dir='ltr'><strong>\‘ct&#39;c</strong></span> <span class='ocrx_word' id='word_1_635' title='bbox 2080 5689 2183 5722; x_wconf 85' lang='lat' dir='ltr'><strong>non</strong></span> 
     </span>
    </p>
   </div>
   <div class='ocr_carea' id='block_1_90' title="bbox 2306 3125 3870 3204">
    <p class='ocr_par' dir='ltr' id='par_1_90' title="bbox 2306 3125 3870 3204">
     <span class='ocr_line' id='line_1_90' title="bbox 2306 3125 3870 3204; baseline 0.01 -29"><span class='ocrx_word' id='word_1_636' title='bbox 2306 3141 2377 3186; x_wconf 90' lang='grc' dir='ltr'><strong>σι,</strong></span> <span class='ocrx_word' id='word_1_637' title='bbox 2428 3127 2554 3185; x_wconf 76' lang='grc' dir='ltr'>τοὺς</span> <span class='ocrx_word' id='word_1_638' title='bbox 2600 3125 2656 3177; x_wconf 85' lang='grc' dir='ltr'><strong>δὲ</strong></span> <span class='ocrx_word' id='word_1_639' title='bbox 2705 3125 3029 3188; x_wconf 74' lang='grc' dir='ltr'>ὗπολοίττους</span> <span class='ocrx_word' id='word_1_640' title='bbox 3073 3131 3293 3190; x_wconf 80' lang='grc' dir='ltr'>πιστοὺς</span> <span class='ocrx_word' id='word_1_641' title='bbox 3338 3133 3366 3183; x_wconf 81' lang='grc' dir='ltr'>ὁ</span> <span class='ocrx_word' id='word_1_642' title='bbox 3411 3131 3776 3204; x_wconf 73' lang='grc' dir='ltr'>Ἀντίχριστος</span> <span class='ocrx_word' id='word_1_643' title='bbox 3811 3141 3870 3191; x_wconf 78' lang='grc' dir='ltr'><strong>έν</strong></span> 
     </span>
    </p>
   </div>
   <div class='ocr_carea' id='block_1_91' title="bbox 2305 3215 3874 3294">
    <p class='ocr_par' dir='ltr' id='par_1_91' title="bbox 2305 3215 3874 3294">
     <span class='ocr_line' id='line_1_91' title="bbox 2305 3215 3874 3294; baseline 0.011 -27"><span class='ocrx_word' id='word_1_644' title='bbox 2305 3215 2491 3285; x_wconf 79' lang='grc' dir='ltr'>Κυρίῳ</span> <span class='ocrx_word' id='word_1_645' title='bbox 2518 3216 2782 3268; x_wconf 83' lang='grc' dir='ltr'>ἀναλώσει</span> <span class='ocrx_word' id='word_1_646' title='bbox 2810 3235 2823 3248; x_wconf 78' lang='grc'><em>’</em></span> <span class='ocrx_word' id='word_1_647' title='bbox 2850 3218 2961 3270; x_wconf 80' lang='grc' dir='ltr'>ὅσοι</span> <span class='ocrx_word' id='word_1_648' title='bbox 2991 3219 3044 3271; x_wconf 81' lang='grc' dir='ltr'><strong>δὲ</strong></span> <span class='ocrx_word' id='word_1_649' title='bbox 3071 3219 3146 3287; x_wconf 81' lang='grc' dir='ltr'>τῷ</span> <span class='ocrx_word' id='word_1_650' title='bbox 3187 3222 3538 3294; x_wconf 80' lang='grc' dir='ltr'>’Λντιχρῖστῳ</span> <span class='ocrx_word' id='word_1_651' title='bbox 3567 3229 3874 3283; x_wconf 81' lang='grc' dir='ltr'>πιστεύσω-</span> 
     </span>
    </p>
   </div>
   <div class='ocr_carea' id='block_1_92' title="bbox 2303 3308 3871 3385">
    <p class='ocr_par' dir='ltr' id='par_1_92' title="bbox 2303 3308 3871 3385">
     <span class='ocr_line' id='line_1_92' title="bbox 2303 3308 3871 3385; baseline 0.011 -28"><span class='ocrx_word' id='word_1_652' title='bbox 2303 3324 2408 3368; x_wconf 86' lang='grc' dir='ltr'>σιν,</span> <span class='ocrx_word' id='word_1_653' title='bbox 2443 3308 2728 3359; x_wconf 76' lang='grc' dir='ltr'>ἀποστελεῖ</span> <span class='ocrx_word' id='word_1_654' title='bbox 2763 3309 2961 3376; x_wconf 84' lang='grc' dir='ltr'>Κύριος</span> <span class='ocrx_word' id='word_1_655' title='bbox 2984 3310 3012 3361; x_wconf 85' lang='grc' dir='ltr'>ὁ</span> <span class='ocrx_word' id='word_1_656' title='bbox 3047 3311 3177 3374; x_wconf 78' lang='grc' dir='ltr'>Θεὸς</span> <span class='ocrx_word' id='word_1_657' title='bbox 3209 3314 3371 3382; x_wconf 80' lang='grc' dir='ltr'>θηρία</span> <span class='ocrx_word' id='word_1_658' title='bbox 3405 3317 3694 3385; x_wconf 76' lang='grc' dir='ltr'>πετόμενα,</span> <span class='ocrx_word' id='word_1_659' title='bbox 3726 3323 3871 3374; x_wconf 78' lang='grc' dir='ltr'>κατὰ</span> 
     </span>
    </p>
   </div>
   <div class='ocr_carea' id='block_1_93' title="bbox 2300 3397 3867 3478">
    <p class='ocr_par' dir='ltr' id='par_1_93' title="bbox 2300 3397 3867 3478">
     <span class='ocr_line' id='line_1_93' title="bbox 2300 3397 3867 3478; baseline 0.01 -30"><span class='ocrx_word' id='word_1_660' title='bbox 2300 3399 2390 3448; x_wconf 68' lang='grc' dir='ltr'>τὶν</span> <span class='ocrx_word' id='word_1_661' title='bbox 2439 3399 2716 3466; x_wconf 72' lang='grc' dir='ltr'>’1εζεκιὴλ,</span> <span class='ocrx_word' id='word_1_662' title='bbox 2752 3397 2941 3467; x_wconf 80' lang='grc' dir='ltr'>ἔχοντα</span> <span class='ocrx_word' id='word_1_663' title='bbox 2971 3403 3026 3451; x_wconf 83' lang='grc' dir='ltr'>ἐν</span> <span class='ocrx_word' id='word_1_664' title='bbox 3055 3405 3174 3463; x_wconf 83' lang='grc' dir='ltr'>ταῖς</span> <span class='ocrx_word' id='word_1_665' title='bbox 3204 3405 3390 3473; x_wconf 81' lang='grc' dir='ltr'>οὐραῖς</span> <span class='ocrx_word' id='word_1_666' title='bbox 3422 3408 3599 3459; x_wconf 77' lang='grc' dir='ltr'>αὐτῶν</span> <span class='ocrx_word' id='word_1_667' title='bbox 3645 3411 3867 3478; x_wconf 76' lang='grc' dir='ltr'>βούκεν-</span> 
     </span>
    </p>
   </div>
   <div class='ocr_carea' id='block_1_94' title="bbox 2302 3490 3869 3570">
    <p class='ocr_par' dir='ltr' id='par_1_94' title="bbox 2302 3490 3869 3570">
     <span class='ocr_line' id='line_1_94' title="bbox 2302 3490 3869 3570; baseline 0.009 -30"><span class='ocrx_word' id='word_1_668' title='bbox 2302 3506 2406 3559; x_wconf 91' lang='grc' dir='ltr'><strong>τρα</strong></span> <span class='ocrx_word' id='word_1_669' title='bbox 2443 3491 2522 3540; x_wconf 89' lang='grc' dir='ltr'><strong>ίοῦ</strong></span> <span class='ocrx_word' id='word_1_670' title='bbox 2559 3490 2986 3559; x_wconf 70' lang='grc' dir='ltr'>μεμεστωμέναο</span> <span class='ocrx_word' id='word_1_671' title='bbox 3023 3494 3114 3543; x_wconf 80' lang='grc' dir='ltr'>καὶ</span> <span class='ocrx_word' id='word_1_672' title='bbox 3162 3495 3273 3545; x_wconf 83' lang='grc' dir='ltr'>ὅσοι</span> <span class='ocrx_word' id='word_1_673' title='bbox 3317 3497 3411 3565; x_wconf 79' lang='grc' dir='ltr'>οὐχ</span> <span class='ocrx_word' id='word_1_674' title='bbox 3459 3497 3635 3560; x_wconf 76' lang='grc' dir='ltr'>ἕξουσι</span> <span class='ocrx_word' id='word_1_675' title='bbox 3665 3502 3723 3551; x_wconf 83' lang='grc' dir='ltr'>τὸ</span> <span class='ocrx_word' id='word_1_676' title='bbox 3771 3520 3869 3570; x_wconf 71' lang='lat' dir='ltr'><strong>ar;-</strong></span> 
     </span>
    </p>
   </div>
   <div class='ocr_carea' id='block_1_95' title="bbox 2302 3580 3868 3660">
    <p class='ocr_par' dir='ltr' id='par_1_95' title="bbox 2302 3580 3868 3660">
     <span class='ocr_line' id='line_1_95' title="bbox 2302 3580 3868 3660; baseline 0.01 -31"><span class='ocrx_word' id='word_1_677' title='bbox 2302 3583 2452 3646; x_wconf 86' lang='grc' dir='ltr'>μεῖον</span> <span class='ocrx_word' id='word_1_678' title='bbox 2487 3580 2583 3648; x_wconf 69' lang='grc' dir='ltr'>τῆς</span> <span class='ocrx_word' id='word_1_679' title='bbox 2612 3581 2869 3648; x_wconf 51' lang='grc' dir='ltr'>γρατίδος</span> <span class='ocrx_word' id='word_1_680' title='bbox 2908 3583 3001 3633; x_wconf 85' lang='grc' dir='ltr'><strong>τοῦ</strong></span> <span class='ocrx_word' id='word_1_681' title='bbox 3043 3584 3275 3651; x_wconf 88' lang='grc' dir='ltr'>Χριστοῦ</span> <span class='ocrx_word' id='word_1_682' title='bbox 3310 3588 3446 3638; x_wconf 73' lang='grc' dir='ltr'>σῶον</span> <span class='ocrx_word' id='word_1_683' title='bbox 3479 3590 3570 3640; x_wconf 77' lang='grc' dir='ltr'>καὶ</span> <span class='ocrx_word' id='word_1_684' title='bbox 3611 3593 3868 3660; x_wconf 74' lang='grc' dir='ltr'>ἀκέραιον</span> 
     </span>
    </p>
   </div>
   <div class='ocr_carea' id='block_1_96' title="bbox 2298 3672 3867 3755">
    <p class='ocr_par' dir='ltr' id='par_1_96' title="bbox 2298 3672 3867 3755">
     <span class='ocr_line' id='line_1_96' title="bbox 2298 3672 3867 3755; baseline 0.01 -32"><span class='ocrx_word' id='word_1_685' title='bbox 2298 3675 2354 3723; x_wconf 77' lang='grc' dir='ltr'>ἐν</span> <span class='ocrx_word' id='word_1_686' title='bbox 2388 3674 2494 3732; x_wconf 73' lang='grc' dir='ltr'>τοῖς</span> <span class='ocrx_word' id='word_1_687' title='bbox 2533 3672 2800 3740; x_wconf 82' lang='grc' dir='ltr'>μετώποις</span> <span class='ocrx_word' id='word_1_688' title='bbox 2833 3674 3029 3737; x_wconf 74' lang='grc' dir='ltr'>αὐτῶν,</span> <span class='ocrx_word' id='word_1_689' title='bbox 3064 3676 3166 3726; x_wconf 82' lang='grc' dir='ltr'><strong>ὑπὸ</strong></span> <span class='ocrx_word' id='word_1_690' title='bbox 3200 3678 3305 3729; x_wconf 89' lang='grc' dir='ltr'><strong>τῶν</strong></span> <span class='ocrx_word' id='word_1_691' title='bbox 3337 3679 3541 3748; x_wconf 79' lang='grc' dir='ltr'>θηρίων</span> <span class='ocrx_word' id='word_1_692' title='bbox 3571 3684 3867 3755; x_wconf 64' lang='grc' dir='ltr'>κεντούμεδ</span> 
     </span>
    </p>
   </div>
   <div class='ocr_carea' id='block_1_97' title="bbox 2299 3761 3858 3843">
    <p class='ocr_par' dir='ltr' id='par_1_97' title="bbox 2299 3761 3858 3843">
     <span class='ocr_line' id='line_1_97' title="bbox 2299 3761 3858 3843; baseline 0.008 -31"><span class='ocrx_word' id='word_1_693' title='bbox 2299 3779 2378 3812; x_wconf 85' lang='grc' dir='ltr'><strong>νοι</strong></span> <span class='ocrx_word' id='word_1_694' title='bbox 2409 3762 2503 3812; x_wconf 77' lang='grc' dir='ltr'>καὶ</span> <span class='ocrx_word' id='word_1_695' title='bbox 2538 3761 2599 3829; x_wconf 82' lang='grc' dir='ltr'>ίῴ</span> <span class='ocrx_word' id='word_1_696' title='bbox 2630 3762 3104 3830; x_wconf 85' lang='grc' dir='ltr'>χαλεπαινόμενοι,</span> <span class='ocrx_word' id='word_1_697' title='bbox 3140 3765 3350 3836; x_wconf 81' lang='grc' dir='ltr'>θανάτῳ</span> <span class='ocrx_word' id='word_1_698' title='bbox 3393 3771 3573 3840; x_wconf 88' lang='grc' dir='ltr'>πικρῷ</span> <span class='ocrx_word' id='word_1_699' title='bbox 3601 3773 3858 3843; x_wconf 71' lang='grc' dir='ltr'>τελευτή·</span> 
     </span>
    </p>
   </div>
   <div class='ocr_carea' id='block_1_98' title="bbox 2300 3856 3857 3934">
    <p class='ocr_par' dir='ltr' id='par_1_98' title="bbox 2300 3856 3857 3934">
     <span class='ocr_line' id='line_1_98' title="bbox 2300 3856 3857 3934; baseline 0.011 -31"><span class='ocrx_word' id='word_1_700' title='bbox 2300 3869 2508 3907; x_wconf 88' lang='grc' dir='ltr'>σουσιν.</span> <span class='ocrx_word' id='word_1_701' title='bbox 2543 3856 2674 3907; x_wconf 80' lang='grc' dir='ltr'>Τότε</span> <span class='ocrx_word' id='word_1_702' title='bbox 2731 3856 2784 3906; x_wconf 84' lang='grc' dir='ltr'><strong>εί</strong></span> <span class='ocrx_word' id='word_1_703' title='bbox 2830 3875 2913 3920; x_wconf 88' lang='grc' dir='ltr'><strong>τις</strong></span> <span class='ocrx_word' id='word_1_704' title='bbox 2959 3859 3068 3910; x_wconf 83' lang='grc' dir='ltr'><strong>τῶν</strong></span> <span class='ocrx_word' id='word_1_705' title='bbox 3125 3861 3294 3926; x_wconf 85' lang='grc' dir='ltr'>ἁγίων</span> <span class='ocrx_word' id='word_1_706' title='bbox 3345 3863 3516 3915; x_wconf 80' lang='grc' dir='ltr'>λαθὼν</span> <span class='ocrx_word' id='word_1_707' title='bbox 3565 3867 3639 3934; x_wconf 79' lang='grc' dir='ltr'>τῷ</span> <span class='ocrx_word' id='word_1_708' title='bbox 3688 3870 3857 3920; x_wconf 77' lang='grc' dir='ltr'>Ἀντι-</span> 
     </span>
    </p>
   </div>
   <div class='ocr_carea' id='block_1_99' title="bbox 2297 3944 3860 4021">
    <p class='ocr_par' dir='ltr' id='par_1_99' title="bbox 2297 3944 3860 4021">
     <span class='ocr_line' id='line_1_99' title="bbox 2297 3944 3860 4021; baseline 0.011 -28"><span class='ocrx_word' id='word_1_709' title='bbox 2297 3944 2527 4012; x_wconf 74' lang='grc' dir='ltr'>χρίστιρ,</span> <span class='ocrx_word' id='word_1_710' title='bbox 2571 3945 2926 4016; x_wconf 78' lang='grc' dir='ltr'>εὑρεθήσεται</span> <span class='ocrx_word' id='word_1_711' title='bbox 2976 3952 3033 4000; x_wconf 83' lang='grc' dir='ltr'>ἐν</span> <span class='ocrx_word' id='word_1_712' title='bbox 3086 3952 3382 4018; x_wconf 68' lang='grc' dir='ltr'>ἐρημίαις·</span> <span class='ocrx_word' id='word_1_713' title='bbox 3417 3959 3506 4006; x_wconf 70' lang='grc' dir='ltr'><strong>καὶ</strong></span> <span class='ocrx_word' id='word_1_714' title='bbox 3558 3956 3802 4021; x_wconf 66' lang='grc' dir='ltr'>ἃπαντας</span> <span class='ocrx_word' id='word_1_715' title='bbox 3833 3963 3860 4009; x_wconf 81' lang='grc' dir='ltr'><strong>ὁ</strong></span> 
     </span>
    </p>
   </div>
   <div class='ocr_carea' id='block_1_100' title="bbox 2298 4035 3858 4117">
    <p class='ocr_par' dir='ltr' id='par_1_100' title="bbox 2298 4035 3858 4117">
     <span class='ocr_line' id='line_1_100' title="bbox 2298 4035 3858 4117; baseline 0.009 -31"><span class='ocrx_word' id='word_1_716' title='bbox 2298 4035 2502 4103; x_wconf 79' lang='grc' dir='ltr'>Κύριος</span> <span class='ocrx_word' id='word_1_717' title='bbox 2537 4037 2809 4103; x_wconf 74' lang='grc' dir='ltr'>πνεύματι</span> <span class='ocrx_word' id='word_1_718' title='bbox 2837 4039 3113 4108; x_wconf 82' lang='grc' dir='ltr'>δυνάμεως</span> <span class='ocrx_word' id='word_1_719' title='bbox 3141 4042 3301 4093; x_wconf 67' lang='grc' dir='ltr'>αὑτοῦ</span> <span class='ocrx_word' id='word_1_720' title='bbox 3346 4047 3402 4094; x_wconf 86' lang='grc' dir='ltr'>ἐν</span> <span class='ocrx_word' id='word_1_721' title='bbox 3426 4049 3488 4114; x_wconf 79' lang='grc' dir='ltr'><strong>τῇ</strong></span> <span class='ocrx_word' id='word_1_722' title='bbox 3526 4047 3652 4117; x_wconf 79' lang='grc' dir='ltr'>ἁγίᾳ</span> <span class='ocrx_word' id='word_1_723' title='bbox 3704 4049 3858 4100; x_wconf 84' lang='grc' dir='ltr'>πόλει</span> 
     </span>
    </p>
   </div>
   <div class='ocr_carea' id='block_1_101' title="bbox 2296 4126 3854 4204">
    <p class='ocr_par' dir='ltr' id='par_1_101' title="bbox 2296 4126 3854 4204">
     <span class='ocr_line' id='line_1_101' title="bbox 2296 4126 3854 4204; baseline 0.01 -29"><span class='ocrx_word' id='word_1_724' title='bbox 2296 4126 2432 4176; x_wconf 79' lang='grc' dir='ltr'>Σιὼν</span> <span class='ocrx_word' id='word_1_725' title='bbox 2467 4126 2707 4196; x_wconf 79' lang='grc' dir='ltr'>ἀθροίσει</span> <span class='ocrx_word' id='word_1_726' title='bbox 2729 4145 2742 4157; x_wconf 83' lang='grc'><em>’</em></span> <span class='ocrx_word' id='word_1_727' title='bbox 2776 4126 2918 4182; x_wconf 72' lang='grc' dir='ltr'>οὗτοί</span> <span class='ocrx_word' id='word_1_728' title='bbox 2969 4132 3104 4181; x_wconf 87' lang='grc' dir='ltr'>εἰσιν</span> <span class='ocrx_word' id='word_1_729' title='bbox 3134 4133 3182 4182; x_wconf 87' lang='grc' dir='ltr'>οἱ</span> <span class='ocrx_word' id='word_1_730' title='bbox 3226 4135 3526 4201; x_wconf 57' lang='grc' dir='ltr'>γραφέντες</span> <span class='ocrx_word' id='word_1_731' title='bbox 3573 4139 3651 4198; x_wconf 90' lang='grc' dir='ltr'><strong>είς</strong></span> <span class='ocrx_word' id='word_1_732' title='bbox 3685 4138 3854 4204; x_wconf 74' lang='grc' dir='ltr'>ζωήν.</span> 
     </span>
    </p>
   </div>
   <div class='ocr_carea' id='block_1_102' title="bbox 2367 4312 3855 4389">
    <p class='ocr_par' dir='ltr' id='par_1_102' title="bbox 2367 4312 3855 4389">
     <span class='ocr_line' id='line_1_102' title="bbox 2367 4312 3855 4389; baseline 0.011 -27"><span class='ocrx_word' id='word_1_733' title='bbox 2367 4312 2505 4364; x_wconf 85' lang='grc' dir='ltr'>σκθ’.</span> <span class='ocrx_word' id='word_1_734' title='bbox 2538 4313 2643 4364; x_wconf 84' lang='grc' dir='ltr'>Τοῦ</span> <span class='ocrx_word' id='word_1_735' title='bbox 2671 4313 3039 4382; x_wconf 84' lang='grc' dir='ltr'>Ἀντιχρίστου</span> <span class='ocrx_word' id='word_1_736' title='bbox 3081 4318 3135 4369; x_wconf 79' lang='grc' dir='ltr'>δὲ</span> <span class='ocrx_word' id='word_1_737' title='bbox 3183 4318 3278 4386; x_wconf 67' lang='grc' dir='ltr'><strong>ἤδη</strong></span> <span class='ocrx_word' id='word_1_738' title='bbox 3332 4321 3715 4389; x_wconf 70' lang='grc' dir='ltr'>παταχθέντος.</span> <span class='ocrx_word' id='word_1_739' title='bbox 3761 4325 3855 4378; x_wconf 80' lang='grc' dir='ltr'>καὶ</span> 
     </span>
    </p>
   </div>
   <div class='ocr_carea' id='block_1_103' title="bbox 2227 4389 3853 4474">
    <p class='ocr_par' dir='ltr' id='par_1_103' title="bbox 2227 4389 3853 4474">
     <span class='ocr_line' id='line_1_103' title="bbox 2227 4389 3853 4474; baseline 0.009 -21"><span class='ocrx_word' id='word_1_740' title='bbox 2227 4389 2271 4444; x_wconf 78' lang='grc' dir='ltr'>υ</span> <span class='ocrx_word' id='word_1_741' title='bbox 2302 4403 2396 4454; x_wconf 83' lang='grc' dir='ltr'><strong>σὺν</strong></span> <span class='ocrx_word' id='word_1_742' title='bbox 2424 4406 2533 4464; x_wconf 88' lang='grc' dir='ltr'>τοῖς</span> <span class='ocrx_word' id='word_1_743' title='bbox 2567 4403 2816 4470; x_wconf 71' lang='grc' dir='ltr'>δαίμοσιν</span> <span class='ocrx_word' id='word_1_744' title='bbox 2848 4406 3012 4456; x_wconf 83' lang='grc' dir='ltr'>αὑτοῦ</span> <span class='ocrx_word' id='word_1_745' title='bbox 3046 4407 3453 4474; x_wconf 74' lang='grc' dir='ltr'>συλληφθέντος,</span> <span class='ocrx_word' id='word_1_746' title='bbox 3493 4411 3584 4464; x_wconf 68' lang='grc' dir='ltr'>καὶ</span> <span class='ocrx_word' id='word_1_747' title='bbox 3618 4414 3719 4464; x_wconf 74' lang='grc' dir='ltr'><strong>ὑπὸ</strong></span> <span class='ocrx_word' id='word_1_748' title='bbox 3749 4431 3853 4467; x_wconf 85' lang='grc' dir='ltr'>πυ-</span> 
     </span>
    </p>
   </div>
   <div class='ocr_carea' id='block_1_104' title="bbox 2298 4494 3851 4575">
    <p class='ocr_par' dir='ltr' id='par_1_104' title="bbox 2298 4494 3851 4575">
     <span class='ocr_line' id='line_1_104' title="bbox 2298 4494 3851 4575; baseline 0.009 -33"><span class='ocrx_word' id='word_1_749' title='bbox 2298 4494 2457 4560; x_wconf 81' lang='grc' dir='ltr'>ρίνων</span> <span class='ocrx_word' id='word_1_750' title='bbox 2487 4495 2731 4560; x_wconf 86' lang='grc' dir='ltr'>ἀγγέλων</span> <span class='ocrx_word' id='word_1_751' title='bbox 2762 4496 3143 4564; x_wconf 81' lang='grc' dir='ltr'>δεσμευθέντος</span> <span class='ocrx_word' id='word_1_752' title='bbox 3174 4502 3265 4550; x_wconf 77' lang='grc' dir='ltr'>καὶ</span> <span class='ocrx_word' id='word_1_753' title='bbox 3303 4499 3725 4570; x_wconf 73' lang='grc' dir='ltr'>φυλασσομένου,</span> <span class='ocrx_word' id='word_1_754' title='bbox 3775 4505 3851 4575; x_wconf 82' lang='grc' dir='ltr'>τῷ</span> 
     </span>
    </p>
   </div>
   <div class='ocr_carea' id='block_1_105' title="bbox 2294 4585 3848 4664">
    <p class='ocr_par' dir='ltr' id='par_1_105' title="bbox 2294 4585 3848 4664">
     <span class='ocr_line' id='line_1_105' title="bbox 2294 4585 3848 4664; baseline 0.006 -28"><span class='ocrx_word' id='word_1_755' title='bbox 2294 4585 2559 4654; x_wconf 82' lang='grc' dir='ltr'>κριτηρίῳ</span> <span class='ocrx_word' id='word_1_756' title='bbox 2607 4587 2968 4655; x_wconf 85' lang='grc' dir='ltr'>παρίστασθαι</span> <span class='ocrx_word' id='word_1_757' title='bbox 3021 4590 3113 4640; x_wconf 87' lang='grc' dir='ltr'>καὶ</span> <span class='ocrx_word' id='word_1_758' title='bbox 3148 4590 3489 4642; x_wconf 81' lang='grc' dir='ltr'>ἀπαιτεῖσθαι</span> <span class='ocrx_word' id='word_1_759' title='bbox 3534 4592 3683 4656; x_wconf 75' lang='grc' dir='ltr'>δίκας</span> <span class='ocrx_word' id='word_1_760' title='bbox 3723 4598 3848 4664; x_wconf 79' lang='grc' dir='ltr'>περὶ</span> 
     </span>
    </p>
   </div>
   <div class='ocr_carea' id='block_1_106' title="bbox 2289 4671 3845 4752">
    <p class='ocr_par' dir='ltr' id='par_1_106' title="bbox 2289 4671 3845 4752">
     <span class='ocr_line' id='line_1_106' title="bbox 2289 4671 3845 4752; baseline 0.006 -26"><span class='ocrx_word' id='word_1_761' title='bbox 2289 4678 2395 4727; x_wconf 82' lang='grc' dir='ltr'><strong>τών</strong></span> <span class='ocrx_word' id='word_1_762' title='bbox 2418 4677 2622 4745; x_wconf 81' lang='grc' dir='ltr'>ψυχῶν,</span> <span class='ocrx_word' id='word_1_763' title='bbox 2655 4671 2729 4731; x_wconf 79' lang='grc' dir='ltr'>ὧν</span> <span class='ocrx_word' id='word_1_764' title='bbox 2753 4677 3019 4742; x_wconf 75' lang='grc' dir='ltr'>ἀπώλεσε,</span> <span class='ocrx_word' id='word_1_765' title='bbox 3041 4680 3157 4729; x_wconf 77' lang='grc' dir='ltr'>τότε</span> <span class='ocrx_word' id='word_1_766' title='bbox 3189 4678 3277 4730; x_wconf 77' lang='grc' dir='ltr'>οὖν</span> <span class='ocrx_word' id='word_1_767' title='bbox 3312 4682 3344 4746; x_wconf 82' lang='grc' dir='ltr'>ἡ</span> <span class='ocrx_word' id='word_1_768' title='bbox 3371 4681 3600 4748; x_wconf 60' lang='grc' dir='ltr'>σάλπγξ</span> <span class='ocrx_word' id='word_1_769' title='bbox 3632 4686 3845 4752; x_wconf 76' lang='grc' dir='ltr'>ηχήσει,</span> 
     </span>
    </p>
   </div>
   <div class='ocr_carea' id='block_1_107' title="bbox 2291 4771 3847 4841">
    <p class='ocr_par' dir='ltr' id='par_1_107' title="bbox 2291 4771 3847 4841">
     <span class='ocr_line' id='line_1_107' title="bbox 2291 4771 3847 4841; baseline 0.003 -20"><span class='ocrx_word' id='word_1_770' title='bbox 2291 4774 2382 4821; x_wconf 65' lang='grc' dir='ltr'><strong>καὶ</strong></span> <span class='ocrx_word' id='word_1_771' title='bbox 2429 4772 2478 4819; x_wconf 83' lang='grc' dir='ltr'>οἱ</span> <span class='ocrx_word' id='word_1_772' title='bbox 2533 4777 2713 4838; x_wconf 77' lang='grc' dir='ltr'>νεκροὶ</span> <span class='ocrx_word' id='word_1_773' title='bbox 2773 4771 3164 4837; x_wconf 81' lang='grc' dir='ltr'>ἀναστήσονται</span> <span class='ocrx_word' id='word_1_774' title='bbox 3214 4773 3510 4841; x_wconf 70' lang='grc' dir='ltr'>ἄφθαρτοι·</span> <span class='ocrx_word' id='word_1_775' title='bbox 3560 4774 3748 4825; x_wconf 77' lang='grc' dir='ltr'>ἔπειτα</span> <span class='ocrx_word' id='word_1_776' title='bbox 3800 4776 3847 4825; x_wconf 79' lang='lat' dir='ltr'><strong>cl</strong></span> 
     </span>
    </p>
   </div>
   <div class='ocr_carea' id='block_1_108' title="bbox 2291 4859 3844 4934">
    <p class='ocr_par' dir='ltr' id='par_1_108' title="bbox 2291 4859 3844 4934">
     <span class='ocr_line' id='line_1_108' title="bbox 2291 4859 3844 4934; baseline 0.005 -25"><span class='ocrx_word' id='word_1_777' title='bbox 2291 4861 2512 4924; x_wconf 73' lang='grc' dir='ltr'>ζῶντες,</span> <span class='ocrx_word' id='word_1_778' title='bbox 2546 4860 2724 4920; x_wconf 68' lang='grc' dir='ltr'>καθὼς</span> <span class='ocrx_word' id='word_1_779' title='bbox 2760 4859 2911 4913; x_wconf 76' lang='grc' dir='ltr'>εἶπεν</span> <span class='ocrx_word' id='word_1_780' title='bbox 2961 4864 2988 4912; x_wconf 84' lang='grc' dir='ltr'>ὁ</span> <span class='ocrx_word' id='word_1_781' title='bbox 3025 4863 3247 4925; x_wconf 80' lang='grc' dir='ltr'>Παῦλος,</span> <span class='ocrx_word' id='word_1_782' title='bbox 3287 4863 3362 4924; x_wconf 82' lang='grc' dir='ltr'><strong>εί,</strong></span> <span class='ocrx_word' id='word_1_783' title='bbox 3403 4863 3499 4932; x_wconf 75' lang='grc' dir='ltr'>τὴν</span> <span class='ocrx_word' id='word_1_784' title='bbox 3545 4864 3844 4934; x_wconf 82' lang='grc' dir='ltr'>παρουσίαν</span> 
     </span>
    </p>
   </div>
   <div class='ocr_carea' id='block_1_109' title="bbox 2291 4952 3842 5026">
    <p class='ocr_par' dir='ltr' id='par_1_109' title="bbox 2291 4952 3842 5026">
     <span class='ocr_line' id='line_1_109' title="bbox 2291 4952 3842 5026; baseline 0.003 -23"><span class='ocrx_word' id='word_1_785' title='bbox 2291 4952 2383 5003; x_wconf 77' lang='grc' dir='ltr'><strong>τοῦ</strong></span> <span class='ocrx_word' id='word_1_786' title='bbox 2419 4953 2620 5020; x_wconf 79' lang='grc' dir='ltr'>Κυρίου</span> <span class='ocrx_word' id='word_1_787' title='bbox 2662 4953 2710 5002; x_wconf 91' lang='grc' dir='ltr'>οἱ</span> <span class='ocrx_word' id='word_1_788' title='bbox 2764 4954 3220 5020; x_wconf 77' lang='grc' dir='ltr'>περιλειφθέντες,</span> <span class='ocrx_word' id='word_1_789' title='bbox 3257 4955 3572 5021; x_wconf 83' lang='grc' dir='ltr'>ἀλλαγέντες</span> <span class='ocrx_word' id='word_1_790' title='bbox 3609 4958 3665 5007; x_wconf 79' lang='grc' dir='ltr'>ἐν</span> <span class='ocrx_word' id='word_1_791' title='bbox 3712 4958 3842 5026; x_wconf 70' lang='grc' dir='ltr'>ῥιπῇ</span> 
     </span>
    </p>
   </div>
   <div class='ocr_carea' id='block_1_110' title="bbox 2291 5043 3844 5116">
    <p class='ocr_par' dir='ltr' id='par_1_110' title="bbox 2291 5043 3844 5116">
     <span class='ocr_line' id='line_1_110' title="bbox 2291 5043 3844 5116; baseline 0.006 -23"><span class='ocrx_word' id='word_1_792' title='bbox 2291 5043 2568 5112; x_wconf 70' lang='grc' dir='ltr'>ὀφθαλμοῦ</span> <span class='ocrx_word' id='word_1_793' title='bbox 2593 5045 2699 5095; x_wconf 78' lang='grc' dir='ltr'><strong>ἀπὸ</strong></span> <span class='ocrx_word' id='word_1_794' title='bbox 2734 5047 2931 5114; x_wconf 69' lang='grc' dir='ltr'>φθορᾶς</span> <span class='ocrx_word' id='word_1_795' title='bbox 2962 5049 3040 5107; x_wconf 79' lang='grc' dir='ltr'>εἰς</span> <span class='ocrx_word' id='word_1_796' title='bbox 3068 5047 3369 5116; x_wconf 54' lang='grc' dir='ltr'>ἀψθαρσίαν</span> <span class='ocrx_word' id='word_1_797' title='bbox 3396 5047 3509 5116; x_wconf 78' lang='grc' dir='ltr'>ἃμα</span> <span class='ocrx_word' id='word_1_798' title='bbox 3536 5049 3632 5100; x_wconf 82' lang='grc' dir='ltr'>σὺν</span> <span class='ocrx_word' id='word_1_799' title='bbox 3664 5050 3844 5108; x_wconf 58' lang='lat' dir='ltr'><strong>ais-.07;</strong></span> 
     </span>
    </p>
   </div>
   <div class='ocr_carea' id='block_1_111' title="bbox 2290 5393 3831 5470">
    <p class='ocr_par' dir='ltr' id='par_1_111' title="bbox 2290 5393 3831 5470">
     <span class='ocr_line' id='line_1_111' title="bbox 2290 5393 3831 5470; baseline 0.005 -26"><span class='ocrx_word' id='word_1_800' title='bbox 2290 5393 2447 5470; x_wconf 76' lang='lat' dir='ltr'><strong>fecit,</strong></span> <span class='ocrx_word' id='word_1_801' title='bbox 2485 5395 2573 5462; x_wconf 91' lang='lat' dir='ltr'><strong>qui</strong></span> <span class='ocrx_word' id='word_1_802' title='bbox 2627 5395 2823 5448; x_wconf 66' lang='lat' dir='ltr'><strong>illmsus</strong></span> <span class='ocrx_word' id='word_1_803' title='bbox 2865 5397 3064 5470; x_wconf 72' lang='lat' dir='ltr'><strong>exivit;</strong></span> <span class='ocrx_word' id='word_1_804' title='bbox 3093 5398 3234 5460; x_wconf 82' lang='lat' dir='ltr'><strong>licet,</strong></span> <span class='ocrx_word' id='word_1_805' title='bbox 3278 5410 3492 5467; x_wconf 61' lang='lat' dir='ltr'><strong>propter</strong></span> <span class='ocrx_word' id='word_1_806' title='bbox 3539 5413 3831 5470; x_wconf 75' lang='lat' dir='ltr'><strong>promptam</strong></span> 
     </span>
    </p>
   </div>
   <div class='ocr_carea' id='block_1_112' title="bbox 2293 5465 3835 5584">
    <p class='ocr_par' dir='ltr' id='par_1_112' title="bbox 2293 5465 3835 5584">
     <span class='ocr_line' id='line_1_112' title="bbox 2293 5465 3835 5584; baseline 0.007 -73"><span class='ocrx_word' id='word_1_807' title='bbox 2293 5465 2619 5584; x_wconf 54' lang='lat' dir='ltr'><strong>\‘tilllllFlltHil</strong></span> <span class='ocrx_word' id='word_1_808' title='bbox 2649 5506 2662 5527; x_wconf 97' lang='lat'><strong>,</strong></span> <span class='ocrx_word' id='word_1_809' title='bbox 2716 5469 2953 5536; x_wconf 81' lang='lat' dir='ltr'><strong>martyrii</strong></span> <span class='ocrx_word' id='word_1_810' title='bbox 2998 5465 3289 5521; x_wconf 83' lang='lat' dir='ltr'><strong>laureolam</strong></span> <span class='ocrx_word' id='word_1_811' title='bbox 3337 5465 3470 5524; x_wconf 70' lang='grc' dir='ltr'>[οι-ιο</span> <span class='ocrx_word' id='word_1_812' title='bbox 3519 5465 3835 5538; x_wconf 63' lang='lat' dir='ltr'><strong>promeritus</strong></span> 
     </span>
     <span class='ocr_line' id='line_1_113' title="bbox 2295 5546 2639 5584; baseline 0.003 -1"><span class='ocrx_word' id='word_1_813' title='bbox 2295 5546 2419 5584; x_wconf 83' lang='lat' dir='ltr'><strong>tunc</strong></span> <span class='ocrx_word' id='word_1_814' title='bbox 2482 5546 2639 5584; x_wconf 69' lang='lat' dir='ltr'><strong>uerti.</strong></span> 
     </span>
    </p>
   </div>
   <div class='ocr_carea' id='block_1_113' title="bbox 2295 5546 2639 5586">
    <p class='ocr_par' dir='ltr' id='par_1_113' title="bbox 2295 5546 2639 5586">
     <span class='ocr_line' id='line_1_114' title="bbox 2295 5546 2639 5586; baseline 0.009 -3"><span class='ocrx_word' id='word_1_815' title='bbox 2295 5546 2419 5584; x_wconf 83' lang='lat' dir='ltr'><strong>tunc</strong></span> <span class='ocrx_word' id='word_1_816' title='bbox 2459 5546 2639 5586; x_wconf 73' lang='lat' dir='ltr'><strong>ltll‘l&#39;ll.</strong></span> 
     </span>
    </p>
   </div>
   <div class='ocr_carea' id='block_1_114' title="bbox 2366 5600 3636 5670">
    <p class='ocr_par' dir='ltr' id='par_1_114' title="bbox 2366 5600 3636 5670">
     <span class='ocr_line' id='line_1_115' title="bbox 2366 5600 3636 5670; baseline 0.009 -18"><span class='ocrx_word' id='word_1_817' title='bbox 2366 5606 2474 5670; x_wconf 66' lang='lat' dir='ltr'><strong>(lii)</strong></span> <span class='ocrx_word' id='word_1_818' title='bbox 2503 5605 2643 5655; x_wconf 65' lang='lat' dir='ltr'><strong>Nihil</strong></span> <span class='ocrx_word' id='word_1_819' title='bbox 2675 5605 2981 5669; x_wconf 70' lang='lat' dir='ltr'><strong>hujuszuoili</strong></span> <span class='ocrx_word' id='word_1_820' title='bbox 3015 5611 3062 5659; x_wconf 90' lang='lat' dir='ltr'><strong>in</strong></span> <span class='ocrx_word' id='word_1_821' title='bbox 3100 5607 3371 5662; x_wconf 64' lang='lat' dir='ltr'><strong>Ezechiele</strong></span> <span class='ocrx_word' id='word_1_822' title='bbox 3403 5600 3636 5663; x_wconf 63' lang='lat' dir='ltr'><strong>iuv‘enio.</strong></span> 
     </span>
    </p>
   </div>
  </div>
