4138 6486
318 275 417 337 873

1446 277 1617 336 νιτΑ
1658 279 1718 338 S.
1760 277 2080 339 ANDRE£
2111 279 2300 340 SALI.

3382 278 3482 337 δτι

315 386 705 455 ἀρπαγήσονται
738 392 792 442 ἐν
817 388 1060 452 νεφέλαις
1086 386 1165 447 είς
1193 386 1490 453 ἀπάντησιν
1514 386 1607 439 τοῦ
1640 385 1841 456 Κυρίου

1957 404 2029 440 .nr
2058 402 2182 441 cum
2222 387 2324 440 illis
2368 385 2419 439 in
2476 384 2711 439 nubibus
2744 385 2954 439 obviam
2988 384 3206 441 Christo
3254 388 3306 441 iu
3338 404 3487 443 aera.

312 475 386 535 είς
413 475 565 543 ἀέρα.
596 478 764 531 Ὅταν
798 475 888 529 οὖν
920 476 1002 545 ίδῃ
1030 490 1112 538 τις
1140 475 1208 526 τά
1236 474 1458 545 βδελυρά
1486 475 1613 540 ἔθνη
1642 478 1720 537 είς
1751 475 1841 526 τὸν

311 563 501 630 κόσμον
535 566 848 634 ἐληλυθότα,
868 564 1096 627 -τέκνον,
1151 565 1269 617 τότε
1307 565 1615 631 γινωσκέτω
1643 565 1722 616 ὅτι
1750 566 1842 616 ἐπὶ

308 654 492 723 θυραις
519 656 713 715 πάντα.
746 657 836 708 καὶ
865 656 1001 726 μετά
1041 655 1231 723 μικρὸν
1254 657 1280 707 6
1318 654 1521 723 Κριτὴς
1560 652 1843 705 ἐπελεύσε-

304 760 407 796 ται.
438 744 621 797 Ταῦτα
670 746 927 814 ἐλάλησεν
957 748 986 797 6
1017 746 1297 815 Μακάριος
1342 748 1408 813 τῇ
1456 744 1610 797 νυκτὶ
1661 743 1844 814 ἐκείνῃ

304 832 377 901 τῷ
409 833 729 900 Ἐπιφανίιει,
770 833 1182 903 ἀγρυπνούντων
1214 833 1391 886 αὐτῶν
1420 834 1513 886 καὶ
1558 833 1657 903 τῆς
1706 833 1843 902 ἐμῆς

306 924 695 991 ταπεινότητος.
722 924 827 977 Τοῦ
853 925 906 977 δὲ
932 921 1089 989 ξύλου
1113 923 1212 991 τῆς
1239 923 1530 993 ἐκκλησίας
1580 924 1844 994 κρούσαν-

305 1027 411 1073 τος,
459 1010 726 1082 ἐπορεύθη
756 1014 784 1065 6
814 1012 1127 1079 Ἐπιφάνιος
1171 1014 1345 1067 ἐκεῖσε
1365 1030 1380 1045 ·
1410 1016 1438 1066 6
1464 1014 1521 1066 δὲ
1559 1013 1845 1084 Μακάριος

304 1101 360 1153 ιν
389 1100 466 1170 τῷ
498 1101 629 1172 οἴκῳ
662 1101 785 1157 καθ’
815 1103 1001 1158 ἑαυτὸν
1026 1104 1382 1175 προσηύχετο,

1945 476 2079 529 Cum
2109 478 2231 543 quis
2258 491 2383 544 ergo
2412 475 2642 538 viderit,
2672 474 2757 528 ‘ﬁli
2789 474 2896 537 mi,
2926 477 3279 530 exsecrandas
3308 487 3491 544 gentes

1948 567 2067 620 illas
2101 566 2360 633 irrupisse
2388 567 2439 619 in
2470 565 2729 619 mundum
2749 602 2763 627 ,
2798 566 2933 618 sciat
2963 564 3009 618 is
3032 604 3046 629 ,
3088 580 3252 633 prope
3293 582 3411 621 esse
3440 569 3495 620 in

1945 656 2144 724 januis,
2174 672 2291 723 quae
2323 656 2456 719 dixi,
2484 656 2703 719 omnia;
2751 665 2805 708 et
2836 654 2980 707 brevi
3009 653 3249 708 Judicem
3280 658 3497 711 adiutu-

1951 761 2096 800 rum.
2142 746 2318 813 Atque
2363 745 2416 797 hi
2468 744 2615 799 fuere
2648 758 2963 808 sermones,
2994 758 3128 812 quos
3161 745 3227 796 ad
3271 742 3496 811 Epipha-

1951 839 2098 892 nium
2135 837 2321 890 habuit
2368 836 2607 889 Andreas
2644 844 2804 888 nocte
2850 832 2939 887 illa
2965 871 2980 895 ,
3016 842 3137 886 tum
3178 832 3343 899 ipsis,
3390 841 3503 885 tum

1954 925 2085 978 mihi
2124 938 2340 993 quoque
2382 922 2498 975 sine
2530 936 2721 977 somno
2764 930 3067 986 transacta;
3118 919 3287 972 donec
3320 919 3501 972 datum

1953 1015 2165 1083 signum
2198 1012 2262 1063 ad
2294 1011 2573 1065 ecclesiam
2627 1020 2969 1071 convocaret,
3023 1023 3131 1076 quo
3170 1007 3504 1077 Epiphanius

1952 1105 2167 1172 quidem
2208 1116 2324 1154 sese
2350 1099 2609 1164 contulit,
2652 1100 2896 1153 Andreas
2938 1112 3065 1153 vero
3096 1098 3241 1154 domi
3279 1096 3503 1151 seorsim

1952 1193 2181 1247 orationi
2212 1206 2270 1245 se
2300 1189 2469 1244 dedit.

1676 1322 1905 1378 CAPUT
1961 1320 2168 1379 XXV".

305 1453 585 1510 Occasione
639 1455 855 1513 calcatis
884 1458 1233 1529 fragrantia,
1288 1458 1381 1512 sub
1417 1475 1567 1514 sacra
1608 1461 1825 1513 lectione
1855 1468 2129 1597 μετρεῖται,
2167 1467 2437 1539 ,ηανναιιιτ
2481 1458 2701 1511 historia
2737 1456 2991 1512 Theodori
3028 1458 3090 1511 ab
3141 1457 3341 1528 angelis
3371 1460 3505 1513 inter

1600 1539 1859 1582 tormenta
1893 1545 1986 1581 con
2016 1538 2197 1581 ortatt.
2750 1555 2757 1561 -

1600 1539 1859 1582 tormenta
1893 1538 2197 1582 contortatt.
2750 1555 2757 1561 -

369 1651 468 1705 σλ’.
494 1653 711 1722 Πρωῖας
737 1656 792 1708 δὲ
820 1654 1136 1725 γενομένης,
1156 1656 1321 1711 πάλιν
1350 1656 1465 1729 [ἐπὶ
1488 1659 1546 1711 τὸ
1568 1659 1699 1711 αὐτὸ
1727 1676 1848 1712 συν-

2018 1656 2144 1711 250.
2172 1656 2519 1713 illucescente
2543 1667 2759 1727 postera
2783 1658 2893 1723 die,
2916 1658 3101 1712 eodem
3127 1660 3502 1715 convenientes

300 1739 538 1804 ιλθόντες
564 1742 677 1813 καὶ]
710 1744 1061 1808 καθεσθέντες
1088 1745 1326 1813 ὡμίλουν
1355 1750 1424 1801 τὰ
1474 1748 1567 1801 τοῦ
1600 1748 1853 1817 πνεύμα-

298 1844 419 1890 τος·
478 1832 569 1883 καὶ
618 1831 681 1900 δὴ
717 1831 896 1901 βίϐλου
949 1835 1123 1907 εκείσε
1178 1835 1437 1906 κειμένης
1487 1835 1580 1888 τοῦ
1617 1839 1849 1904 μεγάλου

298 1918 600 1986 Βασιλείου,
644 1921 987 1993 προτρέψατο
1012 1925 1040 1976 6
1071 1924 1255 1985 Ὃσιος
1303 1926 1380 1992 τῷ
1419 1926 1715 1994 Ἐπιφανίῳ
1759 1927 1851 1977 τοῦ

298 2008 481 2062 λαϐεῖν
510 2011 600 2064 καὶ
648 2001 1040 2078 ἀναγινώσκειν
1058 2028 1072 2043 ·
1101 2009 1168 2083 ἦν
1205 2013 1261 2065 δὲ
1289 2016 1316 2066 6
1339 2013 1493 2082 λόγος
1526 2033 1854 2085 προτρεπτι-

299 2102 409 2165 κὸς,
446 2103 626 2172 ὁμιλία
657 2104 735 2166 είς
777 2103 836 2157 τὸ
887 2104 1183 2174 βάπτισμα,
1232 2106 1290 2157 '0
1341 2107 1438 2174 μὲν
1490 2107 1650 2175 σοφὸς
1696 2109 1853 2159 Σολο-

303 2188 439 2255 μών.
478 2187 677 2241 Τούτου
706 2190 760 2242 δὲ
802 2191 1330 2269 ἀναγινωσκομένου,
1364 2194 1533 2263 ἡδέως
1571 2197 1803 2266 ὴκροᾶτο
1826 2199 1853 2249 6

300 2276 604 2347 Μακάριος,
661 2279 879 2348 μειδιῶν
917 2281 995 2351 τῷ
1030 2282 1304 2353 προσώπῳ
1356 2285 1450 2337 καὶ
1496 2285 1855 2356 εὐφραινόμε-

300 2381 387 2426 νος
405 2382 420 2396 ·
448 2369 475 2418 6
504 2367 559 2419 δὲ
586 2368 898 2437 Ἐπιφάνιος
923 2370 1038 2440 ἔχεε
1064 2372 1273 2441 δάκρυα
1299 2375 1363 2442 τῇ
1396 2373 1582 2443 βίϐλῳ,
1613 2376 1706 2427 καὶ
1733 2392 1855 2427 στεο

301 2456 542 2522 ναγμοίκ
567 2456 631 2508 ὲκ
665 2456 871 2526 βαθέων
896 2459 1230 2529 ἀνέπεμπεν.
1262 2462 1402 2532 Ἔφη
1440 2462 1497 2514 δὲ
1532 2464 1667 2531 πρὸς
1696 2463 1855 2515 αὐτὸν

299 2541 328 2593 6
365 2544 647 2612 Μακάριος
671 2562 685 2577 ο
717 2547 915 2599 Τέκνον
953 2564 1075 2616 μου,
1120 2549 1174 2601 τί
1220 2549 1515 2618 δαιιρύεις;
1568 2550 1855 2621 εὐφραίνου

300 2629 355 2682 δὲ
386 2633 587 2700 μᾶλλον
613 2639 751 2688 κατὰ
780 2636 868 2689 τὸν
916 2640 1183 2707 μακάριον
1222 2639 1431 2694 Παῦλον
1471 2640 1562 2692 τὸν
1594 2640 1815 2707 λέγοντα
1840 2656 1853 2670 ·

305 2721 567 2803 ιΙαίρετσε
586 2724 642 2779 ὲν
661 2726 848 2796 Κυρίῳ
866 2729 1113 2780 πάντοτε·
1127 2746 1146 2780 r
1171 2728 1477 2783 καὶὸτοίτά
1501 2730 1593 2783 τοῦ
1614 2730 1856 2800 Πνεύμα-

301 2827 389 2873 ¹τος
404 2816 720 2883 πράττουσι,
739 2818 844 2887 χρὴ
871 2818 1062 2880 αὐτοὺς
1084 2822 1307 2889 σκιρτᾷν
1331 2822 1422 2874 καὶ⁵
1443 2820 1824 2892 εὐφραίνεσθαι
1840 2838 1855 2853 ’

285 2902 413 2957 ὅσοι
443 2904 501 2956 δὲ
559 2905 719 2959 πάλιν
758 2906 967 2959 ποιοῦσι
998 2906 1092 2959 τοῦ
1147 2908 1393 2963 διαϐόλου
1443 2910 1510 2963 τά
1559 2912 1855 2982 θελήματα,

1953 1749 2132 1803 denuo
2166 1750 2541 1818 sedentesque,
2564 1751 2628 1802 de
2664 1751 2826 1804 rebus
2861 1750 2927 1803 ad
2960 1749 3207 1817 spiritum
3232 1750 3504 1817 pertinen-

1956 1839 2100 1892 tibus
2152 1823 2402 1894 conl‘erre
2450 1848 2761 1907 creperum,
2812 1853 3049 1907 cumque
3098 1838 3233 1893 forte
3278 1839 3411 1905 istic:
3438 1838 3505 1893 ad

1956 1942 2175 1979 manum
2215 1938 2357 1981 esset
2405 1929 2582 1996 magni
2641 1928 2823 1982 Basilii
2877 1928 3125 1982 volumen
3176 1926 3505 1996 quodpiam,

1957 2020 2203 2072 hortatus
2233 2028 2313 2072 est
2340 2019 2694 2087 Epiphanium
2732 2018 3000 2083 Andreas,
3042 2028 3100 2070 ut
3138 2016 3269 2070 illud
3301 2017 3511 2085 accipe-

1958 2114 2037 2158 ret
2063 2105 2388 2173 legeretque.
2415 2105 2541 2157 Erat
2570 2114 2744 2157 autem
2778 2105 2951 2157 oratio
2987 2105 3310 2172 protreptica
3344 2140 3357 2161 ,
3404 2103 3509 2154 ho-

1959 2194 2106 2247 milia
2140 2195 2253 2264 (44)
2276 2194 2525 2248 videlicet
2561 2192 2627 2247 de
2661 2194 2950 2259 baptismo,
2994 2209 3114 2261 qua:
3144 2194 3222 2246 sic
3263 2193 3504 2251 orditur:

1960 2286 2188 2353 Sapiens
2228 2285 2444 2353 quidem
2493 2282 2769 2336 Salomon.
2806 2283 3037 2351 Legente
3077 2282 3239 2349 igitur
3280 2282 3507 2351 Epipha.

1959 2378 2047 2429 uio
2072 2414 2089 2440 ,
2133 2375 2292 2455 suavi
2339 2388 2465 2428 cum
2501 2373 2857 2427 delectatione
2890 2373 3226 2425 auscultabat
3268 2374 3348 2423 vir
3384 2389 3511 2425 san-

1957 2474 2078 2531 ctus
2101 2506 2115 2529 ,
2151 2466 2297 2520 vultu
2342 2464 2408 2517 ad
2441 2465 2607 2518 risum
2649 2472 2703 2517 et
2742 2463 2976 2517 laetitiam
3007 2462 3305 2530 composito
3340 2478 3354 2514 :
3384 2461 3510 2528 Epi~

1959 2558 2189 2627 phanius
2222 2568 2371 2618 vero,
2393 2554 2644 2623 lacrymis
2670 2553 2867 2607 librum
2898 2552 3150 2620 irrigans,
3174 2551 3505 2604 continenter

1958 2662 2025 2699 ex
2071 2647 2179 2699 imo
2230 2655 2448 2712 pectore
2500 2643 2732 2711 suspiria
2790 2641 3039 2696 ducebat.
3091 2639 3187 2693 Cui
3235 2640 3510 2691 Sanctus:

1959 2734 2227 2802 Quorsum
2263 2733 2378 2786 ista:
2411 2732 2680 2802 lacrymze,
2724 2730 2797 2783 Illi
2837 2730 2953 2782 mi?
2994 2729 3122 2796 quin
3155 2729 3331 2796 potius
3363 2737 3417 2779 tu
3461 2735 3511 2777 te

1963 2825 2183 2877 hilarem
2226 2822 2441 2891 praebe,
2503 2836 2571 2875 ex
2632 2828 2809 2874 mente
2860 2818 3000 2872 beati
3044 2817 3193 2871 Pauli
3222 2815 3508 2895 dicentis:

1966 2932 1985 2965 ι
2022 2914 2263 2969 Gaudete
2316 2912 2370 2965 in
2416 2911 2642 2964 Domino
2699 2925 2909 2977 semper
2941 2909 3009 2959 ⁸⁸.
3046 2927 3065 2958 ι
3119 2906 3182 2959 Et
3237 2923 3364 2961 sane
3418 2906 3509 2973 qui

303 2994 867 3063 σκυθρωπαζέτωσαν,
896 2996 1083 3053 καθότι
1113 2998 1173 3051 τὸ
1212 2999 1324 3067 φῶς
1365 3000 1459 3053 τοῦ
1486 3000 1620 3053 Θεοῦ
1668 3003 1855 3072 ἐλήλυ-

1958 3020 2078 3073 qnae
2128 3012 2254 3057 sunt
2309 3000 2547 3069 Spiritus
2600 3006 2799 3068 agunt,
2858 2998 2976 3051 illos
3019 2997 3213 3064 gaudio
3242 3006 3294 3050 et
3328 2997 3509 3052 laetitia

301 3082 398 3162 0va
420 3085 503 3146 τίς
523 3082 615 3137 τὸν
648 3084 871 3153 κόσμον,
903 3087 997 3137 καὶ
1030 3086 1321 3156 ἠγάπησαν
1346 3089 1394 3139 οί
1420 3088 1693 3158 ἄνθρωποι
1727 3090 1861 3158 μᾶλ-

301 3173 390 3226 λον
420 3174 485 3226 τὸ
513 3176 701 3237 σκότος
732 3175 765 3245 ἢ
790 3175 849 3228 τὺ
883 3175 1014 3245 φῶς.
1060 3176 1203 3244 Ἔφη
1245 3177 1557 3245 Ἐπιφάνιος
1580 3193 1594 3207 ’
1629 3180 1740 3232 Οὐκ
1766 3179 1862 3234 οὐν

302 3263 459 3331 κάγὼ
492 3264 831 3334 ἁμαρτωλὸς,
866 3265 958 3318 καὶ
999 3265 1179 3335 θρηνῶ
1213 3283 1316 3334 μου
1350 3269 1447 3330 τάς
1494 3270 1719 3337 πράξεις
1762 3270 1861 3333 τὰς

303 3352 563 3426 πονηράς,
589 3355 704 3418 πῶς
731 3356 1119 3425 άπολογίζομαι
1146 3374 1161 3421 ;
1183 3358 1346 3425 Λέγει
1373 3360 1477 3429 γάρ
1506 3377 1595 3428 μοι
1618 3364 1644 3413 6
1669 3362 1861 3428 ’Ἄγιος

300 3438 479 3507 οὗτος·
512 3445 671 3509 Πότε,
700 3446 888 3516 φησὶν,
916 3445 1242 3517 οἱκειωθήσῃ
1269 3448 1346 3516 τῷ
1372 3447 1509 3518 Θεῷ,
1530 3451 1624 3502 καὶ
1653 3451 1779 3502 πότε
1804 3451 1862 3503 οὶ

302 3533 643 3603 γνωρίσομεν
672 3534 747 3596 ὡς
779 3536 1069 3603 ὴμέτερον;
1099 3534 1281 3588 Ταῦτα
1318 3538 1532 3592 ἀκούων
1561 3539 1629 3611 τά
1661 3539 1859 3608 ὀνείδη,

306 3625 382 3699 μὴ
424 3624 680 3696 θρηνήσω
720 3625 817 3695 τὴν
859 3626 1038 3696 δεινὴν
1076 3627 1369 3695 ἀπολογίαν
1405 3645 1545 3696 μους
1598 3628 1712 3690 πῶς
1736 3629 1860 3681 άνέ·

304 3731 474 3785 χοιτο,
518 3714 644 3784 κέρι
673 3717 701 3769 6
738 3715 942 3786 μέγας;
975 3718 1117 3788 Ἐφη
1142 3718 1169 3769 6
1193 3717 1375 3780 Ὀσιος
1404 3736 1418 3749 ·
1443 3712 1609 3779 Οὗτος
1634 3718 1663 3770 6
1685 3717 1862 3784 λόγος,

302 3806 493 3863 τέκνον
522 3824 644 3876 μου,
673 3808 747 3877 μὴ
771 3808 875 3875 γάρ
906 3803 1071 3875 οἶδας,
1101 3812 1212 3874 τοῖς
1238 3812 1317 3864 ὅτι
1345 3810 1605 3879 ἀμυήτοις
1627 3803 1743 3860 οὖσι
1767 3806 1861 3859 τοῦ

305 3896 448 3951 θείου
506 3897 875 3971 βαπτίσματος
963 3900 1235 3965 ὀνειδίζων
1300 3901 1501 3967 ἔλεγεν.
1552 3898 1864 3964 Ἐπιφάνιος

303 3987 452 4055 λέγει
479 4003 494 4020 ο
519 3988 627 4041 Ναὶ
660 3990 808 4059 τίμιε
856 3988 1058 4059 Πάτερ,
1089 3991 1241 4057 κάγὼ
1269 3986 1385 4042 οἶδα
1413 4004 1430 4021 ·
1474 3988 1612 4057 πλὴν
1639 3990 1667 4041 6
1710 3987 1864 4053 λόγος

303 4071 480 4141 οὗτος,
510 4080 567 4132 ὃν
593 4096 755 4147 φασιν
775 4081 821 4131 oi
853 4079 960 4132 τῶν
986 4080 1258 4148 ἀγροίκων
1301 4078 1739 4149 αἰνιγματώδεις,
1781 4076 1863 4128 ὅτι

306 4169 417 4235 Σοὶ,
442 4164 488 4225 ὦ
509 4171 715 4241 νύμφη,
749 4170 939 4239 όμιλῶ,
982 4172 1065 4224 ἵνα
1100 4172 1194 4225 καλ⁵
1216 4172 1353 4242 αὐτὴ
1390 4173 1422 4241 η
1454 4171 1687 4241 πενθερά
1731 4173 1862 4222 ἐνω-

305 4261 451 4333 τίζῃ.

1962 3095 2234 3148 exsultare
2281 3092 2585 3147 convenit:
2629 3090 2705 3143 illi
2756 3097 2943 3142 contra
2973 3087 3181 3153 deiecto
3228 3087 3280 3139 in
3316 3097 3510 3145 terram

1942 3186 2211 3254 'trislique
2243 3182 2496 3239 incedant
2523 3180 2694 3245 vultu,
2724 3179 2819 3249 qui
2845 3179 3179 3232 voluntatem
3212 3192 3493 3243 exsequun-

1964 3286 2050 3329 tur
2081 3274 2311 3336 diaboli;
2348 3272 2602 3342 quoniam
2637 3271 2727 3323 lux
2761 3269 2944 3324 divina
2975 3269 3122 3322 venit
3148 3270 3202 3320 in
3234 3266 3512 3330 mundum,

1961 3377 2013 3418 et
2041 3364 2348 3418 dilexerunt
2376 3361 2621 3415 homines
2650 3359 2900 3413 tenebras
2929 3358 3099 3427 magis
3127 3372 3287 3426 quam
3318 3356 3511 3409 lucem.

1964 3453 2100 3507 Tum
2139 3452 2470 3523 Epiphanius
2512 3469 2524 3504 :
2560 3450 2724 3518 Atqui
2766 3450 2879 3503 hac
2916 3448 3032 3515 ipsa
3065 3462 3229 3501 causa
3262 3454 3378 3511 est,
3418 3458 3514 3499 cur

1962 3560 2091 3613 ego,
2140 3544 2232 3613 qui
2266 3551 2515 3613 peccator
2547 3555 2667 3595 sum
2693 3577 2708 3604 ,
2747 3552 3026 3607 perperam
3066 3552 3094 3591 a
3144 3552 3229 3591 me
3259 3545 3407 3605 gesta
3444 3536 3515 3588 la.

1963 3644 2201 3695 menter,
2252 3647 2417 3697 cum,
2467 3644 2575 3699 quo
2630 3643 2715 3683 me
2764 3643 3027 3698 purgem,
3071 3627 3205 3681 nihil
3259 3628 3514 3695 supersit.

1966 3725 2104 3780 Dicit
2156 3736 2390 3791 namque
2448 3721 2579 3774 mihi
2639 3726 2864 3773 sanctus
2914 3719 3001 3772 hic
3053 3716 3282 3771 Basilius
3328 3735 3343 3775 :
3399 3718 3514 3770 Ali-

1964 3813 2181 3883 quando
2214 3814 2266 3865 in
2308 3810 2399 3864 Dei
2431 3809 2849 3863 familiaritatem
2878 3807 3198 3871 admitteris,
3232 3807 3516 3874 aliquando

1965 3918 2015 3960 te
2034 3906 2108 3959 uti
2139 3900 2380 3958 nostrum
2411 3914 2823 3970 cognoscemus.
2848 3897 3019 3964 Quam
3052 3912 3150 3967 ego
3178 3911 3299 3951 cum
3325 3911 3516 3965 expro-

1962 3996 2263 4051 brationem
2289 3993 2526 4057 audiam,
2557 3990 2831 4061 quomodo
2856 4005 2886 4044 a
2916 3990 3171 4058 lacrymis
3200 3998 3515 4056 temperem,

1963 4084 2181 4139 domine
2212 4084 2282 4137 mi
2312 4096 2503 4149 magne
2526 4118 2542 4145 ,
2576 4096 2683 4149 quo
2716 4080 2896 4137 minus
2921 4078 3187 4135 dillicilem
3224 4080 3357 4133 adeo
3388 4076 3515 4130 mihi

1964 4174 2332 4229 defensionem
2373 4170 2636 4225 deﬂeam?
2690 4170 2789 4223 Cui
2827 4179 3045 4227 sanctus
3093 4188 3105 4223 :
3154 4169 3339 4223 Oratio
3385 4170 3470 4221 illa
3497 4205 3514 4231 ,

1966 4268 2037 4319 tili
2074 4266 2178 4329 mi,
2224 4264 2366 4331 quo-.l
2399 4262 2649 4330 ignorare
2681 4260 2914 4322 videris,
2966 4260 3018 4313 in
3059 4260 3180 4314 illos
3227 4260 3515 4321 invehitur,

307 4356 400 4423 qui
430 4371 584 4426 sacra
655 4356 989 4425 baptismatis
1048 4359 1186 4408 unda
1238 4356 1400 4409 abluti
1456 4356 1691 4410 nondum
1748 4368 1893 4412 sunt.
1975 4357 2031 4411 Et
2077 4356 2457 4426 Epiphanius:
2519 4350 2825 4415 Enimvero,
2878 4349 3035 4405 Pater
3088 4352 3407 4408 venerande,
3468 4348 3515 4397 id

313 4451 437 4505 novi
489 4450 692 4518 probe;
748 4458 1120 4504 verumtamen
1174 4451 1348 4502 oratio
1394 4450 1482 4502 illa
1536 4451 1727 4505 similis
1780 4461 1859 4505 cst
1895 4451 2003 4514 isti,
2055 4467 2158 4518 qua
2208 4450 2540 4516 aetiigmatice
2608 4446 2796 4499 dicunt
2870 4443 3107 4497 rustici:
3150 4440 3270 4495 Tibi
3304 4444 3515 4510 loquor,

308 4555 343 4593 ο
386 4556 624 4612 sponsa,
663 4549 721 4594 ut
760 4540 873 4607 ipsa
922 4553 1137 4607 quoque
1171 4552 1357 4592 socrus
1387 4538 1589 4591 audiat.

380 4628 516 4683 σλα’.
549 4628 733 4681 Ταῦτα
758 4627 852 4679 τοῦ
896 4628 1210 4693 Ἐπιφανίου
1256 4628 1605 4696 λαλήσαντος,
1635 4628 1863 4696 ὐπομει-
1896 4634 1940 4688 ι)

309 4722 496 4781 Etim;
540 4722 565 4771 ὁ
612 4722 913 4787 Μακάριος,
960 4718 1291 4789 ἐπέστρεψεν
1339 4720 1501 4772 αὐτὸν
1568 4719 1725 4770 πάλιν
1769 4717 1861 4770 τοῦ

311 4808 719 4878 ἀναγινώσκειν.
785 4808 1265 4876 Ἀναγινώσκοντος
1314 4809 1370 4860 δὲ
1426 4809 1611 4870 αὐτοῦ,
1668 4811 1863 4879 αἴφνης

313 4901 518 4968 διεδόθη
570 4900 689 4961 ταῖς
728 4900 919 4966 φρεσὶν
972 4898 1148 4950 αὐτῶν
1176 4898 1371 4951 εὐωδία
1419 4915 1502 4960 τις
1551 4899 1625 4960 ὡς
1669 4900 1863 4967 τιμίων

314 4993 662 5062 ἀρωμάτωνμ
677 4990 816 5042 ὥστε
849 4990 1090 5059 φρίττειν
1140 4988 1228 5044 τὸν
1271 4991 1586 5059 Ἐπιφάνιον
1620 4994 1710 5044 ἐπὶ
1743 4995 1865 5046 ἱκα-

313 5084 407 5153 νὴν
434 5083 582 5152 ὥραν
615 5081 709 5134 καὶ
739 5080 1061 5145 ξενίζεσθαι.
1103 5080 1277 5149 Ἐώρα
1315 5081 1370 5133 δὲ
1409 5084 1436 5133 6
1465 5083 1745 5151 Μακάριος
1776 5084 1865 5135 τὸν

314 5173 659 5242 τὴνεύωδίαν
694 5171 983 5239 κομίζοντα
1025 5172 1280 5232 άεννάως.
1320 5170 1447 5221 Ὅτε
1497 5172 1550 5223 δὲ
1593 5173 1681 5223 τὸν
1712 5172 1864 5241 λόγον

320 5264 672 5327 κατέπαυσεν,
698 5262 897 5321 εὐθέως
922 5261 1013 5311 καὶ
1036 5262 1068 5330 ἡ
1100 5261 1293 5313 εὐωδία
1321 5262 1550 5333 ἀπέστη.
1570 5262 1861 5329 Θαυμάσας

383 5444 427 5476 ⁸³
471 5442 698 5511 Philipp.
727 5456 800 5504 ιν,
831 5440 883 5492 ι.

2053 4628 2177 4682 251.
2238 4627 2425 4681 Isthaec
2501 4629 2851 4691 reponentem
2924 4617 3279 4685 Epiphanium
3341 4621 3518 4675 subri-

1968 4722 2103 4775 dens
2130 4718 2371 4771 Andreas
2412 4715 2661 4768 bortatus
2689 4717 2790 4773 est,
2828 4717 2886 4763 ut
2924 4710 3101 4763 denuo
3137 4709 3351 4775 legeret.
3401 4708 3518 4775 Quo

1969 4812 2370 4876 obtemperante
2395 4845 2409 4869 ,
2446 4804 2646 4871 allapsa
2673 4810 2752 4855 cst
2784 4798 3105 4853 suavissima
3142 4800 3365 4853 odorum
3410 4799 3517 4854 [τυ-

1972 4902 2202 4970 grautia,
2234 4896 2387 4967 quasi
2420 4895 2775 4963 pretiosorum
2809 4901 3134 4952 aromatum,
3179 4890 3242 4940 ait
3285 4891 3518 4942 animam

1972 5005 2141 5058 usque
2171 4994 2481 5057 penetrans,
2514 4983 2646 5036 adeo
2685 4989 2742 5034 ut
2776 4980 3055 5049 perculsus
3086 4975 3421 5044 Epiphanius
3453 4979 3517 5030 ad

1972 5081 2189 5147 longum
2244 5086 2456 5144 tempus
2497 5087 2604 5140 pra:
2655 5082 2875 5137 stupore
2912 5077 3181 5127 νικηεδῆει
3226 5066 3367 5134 apud
3416 5082 3516 5121 se:

1970 5171 2182 5223 vidente
2238 5166 2442 5219 interea
2490 5163 2648 5217 beato
2695 5160 2909 5213 Andrea
2945 5157 3134 5217 illum.
3181 5157 3273 5225 qui
3317 5170 3517 5207 memo~

1970 5270 2141 5314 ratam
2174 5255 2539 5329 lragrantiam-
2570 5254 2903 5307 incessanter
2939 5247 3243 5315 spargebat.
3280 5242 3378 5299 Ubi
3422 5259 3516 5296 an.

392 5599 500 5665 (44)
530 5595 620 5651 Est
651 5594 764 5649 ha'e
795 5596 931 5648 inter
958 5593 1132 5645 varias
1159 5589 1339 5643 Basilii
1369 5588 1678 5653 conciones,
1710 5588 1848 5657 apud
1888 5587 2229 5651 Cornarium,
2270 5583 2459 5639 concio
2501 5581 2583 5637 l5.

613 5688 873 5745 l‘n‘uoL.
914 5686 1026 5745 Gn.
1064 5685 1223 5746 CXI.
