4038 6450
621 404 719 471 881

1388 401 1804 465 NICEPHORI
1845 404 2106 469 PRESB.
2152 411 2259 470 CP.
2300 411 2475 472 VITA
2515 414 2576 472 S.
2617 411 2942 473 ANDRErE
2977 415 3168 475 ΞΛΜ.

3741 413 3834 480 888

615 516 888 573 discessit.
925 513 1255 569 Perveniens
1293 515 1418 569 hinc
1463 519 1529 570 ad
1578 517 2018 583 ambulationes,
2072 535 2193 588 qua:

2296 518 2435 578 οὕτω
2460 526 2670 594 πικρῶς
2699 525 3002 596 θρηνοῦντα
3025 529 3206 595 ἀφεὶς,
3238 525 3569 600 ἀνεχώρησε.
3600 518 3832 579 Καταλα-

621 609 722 664 sub
749 606 1044 677 porticibus
1092 613 1253 668 sunt,
1290 616 1459 660 totam
1492 617 1703 661 noctem
1745 623 1841 678 pro
1881 611 2187 688 periclitan-

620 701 782 763 tihus,
829 714 927 767 pro
967 697 1196 760 aﬂlictis,
1240 713 1339 767 pro
1391 700 1716 754 necessitate
1749 700 1930 769 aliqua
1961 689 2183 770 pressis,

618 806 718 858 pro
748 805 966 844 carcere
1005 790 1237 844 detentis
1264 830 1279 853 ,
1314 805 1412 857 pro
1439 791 1694 845 omnibus
1724 791 1959 861 denique
1999 794 2187 848 mundi

617 882 811 936 incolis
878 881 1086 936 orando
1147 883 1430 950 transegit.
1484 883 1661 949 Atque
1725 884 1797 936 ita
1854 895 2111 940 evocatus
2158 901 2188 941 e

622 973 802 1034 terris,
842 972 1032 1027 videns
1073 973 1390 1027 universum
1425 983 1739 1028 sanctorum
1776 990 1989 1044 agmen,
2020 976 2187 1030 veluti

615 1062 936 1118 familiarem
997 1081 1158 1120 suum
1208 1063 1603 1131 invisentium,
1670 1066 1827 1121 hilari
1884 1067 2188 1138 ridentique

614 1155 768 1207 vultu
800 1155 1050 1224 spiritum
1081 1156 1284 1214 emisit.

656 1244 815 1301 -244,
866 1243 1072 1299 Interea
1117 1250 1445 1318 paupercula
1489 1249 1734 1321 quadam
1792 1250 2013 1315 mulier,
2066 1267 2187 1321 quae

617 1333 816 1389 ibidem
861 1336 914 1388 in
945 1339 1220 1408 tuguriolo
1247 1342 1503 1410 quopiam
1534 1342 1872 1404 morabatur,
1908 1343 2184 1411 cepiosam

614 1428 875 1495 unguenti
905 1428 1256 1497 fragrantiam
1283 1447 1346 1487 ac
1372 1434 1746 1504 thymiamatis
1773 1433 2010 1489 suaviter
2033 1434 2206 1489 oleo?

617 1520 709 1583 tis,
754 1535 876 1574 cum
913 1520 1062 1576 nullo
1094 1523 1262 1577 altero
1291 1525 1643 1593 comparandi
1675 1565 1689 1587 ,
1724 1533 1777 1579 et
1818 1533 2030 1592 captum
2065 1539 2186 1578 om-

614 1627 736 1665 nem
769 1613 1048 1666 hominum
1083 1615 1568 1682 supergredientis,
1601 1614 1823 1669 odorem
1854 1614 2185 1684 percipiens,

612 1703 846 1770 prosiliit
872 1704 1094 1769 subito;
1145 1706 1423 1775 petituque
1453 1705 1678 1769 lumine,
1723 1716 1908 1760 secuta
1936 1706 2184 1769 odorem,

613 1792 681 1847 ad
733 1793 910 1847 locum
978 1796 1118 1850 unde
1165 1796 1524 1864 promanabat
1567 1798 1821 1863 devenit;
1883 1796 2186 1865 rcperitque

613 1884 738 1937 istic
772 1885 988 1938 beatum
1016 1886 1287 1950 Andream
1312 1887 1422 1942 vita
1451 1886 1723 1951 functum,
1754 1895 1805 1940 et
1831 1886 2188 1955 deprehendit

614 1974 853 2028 divinum
891 1976 1051 2031 istum
1087 1977 1311 2032 odorem
1345 1979 1518 2047 magis
1542 1978 1824 2047 magisque
1852 1975 2186 2044 fragrantem

615 2065 878 2133 aspirare,
922 2075 975 2120 et
1007 2078 1407 2137 unguentorum
1449 2068 1840 2138 scaturiginem
1875 2067 2052 2119 instar
2083 2065 2188 2117 flu-

613 2155 774 2210 minis
807 2158 1125 2212 mirabiliter
1155 2173 1185 2213 e
1224 2159 1474 2229 reliquiis
1522 2161 1732 2228 egredi.
1763 2156 1979 2223 Qua‘de
2025 2170 2188 2210 causa

614 2245 680 2299 ad
711 2248 842 2300 alios
875 2249 1140 2317 quosdam
1176 2249 1370 2305 festiue
1401 2265 1714 2313 accurrens,
1741 2248 1886 2318 quod
1918 2247 2193 2301 acciderat

616 2340 965 2402 n.lraculum,
1001 2338 1111 2394 Deo
1148 2339 1266 2408 ipso
1302 2340 1353 2394 in
1388 2350 1577 2394 testem
1603 2348 1819 2401 vocato,
1851 2336 2034 2406 jurata
2067 2349 2191 2388 nar-

613 2429 774 2481 ravit.
821 2426 956 2482 Hinc
985 2428 1209 2483 excitati
1253 2429 1471 2498 plures,
1517 2429 1583 2483 ad
1631 2429 1812 2482 locum
1845 2427 2187 2495 designatum

615 2531 1008 2574 v_oncurrerunt
1044 2539 1058 2573 :
1096 2536 1204 2590 quo
1253 2521 1779 2591 appropinquantes,
1820 2518 2032 2572 nullum
2067 2532 2188 2572 om-

617 2597 744 2664 nino
774 2608 1024 2664 viderunt
1076 2611 1350 2666 hominem
1379 2651 1394 2676 ,
1438 2614 1533 2666 sed
1589 2610 1764 2665 solam
1825 2607 2087 2678 unguenti
2134 2614 2190 2661 et

617 2701 820 2753 incensi
874 2698 1228 2768 fragrantiam
1283 2710 1677 2770 perceperunt,
1728 2699 1987 2753 mirantes
2029 2697 2191 2751 vehe-

617 2801 866 2856 menter,
920 2793 1101 2846 nullas
1166 2792 1376 2861 uspiam
1433 2791 1536 2844 viri
1573 2790 1747 2845 sancti
1803 2788 2063 2856 reliquias
2094 2776 2189 2839 de.

618 2883 875 2950 prehendi
913 2899 926 2935 :
972 2884 1330 2938 transtulerat
1371 2882 1516 2936 enim
1555 2883 1674 2936 illas
1697 2882 1960 2935 Dominus
1990 2879 2096 2933 alio
2123 2891 2189 2932 ex

620 2975 823 3042 gudicio
866 2989 966 3027 suo
1007 2974 1194 3028 divino
1222 3011 1236 3039 ,
1276 2973 1421 3040 quod
1464 2973 1614 3027 illum
1653 2987 1760 3027 non
1793 2972 1943 3035 latet,
1979 2971 2071 3038 qui
2105 2985 2190 3021 ar-

619 3081 750 3119 cana
786 3066 1039 3133 quaslibet
1077 3065 1222 3119 illius
1254 3063 1496 3118 facinora
1537 3063 1700 3117 habet
1737 3067 2038 3132 perspecta.

689 3156 814 3208 eis.
846 3155 1039 3207 Beatus
1072 3158 1252 3222 itaque
1285 3137 1559 3217 Andreas,
1581 3153 1662 3206 sol
1689 3153 1789 3206 istc
1811 3151 2185 3215 absconditus,

620 3258 667 3297 rt
702 3247 948 3297 columna
1000 3244 1065 3296 ad
1115 3245 1312 3297 coelum
1364 3258 1538 3312 usque
1589 3243 1943 3312 pertingens,
1994 3242 2090 3310 qui
2137 3251 2192 3295 et

623 3351 822 3403 panper
868 3345 920 3387 et
966 3338 1283 3403 peregrinus
1329 3344 1382 3388 et
1419 3335 1618 3388 stultus
1657 3343 1713 3387 et
1753 3332 1996 3386 omnium
2046 3332 2196 3400 peri-

623 3444 804 3496 psema
882 3425 1059 3480 faetus
1142 3429 1317 3479 fuerat
1378 3435 1601 3494 propter
1662 3424 1989 3485 Dominum,
2035 3424 2196 3476 vitam

623 3523 762 3573 hanc
792 3518 1248 3585 duodetrigesima
1287 3517 1374 3570 die
1420 3515 1544 3568 Maii
1595 3515 1900 3578 conclusit,
1955 3525 2107 3566 sexto
2147 3524 2199 3566 et

625 3611 965 3676 sexagesimo
996 3611 1169 3663 artatis
1203 3625 1314 3662 suae
1341 3623 1508 3670 anno,
1543 3600 1756 3662 occulte
1781 3621 1939 3660 suum
1972 3621 2196 3675 agonem

623 3717 1016 3757 consummans
1076 3711 1129 3755 et
1184 3701 1292 3753 Deo
1356 3701 1457 3754 soli
1512 3701 1785 3768 cognitus.
1847 3696 1960 3765 Ego
2021 3707 2198 3750 autern

630 3796 989 3863 lVicephorus,
1039 3807 1132 3861 per
1165 3791 1595 3845 misericordiam
1643 3789 2031 3857 omnipotentis
2081 3786 2198 3850 Dei,

627 3888 683 3939 in
717 3900 1000 3939 numerum
1043 3883 1488 3952 presbyterorum
1537 3879 1741 3948 Magna:
1785 3878 2049 3940 ecclesiae,
2082 3893 2202 3946 quae

632 3977 686 4030 in
723 3977 823 4029 hac
867 3974 1082 4027 urbium
1130 3973 1316 4041 regina
1360 3971 1453 4025 Dei
1507 3972 1706 4037 Sophia
1757 3970 2201 4037 cognominatur,

630 4068 870 4128 ascitus,
917 4065 1221 4118 mirabilem
1271 4065 1474 4118 hancce
1513 4072 1564 4116 et
1615 4062 1844 4116 celebris
1889 4061 2046 4113 famae
2114 4057 2204 4111 fu-

628 4174 806 4213 turam
854 4158 1250 4226 religiosissimi
1293 4155 1740 4222 sanctissimique
1771 4153 1948 4206 Patris
1975 4150 2206 4205 Andreae

638 4250 808 4303 Vitam
838 4247 1181 4315 conscripsi,
1220 4261 1279 4300 ea
1318 4249 1370 4300 in
1401 4246 1854 4300 commentarium
1884 4251 2202 4312 praesentem

635 4343 897 4406 referens,
932 4357 1051 4409 quae
1083 4342 1276 4408 partim
1307 4338 1481 4392 oculis
1509 4338 1643 4391 meis
1683 4337 1799 4405 ipse
1847 4337 1978 4399 vidi,
2010 4336 2206 4404 partim

636 4435 800 4488 didici
830 4449 891 4487 ex
930 4433 1232 4500 Epiphanio
1262 4469 1275 4493 ,
1330 4430 1470 4482 facto
1504 4429 1590 4482 hic
1634 4427 1828 4482 deinde
1865 4425 2209 4479 reverendis-

2290 620 2400 671 6ὼν
2428 618 2482 671 δὲ
2507 619 2564 670 ιν
2589 619 2699 680 τοῖς
2726 617 3045 687 περιπάτοις
3072 619 3253 684 τόποις
3280 623 3391 682 τοῖς
3417 618 3674 672 ὑποκάτω
3700 612 3833 670 οὖσιν

2289 708 2556 777 ὲμὸόλοις,
2586 711 2679 761 καὶ
2707 708 2795 761 διὰ
2821 708 3002 776 πάσης
3023 708 3214 772 νυκτὸς
3245 709 3678 779 προσευχόμενος
3707 707 3834 776 ὑπὲρ

2287 797 2397 851 τῶν
2430 800 2489 850 ὲν
2533 797 2795 862 κινδύνοις
2823 800 2917 852 καὶ
2959 798 3190 866 θλίψεσι,
3231 801 3323 852 καὶ
3353 801 3637 866 ἀνάγκαις,
3667 801 3756 850 καὶ
3786 799 3838 853 ιν

2289 889 2708 960 αἰχμαλωσίαις,
2746 892 2840 943 καὶ
2865 889 3004 960 ὐπὶρ
3050 889 3250 951 παντὸς
3288 890 3380 943 τοῦ
3409 890 3638 960 κόσμου,
3677 887 3836 951 οὕτως

2290 981 2384 1034 ἐπὶ
2411 981 2510 1052 γῆς
2544 979 2890 1050 ἀνακληθεὶς,
2921 981 3016 1033 καὶ
3039 979 3181 1050 δρῶν
3204 979 3447 1043 ἅπαντας
3497 983 3624 1045 τούς
3659 978 3836 1046 ἁγίους

2288 1070 2476 1138 ὥσπερ
2508 1070 2695 1140 φίλους
2731 1071 2866 1138 πρὸς
2900 1071 3060 1124 αὐτὸν
3096 1069 3594 1140 παραγενομένους,
3630 1066 3839 1140 μειδιῶν

2286 1164 2362 1233 τῷ
2398 1163 2695 1234 προσώπῳ,
2726 1164 2905 1233 ἀφῆκε
2934 1165 2994 1216 τδ
3028 1163 3260 1233 πνεῦμα.

2361 1257 2498 1326 σμδ¹.
2543 1257 2630 1309 Ἐν
2664 1251 2743 1319 οἷς
2789 1252 3010 1322 γύναιον
3059 1254 3312 1324 πενιχρὸν
3358 1252 3466 1306 τῶν
3510 1255 3713 1314 ludos.
3754 1253 3842 1306 ἐπὶ

2287 1349 2527 1418 καλύϐης
2579 1349 2676 1417 τὴν
2735 1349 3050 1416 κατοίκησιν
3103 1348 3243 1416 ἔχον,
3292 1345 3394 1413 τὴν
3440 1344 3710 1413 πολυτελῆ
3754 1343 3843 1397 τοῦ

2291 1440 2464 1510 μύρου
2500 1441 2724 1492 εὐωδίαν
2760 1442 2852 1492 καὶ
2897 1439 3257 1508 θυμιαμάτων
3291 1437 3531 1500 ἐκείνων,
3583 1434 3696 1487 τῶν
3722 1435 3846 1505 ἡδυ-

2291 1533 2467 1585 πνόων
2493 1533 2582 1584 καὶ
2611 1533 2975 1600 ἁσυγκρίτων,
3011 1532 3105 1583 καὶ
3137 1530 3313 1585 πάντα
3342 1527 3466 1581 νοῦν
3495 1526 3844 1596 ὑπερϐαινόν-

2289 1640 2396 1677 των
2449 1619 2934 1691 κατοσφρανθείσα,
2967 1619 3168 1690 σπουδῇ
3216 1618 3515 1679 ἀναστᾶσα,
3568 1615 3669 1669 καὶ
3703 1614 3847 1682 φῶτα

2290 1715 2652 1784 αἰτησαμένη,
2694 1713 2789 1765 καὶ
2842 1710 3314 1781 ἑξακολουθήσασα
3363 1712 3463 1776 τὴν
3515 1708 3750 1761 εὐωδίαν
3778 1705 3847 1775 τῷ

2291 1793 2438 1871 τόπῳ
2471 1804 2674 1872 ἐπέστη
2695 1817 2710 1831 ·
2739 1795 2866 1871 εὗρε
2903 1803 2960 1854 δὲ
2994 1801 3083 1853 τὸν
3113 1803 3394 1869 Μακάριον
3424 1799 3566 1852 τέλει
3613 1796 3710 1850 τοῦ
3744 1796 3847 1865 βίου

2292 1893 2653 1966 χρησάμενον,
2694 1893 2786 1945 καὶ
2813 1890 2911 1961 τὴν
2940 1891 3127 1960 θεῐκὴν
3165 1892 3378 1960 ἑκείνην
3423 1889 3655 1944 εὐωδίαν
3683 1886 3848 1955 πολλῷ

2295 1985 2477 2056 μεῖζον
2507 1985 2914 2054 ἀναδιδομένην,
2946 1986 3038 2036 καὶ⁵
3085 1984 3273 2052 μύρων
3321 1980 3577 2035 ικδλυσιν
3618 1980 3848 2047 παραδόο

2294 2075 2396 2139 ξως
2425 2077 2489 2128 ἐκ
2508 2073 2602 2127 τοῦ
2624 2074 2876 2142 λειψάνου
2907 2073 2991 2137 EE:
3002 2075 3280 2143 ρχομένηνρ
3297 2071 3628 2140 ποταμηδόν.
3662 2071 3848 2140 Ἐδρα·

2294 2185 2392 2236 μεν
2429 2163 2522 2220 οὖν
2559 2165 2652 2219 καί
2697 2180 2805 2218 τισι
2849 2165 2910 2217 τδ
2960 2164 3143 2233 θαῦμα
3191 2162 3488 2237 ἀπήγγειλε
3526 2161 3629 2214 σὺν
3689 2161 3850 2228 ὅρκῳ,

2294 2259 2545 2328 μάρτυρα
2586 2257 2675 2309 τὸν
2707 2256 2839 2308 Θεὸν
2889 2254 3357 2323 προσκαλουμένη.
3399 2253 3509 2304 Καὶ
3539 2251 3607 2321 δὴ
3651 2250 3850 2304 πολλῶν

2292 2348 2829 2419 συνδεδραμηκότων,
2875 2345 2950 2408 ὡς
2987 2345 3043 2397 δὲ
3079 2344 3304 2413 πλησίον
3355 2342 3627 2409 ἐγένοντο,
3677 2341 3851 2393 οὐκίτι

2289 2443 2407 2495 τινὰ
2440 2441 2770 2510 ἑωράκασιν,
2803 2438 2850 2490 εί
2887 2438 2962 2506 μὴ
2993 2435 3097 2488 ὑπὸ
3123 2436 3222 2504 τῆς
3262 2434 3519 2504 εὐοσμίας
3547 2434 3648 2486 τοῦ
3684 2433 3848 2504 μύρου

2291 2535 2385 2586 καὶ
2425 2532 2534 2584 τῶν
2568 2531 2931 2599 θυμιαμάτων
2975 2527 3403 2595 κατεπλήττοντο
3437 2525 3580 2589 λίαν,
3611 2527 3853 2594 οὐδαμῶς

2290 2626 2470 2694 εὑρεῖν
2491 2624 2812 2692 δυνηθέντες
2840 2620 2934 2673 τοῦ
2975 2620 3154 2686 Ἀγίου
3185 2618 3245 2672 τὸ
3274 2617 3542 2688 λείψανον.
3575 2619 3853 2687 messem

2292 2717 2401 2786 γὰρ
2432 2715 2561 2768 αὐτὸ
2589 2716 2618 2767 ό
2648 2714 2872 2783 Κύριος,
2909 2711 3170 2780 κρίμασιν
3205 2711 3354 2769 ἰδίοις
3385 2703 3464 2772 οἷς
3505 2713 3720 2772 ἐκεῖνος
3745 2712 3854 2762 ἐπί-

2292 2823 2505 2870 σταται,
2559 2807 2588 2858 ό
2633 2805 2726 2858 καὶ
2777 2805 2846 2855 τὰ
2900 2803 3192 2873 ἀπόκρυφα
3246 2800 3408 2855 αὐτοῦ
3459 2799 3855 2870 κατορθώματα

2291 2895 2673 2964 ἐπιστάμενος.

2367 3167 2509 3231 σμε’.
2550 3159 2867 3228 Ἐτελειὼθη
2900 3157 2957 3210 δὲ
3003 3159 3031 3211 ό
3067 3157 3304 3226 κρυπτὸς
3329 3155 3475 3225 ἥλιος
3513 3157 3609 3207 καὶ
3639 3155 3857 3225 οὐρανοο

2301 3254 2483 3324 μήκης
2517 3250 2707 3312 στῦλος
2759 3250 2949 3318 πυρὸς,
2987 3249 3016 3300 ό
3064 3247 3332 3318 μακάριος
3390 3247 3671 3314 Ἀνδρέας,
3720 3247 3750 3298 ὁ
3780 3247 3858 3298 διὰ

2299 3338 2501 3408 Κύριον
2534 3338 2702 3406 πένης
2731 3337 2822 3389 καὶ
2853 3336 2999 3399 ξένος
3024 3337 3118 3388 καὶ
3166 3336 3745 3404 καταπεφρονημένος,
3773 3335 3858 3387 καὶ

2300 3429 2406 3482 ὑπὸ
2433 3429 2648 3481 πάντων
2673 3426 3115 3495 ἐξουθενημένος,
3142 3427 3274 3495 μηνὶ
3301 3426 3461 3494 Μαΐῳ
3485 3426 3661 3478 είκάδι
3687 3426 3855 3494 ὀγδόῃ,

2298 3519 2576 3589 ἑξηκοστῷ
2622 3518 2922 3589 ἓκτωεὲτει
2969 3519 3059 3570 τὸν
3091 3518 3274 3584 ἀγῶνα
3317 3517 3562 3587 κρυπτὸς
3613 3516 3857 3586 διηγωνιο

2303 3584 2522 3678 σμένος,
2804 3605 3218 3676 διεγνωσμένος,
3255 3606 3328 3667 ὡς
3359 3584 3553 3666 ’καλῶς
3593 3584 3855 3672 ἀγωνισά-

2304 3718 2486 3770 μενος.
2533 3698 2672 3766 Ἐγὼ
2694 3699 2750 3751 δὲ
2778 3697 3112 3766 Νικηφόρος,
3144 3698 3283 3748 ἐλέει
3313 3696 3404 3748 τοῦ
3432 3695 3858 3766 παντοκράτορος

2303 3789 2440 3841 Θεοῦ
2479 3788 2744 3858 ὑπάρχων
2777 3787 3254 3858 κατηριθμημένος
3287 3787 3344 3837 ὲν
3372 3787 3480 3846 τοῖς
3509 3784 3717 3855 ὴρεῦσι
3742 3783 3858 3836 ταύ-

2303 3897 2402 3949 της
2430 3882 2528 3950 τῆς
2565 3879 2806 3948 μεγάλης
2867 3877 3157 3944 ἐκκλησίας
3194 3877 3290 3940 τῆς
3324 3873 3588 3942 βασιλίδος
3635 3874 3746 3926 τῶν
3777 3873 3857 3924 πό-

2304 3968 2442 4020 λεων
2489 3969 2587 4036 τῆς
2625 3966 2911 4032 ἐπωνύμου
2963 3965 3097 4016 Θεοῦ
3150 3965 3382 4031 Σοφίας,
3439 3962 3858 4032 συνεγραψάμην

2305 4060 2396 4112 τὸν
2427 4059 2742 4126 θαυμαστὸν
2780 4074 2965 4109 τουτον
3017 4056 3128 4124 βίον
3159 4057 3254 4107 καὶ
3298 4054 3737 4123 πολυθρύλλητον
3773 4052 3856 4105 τοῦ

2309 4148 2606 4214 σεὸασμίου
2656 4149 2864 4216 Πατρδς
2912 4147 3004 4198 τοῦ
3054 4151 3112 4198 ἐν
3177 4146 3352 4213 ἁγίοις
3394 4146 3669 4214 ’Δνδρέου,
3710 4145 3745 4199 ἃ
3778 4145 3856 4198 καὶ

2307 4241 2524 4300 οἰκείοις
2568 4237 2862 4307 ὀφθαλμοῖς
2894 4238 3134 4305 ἑώρακα,
3167 4240 3259 4288 καὶ
3310 4238 3460 4305 παρὰ
3506 4236 3599 4288 τοῦ
3645 4237 3857 4302 Ἐπιφα·

2310 4332 2423 4386 νίου
2462 4330 2555 4382 τοῦ
2606 4329 2874 4397 ἀοιδίμου,
2907 4327 3000 4379 τοῦ
3033 4328 3309 4394 γεγονότος
3335 4326 3522 4380 ἐνθάδε
3570 4328 3856 4396 ἀρχιερέως

2313 4419 2633 4488 μεμάθηκα,
2688 4418 2782 4493 καὶ
2825 4416 2962 4483 τῷδε
3016 4415 3093 4482 τῷ
3148 4415 3534 4484 συγγράμματι
3588 4414 3858 4477 συνέταξε,

638 4530 775 4578 simo
807 4524 1215 4591 archiepiscopo
1244 4522 1544 4574 secundum
1593 4519 1994 4589 praedictionem
2037 4516 2193 4584 ipsius

2314 4512 2495 4578 χάριτι
2544 4509 2635 4560 καὶ
2667 4505 3043 4575 φιλανθρωπίᾳ
3095 4504 3187 4556 τοῦ
3239 4507 3441 4572 Κυρίου
3497 4506 3658 4574 ἡμῶν
3701 4508 3857 4574 Ἰησοῦ

638 4617 809 4668 sancti
859 4632 872 4668 :
917 4615 1072 4682 cujus
1112 4614 1360 4682 precibus
1403 4625 1709 4664 mereamur
1740 4608 1998 4676 consequi
2041 4607 2207 4659 mise-

641 4707 936 4759 ricordiam
969 4708 1021 4756 in
1067 4705 1155 4756 die
1199 4703 1383 4770 iudicii
1410 4739 1424 4764 ,
1475 4716 1569 4769 per
1598 4699 1826 4768 gratiam
1869 4709 1922 4751 et
1962 4697 2204 4766 benigni-

643 4807 807 4849 tatem
844 4794 1055 4849 Domini
1090 4794 1259 4847 nostri
1306 4791 1432 4845 Jesu
1477 4792 1718 4854 Christi,
1755 4789 1844 4842 cui
1891 4802 2012 4840 cum
2046 4787 2204 4838 Patre

647 4899 942 4956 sanctoque
992 4887 1196 4956 Spiritu
1252 4884 1451 4952 gloria,
1488 4898 1642 4959 nunc
1687 4891 1738 4934 et
1790 4895 1999 4946 semper
2050 4887 2101 4930 et
2151 4879 2202 4928 in

649 4980 842 5034 saecula
891 4981 1234 5033 saeculorum.
1281 4979 1473 5028 Amen.

2311 4595 2569 4665 Χριστοῦ,
2604 4591 2646 4662 ᾧ
2677 4599 2813 4664 μετὰ
2839 4595 2916 4662 τῷ
2949 4593 3120 4661 Πατρὶ
3145 4593 3268 4656 δόξα
3301 4595 3414 4660 ἅμα
3437 4595 3512 4664 τῷ
3542 4595 3684 4664 ἁγίῳ
3714 4595 3856 4645 ﬂvmi-

2314 4705 2444 4758 ματι
2501 4686 2596 4739 νῦν
2633 4689 2724 4738 καὶ
2750 4687 2831 4738 ἀεὶ
2863 4685 2954 4736 καὶ
2997 4685 3074 4745 είς
3109 4686 3231 4746 τοὺς
3280 4684 3480 4747 αἰῶνας
3504 4685 3608 4736 τῶν
3641 4683 3854 4739 αίώνων.

2324 4779 2514 4847 Ἀμήν.
