4138 6464
375 440 3510 485 mm

1460 638 1641 683 οιιιοΑ
1693 639 1937 683 IIEDIUM
1988 637 2286 683 SECULUM
2347 638 2413 681 Χ.

1083 830 1918 944 CONTEXTIO
1992 814 2793 945 GEMMARUM

1851 1092 2007 1148 SIVE

342 1317 1126 1550 Illi’l‘lﬂllll
1216 1320 2337 1552 Pl’l‘llllltillll
2413 1323 3535 1553 AllillNlllllNl

1363 1729 2505 1911 ANNALES
3149 1722 3158 1730 ’

521 2048 835 2114 Illustriss.
892 2052 1134 2113 Joanne
1183 2052 1451 2135 Seldeno
1488 2053 1798 2131 chorago;
1856 2057 2193 2134 interprete
2244 2058 2541 2119 Edwardo
2599 2058 2935 2131 Pocockio,
2984 2059 3335 2137 linguarum

801 2176 1123 2243 Hebraictn
1153 2187 1215 2242 et
1247 2183 1522 2247 Arabicae
1548 2185 1613 2245 in
1642 2182 1977 2245 Academia
2004 2182 2341 2244 Oxoniensi
2384 2181 2738 2260 professore
2783 2183 3062 2262 publico.

449 2345 706 2411 (Omnia:
731 2346 969 2413 Impenais
988 2349 1290 2415 Humphredt'
1317 2350 1577 2409 Robinson.
1607 2353 1656 2400 in
1674 2349 1969 2402 Cameterio
2000 2345 2110 2402 Diil
2144 2354 2309 2415 Pauli,
2344 2354 2402 2404 ad
2442 2355 2632 2417 insigne
2665 2356 2810 2405 trium
2850 2356 3205 2416 Columbarum,
3247 2354 3407 2415 1658)

1909 2524 1980 2540 ,ιι-

1595 2656 1699 2718 Ex
1761 2612 2259 2720 PREFATJONE

1293 2845 1883 2958 JOANNIS
1964 2846 2568 2958 SELDENI-

1900 3084 1969 3123 Δ»

918 3225 1735 3290 νΕΗΤΥΟΗΙΙΟΗΙϐἷΝΕΞ
1820 3228 2200 3291 ECCLESLE
2278 3226 2552 3286 ALEXAI

1239 3225 1735 3289 [II'ORIGINES
1820 3228 2200 3291 ECCLESLE
2278 3226 2873 3298 ALEXANDRINIE,

386 3386 454 3443 Di
498 3403 599 3457 qua
624 3387 687 3441 de
708 3374 938 3441 ductoris
962 3387 1183 3452 nomine,
1210 3388 1400 3452 patria,
1431 3384 1712 3446 natalibus,
1738 3398 1863 3445 navo,
1896 3370 2119 3450 scripris,
2153 3384 2380 3453 adeoque
2407 3387 2479 3438 eis
2510 3385 2641 3437 unde
2665 3384 2906 3453 Origines
2941 3390 3058 3438 ista:
3088 3397 3327 3451 sumpm'.

379 3491 710 3546 Patriarcba
737 3490 915 3547 buica
942 3491 1211 3545 natalibus
1256 3505 1452 3544 nomen
1486 3500 1603 3545 erat
1649 3490 1776 3545 Said
1826 3505 1948 3545 cum
1997 3490 2299 3557 adjectioue
2343 3492 2709 3560 patronymica
2742 3480 2835 3543 lbn
2877 3491 3074 3555 Bai’rik,
3113 3494 3162 3544 id
3198 3503 3299 3557 est,
3332 3494 3522 3549 Saidiu

316 3576 492 3632 Filius
550 3576 753 3635 Batrict’
803 3593 898 3633 seu
948 3575 1193 3643 Patricil,
1242 3587 1336 3631 aut
1390 3577 1708 3631 Batricides.
1768 3576 1904 3631 Cum
1953 3586 2129 3630 autem
2180 3577 2482 3644 patriarcha
2533 3578 2707 3631 luctus
2780 3586 2883 3638 est,
2934 3579 3121 3629 maluit
3172 3580 3272 3632 sibi
3324 3595 3519 3635 nomen

312 3675 623 3747 bviam,
671 3682 814 3751 quod
853 3690 907 3736 et
944 3690 1197 3753 exaratur
1226 3681 1457 3737 subinde
1490 3675 1769 3743 inueniam
1806 3690 1858 3734 et
1894 3673 2164 3741 ὼνιῄπῆπκ
2224 3696 2319 3749 pro
2381 3694 2445 3733 eo
2477 3680 2622 3748 quod
2676 3694 2707 3733 e
2763 3680 2948 3734 Graeco
2999 3690 3082 3735 est
3146 3681 3399 3751 Eutyche:
3430 3698 3523 3739 aut

315 3767 629 3838 Eulycliius.
701 3767 1026 3823 Vocabulum
1063 3768 1213 3841 _iilud
1264 3784 1295 3824 e
1357 3769 1542 3823 Graeco
1587 3770 1667 3823 sic
1724 3770 1777 3822 in
1813 3768 2043 3822 Arabica
2107 3768 2369 3819 elementa
2425 3766 2782 3819 deformatum
2826 3768 2923 3835 legi
2960 3764 3173 3836 quidem
3224 3770 3373 3830 olim,
3428 3773 3520 3824 sed

313 3870 421 3908 non
477 3856 592 3909 sine
646 3869 867 3920 errore,
937 3855 1305 3924 Aphthyiius;
1364 3855 1442 3909 uti
1498 3864 1569 3914 et.
1622 3853 1780 3925 juxta
1832 3867 2061 3915 mecum,
2129 3852 2212 3904 vir
2252 3868 2494 3905 summus
2553 3850 2786 3905 Thomas
2835 3852 3103 3920 Erpcnius
3169 3854 3518 3911 Orientalium

313 3940 642 4012 linguarum,
676 3944 908 3997 maxime
934 3942 1197 4007 Arabicae.
1230 3943 1285 3996 in
1309 3942 1601 3997 Occidente
1655 3955 1871 4010 parens,
1902 3938 2027 3991 dum
2056 3938 2207 3999 vixit,
2236 3939 2676 3992 colendissimus.
2712 3938 2766 3992 ld
2800 3940 2942 4007 quod
2980 3956 3041 3994 ex
3076 3941 3314 4009 ejusdem
3347 3956 3517 3996 anno-

316 4030 608 4083 tatiuncula
638 4030 705 4083 de
736 4038 956 4085 auctore
1008 4030 1133 4093 hoc,
1170 4028 1414 4083 codicum
1462 4028 1657 4095 quibus
1700 4034 1824 4081 utor
1876 4024 2053 4089 alteri,
2085 4040 2180 4079 sua
2230 4038 2414 4089 manu,
2462 4027 2588 4079 dum
2622 4028 2933 4095 aliquandiu
2990 4030 3377 4082 consuetudine
3403 4032 3519 4098 ejus

314 4112 542 4168 Londini
572 4115 729 4170 annis
759 4115 955 4169 abhinc
984 4113 1689 4184 ampliusviginti-fruebar,
1711 4110 1917 4179 adjecta
1942 4110 2131 4179 liquet.
2160 4110 2220 4164 Et
2240 4112 2534 4167 lectionum
2568 4114 2831 4181 ejusmodi
2853 4114 3194 4168 satis-ierunt
3216 4117 3330 4184 ipsa
3360 4132 3518 4171 voea-

314 4200 427 4255 buli
464 4200 748 4256 elementa.
789 4201 894 4255 Sed
924 4201 1139 4255 tandem
1168 4200 1272 4253 vidi
1295 4200 1541 4268 Eutycius
1573 4206 1629 4252 et
1658 4195 1902 4266 Euiychii
1925 4198 2139 4249 nomina
2166 4198 2231 4249 ab
2259 4199 2373 4265 ipso
2399 4198 2562 4252 Saido
2590 4198 2790 4253 eisdem
2824 4201 3017 4255 litteris
3048 4200 3341 4271 designari,
3372 4204 3513 4257 unde

311 4296 366 4341 et
396 4287 645 4342 eumdem
671 4286 982 4356 Eutycltium
1013 4297 1105 4340 aut
1137 4284 1402 4358 Eutychen
1428 4284 1716 4337 dicendum
1750 4283 1971 4338 minime
1997 4284 2258 4336 dubitavi.
2299 4282 2407 4338 Nec
2437 4298 2543 4338 tam
2584 4299 2781 4337 novum
2811 4287 2881 4339 ita
2913 4289 3142 4353 sumpsit
3174 4304 3365 4342 nomen
3394 4289 3513 4343 Sai—

312 4374 440 4439 dus,
478 4390 637 4445 quam
684 4376 896 4444 pristini
926 4375 1441 4443 interpretationem,
1482 4382 1573 4425 aut
1622 4370 1725 4424 alia
1754 4385 1817 4423 ex
1852 4370 2029 4437 lingua
2065 4381 2446 4440 synonymum.
2492 4368 2624 4423 Nam
2665 4368 2797 4422 Said
2826 4370 2963 4425 idem
2994 4372 3223 4426 Arabice
3250 4375 3515 4443 signiﬁcat

313 4462 457 4531 quod
486 4462 673 4516 Graece
694 4461 980 4530 Eutycliins
1007 4470 1099 4514 aut
1122 4458 1397 4528 Eutychu,
1427 4465 1513 4511 aut
1538 4456 1732 4511 Latine
1761 4454 2109 4507 Fortunatus.

384 4575 559 4629 Patria
592 4580 707 4626 erat
744 4551 1335 4642 Egyptus.Natalium‘
1369 4569 1522 4623 locus
1564 4568 1656 4636 (ut
1678 4574 1909 4621 testatur
1951 4563 2064 4631 ipse
2102 4564 2152 4617 in
2194 4564 2461 4619 Chalil'atu
2503 4565 2690 4618 Ka/iiri
2722 4566 2905 4635 Bitia)
2955 4566 3252 4631 Fustatum.
3291 4570 3359 4625 de
3400 4590 3507 4639 quo

314 4660 467 4722 vide,
499 4659 543 4715 si
572 4660 767 4728 placet,
795 4659 1173 4729 geographiam
1204 4655 1533 4711 Nubiensem
1559 4655 1614 4709 itt
1652 4662 1803 4723 parte
1832 4667 1892 4706 ιιι
1919 4656 2153 4709 climatis
2178 4656 2212 4709 3
2245 4666 2436 4725 praeter
2459 4654 2845 4711 Leunclavium
2880 4659 2930 4710 in
2962 4658 3239 4713 Pandectis
3273 4661 3504 4713 Turcicis

315 4763 435 4815 cap.
468 4747 530 4800 61
564 4755 619 4800 et
637 4744 762 4800 θη.
793 4746 1029 4816 Tempus
1061 4747 1322 4800 natalium
1373 4745 1491 4814 ejus
1525 4744 1627 4797 fuit
1660 4759 1836 4797 annus
1863 4755 2082 4797 octavus
2124 4745 2441 4799 Mutetnadis
2487 4747 2617 4801 Billa
2666 4746 2757 4800 lbn
2808 4746 3116 4800 Metwachal
3145 4750 3417 4817 Chaliplun
3452 4752 3501 4801 in

315 4835 487 4904 Syria,
518 4833 787 4887 Achmede
813 4834 903 4885 lbn
939 4831 1106 4886 'l‘olon
1140 4832 1515 4901 Cltaliphatum
1539 4830 1818 4883 obtinente
1848 4827 2085 4901 Egypti;
2118 4833 2231 4886 dies
2260 4847 2383 4885 vero
2414 4833 2722 4887 Dominicus
2751 4844 2805 4887 et
2848 4834 2914 4886 27
2947 4836 3145 4887 mensis
3196 4836 3507 4903 llilbuggiw,

317 4920 439 4973 anni
467 4919 662 4990 begira:
686 4918 815 4985 ⁴26⁸5,
853 4928 906 4970 ut
936 4920 1233 4986 expressim
1266 4918 1318 4971 in
1350 4918 1596 4971 codicum
1627 4916 1823 4984 quibus
1872 4927 1996 4970 utor
2016 4918 2254 4984 ejusdem
2283 4919 2473 4984 altero,
2500 4922 2611 4972 sive
2656 4921 2722 4972 ab
2748 4922 2863 4988 ipso
2898 4920 3172 4990 Eutycliio,
3205 4922 3317 4973 sive
3339 4937 3365 4972 a
3416 4939 3508 4974 nc-

318 5006 431 5057 scio
464 5019 571 5074 quo
600 5005 707 5058 alio
737 5003 988 5057 traditur.
1013 5003 1087 5055 De
1104 5018 1249 5056 anno
1278 5003 1439 5056 verba
1470 5011 1617 5057 sunt:
1645 5004 1806 5070 Atque
1835 5000 1935 5054 hoc
1957 5004 2121 5054 evenit
2155 5019 2291 5054 anno
2318 5004 2422 5057 265
2449 5004 2642 5056 lunari.
2676 5004 2745 5057 Et
2782 5006 2845 5056 ab
2873 5006 3047 5073 liegi'ra
3073 5005 3139 5055 ad
3162 5004 3358 5058 natales
3397 5009 3507 5073 ejus

318 5096 439 5148 anni
489 5104 609 5149 sunt
660 5095 855 5149 solum
892 5095 1015 5149 254.
1044 5096 1173 5148 Dum
1229 5109 1357 5149 vero
1408 5102 1723 5147 numeratur
1756 5092 1826 5153 ibi
1863 5103 2088 5143 annosa
2117 5088 2317 5143 Christi
2384 5092 2771 5154 incarnatione,
2816 5094 2872 5143 lit
2905 5092 2988 5143 ille
3041 5093 3141 5144 868
3172 5093 3301 5160 ;qui
3353 5096 3507 5160 plane

318 5183 452 5237 idem
520 5193 602 5237 est
673 5182 763 5252 qui
826 5183 982 5237 nobis
1038 5182 1092 5236 in
1161 5180 1507 5249 chronologia
1573 5178 1941 5247 receptissima
2020 5178 2248 5230 habetur
2312 5176 2434 5231 876.
2488 5177 2749 5231 Nimirum
2832 5178 3129 5243 Eutychius
3199 5182 3394 5248 passim
3453 5182 3503 5231 in

317 5271 653 5340 chronologia
708 5283 803 5323 sua
864 5268 1068 5323 Christi
1128 5270 1334 5322 natales
1401 5269 1647 5322 octeunio
1702 5264 1828 5317 facit
1889 5264 2218 5317 recentiores
2274 5260 2429 5331 quam
2487 5266 2538 5317 in
2597 5280 2700 5317 mra
2752 5267 2980 5333 vulgari.
3031 5268 3280 5333 Adeoque
3330 5283 3391 5317 ex
3443 5283 3503 5319 ea

319 5357 520 5412 ratione
564 5357 801 5425 hegiratn
850 5357 917 5409 ab
975 5369 1117 5407 anno
1159 5354 1355 5407 Christi
1424 5353 1526 5406 6M
1588 5353 1915 5419 auspicatur,
1946 5363 2103 5415 quam
2161 5353 2441 5403 unanimes
2490 5352 2733 5403 tribuunt
2790 5353 3105 5419 chrunologi
3159 5353 3327 5403 nostri
3358 5371 3501 5406 utttm

318 5444 513 5513 vulgari
570 5442 947 5497 Christi‘622.
996 5440 1168 5510 Atque
1221 5455 1301 5511 ex,
1346 5439 1448 5493 6:22
1501 5451 1551 5492 et
1595 5437 1698 5490 254
1747 5436 1900 5489 annis
1948 5436 2211 5488 solaribus
2264 5437 2548 5488 coniicitur
2587 5451 2763 5489 annus
2791 5438 2875 5490 ille
2908 5440 3027 5490 876.
3061 5438 3182 5491 Dies
3218 5449 3396 5492 autem
3437 5441 3504 5490 27

319 5529 603 5599 llilhuggia!
650 5531 702 5584 in
750 5544 892 5583 anno
946 5528 1149 5597 Hegira:
1201 5526 1324 5589 263,
1373 5525 1658 5593 respondet
1694 5524 1798 5576 diei
1834 5525 1865 5575 8
1928 5521 2263 5590 Septembris
2318 5525 2367 5576 in
2423 5541 2563 5577 anno
2619 5526 2721 5577 876
2779 5525 3009 5579 Juliano.
3050 5527 3237 5595 Accepi
3286 5539 3502 5587 w-ro.i~t

316 5616 619 5672 beneﬁcium
664 5616 1017 5671 libentissime
1058 5627 1328 5684 agnosco,
1361 5614 1426 5665 ab
1486 5612 1599 5664 viro
1650 5611 1838 5664 litteris
1877 5613 2091 5680 optimis
2134 5629 2193 5665 ac
2254 5616 2445 5667 virtute
2498 5615 2843 5667 ornatissimo
2892 5614 3155 5668 Edwardo
3201 5614 3487 5675 Pocockio,
