4038 6450
1172 294 1383 309 .b'e-tlf“-*

733 408 833 471 891
2152 354 2521 462 manus.
2759 349 2773 370 ’
3797 412 3882 476 ω

624 570 627 573 λ
723 518 918 575 Osonii
949 518 1144 585 lingua:
1171 515 1414 570 Arabica:
1442 514 1751 585 prolessore
1785 514 2127 585 dignissimo,
2156 513 2319 567 vitam
2361 526 2465 567 ms.
2505 509 2751 581 Eutycbii
2780 511 2951 597 nostri
2982 512 3051 567 ob
3079 513 3170 569 lbn
3196 514 3296 569 Abi
3323 514 3551 571 Osaibea
3582 515 3883 579 Μιδυωαίι.

726 624 819 670 no,
850 609 988 661 inter
1020 604 1168 663 Vitas
1198 605 1435 658 Arabum
1469 604 1558 672 qui
1586 603 1850 657 medicina
1883 606 2037 667 (nam
2079 611 2133 656 et
2189 599 2434 655 medicus
2471 607 2587 652 erat
2622 599 2849 667 insignis
2879 598 3204 669 Eutycbius)
3248 604 3493 657 claruere
3549 605 3811 670 scriptam.
3842 614 3883 661 ta

725 710 786 747 ea
819 695 955 746 idem
988 691 1125 754 dies,
1159 692 1385 753 mensis,
1417 706 1479 743 ac
1512 689 1642 743 feria
1673 690 1881 753 eadem,
1916 690 2187 742 natalibus
2216 688 2334 757 ejus
2383 691 2663 743 tribuitur.
2695 690 2884 744 Annus
2920 704 3045 743 vero
3079 693 3290 745 interim
3334 693 3404 746 ibi
3435 700 3516 746 est
3550 693 3652 746 223
3698 692 3885 763 Hegiru.

727 794 837 873 Sed.
884 794 1084 848 librarii
1135 808 1287 847 error
1341 802 1423 847 est
1493 792 1841 846 manifestus;
1892 790 1958 843 Et
2024 807 2121 859 pro
2182 794 2355 879 r‘wy
2412 796 2720 856 uicesimus,
2779 796 2933 864 plane
3209 800 3556 865 sexagesimus
3623 798 3889 862 legendum.

726 880 928 933 Auctor
960 879 1045 933 ille
1095 879 1228 932 alias
1286 879 1483 932 dicitur
1539 879 1656 931 Abit
1711 876 1994 946 Elaigbbas
2048 876 2281 931 Achiiied
2308 878 2413 932 Ben
2441 881 2653 942 Casem,
2676 897 2829 949 quem
2860 876 3103 939 eumdem
3123 882 3369 936 existimo
3391 900 3513 938 esse
3538 902 3657 940 cum
3683 885 3782 937 Ben
3807 886 3891 939 Ca.

729 980 842 1021 sem
882 966 1119 1019 virorum
1156 965 1445 1018 illustrium
1470 965 1712 1019 Vitarnm
1747 976 1970 1017 auctore
2002 965 2290 1033 aliquoties
2314 965 2478 1017 citato
2528 980 2554 1015 a
2611 964 2856 1019 Gabriele
2914 978 2965 1021 et
2992 966 3197 1022 Joanne
3224 967 3504 1023 Maronitis
3531 972 3582 1024 in
3610 980 3823 1025 tractatu
3844 974 3894 1026 de

727 1057 889 1111 rebus
921 1055 1284 1110 Orientalibus
1302 1056 1649 1126 Geograpbia:
1679 1056 1947 1109 Nubicnsi
1969 1057 2230 1109 subnexa.
2278 1054 2485 1109 Floruit
2520 1056 2606 1109 hic
2647 1056 2747 1109 sub
2781 1072 2977 1111 annum
2999 1060 3193 1127 begirae
3216 1060 3338 1125 610,
3374 1076 3468 1114 seu
3494 1077 3693 1116 annum
3728 1064 3893 1118 Christi

730 1145 886 1198 1212.
923 1145 1081 1195 Anno
1114 1158 1306 1213 nempe
1369 1144 1543 1197 aetatis
1579 1157 1687 1195 sua:
1736 1144 1800 1195 57
1850 1149 2095 1195 mortuus
2131 1157 2237 1206 est,
2282 1152 2424 1197 anno
2450 1144 2643 1210 begirae
2677 1142 2801 1207 (illi,
2862 1146 2953 1213 qni
2993 1145 3191 1200 Christi
3237 1156 3321 1203 est
3360 1148 3514 1202 1220.
3573 1149 3737 1217 Igitur
3766 1161 3895 1205 natas

726 1242 809 1286 est
831 1230 1128 1301 Entychius
1166 1230 1360 1284 Carolo
1387 1230 1552 1285 Calvo
1578 1228 1909 1291 Occidentis.
1942 1228 2139 1283 Basilio
2173 1228 2409 1283 Orientis
2441 1230 2877 1296 imperatoribus,
2904 1238 2957 1284 et
2981 1231 3198 1285 Alfrcdo
3219 1247 3341 1301 rege
3374 1234 3596 1302 Anglia,
3623 1238 3894 1303 patriarcha

728 1316 1096 1372 Alexandrino
1124 1324 1251 1369 tunc
1279 1316 1555 1369 Micliaele.
1596 1315 1727 1368 Dum
1762 1326 1939 1369 autem
1975 1315 2233 1383 temporis
2269 1315 2414 1368 hunc
2458 1317 2885 1383 qualemcunque
2915 1315 3177 1371 calculum
3202 1332 3264 1372 es
3294 1314 3895 1387 Arabismo‘aﬂ’erimus,

729 1402 875 1456 subit
910 1401 963 1456 in
999 1410 1233 1454 mentem
1269 1401 1399 1455 illud
1428 1401 1725 1467 Landulpbi
1748 1401 1967 1468 Sagacis
1995 1400 2060 1453 de
2102 1389 2312 1453 sumina
2348 1411 2509 1465 atque
2546 1387 2786 1453 inaudita
2820 1401 3137 1455 numerandi
3176 1402 3411 1466 inscitia,
3439 1419 3600 1473 quam
3641 1406 3897 1469 Arabibus,

727 1499 948 1542 auctore
970 1488 1220 1541 Graeculo
1245 1486 1446 1553 aliquo,
1488 1488 1732 1554 imputat.
1762 1488 1851 1540 Ait
1880 1502 2091 1555 nempe,
2128 1487 2268 1542 libro
2295 1486 2365 1540 ‘20
2412 1485 2551 1550 Ulid,
2582 1501 2676 1540 seu
2717 1485 2893 1540 Walid
2928 1485 3191 1555 Chalifam
3221 1487 3387 1558 Syria
3424 1490 3748 1557 prohibuisse
3767 1494 3898 1545 scribi

729 1576 907 1631 (ἔνατα
934 1563 1161 1641 publicos
1193 1574 1467 1643 logothesii
1498 1575 1714 1638 codices,
1763 1576 1852 1628 sed
1886 1578 1938 1629 in
1971 1576 2205 1628 Arabicis
2235 1573 2481 1627 annotari
2522 1572 2922 1637 sittercomputo:
2963 1575 3227 1641 quoniam,
3275 1576 3357 1628 sic
3387 1576 3492 1641 ille,
3525 1577 3899 1643 impossibile“

728 1665 939 1717 il’orum
972 1662 1151 1729 lingua
1181 1663 1475 1725 monadem,
1508 1663 1582 1713 vel
1606 1662 1932 1725 dualitalem,
1956 1671 2047 1713 aut
2076 1663 2381 1724 trinitatem,
2412 1667 2501 1711 aut
2528 1668 2643 1711 octo
2663 1668 2711 1711 et
2748 1658 3044 1721 dimidium,
3101 1669 3192 1713 aut
3215 1663 3315 1714 tria
3346 1661 3523 1727 scribi,
3555 1672 3763 1730 propter
3784 1664 3897 1731 quod

725 1760 774 1803 et
798 1764 959 1816 usque
1008 1749 1161 1800 hodie
1207 1757 1324 1800 sunt
1364 1736 1556 1799 notarii
1582 1746 1883 1801 Christiani.
1926 1745 2076 1799 ltain
2119 1748 2274 1801 rebus
2323 1746 2612 1801 Iustiniani
2647 1744 2976 1800 Rhinotmeti
3034 1761 3127 1800 seu
3175 1747 3277 1802 sub
3308 1751 3506 1803 annum
3572 1750 3771 1804 Christi
3816 1750 3897 1803 700

726 1829 1101 1900 Lnndulphus.
1136 1832 1237 1886 Sed
1277 1834 1462 1886 mirari
1503 1834 1635 1887 satis
1671 1847 1899 1901 nequeo,
1948 1834 2215 1885 undenain
2261 1831 2364 1887 hoc
2410 1843 2775 1888 commentum
2810 1833 2983 1900 primo
3029 1842 3235 1888 natum.
3286 1835 3623 1893 Manifestius
3681 1839 3807 1891 nihil
3832 1850 3895 1891 est

669 1954 675 1961 -
728 1936 888 1991 quam
922 1935 1027 1973 non
1053 1921 1225 1973 solum
1260 1920 1312 1973 in
1344 1920 1575 1973 Arabum
1608 1920 1785 1987 lingua
1807 1917 2017 1972 Walide
2080 1919 2179 1972 hoc
2238 1920 2552 1984 vetustiore,
2584 1927 2745 1988 upote
2774 1921 2935 1973 etiam
2973 1920 3025 1973 in
3052 1920 3391 1980 Alcoranica.
3418 1924 3738 1977 numerandi
3762 1925 3895 1977 ratio-

728 2023 848 2058 Ill'lll
880 2006 1104 2074 pariter,
1127 2014 1185 2060 ut
1211 2006 1411 2073 linguis
1436 2007 1486 2059 in
1520 2006 1659 2064 aliis.
1691 2005 1939 2073 exprimi,
1968 2020 2152 2060 verum
2185 2006 2345 2059 etiam
2401 2006 2563 2071 ipsas,
2596 2004 2793 2072 quibus
2838 2006 3041 2060 utimur
3075 1996 3345 2075 Europen,
3380 2006 3579 2074 ﬁguras
3622 2008 3895 2063 numerales

727 2093 1131 2159 operationibus
1150 2091 1513 2146 aritlimeticis
1529 2091 1664 2145 adeo
1689 2089 2085 2152 accommodas,
2124 2105 2258 2158 quas
2288 2091 2595 2145 barbaricas
2625 2090 3021 2157 appellitamus,
3058 2078 3125 2145 ab
3144 2092 3381 2146 eis'olim
3419 2101 3604 2149 mutuo
3634 2094 3890 2162 Europaeos

728 2182 1024 2247 accepisse,
1051 2194 1149 2233 nec
1173 2179 1244 2232 ita
1274 2179 1437 2232 multo
1464 2179 1617 2231 aliter
1646 2192 1675 2230 a
1706 2177 1862 2231 nobis
1888 2178 2179 2231 etiamnum
2208 2192 2365 2245 quam
2397 2178 2463 2229 ab
2508 2176 2615 2229 illis
2644 2175 2919 2230 formatas.
2950 2176 3013 2229 Et
3056 2177 3374 2232 Guilielmns
3434 2179 3899 2235 \lalmesburieusis

728 2266 822 2324 lib.
842 2287 877 2324 Il
913 2272 984 2324 De
1007 2271 1174 2324 Gestis
1196 2287 1370 2339 regum
1394 2270 1613 2339 Anglia,
1637 2283 1755 2337 cap.
1774 2268 1876 2333 10,
1915 2268 2000 2322 ubi
2032 2263 2295 2329 Cerberti,
2330 2277 2511 2336 postea
2558 2268 2801 2323 Silvestri
2830 2285 2977 2343 papze
3006 2269 3193 2338 (quem
3222 2280 3394 2347 tamen
3427 2270 3515 2324 ille
3538 2272 3795 2326 Joannem
3820 2271 3891 2325 XV

731 2370 1021 2423 perperam,
1058 2356 1216 2421 facit)
1253 2356 1523 2407 historiam
1576 2355 1867 2416 intertexit,
1896 2370 2018 2407 eum
2068 2354 2141 2406 ait
2173 2355 2397 2423 primum
2432 2371 2463 2407 α
2499 2352 2773 2408 Saracenis
2825 2355 3054 2407 Abacum
3112 2358 3419 2425 rapientem,
3460 2358 3673 2426 regulas
3722 2357 3893 2411 dedisse

730 2457 844 2508 quw
881 2458 911 2493 ιι
944 2440 1253 2494 sudantibus
1289 2434 1545 2493 abaristis‘
1568 2441 1651 2492 vix
1691 2439 2062 2509 intelligantur.
2116 2438 2218 2493 Sed
2251 2441 2363 2495 limo
2389 2441 2581 2495 obiter.
2865 2454 2867 2457 '

3890 80 4002 519 ,

803 2579 1044 2652 Dignilas
1070 2580 1319 2651 Eutycbii
1353 2579 1521 2633 nostri
1556 2583 1797 2633 cernitur
1824 2588 1937 2631 tum
1987 2581 2038 2632 in
2088 2583 2221 2634 artis
2257 2582 2539 2636 medicinae
2569 2582 2828 2652 singulari
2860 2598 2963 2653 qua
2997 2584 3197 2638 claruit
3228 2572 3388 2649 fama,
3432 2591 3545 2639 tum
3580 2586 3634 2637 in
3681 2584 3891 2639 rebaset

730 2669 1007 2727 historicis
1041 2678 1091 2722 et
1123 2667 1442 2735 tlieologicis
1475 2666 1674 2735 quibus
1709 2668 1991 2719 admodum
2026 2669 2233 2736 polluit,
2272 2668 2515 2735 adeoque
2546 2668 2599 2720 iu
2635 2666 2851 2736 fastigio
2892 2668 2958 2723 ad
2994 2670 3139 2738 quod
3166 2678 3389 2725 evectus
3426 2679 3509 2725 est
3542 2671 3889 2739 patriarchsli.

734 2744 1009 2811 Mcdicum'
1035 2754 1251 2823 quidem
1286 2753 1402 2821 ipse
1433 2767 1490 2805 se
1523 2752 1576 2804 in
1618 2751 1839 2819 scriptis
1871 2751 1984 2805 suis
2011 2767 2114 2804 non
2151 2752 2221 2803 ita
2248 2765 2372 2804 raro
2404 2753 2659 2820 appellat,
2692 2752 2907 2822 adjecto
2941 2755 3145 2808 nomini
3179 2770 3299 2820 suo,
3334 2754 3498 2823 quod.
3534 2755 3689 2818 iuxta
3719 2755 3885 2813 Orien-

733 2843 920 2894 talium
955 2853 1179 2900 morem,
1210 2837 1439 2891 subinde
1466 2836 1677 2900 inserit,
1715 2836 1975 2913 vocabulo
2004 2836 2253 2889 medicus.
2286 2837 2352 2890 Et
2383 2837 2620 2893 Acbmed
2648 2837 2753 2892 Ben
2782 2840 2968 2894 Casem
3011 2841 3063 2894 in
3094 2839 3209 2893 Vita
3242 2841 3358 2907 ejus
3394 2858 3409 2894 :
3448 2839 3516 2893 Et
3558 2842 3782 2895 medicus
3809 2842 3890 2908 {ait

732 2919 952 2995 insignis
974 2965 989 2986 ,
1026 2933 1133 2977 tum
1166 2924 1405 2976 tlieorica:
1448 2932 1557 2974 tum
1599 2924 1838 2991 practice:
1872 2922 2105 2989 ejusdem
2132 2923 2297 2989 partis
2332 2939 2551 2992 gnarus,
2586 2940 2648 2977 ac
2692 2929 2920 2992 tempore
2961 2943 3053 2979 suo
3084 2926 3383 2994 prwcellens
3408 2926 3889 2996 ,zquemadmodutn

740 3014 866 3066 item
896 3020 1015 3065 erat
1064 3010 1231 3063 frater
1254 3008 1370 3072 eius
1416 3009 1484 3062 lsi
1510 3008 1602 3061 lbn
1638 3007 1821 3060 Batrik
1867 3008 2067 3060 dictus.
2128 3006 2416 3061 Scientiam
2453 3010 2905 3078 ejushistoricam
2946 3013 3148 3068 scimus
3194 3031 3255 3067 ex
3316 3015 3621 3070 Annalibus
3662 3014 3797 3081 eius,
3834 3013 3889 3067 de

734 3102 931 3168 quibus
972 3116 1116 3152 mox.
1158 3097 1487 3162 Theolognm
1519 3106 1697 3149 autem
1734 3095 1963 3149 subinde
2001 3096 2053 3147 in
2086 3094 2384 3150 Annalibus
2416 3087 2523 3149 ille-3
2556 3098 2665 3166 agit
2697 3106 2936 3162 acutum,
2968 3099 3095 3153 dum
3146 3099 3200 3152 in
3232 3100 3482 3163 Arianos,
3531 3082 3905 3160 Nestorisnos.’

737 3187 788 3240 id
823 3202 991 3254 genus
1024 3184 1177 3243 alios,
1208 3194 1313 3235 tam
1342 3184 1535 3243 obiter,
1564 3182 1655 3235 sed
1693 3180 2053 3243 breviuscnle,
2086 3181 2357 3247 disputare
2396 3181 2508 3234 vult
2542 3197 2701 3249 quam
2732 3199 2819 3236 res
2844 3198 3028 3236 eorum
3074 3198 3313 3238 narrare.
3366 3185 3423 3238 In
3469 3186 3779 3255 dignitatem
3810 3198 3886 3254 pa-

738 3272 1080 3326 triarchalem
1111 3281 1330 3324 evectus
1361 3276 1464 3331 est,
1494 3275 1615 3336 post
1661 3268 1868 3319 obitum
1920 3265 2254 3319 Cbristoduli
2312 3259 2634 3334 patriarchae
2670 3268 3042 3331 Alexandrini,
3077 3284 3251 3322 annos
3301 3279 3457 3324 natus
3506 3273 3714 3325 salares
3762 3272 3883 3323 circa

734 3358 1126 3428 quinquaginta
1160 3366 1301 3408 octo.
1331 3351 1589 3405 Nimirum
1622 3366 1763 3405 anno
1811 3352 2009 3418 hcgiras
2038 3351 2160 3413 521,
2193 3367 2283 3406 seu
2310 3355 2482 3422 primo
2513 3352 2813 3409 Chalil'atus
2848 3356 3035 3408 Kaliiri
3081 3355 3233 3420 Billa,
3267 3357 3438 3410 lactus
3467 3368 3547 3411 est
3576 3356 3880 3425 patriarcha,

736 3446 824 3497 die
869 3443 901 3495 8
940 3441 1140 3494 mensis
1179 3439 1464 3507 Tzephari,
1509 3448 1566 3491 ut
1614 3438 1911 3505 expressius
1964 3445 2077 3490 tum
2126 3437 2232 3491 Ben
2260 3440 2473 3505 Casem,
2506 3450 2620 3492 tum
2666 3441 2961 3509 Eutycltius
3006 3439 3144 3510 ipse.
3193 3440 3296 3496 Sed
3330 3442 3497 3495 altero
3529 3443 3581 3495 in
3610 3440 3881 3510 exetuplsri

739 3526 981 3595 Eutycbii
1012 3528 1156 3593 (nam
1188 3525 1329 3577 binis
1360 3525 1440 3576 usi
1473 3538 1682 3585 sumus,
1721 3530 1779 3575 ut
1811 3523 1985 3575 statim
2017 3521 2280 3590 dicemus)
2318 3527 2600 3580 manifesta
2644 3533 2724 3580 est
2766 3527 2817 3579 in
2864 3530 3104 3581 numeris
3137 3528 3233 3581 hac
3280 3528 3346 3581 de
3380 3543 3435 3581 re
3481 3527 3809 3596 depravatio.
3836 3524 3879 3578 lo

737 3617 943 3671 calculo
975 3613 1191 3668 Juliano
1226 3613 1514 3681 respondet
1548 3600 1720 3664 annus
1759 3609 1955 3662 Christi
1982 3609 2085 3664 955
2115 3625 2179 3663 ac
2210 3611 2327 3669 dies
2353 3609 2634 3665 Februarii
2668 3621 2916 3685 octavus.
2950 3612 3099 3666 Sedit
3137 3613 3293 3666 annis
3341 3612 3622 3667 lunaribus
3652 3614 3681 3663 7
3713 3620 3880 3681 prater

737 3706 770 3758 6
803 3716 1032 3766 menses,
1067 3699 1208 3768 quod
1246 3706 1473 3751 testatur
1506 3706 1611 3749 tam
1644 3696 1903 3765 Georgius
1930 3694 2261 3760 Elmacinus,
2300 3704 2392 3747 aut
2419 3697 2695 3750 adnotatio
2727 3698 2773 3749 ei
2809 3697 3017 3764 adjecta
3053 3698 3087 3750 l.
3128 3712 3208 3760 ιιι,
3239 3712 3299 3751 c.
3334 3698 3384 3759 Ι,
3413 3712 3571 3764 quam
3624 3696 3757 3750 Vita.-
3781 3696 3880 3764 ejus

739 3800 927 3843 auctor
952 3788 1060 3854 jam
1087 3794 1211 3839 ante
1240 3786 1439 3838 dictus.
1466 3783 1725 3837 Macarius
1765 3792 1880 3835 erat
1902 3790 2032 3835 tunc
2064 3782 2323 3851 temporis
2352 3778 2717 3836 Jacobitarum
2754 3795 2849 3837 seu
2882 3781 3342 3852 Eutycbianorum
3369 3783 3440 3836 ibi
3468 3782 3790 3850 patriarcha,
3814 3779 3876 3834 uti

743 3875 831 3928 hic
861 3872 1299 3927 Ortltadoxorum.
1336 3871 1426 3923 Sic
1451 3870 1592 3924 enim
1639 3872 1689 3923 in
1738 3870 1869 3921 urbe
1906 3866 2019 3929 illa,
2053 3868 2410 3921 seditionibus
2440 3868 2801 3930 deditissima,
2846 3867 2938 3921 diu
2968 3870 3126 3922 etiam
3160 3880 3314 3921 antea
3341 3868 3674 3932 obtinuerat,
3706 3876 3761 3921 ut
3787 3875 3875 3920 tata

747 3956 1011 4014 lia-reticis
1064 3972 1226 4025 quam
1278 3956 1588 4011 orthodoxis
1644 3970 1778 4009 suns
1825 3965 1965 4011 esset
2000 3958 2071 4009 ibi
2138 3956 2447 4023 episcopus.
2482 3951 2615 4005 Vide
2675 3949 3037 4021 Nicephorum
3065 3953 3208 4007 Hist.
3246 3969 3333 4015 xv,
3364 3967 3412 4007 c.
3445 3952 3531 4007 16.
3565 3952 3631 4007 Et
3656 3951 3879 4006 Brevia-

741 4049 847 4101 lutn
889 4044 1129 4099 historiae
1181 4044 1726 4110 Eutycliianistarum,
1773 4057 1866 4097 seu
1912 4041 2064 4096 Gesta
2109 4042 2169 4094 de
2219 4040 2423 4092 nomine
2475 4040 2672 4101 Acacii,
2717 4053 2838 4092 cum
2890 4040 3205 4106 pontiﬁcum
3248 4040 3612 4092 Romanorum
3658 4036 3876 4105 epistolis

742 4135 946 4200 aliquot
978 4132 1042 4181 ab
1069 4130 1273 4184 Jacolin
1309 4128 1594 4181 Sirmondo
1630 4129 1827 4181 dudum
1872 4128 2035 4188 edita,
2068 4142 2186 4194 pag.
2226 4126 2287 4179 16
2317 4144 2329 4177 τ
2372 4123 2579 4177 Mortuo
2625 4124 2853 4191 principe
2890 4124 3185 4183 Marciano,
3230 4124 3455 4177 collectis
3490 4123 3657 4176 turbis
3685 4121 3871 4175 hereti-

744 4238 940 4281 corum,
979 4217 1276 4275 Timotheus
1322 4225 1369 4267 et
1421 4215 1598 4267 Petrus
1632 4216 1833 4267 veniunt
1877 4214 2274 4273 Alexandriam,
2324 4220 2372 4264 et
2400 4212 2677 4263 ordinatur
2733 4211 2795 4263 ab
2843 4212 3094 4263 harelicis
3142 4208 3436 4263 Timotheus
3472 4211 3755 4279 episcopus,
3790 4207 3873 4258 duo

744 4308 902 4373 igitur
932 4306 1070 4372 apud
1104 4304 1475 4355 Alexandriam
1505 4302 1722 4367 episcopi
1756 4318 1863 4353 esse
1893 4310 2172 4368 coeperunt.
2221 4298 2658 4351 Orthndoxorum
2688 4305 2813 4350 tunc
2838 4306 2951 4348 crat
2982 4296 3274 4350 Proterius.
3308 4295 3438 4348 Tant
3472 4311 3597 4350 vero
3645 4293 3873 4362 Georgius

747 4391 1054 4445 Elmacinus
1087 4403 1243 4456 quam
1282 4386 1385 4437 Ben
1411 4386 1600 4438 Casem
1633 4388 1706 4436 ait
1740 4385 1964 4437 dissidia
1998 4385 2231 4450 viguissr:
2258 4400 2365 4436 non
2402 4384 2534 4437 levia
2569 4387 2703 4437 inter
2738 4383 3047 4452 Eutyebium
3079 4394 3130 4435 et
3158 4385 3359 4450 plebem
3408 4398 3586 4435 suam.
3618 4382 3870 4455 Diarrhua

746 4477 959 4530 tandem
998 4476 1323 4527 laborantem
1355 4472 1688 4522 Alexandriae
1715 4488 1832 4523 eum
1868 4470 2066 4523 obiisse
2100 4484 2239 4520 anno
2276 4468 2472 4536 hegiraz
2500 4470 2623 4531 528,
2656 4469 2741 4521 die
2787 4468 2925 4521 luna:
2960 4469 3050 4535 qui
3092 4478 3395 4535 postremus
3422 4479 3537 4522 erat
3564 4470 3760 4523 mensis
3785 4466 3871 4519 Ba-

744 4563 883 4632 gebi.
915 4561 1129 4615 Initium
1163 4558 1286 4612 anni
1325 4556 1464 4609 illius
1494 4564 1607 4608 erat
1640 4557 1701 4609 18
1731 4554 1974 4608 Octobris
2018 4555 2141 4606 anni
2175 4555 2371 4606 Christi
2406 4556 2528 4615 959,
2570 4554 2700 4607 feria
2751 4562 2911 4609 sexta.
2936 4568 3028 4606 seu
3087 4555 3174 4606 die
3218 4553 3459 4607 Veneris.
3502 4554 3578 4606 lta
3615 4555 3667 4606 in
3692 4552 3869 4606 calculo

744 4650 957 4703 .lnliauo
986 4654 1231 4698 mortuus
1263 4652 1343 4695 est
1375 4644 1459 4695 die
1514 4642 1629 4693 Maii
1672 4643 2013 4704 duodecimo,
2046 4642 2170 4692 anui
2211 4640 2411 4693 Christi
2455 4639 2579 4702 940,
2625 4645 2905 4704 pnstquam
2943 4653 3113 4693 annos
3160 4638 3226 4691 65
3267 4645 3357 4695 aut
3395 4639 3612 4692 circiter
3655 4639 3867 4692 vixisset.

747 4725 1088 4801 tialiphatum
1133 4731 1299 4797 Syria:
1348 4737 1563 4780 tenente
1609 4727 1778 4780 Arado
1819 4726 1985 4778 Billa:
2024 4725 2261 4778 ltoinano
2307 4724 2579 4783 Orientis.
2632 4726 2825 4777 Ottone
2866 4722 3055 4791 Magno
3108 4727 3409 4779 Occidentis
3462 4726 3865 4794 imperatoribus.

750 4831 909 4888 atque
937 4818 1251 4870 Atlielstanu
1286 4830 1408 4881 rege
1450 4816 1667 4881 Anglim.
1700 4813 1915 4866 Cozevos
1943 4813 2013 4863 ita
2050 4812 2235 4864 habuit
2263 4812 2361 4862 Abi
2408 4810 2518 4862 llali
2566 4810 2671 4863 Ben
2722 4808 2914 4870 Mnela,
2966 4811 3057 4877 qni
3113 4812 3315 4877 primus
3361 4812 3702 4878 elegantioris
3747 4806 3864 4874 apud

750 4909 953 4960 Arabas
982 4904 1247 4957 scribendi
1278 4902 1486 4968 generis
1515 4913 1699 4952 auctor
1745 4900 1969 4956 exstitit.
2011 4907 2173 4963 atque
2222 4898 2558 4950 Albatenium
2590 4914 2687 4950 seu
2737 4898 3127 4965 Albategniunt,
3162 4898 3210 4950 id
3246 4908 3325 4952 est
3356 4897 3717 4951 Mahumedetn
3754 4898 3862 4948 Ara-

749 5005 1010 5049 ctonseni,
1036 4990 1342 5040 Aratensem
1372 4986 1666 5053 Cupernico
1697 4985 1923 5051 aliisque
1954 4986 2151 5037 dictum
2200 4993 2251 5035 et
2285 4985 2510 5035 subinde
2531 4985 2874 5042 Aracensctn,
2902 4984 3303 5051 celeberrimum
3332 4985 3476 5035 illum
3500 4993 3841 5036 astronomum

750 5081 815 5130 de
842 5091 948 5143 quo
976 5077 1163 5142 legitur
1196 5075 1246 5125 in
1268 5072 1527 5125 Tzemach
1560 5072 1719 5124 David
1756 5087 1769 5122 :
1797 5069 1851 5121 Is
1882 5072 2067 5121 invenit
2098 5068 2253 5121 simul
2284 5079 2331 5120 et
2358 5070 2665 5120 instauravit
2695 5068 2951 5120 calculum
2980 5080 3215 5120 exactum
3236 5079 3284 5121 et
3319 5068 3521 5120 tabulas
3551 5064 3853 5125 astranomit,
3994 5064 4001 5161 1

747 5162 1271 5231 quibusutunturiosi
1294 5176 1449 5227 usque
1492 5160 1543 5210 in
1572 5159 1703 5209 hunc
1734 5158 1863 5209 diem
1892 5158 1942 5208 in
1978 5166 2116 5207 motu
2167 5172 2279 5206 vero
2321 5154 2664 5220 supputando.
2718 5154 2805 5204 Sic
2851 5154 3010 5206 David
3062 5155 3148 5205 ille
3198 5162 3332 5221 part.
3383 5169 3437 5209 tr,
3471 5167 3612 5205 anno
3650 5147 3860 5205 cbiliadis

749 5254 948 5318 qttinlte
996 5248 1115 5306 655,
1164 5262 1256 5300 seu
1308 5246 1505 5299 ϐίη-ἰμιί
1541 5246 1660 5298 875.
1692 5242 2076 5310 Alplionsiuas,
2112 5251 2168 5293 ut
2202 5242 2430 5301 videtur,
2469 5238 2578 5288 Vult
2634 5253 2698 5288 ex
2744 5238 3004 5289 Albatcuii
3039 5239 3175 5291 libro
3210 5240 3272 5289 de
3334 5238 3582 5290 Scientiis
3616 5237 3855 5289 stellarum

752 5342 933 5405 (quem
970 5352 1031 5388 ex
1071 5334 1301 5386 Arabico
1346 5333 1503 5385 vertit
1557 5333 1683 5385 olim
1744 5331 1893 5383 Plato
1940 5327 2274 5393 Tiburtinus)
2306 5334 2663 5378 conStrurtas.
2699 5322 3010 5375 Comianeus
3059 5324 3183 5374 item
3232 5322 3486 5390 Eutyeliio
3512 5331 3625 5375 erat
3668 5318 3854 5405 Pholitls

755 5403 1194 5489 archiepiscopus
1233 5418 1891 5486 Cunstantinnpolitanus,
1940 5426 2125 5481 atque,
2174 5414 2245 5464 uti
2291 5414 2474 5464 volunt
2531 5410 2718 5476 aliqui,
2768 5408 3202 5475 Tltcupbylaetus
3247 5410 3526 5476 Bulgaria,
3574 5420 3643 5489 et;
3681 5403 3853 5457 Vitellio

751 5487 993 5575 Upttcus.
1052 5487 1191 5560 Libri
1250 5507 1317 5559 ab
1370 5505 1625 5573 Eutycltio
1686 5503 1868 5567 scripti
1936 5510 2063 5555 sunt
2132 5511 2362 5566 quatuor
2414 5514 2426 5548 :
2478 5495 2626 5546 Liber
2681 5496 2743 5545 de
2788 5496 3084 5555 medicina;
3132 5494 3280 5545 Liber
3341 5487 3852 5575 llisputationisiultf

752 5574 1043 5644 licerelicum
1076 5604 1122 5644 et
1156 5592 1527 5651 Christianum,
1561 5590 1836 5641 ()rdin‘atio
1866 5594 1955 5639 aut
1983 5584 2237 5641 Ordinata
2260 5580 2532 5646 dispositio
2560 5579 2805 5641 Genuum,
2851 5595 2942 5631 Seu
2997 5581 3270 5647 Ordinatio
3302 5588 3393 5631 aut
3437 5576 3687 5630 Ordinata
3708 5574 3849 5635 όὲιρθ-

750 5680 867 5729 sitio
895 5690 982 5730 aut
1013 5679 1296 5745 Syntagmu
1333 5678 1636 5731 substantia:
1672 5678 1751 5744 (ut
1779 5674 1976 5741 pariter
2013 5670 2110 5723 fert
2145 5686 2241 5723 vox
2282 5668 2527 5732 Arabica}
2557 5683 2646 5719 seu
2691 5667 2973 5733 Synlagma
3014 5665 3418 5732 compendiosum
3443 5680 3461 5725 ;
3486 5665 3645 5734 illuasi
3687 5652 3850 5712 Πεέιιί·

3692 5787 4002 6430 J
