4138 6466
301 404 403 468 893
1200 364 1206 371 ’
1669 401 2030 463 ANNALES.
2650 429 2654 432 ‹
3367 405 3467 467 ast

308 514 408 568 lus
460 512 767 567 historicum
804 520 1192 580 nuncupasset.
1231 509 1417 580 Neque
1440 511 1582 565 enim
1615 512 1808 565 eodem
1840 513 2102 566 vocabulo
2139 526 2236 580 pro
2266 527 2474 581 gemma
2522 528 2584 568 ac
2611 514 2918 569 substantia
2944 515 3173 581 (scilicet
3202 512 3461 581 Giauhar)

304 598 468 654 solum
502 608 726 653 utuntur
756 597 990 662 Arabes;
1024 597 1373 652 verttmetiam
1420 596 1545 652 ideo
1568 606 1817 659 utuntur.
1843 599 1969 667 quia
2002 608 2057 653 ttt
2107 613 2334 666 gemmis
2385 598 2525 653 inter
2570 600 2781 668 reliqua
2829 601 2990 660 bona,
3036 603 3107 651 ita
3150 598 3469 653 substantia:

276 678 280 683 ⁴
304 691 438 745 inter
472 699 663 742 ca‘tera
688 684 1097 751 praedicamenta
1129 684 1365 752 dignitas
1387 692 1473 737 est
1507 684 1957 739 eminentissima.
2000 684 2132 738 Nam
2160 685 2285 738 inde
2316 686 2561 749 nominis
2584 686 2696 740 haec
2723 686 3052 745 communio,
3080 691 3137 736 ut
3162 685 3462 757 esprpssitn

298 775 564 831 ‘Averroes
594 772 648 832 in
679 770 921 837 Epitome
949 769 1002 822 in
1041 769 1205 822 libros
1239 768 1650 836 Metaphysic’es,
1697 778 1923 823 tractatu
1972 772 2166 839 primo.
2213 768 2446 834 Quartus
2516 772 2652 825 liber
2706 772 2972 841 Eutychio
3009 772 3263 831 tributus,
3294 778 3374 822 est
3398 772 3469 843 de

300 865 446 917 rebus
471 858 663 913 Sicilia:
696 865 967 925 postquam
992 871 1024 908 α
1055 852 1328 908 Saracenis
1377 865 1527 921 capta
1552 866 1648 915 est,
1680 858 1770 924 qui
1797 858 1847 909 in
1877 856 2131 924 Catalogo
2167 855 2512 910 Biblimhecte
2550 856 2842 911 Orientalis
2896 858 2994 910 viri
3032 853 3467 924 praestantissimi

298 945 520 1003 Thomas
547 942 783 1011 Erpenii,
818 955 1062 994 annexus
1088 955 1208 994 esse
1235 939 1435 994 dicitur
1463 940 1708 995 Historiae
1730 944 1848 1009 ejus
1875 941 2274 1000 ecclesiasticae.
2312 942 2363 993 id
2392 951 2495 1002 est,
2532 942 2773 995 Medulla:
2821 958 2980 1009 quam
3032 943 3269 1007 diximus
3304 941 3471 992 liisto.

301 1019 441 1087 ricte.
474 1028 754 1083 Librorum
794 1040 932 1094 quos
983 1024 1398 1099 memoravimus
1433 1031 1543 1080 tres
1576 1029 1802 1095 priores.
1836 1028 2082 1079 meminit
2112 1026 2351 1080 Achmed
2403 1025 2511 1080 Ben
2549 1027 2741 1081 Casum
2804 1029 2912 1081 ille.
2950 1028 3117 1081 Etiam
3166 1030 3217 1081 in
3249 1026 3463 1084 illorum

302 1117 483 1177 tertio,
520 1129 613 1176 seu
644 1112 869 1165 Medulla
906 1111 1174 1176 historica,
1204 1110 1501 1166 secundum
1534 1120 1798 1166 memorat
1842 1113 1955 1180 ipse
1989 1110 2310 1180 Eutychius.
2352 1113 2571 1166 Tertius
2601 1123 2779 1165 autem
2823 1115 3060 1167 Annales
3090 1113 3468 1181 complectitur

301 1216 331 1259 a
360 1216 539 1254 rerum
570 1201 791 1253 conditu
824 1213 991 1266 nsque
1020 1198 1071 1250 in
1108 1214 1203 1252 sua
1234 1206 1473 1266 tempora
1512 1198 1808 1258 deductos;
1846 1197 1901 1252 in
1935 1198 2130 1266 quibus
2166 1197 2562 1266 quamplurima
2616 1197 2681 1250 ad
2736 1199 3017 1251 historiam
3078 1209 3191 1250 tum
3252 1212 3465 1252 sacram

305 1296 414 1347 tum
447 1284 726 1353 profanam
757 1282 1036 1336 attinentia
1067 1291 1358 1351 occurrunt
1384 1291 1567 1335 notatu
1598 1282 1935 1348 dignissima,
1964 1296 2084 1350 quae
2108 1282 2296 1336 nullibi
2330 1283 2550 1338 omnino
2578 1284 2717 1351 apud
2759 1283 3050 1351 scriptores
3080 1281 3171 1350 qui
3205 1291 3471 1348 prostant,

307 1373 532 1434 aliosve,
568 1386 702 1437 quos
741 1370 867 1422 mihi
902 1368 1084 1422 videre
1116 1368 1359 1438 contigit,
1391 1369 1503 1421 sive
1532 1366 1771 1430 Graecos,
1806 1368 1922 1423 sive
1950 1366 2192 1430 Latinos.
2222 1370 2337 1423 sive
2367 1368 2680 1432 llehraicos,
2710 1370 2823 1422 sive
2850 1368 3109 1422 Arabicos
3141 1370 3295 1420 lecta.
3326 1367 3472 1419 Cou-

304 1456 491 1526 stripti
525 1468 652 1517 sunt
704 1458 775 1510 illi
808 1457 871 1509 ad
905 1453 973 1510 lsi
1008 1456 1096 1509 lbn
1144 1453 1325 1515 Batrtk
1366 1444 1589 1506 fratrem.
1634 1443 1837 1506 suum;
1872 1452 2122 1506 Citantur
2163 1456 2435 1531 multoties
2475 1453 2774 1524 aGeorgio
2827 1454 3101 1506 Eltnacino
3134 1455 3187 1506 in
3238 1452 3470 1505 Ilisturia

306 1543 649 1600 Saracenica.
706 1541 769 1594 Et
812 1552 1155 1595 recensentur
1182 1536 1537 1605 proculdubio
1576 1536 1717 1589 inter
1756 1538 1970 1593 codices
2017 1541 2276 1594 Arabicos
2324 1541 2556 1595 Orientis
2605 1557 2691 1595 res
2738 1542 3074 1609 complexos,
3108 1540 3307 1608 quibus
3348 1538 3474 1590 olim

304 1629 648 1699 Guilielmum
682 1624 1145 1693 archiepiscopum
1181 1622 1399 1692 Tyrium
1434 1621 1692 1674 instruxit
1724 1623 2033 1679 Almaricus
2065 1640 2158 1678 rex
2183 1625 2722 1697 Hierosolytnitanus,
2764 1637 2823 1680 ut
2848 1628 2972 1680 inde
3001 1642 3137 1696 Opus
3166 1627 3232 1680 de
3272 1626 3475 1693 princi-

304 1715 468 1785 pibus
497 1712 859 1767 Orientalibus
889 1710 1207 1773 conﬁceret;
1241 1722 1339 1763 nec
1372 1715 1430 1760 ut
1460 1708 1726 1775 vulgares,
1755 1708 1848 1763 sed
1881 1711 2143 1778 primarii.
2178 1710 2319 1765 Seith
2357 1711 2511 1778 ﬁlius
2530 1712 2763 1764 ‘Patricii
2793 1721 2845 1766 et
2872 1714 2953 1765 vir
2977 1711 3281 1765 venerabilis
3310 1725 3473 1763 voca-

305 1812 395 1861 tur
428 1800 552 1853 huic
585 1798 776 1866 Tyrio;
811 1792 911 1849 nec
936 1795 1062 1852 alibi
1097 1793 1235 1863 apud
1266 1793 1561 1861 scriptores
1607 1792 1833 1859 Europae
1864 1803 2093 1859 veteres,
2142 1805 2403 1862 quantum
2457 1798 2761 1859 observavi,
2817 1806 3168 1850 memoratur.
3205 1795 3478 1848 Almarico

306 1902 457 1957 rege,
493 1886 666 1954 inquit
694 1884 911 1954 Tyrius,
944 1883 996 1937 in
1030 1883 1245 1952 prologo
1268 1882 1333 1935 ad
1367 1882 1655 1936 Historiam
1682 1919 1696 1942 ,
1727 1882 1951 1935 Arabica
1993 1883 2311 1947 exemplaria
2364 1883 2699 1936 ministrante
2743 1882 2907 1935 aliam
2938 1883 3238 1945 historiam,
3274 1899 3304 1933 α
3352 1893 3481 1933 tem-

302 1989 429 2041 pore
452 1971 734 2025 seductoris
770 1969 1066 2024 Monumeth
1095 1983 1255 2036 usque
1301 1967 1358 2018 in
1392 1968 1527 2019 hunc
1556 1982 1773 2031 annum,
1816 1970 1906 2033 qui
1945 1976 2025 2020 est
2056 1968 2206 2021 nobis
2254 1969 2317 2021 ab
2349 1966 2716 2023 incarnatione
2746 1969 2954 2023 Domini
2987 1970 3145 2031 H86,
3179 1985 3272 2035 per
3316 1985 3480 2021 annos

301 2061 606 2128 quingentos
632 2047 956 2125 septuaginta
978 2063 1261 2109 currentem
1292 2052 1688 2118 conscripsimus
1707 2067 1725 2102 :
1754 2061 2013 2104 auctorem
2038 2055 2259 2106 maxime
2280 2055 2441 2107 secuti
2467 2056 2632 2107 virum
2655 2056 2986 2108 venerabilem
3011 2055 3152 2109 Seitli
3172 2054 3250 2122 ﬁl.
3286 2053 3484 2106 Potrici

238 2134 251 2145 ’
302 2144 720 2198 Atestindrinstm
748 2140 1121 2209 patriarcham.
1147 2137 1300 2203 Quod
1331 2152 1456 2191 vero
1483 2137 1558 2190 ait
1580 2153 1637 2191 se
1661 2134 1899 2191 maxime
1926 2139 2064 2191 hunc
2094 2149 2336 2193 secutum
2398 2143 2553 2209 plane
2582 2142 2985 2208 inteliigentlutn
3025 2152 3108 2194 est
3140 2140 3205 2192 dc
3242 2150 3481 2205 tempore

304 2234 568 2294 duntaxat
596 2243 796 2282 annum
823 2226 1025 2281 Christi
1052 2224 1153 2278 957
1185 2239 1277 2278 seu
1314 2224 1510 2295 begins
1541 2224 1645 2278 526
1700 2232 2087 2279 antevertente.
2118 2223 2268 2284 Tunc
2296 2228 2436 2280 enim
2480 2242 2607 2282 suos
2646 2226 2846 2281 claudit
2896 2226 3132 2281 Annales
3183 2224 3481 2295 Eutycltius

303 2318 453 2382 circa
485 2315 756 2369 biennium
793 2320 910 2381 post
932 2320 1197 2365 mortuus.

1285 2664 1621 2729 LECTORI
1657 2665 2186 2728 summa”;
2222 2628 2535 2730 annos.

389 2991 687 3073 Eutychji
722 2992 1329 3073 nostriiperioeham
1368 3004 1444 3055 ex
1481 2996 1640 3071 ajus'
1683 2997 2035 3057 Annalibus
2066 2997 2161 3070 (p.
2193 2996 2345 3071 328)
2407 2992 2759 3071 excerptain
2808 2998 3073 3056 seorsim
3118 3013 3285 3057 anno
3338 2994 3489 3073 1652

314 3069 602 3149 ediderat
629 3070 902 3129 Joannes
929 3069 1234 3132 Seldénus
1259 3114 1276 3143 ,
1305 3089 1447 3131 cum
1480 3069 2335 3149 niagnoicommentariorum’
2370 3069 2692 3147 appara—tu,
2739 3075 2875 3149 Sub
2897 3076 3075 3134 titulo
3120 3098 3135 3132 :
3193 3072 3490 3149 Eutychii

313 3146 627 3225 lgyptii,
682 3149 1058 3222 patriarcha
1108 3146 1602 3225 orthodoaorum:
1641 3147 2245 3225 Alexandrini.......
2299 3146 2592 3209 Ecclesiae
2660 3166 2784 3207 sua?
2839 3148 3151 3225 Origines.
3230 3146 3481 3225 Sel-deni

315 3224 547 3303 piqctta
607 3225 1311 3303 deordinehieratico
1367 3223 1741 3286 confutanda
1800 3227 1863 3286 in
1925 3243 1992 3286 se
2039 3224 2349 3303 suscepit
2388 3228 2577 3286 Pater
2614 3226 2922 3286 Abraham
2956 3223 3356 3287 ‘Ecltellensis
3420 3223 3483 3285 in

293 3300 437 3381 suo
466 3300 795 3381 ﬂamonio
848 3300 1161 3381 vindicato
1184 3342 1201 3374 ,
1224 3377 1233 3381 Α
1256 3304 1465 3381 Roma)
1530 3318 1696 3363 anno
1731 3304 1881 3377 1661
1946 3302 2111 3381 typis
2156 3300 2562 3381 SJCongreg.
2592 3304 2669 3362 de
2703 3306 3100 3381 prOpaganda
3149 3304 3265 3364 ﬁde
3297 3302 3488 3362 edito.

319 3378 755 3457 Prml‘ationem
783 3377 1385 3457 operisrecudimus
1418 3379 1481 3437 in
1518 3395 1635 3453 qua
1673 3383 1849 3449 Pater
1881 3377 2193 3439 Abraham
2241 3377 2598 3457 pret-ioCham
2650 3377 2934 3457 eatnd'etn
2985 3396 3143 3457 nova
3176 3380 3489 3453 interpre-

321 3451 560 3513 tatione
588 3451 879 3534 donatam
911 3454 1189 3534 exhibet.
1226 3464 1291 3516 ut
1329 3451 1668 3534 monstret,
1706 3457 2077 3534 Eutychium
2113 3451 2621 3527 non'lubentem,
2648 3456 2755 3516 sed
2784 3454 3053 3534 invitum
3085 3474 3154 3518 ac
3186 3451 3495 3517 reluctan-

324 3537 447 3591 tem
483 3546 695 3607 peros
732 3530 1288 3591 Seldenilocutum
1321 3529 1540 3593 fuisse.

1106 3859 1563 3964 aerariam
1615 3898 2193 3991 ECHELLENSIS
2248 3901 2537 3962 PRAEFA
2556 3903 2716 3963 T10.

398 4066 662 4158 nocuerat
692 4066 817 4119 olim
848 4067 1059 4158 Acrius,
1098 4068 1173 4123 uti
1215 4067 1377 4123 refert
1407 4067 1466 4122 D.
1498 4069 1848 4138 Augustinus,
1895 4072 2247 4142 Epiphanius,
2300 4075 2486 4130 Patres
2530 4076 2643 4158 alii,
2687 4084 2742 4130 et
2788 4077 3131 4132 ecclesiastici
3169 4081 3482 4149 scriptores.

327 4154 698 4225 presbyterum
738 4164 789 4207 et
821 4156 1128 4223 episcOpnm
1165 4158 1311 4225 paris
1339 4171 1459 4211 esse
1502 4158 1729 4221 ordinis,
1776 4158 2054 4225 dignitatis
2089 4168 2248 4228 atque
2296 4154 2598 4226 potestatis.
2650 4160 2976 4216 Sententiam
3024 4164 3161 4218 hanc
3206 4168 3481 4221 sacrorum

328 4241 677 4295 conciliorum
710 4241 1012 4291 damnatam
1044 4240 1305 4302 decretis,
1336 4250 1643 4295 sanctorum
1682 4242 1897 4296 Patrum
1928 4244 1980 4297 in
2014 4254 2212 4297 tartara
2262 4245 2536 4301 detrttsatn
2567 4248 2909 4311 auctoritate,
2957 4264 3019 4303 ac
3054 4253 3484 4308 meritademum

333 4324 604 4379 oblivione
633 4326 923 4391 sepultam,
957 4325 1211 4388 infausto,
1247 4326 1426 4380 nescio
1458 4342 1566 4395 quo
1591 4330 1851 4393 carmine,
1880 4344 2099 4383 avorum
2133 4341 2442 4385 nostrorum
2479 4334 2736 4387 memoria
2761 4336 2810 4386 in
2844 4338 3151 4389 mortalium
3181 4339 3303 4392 inde
3335 4355 3488 4394 revo-

332 4418 526 4464 carunt
563 4410 732 4463 lucem
766 4408 1030 4464 Lutlterus
1062 4420 1114 4463 et
1150 4412 1420 4477 Calvinus;
1456 4428 1683 4482 eamque
1714 4415 1968 4485 deinceps
1996 4427 2086 4469 aut
2116 4416 2215 4472 suo
2252 4417 2499 4472 foverunt
2554 4421 2673 4473 sinu
2701 4462 2715 4482 ,
2752 4431 2843 4473 aut
2869 4422 2989 4476 suis
3022 4424 3303 4491 perodiose
3334 4427 3489 4479 refri-

333 4505 564 4550 ruerunt
593 4495 810 4563 scriptis
840 4495 915 4548 illi
946 4498 1039 4564 qui
1089 4498 1139 4548 in
1172 4499 1412 4565 ipsorum
1440 4498 1690 4565 iurarunt
1726 4501 1907 4554 verba.
1942 4504 2134 4557 Acrius
2189 4512 2365 4557 tamen
2411 4519 2473 4557 ac
2515 4506 2847 4560 virulentiori
2888 4508 3096 4561 calamo
3140 4512 3483 4576 quit-stionem

330 4588 618 4652 exagitavit
648 4586 784 4639 hanc
816 4602 985 4653 nuper
1016 4588 1264 4641 Claudius
1296 4589 1612 4669 salmasius,
1667 4590 2001 4658 prazcipitatas
2055 4590 2369 4643 eruditionis
2398 4590 2555 4643 homo
2584 4591 2877 4645 Calvinista
2906 4632 2919 4654 ,
2964 4594 3014 4645 in
3044 4610 3204 4661 opere
3237 4596 3379 4663 quod
3412 4596 3485 4647 De

335 4673 836 4738 [enoretrapezitico
886 4675 1251 4740 inscripscrat.
1288 4674 1691 4742 Quamprimum
1741 4684 1846 4729 tam
1882 4675 2176 4733 detestabili
2232 4690 2294 4727 ac
2345 4677 2659 4743 perniciosae
2692 4681 2826 4745 pesti
2878 4695 2939 4732 ex
2980 4682 3205 4733 atlvcrso
3252 4685 3487 4735 occurrit

334 4756 684 4819 doctissimus
716 4756 1004 4825 Dionysius
1034 4758 1304 4823 Petavius,
1336 4775 1399 4812 ex
1427 4775 1577 4813 sacra
1614 4750 1897 4813 Societatis
1931 4758 2054 4814 Jesu
2090 4762 2540 4829 religionc,0pere
2574 4765 2827 4831 inscripto
2855 4783 2867 4817 :
2901 4764 3296 4817 Dissct'latt'ths
3324 4769 3482 4817 eccle-

335 4842 562 4895 εἱαιιὶεω
594 4842 655 4895 de
682 4844 1036 4911 episcoporum
1074 4846 1319 4912 dignitate
1354 4856 1399 4897 et
1430 4846 1832 4913 jurisdicliorte,‘
1859 4862 1920 4899 ac
1954 4847 2143 4898 malam
2181 4847 2405 4899 bestiam
2438 4862 2521 4911 eo,
2560 4850 2698 4902 unde
2731 4850 3001 4916 prodierat
3027 4889 3040 4913 ,
3074 4854 3347 4902 retrudcrc
3383 4858 3482 4903 ui)-

340 4930 487 4983 nisus
520 4940 600 4983 est
630 4942 910 4985 veteranus
948 4948 1007 4985 ac
1035 4934 1328 4987 acerrimus
1361 4935 1481 4986 ﬁdei
1527 4934 1805 4987 catholicae
1840 4940 2218 5013 pr0pugnator.

409 5040 486 5093 Ad
525 5050 1028 5095 tantum-rumorem
1081 5060 1143 5097 ac
1181 5046 1491 5113 quaestionis
1528 5045 1949 5097 recrudescentis
1978 5043 2170 5094 fatuam
2205 5057 2264 5093 ex
2298 5044 2479 5093 ultima
2513 5044 2721 5094 excitus
2748 5042 3018 5095 Britannia
3044 5040 3276 5094 Joannes
3300 5044 3480 5095 Selde-

346 5142 447 5179 nus
475 5141 542 5177 eo
572 5126 803 5179 accurrit
831 5143 984 5194 Opem
1020 5129 1194 5182 ferens
1224 5143 1529 5199 symmysta:
1559 5145 1619 5182 ac
1655 5131 1940 5196 suppetias.
1976 5128 2414 5180 Animatlvertens
2444 5144 2569 5179 vero
2605 5145 2729 5181 suas
2762 5128 3066 5193 sodalisque
3117 5129 3299 5194 copias
3330 5128 3482 5179 Occi-

344 5214 582 5267 dentales
606 5213 760 5281 longe
792 5223 842 5266 et
874 5230 1095 5268 numero
1124 5224 1177 5267 et
1208 5219 1409 5269 viribus
1442 5217 1669 5283 impares
1703 5231 1841 5278 esse,
1873 5214 2189 5283 Eutychiunt
2224 5211 2579 5279 patriarcltatn
2634 5214 3046 5264 Alexandrinum
3070 5253 3084 5272 ,
3119 5228 3211 5265 ccn
3262 5214 3477 5264 militem

346 5298 651 5350 auxiliaretn
674 5337 689 5360 ,
722 5307 774 5350 et
812 5300 1049 5355 Arabicis
1084 5304 1400 5355 instructum
1435 5303 1595 5354 armis
1628 5303 1862 5367 atl_|tanc
1896 5313 2121 5365 pugnam
2160 5299 2223 5350 ah
2264 5301 2378 5365 ipso
2412 5298 2627 5351 Oriente
2681 5314 2777 5349 suo
2806 5299 3065 5350 conduxit
3107 5314 3228 5349 aere.
3286 5298 3478 5361 Operis

349 5384 593 5437 vexillum
630 5384 728 5435 hoc
754 5388 999 5451 specioso
1022 5390 1298 5439 exornavit
1329 5389 1481 5440 titulo
1508 5404 1519 5437 :
1542 5388 1779 5455 Eutycltii
1804 5386 2035 5453 zEgyptii
2056 5386 2371 5449 patriarcha:
2399 5386 2799 5436 ortlrodoxorutn
2826 5383 3189 5439 Alexandrini,
3211 5384 3479 5447 scriptoris

350 5479 405 5519 at
435 5470 485 5521 in
519 5468 728 5522 Oriente
758 5472 1030 5522 admodum
1068 5475 1248 5524 vetusti
1280 5490 1339 5524 uc
1371 5474 1606 5531 illustris,
1636 5476 1709 5523 ita
1740 5475 1788 5522 in
1824 5470 2085 5523 Occidente
2118 5480 2221 5519 tum
2254 5471 2579 5537 paucissimis
2610 5456 2698 5519 risi
2723 5508 2736 5529 ,
2771 5479 2875 5519 tum
2905 5485 3113 5533 perraro
3145 5469 3334 5527 auditi,
3382 5467 3481 5517 Iit:-

360 5556 530 5607 clesia:
559 5570 664 5607 sum
698 5554 953 5625 Origines.
987 5560 1266 5611 Auctorem
1303 5574 1461 5625 put-ro
1487 5576 1546 5610 ex
1575 5560 1826 5625 dignitate
1850 5596 1864 5619 ,
1892 5543 2223 5626 antiquitate,
2256 5560 2441 5625 pattia,
2490 5560 2709 5612 raritate
2741 5558 2936 5624 operis,
2972 5566 3021 5608 et
3056 5558 3434 5623 exetnplariuut
3464 5593 3477 5615 ,

353 5640 603 5701 materiis,
637 5644 841 5716 qua'de
871 5645 1064 5710 agitur,
1096 5645 1357 5707 claritate,
1393 5644 1617 5710 aliisque
1648 5642 1975 5696 ornamentis
2006 5646 2081 5697 sic
2108 5646 2243 5710 apud
2278 5660 2403 5696 suos
2445 5645 2665 5697 lerttnes
2702 5646 2751 5693 iu
2786 5660 2875 5694 sua
2914 5645 3249 5695 CttllttIltzlttlttl
3285 5641 3475 5707 punia-

357 5728 495 5780 tione
526 5742 540 5777 :
578 5725 701 5779 lam
732 5744 861 5794 vero,
898 5729 1083 5797 inquit,
1117 5747 1228 5781 cum
1262 5731 1323 5784 dc
1358 5732 1548 5783 ordinis
1578 5731 1877 5781 ltit‘i‘tll’t'hit'i
1911 5730 1957 5781 in
1989 5729 2213 5780 πει-’θείη
2250 5725 2627 5785 Alexandrina,
2662 5729 2713 5778 id
2756 5739 2825 5778 est
2860 5729 2918 5776 tlr
2952 5728 3380 5786 preslvnternrunt.
3432 5735 3478 5776 et
