4138 6474
678 352 783 416 895
1682 351 2047 417 EUTYCHU
2075 347 2603 412 ALEXANDRINI
2642 346 2861 409 PATR.
3794 349 3905 412 890

683 464 1046 531 epist-aperitin
1091 464 1250 518 etiam
1280 474 1327 519 et
1365 466 1429 519 de
1451 467 1716 535 ipsissimo
1739 469 1856 531 hoc.
1893 484 2041 538 quem
2073 474 2328 520 memorat
2369 461 2721 531 Hieronymus
2773 475 2917 513 more
2954 459 3307 514 testimonium
3360 456 3526 511 multo
3585 456 3902 515 lutulentius

686 550 1119 619 explicatiusque,
1159 552 1380 605 habetur
1418 556 1558 622 apud
1588 557 1892 625 scriptorem
1919 555 2049 608 satis
2078 559 2335 606 vetustum
2356 590 2369 611 ,
2404 548 2686 603 Arabicunt
2706 586 2720 610 ,
2751 545 3059 615 Egyptium
3082 588 3097 609 ,
3130 560 3348 613 euntque
3381 541 3614 613 ejusdem
3652 540 3902 599 Ecclesia

680 638 1040 705 patriarcltum
1072 640 1489 694 ortltodoxorum
1532 642 1676 712 (nam
1691 644 1847 706 ,ulius
1897 648 2014 696 erat
2060 638 2133 694 ibi
2164 653 2271 693 non
2308 650 2433 690 raro
2467 633 2854 702 Jacobitarum)
2888 646 2979 685 nec
3008 632 3129 684 dum
3159 634 3293 702 typis
3330 632 3545 691 editum,
3574 630 3631 697 ζει
3676 644 3901 697 ρενραιο

680 726 931 789 cissimis,
963 726 1067 784 nisi
1094 726 1261 796 [altor
1289 727 1535 793 nimium,
1566 739 1658 782 aut
1688 729 1877 783 lectum
1906 736 1998 782 aut
2028 728 2218 780 visunt.

763 838 1025 909 Equidem
1054 853 1119 894 ex
1147 848 1255 895 tam
1288 822 1496 898 fastose
1537 843 1716 907 titulo,
1747 858 1814 898 ex
1853 850 1961 896 tam
2003 839 2374 895 immoderatis
2413 836 2684 901 laudibus,
2717 846 2880 906 atque
2931 835 3233 906 praeconiis,
3264 836 3585 906 tandemque
3629 851 3695 891 ex
3748 843 3904 891 tanta

628 920 637 937 ⁵
693 924 883 995 operis,
906 935 960 980 et
998 928 1388 996 exemplarium
1421 932 1644 985 raritate
1672 928 1876 999 aliquid
1908 928 2080 983 multo
2113 921 2334 995 majoris
2365 924 2616 995 ponderis
2649 931 2702 977 et
2734 923 2992 978 momenti
3042 922 3182 992 apud
3234 936 3319 976 me
3348 937 3702 994 conceperam
3734 922 3867 977 olim
3887 962 3906 989 ,

691 1010 819 1065 dum
853 1012 923 1066 de
956 1012 1108 1067 hisce
1134 1012 1451 1085 Originibus
1481 1031 1570 1071 me
1602 1031 1700 1086 per
1732 1016 1942 1071 litteras
1968 1014 2243 1069 consuluit
2278 1013 2362 1067 vir
2388 1011 2758 1071 doctissimus.
2789 1021 2845 1066 et
2871 1010 2937 1065 de
2965 1007 3510 1078 catlnolicavEcclesia
3549 1010 3753 1081 optime
3782 1024 3908 1064 tne-

694 1099 831 1154 ritus
859 1098 1180 1156 Bartholdus
1208 1099 1505 1169 Nibusius;
1536 1118 1637 1158 nec
1676 1102 1834 1157 aliter
1868 1102 1999 1157 mihi
2036 1101 2088 1156 in
2117 1102 2221 1155 hoc
2246 1097 2464 1165 accidit,
2503 1112 2663 1168 quam
2697 1097 2771 1152 illi
2803 1098 2897 1168 qui
2936 1111 3003 1152 ex
3032 1096 3237 1151 bullato
3271 1096 3492 1151 nomine
3528 1097 3904 1152 chamaeleon-

687 1197 795 1239 tem
825 1186 1001 1242 adhuc
1032 1187 1135 1243 sibi
1167 1203 1272 1242 non
1307 1190 1487 1244 visum
1518 1189 1808 1259 elephanto
1838 1188 1998 1259 longe
2031 1188 2174 1241 mole
2202 1186 2549 1258 grandiorem
2581 1185 3029 1246 existimaverat:
3062 1191 3155 1238 aut
3187 1184 3284 1245 illi,
3307 1183 3399 1253 qui
3423 1198 3489 1239 ex
3514 1198 3649 1239 voce
3682 1186 3902 1240 asinum

686 1281 741 1326 et
780 1272 1045 1330 cicadam.
1104 1276 1583 1332 Verumenimvero
1615 1292 1740 1331 cum
1765 1276 1887 1346 ejus
1920 1276 2107 1346 operis
2132 1274 2264 1329 mihi
2302 1275 2455 1344 copia
2487 1272 2625 1327 facta
2662 1281 2811 1327 esset
2840 1281 2967 1329 ante
2995 1269 3463 1338 menses'aliquot,
3496 1271 3758 1325 continuo
3783 1274 3923 1325 tota

689 1361 850 1415 desiit
889 1361 1215 1430 admiratio;
1252 1364 1361 1418 imo
1412 1365 1705 1434 plurimum
1737 1364 2041 1420 admiratus
2072 1379 2193 1418 sum
2226 1361 2376 1415 tituli
2415 1360 2706 1416 vanitatem
2743 1358 3187 1427 futilitatemque,
3222 1371 3345 1412 cum
3381 1355 3621 1411 viderem
3654 1363 3763 1409 tam
3792 1355 3912 1411 vile

689 1448 1043 1518 pharmacum
1080 1465 1143 1505 ac
1172 1450 1418 1520 vulgare,
1465 1452 1821 1520 omniumque
1851 1452 2036 1505 tritum
2076 1450 2348 1511 manibus,
2376 1448 2544 1502 tantis
2571 1446 2732 1502 vendi
2775 1446 2829 1501 in
2866 1445 3219 1501 Calvinistico
3260 1443 3378 1499 foro
3421 1441 3913 1499 vociferationibus

686 1534 1143 1607 Quandoquidem
1176 1538 1487 1594 Chronieon
1542 1538 1673 1594 illud
1708 1538 1982 1609 Eutycliii,
2010 1553 2076 1593 ex
2119 1551 2228 1606 quo
2272 1535 2584 1606 periocham
2627 1534 2771 1588 hanc
2809 1531 2877 1588 de
2911 1530 3168 1587 Ecclesia:
3198 1530 3575 1586 Alexandrina
3606 1530 3918 1601 originibus

685 1605 979 1695 excerpsit,
1019 1640 1115 1680 seu
1152 1626 1335 1696 potius
1363 1626 1595 1681 extorsit
1628 1605 1922 1691 Seldenus,
1960 1605 2399 1686 nullisfereinon
2445 1628 2627 1677 exstat
2651 1618 3124 1699 inicelebrioribus
3153 1626 3248 1672 aut
3267 1616 3454 1682 Italiae,
3490 1625 3584 1672 aut
3611 1617 3798 1673 Gallia:
3828 1617 3923 1673 bi-

689 1709 1010 1767 bliothecis:
1047 1713 1273 1776 nemini,
1300 1713 1394 1782 qui
1434 1712 1697 1769 Arabicae
1722 1712 1935 1767 litteras
1964 1712 2045 1767 vel
2076 1710 2412 1779 primoribus
2439 1704 2746 1777 degustavi’t
2771 1706 2949 1769 labiis,
2983 1704 3175 1759 tritum
3205 1719 3313 1774 non
3342 1712 3446 1770 est,
3473 1704 3673 1761 nedum
3704 1701 3916 1773 duplici

688 1797 1021 1866 superlativo
1067 1800 1492 1868 perpaucissimis
1545 1808 1636 1854 aut
1698 1800 1887 1863 visum,
1926 1808 2016 1852 aut
2081 1797 2299 1860 lectum,
2333 1806 2390 1850 ut
2438 1794 2553 1848 suis
2604 1786 3032 1862 protestantibus
3087 1791 3331 1845 venditat
3381 1792 3583 1848 bonus
3620 1793 3920 1849 Seldenus.

687 1884 774 1939 Ad
800 1900 914 1940 rem
948 1895 1126 1941 autem
1186 1887 1359 1956 ipsam
1413 1886 1561 1957 quod
1620 1886 1839 1949 attinet,
1869 1884 2121 1957 Eutycbii
2156 1884 2296 1938 hanc
2321 1882 2633 1951 periocbam
2671 1895 2794 1935 cum
2828 1878 3044 1935 Seldeni
3089 1879 3343 1935 versione
3389 1888 3445 1936 et
3499 1886 3917 1946 commentariis

689 1971 876 2026 statim
920 1981 1083 2041 atque
1113 1974 1378 2042 percurri,
1407 1971 1646 2029 hominis
1671 1972 1971 2028 admiratus
2004 1986 2124 2026 sum
2159 1971 2503 2035 modestiam,
2539 1967 2633 2023 sed
2664 1982 2846 2038 parem
2877 1967 2931 2022 in
2973 1968 3066 2022 illo
3089 1966 3394 2022 desideravi
3429 1966 3609 2024 ﬁdem.
3641 1971 3914 2037 Quando.

687 2057 907 2126 quidem
940 2075 1055 2114 suae
1090 2060 1345 2118 factionis
1375 2070 1432 2117 et
1467 2061 1702 2130 partium
1735 2062 1992 2129 abreptus
2027 2060 2225 2115 studiis
2269 2057 2591 2128 Eutych’ium
2642 2069 2750 2109 non
2802 2054 3076 2110 lubentem
3103 2093 3120 2120 ,
3156 2055 3251 2110 sed
3284 2054 3540 2121 invitum,
3585 2072 3651 2111 ac
3685 2060 3925 2123 nimium

690 2148 1043 2203 reluctantem
1074 2149 1127 2204 in
1156 2165 1380 2205 suorum
1413 2149 1677 2206 conduxit
1707 2156 1911 2212 castra,
1942 2156 1997 2202 et
2025 2149 2127 2202 sub
2156 2145 2434 2200 modestia!
2458 2141 2799 2199 ornamentis
2825 2141 3165 2198 mortiferum
3195 2141 3481 2197 miscuisse
3508 2144 3724 2201 videtur
3751 2160 3925 2204 vene-

691 2250 840 2293 num.
868 2234 1003 2297 luto.
1026 2236 1071 2290 si
1108 2226 1813 2308 peniuus‘perspiciendum
1841 2244 1945 2300 est,
1975 2247 2317 2305 nequaquam
2348 2229 2675 2301 Eutycbium
2700 2230 3148 2295 Alexandrinum,
3175 2230 3269 2283 sed
3303 2240 3654 2300 personatum
3683 2234 3925 2305 Anglum

688 2320 1076 2392 sub'Eutychii
1107 2326 1326 2378 nomine
1357 2333 1412 2378 et
1449 2324 1601 2380 larva
1639 2323 1693 2377 in
1741 2338 1958 2378 scenam
2005 2321 2357 2391 prodeuntem
2410 2318 2733 2386 comperies.
2784 2317 2997 2371 Etenim
3052 2318 3355 2387 praecipuos
3394 2317 3567 2385 locos,
3615 2336 3679 2375 es
3715 2324 3924 2391 quibus

687 2411 1074 2464 controversiae
1104 2409 1500 2481 bujuspendet
1525 2420 1881 2481 momentum,
1912 2417 2006 2462 aut
2034 2408 2285 2463 versione
2314 2405 2639 2461 adulteravit
2664 2402 2952 2470 Seldenus,
2987 2415 3080 2459 aut
3118 2404 3531 2461 commentariis
3561 2422 3745 2462 verum
3794 2427 3924 2467 sen-

688 2511 808 2549 sum
840 2506 894 2549 et
930 2498 1104 2552 lucem
1138 2499 1217 2553 eis
1245 2480 1457 2569 eripere
1489 2480 1721 2553 con'atus
1747 2507 1852 2553 est.
1881 2498 2051 2563 Quam
2076 2497 2293 2566 quidem
2326 2490 2637 2565 periocltam
2662 2490 2742 2545 sic
2764 2492 2833 2544 ab
2855 2506 2919 2546 eo
2947 2500 3258 2561 corruptam
3286 2505 3343 2569 et
3375 2494 3640 2558 vitiatam,
3669 2492 3923 2567 Eutycltii

690 2581 928 2654 ngyptii
970 2587 1289 2651 patriarchae
1332 2586 1743 2640 art/todoxorum
1788 2585 2161 2649 Alexandrini,
2210 2594 2340 2650 etc.,
2378 2582 2629 2637 Ecclesia:
2691 2599 2801 2637 suis
2858 2581 3119 2653 Origines,
3158 2584 3429 2654 appellare
3484 2588 3535 2643 ei
3569 2589 3815 2659 placuit,
3852 2587 3922 2642 ad

689 2671 993 2738 captandos
1025 2674 1079 2726 in
1116 2673 1236 2743 ipso
1272 2675 1499 2730 exordio
1528 2675 1793 2729 lectorum
1822 2673 2059 2738 animos,
2108 2672 2264 2743 quasi
2316 2687 2447 2726 vero
2482 2670 2784 2741 Eutycbius
2812 2679 3098 2724 tractatum
3138 2671 3368 2740 aliquem
3404 2673 3693 2745 insignem,
3725 2691 3793 2731 ac
3822 2692 3923 2746 pe-

691 2764 975 2826 culiarem,
1008 2771 1063 2816 et
1089 2776 1157 2815 ex
1190 2762 1439 2831 professo
1464 2778 1527 2817 ea
1554 2763 1877 2817 de-materia
1902 2763 2237 2831 scripsisset,
2269 2776 2391 2817 cum
2425 2775 2546 2815 eam
2574 2761 2730 2829 quasi
2757 2759 3074 2829 praeteriens
3099 2760 3336 2829 tetigerit
3365 2765 3761 2818 tantummodo.
3785 2764 3921 2830 Qua

692 2851 871 2905 omnia
908 2849 1150 2918 proiecto
1176 2850 1292 2904 sine
1328 2845 1612 2906 s'tomacho
1642 2865 1801 2904 nemo
1828 2850 2073 2904 veritatis
2101 2850 2401 2913 studiosus,
2442 2859 2496 2903 et
2532 2849 2862 2917 linguarum,
2891 2862 2955 2902 ac
2984 2862 3164 2901 rerum
3195 2847 3623 2921 dogmatumque
3658 2852 3921 2907 Orienta-

691 2938 822 2991 lium
858 2939 1063 3005 peritus
1094 2952 1415 3006 percurrere
1444 2946 1646 3008 potest.
1676 2936 1815 2991 Hinc
1847 2939 2052 3007 patriae,
2097 2938 2358 3002 muneris,
2388 2937 2544 2990 avitae
2575 2935 2879 3005 religionis,
2928 2934 3023 2989 sed
3049 2934 3292 2990 veritatis
3328 2938 3670 3005 potissimum
3705 2939 3917 2995 inducti

692 3025 902 3079 ratione
932 3033 986 3078 et
1018 3025 1273 3089 stimulis,
1321 3026 1532 3096 singula
1561 3026 1829 3079 catholica
1860 3025 1987 3088 fide,
2033 3038 2225 3092 nempe
2253 3024 2626 3079 sincerissime
2654 3026 2772 3078 sine
2803 3022 2947 3089 fuco,
2979 3023 3097 3078 sine
3137 3023 3321 3090 larvis,
3351 3024 3469 3080 sine
3492 3026 3916 3093 adulteratione,

692 3112 812 3164 sine
846 3111 1186 3165 mutilatione
1226 3115 1636 3176 auctoritatum,
1666 3120 1759 3165 aut
1802 3111 2152 3181 corruptione
2180 3112 2491 3165 examinare
2518 3112 2881 3167 decrevimus.
2912 3111 2966 3163 lu
2997 3124 3105 3179 quo
3133 3111 3351 3180 quidem
3395 3112 3703 3181 praastando
3733 3112 3918 3184 lydius

691 3198 831 3267 lapis
858 3199 1013 3253 nobis
1048 3200 1151 3252 erit
1187 3200 1361 3267 ipsum
1396 3197 1644 3269 Eutycltii
1679 3199 2016 3266 Cbronicon‘,
2051 3200 2326 3267 ipsissima
2354 3203 2630 3272 periocha,
2664 3202 3046 3271 antiquissima
3085 3202 3344 3257 Ecclesia:
3385 3204 3769 3260 Alexandrinae
3799 3221 3918 3261 mo-

692 3297 971 3352 numenta,
1000 3289 1339 3357 aliorumque
1370 3288 1730 3344 Orientalium
1762 3291 1932 3345 mirus
1960 3304 2283 3345 consensus.
2332 3288 2756 3344 Observabimus
2804 3297 3065 3359 praeterea
3096 3289 3367 3360 imprimis
3398 3290 3534 3346 illud
3562 3292 3689 3347 Auli
3739 3291 3915 3351 Persii

692 3372 896 3443 Flacci,
928 3376 1074 3446 quod
1111 3392 1209 3446 pro
1236 3377 1492 3432 lemmate
1526 3379 1610 3435 sui
1650 3381 1837 3448 operis
1864 3378 2033 3434 fronti
2063 3392 2124 3431 ac
2166 3376 2340 3431 limini
2373 3378 2538 3432 allixit
2568 3376 3142 3446 Seldenus,i,nimirutn

1596 3508 2985 3578 ............NonsiquidturbidoRoma

1596 3580 1795 3643 Eleoet,
1825 3583 2066 3643 accedas,
2096 3595 2374 3634 examenue
2404 3581 2638 3641 improba
2673 3581 2724 3632 in
2765 3580 2860 3633 illa

1589 3648 2971 3719 Castigestrutitta..................

692 3780 831 3845 Non,
867 3796 973 3835 non
1001 3782 1348 3847 accedemus,
1380 3780 1630 3848 Seldene,
1660 3782 1906 3838 Romana
1938 3782 2215 3837 defensuri
2244 3783 2393 3848 vitia,
2426 3782 2520 3837 sed
2546 3784 2726 3846 fidem,
2760 3800 2880 3854 qua:
2912 3786 3060 3838 omni
3101 3786 3273 3841 caruit
3305 3794 3467 3856 atque
3501 3798 3649 3843 caret
3687 3791 3845 3853 vitio,
3880 3805 3912 3845 a

691 3872 859 3934 vitiis,
890 3885 1008 3939 qua:
1042 3870 1116 3924 illi
1169 3871 1462 3926 falsissime
1501 3886 1625 3925 cum
1663 3872 1771 3926 tuis
1815 3873 2052 3940 imponis
2108 3870 2409 3933 sodalibus,
2440 3870 2780 3925 viudicaturi.
2823 3872 2951 3925 Eam
2988 3858 3178 3941 nempe
3218 3873 3373 3928 [idem
3418 3877 3486 3931 de
3525 3892 3631 3945 qua
3675 3877 3739 3929 ad
3768 3880 3915 3947 ipsos

692 3956 966 4010 Romanos
995 3958 1074 4010 sic
1108 3958 1403 4025 Apostolus
1434 3975 1446 4010 :
1476 3955 1715 4011 Primum
1746 3958 1953 4028 quidem
1984 3958 2185 4027 gratias
2218 3974 2317 4027 ago
2350 3958 2455 4010 Deo
2496 3974 2607 4012 meo
2654 3972 2747 4026 per
2789 3959 2969 4013 Jesum
3016 3958 3284 4014 Christum
3320 3978 3412 4029 pro
3445 3965 3682 4017 omnibus
3727 3966 3870 4021 vobis
3892 4005 3909 4029 ,

691 4046 814 4114 quia
844 4044 973 4112 ﬁdes
1004 4054 1168 4096 t'estra
1207 4046 1557 4097 anuuutiatur
1587 4046 1641 4098 in
1676 4048 1916 4099 universo
1944 4047 2158 4100 mundo.

762 4155 842 4208 An
868 4154 1018 4208 dices
1047 4154 1293 4218 forsitan,
1318 4152 1471 4210 lianc
1504 4157 1663 4212 [idem
1701 4167 1966 4213 mutatam
2000 4159 2159 4211 esse?
2200 4156 2305 4212 Sed
2343 4154 2401 4210 D.
2434 4143 2797 4227 Hieronymus
2842 4159 3037 4213 mutari
3085 4174 3192 4214 non
3230 4175 3388 4229 posse
3421 4161 3513 4215 lib.
3565 4178 3625 4215 ιιι
3677 4164 3906 4233 Αροιος.

692 4255 881 4298 contra
918 4242 1172 4296 Rufinum
1231 4244 1500 4297 allirmat:
1541 4246 1708 4316 Scito,
1740 4247 1935 4315 mquit,
1969 4246 2265 4322 [inmanem
2298 4246 2453 4313 ﬁdem
2498 4247 2789 4313 apostolica
2837 4264 2958 4300 voce
3004 4246 3278 4301 laudatum
3322 4249 3582 4317 ejusmodi
3613 4255 3908 4321 praestigias

694 4347 794 4385 nou
823 4332 1075 4397 accipere.
1120 4331 1349 4384 Etiamsi
1390 4332 1604 4400 angelus
1633 4334 1844 4403 (quidni
1882 4338 1925 4387 si
1959 4333 2204 4402 Anglus?
2234 4333 2412 4402 )aliter
2458 4335 2751 4394 annuntiat,
2795 4350 2954 4405 quam
3003 4337 3159 4389 semel
3206 4338 3551 4404 praedicatum
3603 4348 3699 4397 est.
3750 4339 3909 4394 Pauli

694 4421 1007 4494 auctoritate
1061 4421 1311 4471 munitam
1378 4438 1479 4473 non
1545 4438 1696 4489 posse
1751 4424 1962 4474 mutari.
2015 4421 2079 4474 Et
2111 4431 2234 4475 ante
2268 4418 2680 4491 Hieronymum,
2722 4422 2783 4475 Ι).
2818 4421 3126 4493 Cyprianus
3159 4424 3254 4477 lib.
3295 4440 3331 4489 I,
3365 4427 3521 4495 epiSt.
3558 4426 3612 4493 5,
3642 4425 3903 4483 Romanos

693 4518 821 4563 esse,
868 4502 1060 4567 inquit,
1097 4502 1164 4554 ad
1196 4518 1320 4568 quos
1351 4504 1573 4569 perfidia
1601 4504 1787 4557 habere
1822 4522 1924 4556 non
1950 4507 2112 4571 possit
2147 4522 2435 4560 accessum.

765 4591 875 4644 Hoc
906 4592 1044 4643 idem
1077 4590 1229 4643 inviti
1262 4590 1502 4645 fatentur
1533 4592 1855 4658 adversarii,
1888 4604 1941 4649 et
1969 4595 2186 4664 quidem
2221 4595 2655 4651 adversariorum
2700 4599 3017 4669 eturyphtrus
3066 4592 3348 4657 Martinus
3389 4602 3662 4659 Lutherus
3712 4614 3846 4661 tom.
3872 4647 3892 4660 .

695 4682 874 4737 Germ.
919 4680 1053 4734 Wit.
1083 4682 1175 4733 fol.
1206 4682 1328 4743 56l,
1361 4682 1488 4737 ubi:
1520 4682 1777 4747 Ecclesia,
1799 4686 1995 4754 inquit,
2024 4702 2112 4738 nec
2141 4686 2281 4737 debet
2311 4701 2399 4736 nec
2419 4697 2580 4751 potest
2611 4686 2838 4753 mentiri,
2862 4702 2952 4739 nec
2979 4687 3175 4751 falsum
3199 4690 3400 4752 docere,
3425 4708 3488 4742 ne
3510 4694 3561 4744 in
3590 4692 3743 4746 unico
3788 4696 3905 4764 qui-

695 4772 812 4823 dem
849 4771 1037 4834 capite.
1076 4768 1251 4835 Hujus
1294 4769 1549 4824 Ecclesia:
1598 4772 1997 4827 infallibilitatis
2030 4774 2293 4826 rationem
2325 4773 2520 4827 ibidem
2553 4773 2624 4826 ita
2658 4774 2835 4829 reddit
2872 4790 2886 4828 :
2920 4774 3052 4828 Cum
3078 4775 3174 4831 Dei
3200 4794 3256 4831 os
3283 4779 3351 4831 sit
3379 4795 3435 4831 os
3467 4778 3739 4847 Ecclesiae,
3766 4780 3901 4836 Deus

695 4871 827 4912 certe
851 4858 1061 4910 mentiri
1092 4873 1192 4909 non
1223 4868 1410 4923 potest,
1443 4875 1561 4926 ergo
1588 4875 1676 4912 nec
1707 4860 1962 4915 Ecclesia.
3642 4918 3643 4921 η

770 4944 957 4998 Posita
987 4954 1165 4999 autem
1200 4946 1301 4998 hac
1333 4946 1729 5015 propositione,
1768 4963 1886 5015 «tuae
1916 4948 2201 5003 verissima
2233 4960 2334 5012 est,
2370 4949 2474 5004 etsi
2503 4965 2599 5018 per
2632 4964 2694 5003 os
2728 4950 2945 5003 Balaam
2978 4950 3210 5020 prolata,
3268 4953 3577 5008 rectissime
3608 4959 3850 5027 sequitur
3881 4973 3896 5009 :

698 5048 829 5101 ergo
859 5032 1105 5087 Ecclesia
1144 5033 1385 5085 Romana
1422 5042 1505 5089 est
1530 5050 1654 5087 vera
1689 5034 1955 5100 Ecclesia,
1991 5048 2041 5089 et
2076 5035 2319 5089 Romana
2353 5039 2485 5091 ﬁdes
2520 5052 2861 5107 nequaquam
2900 5048 3101 5093 mutata
3136 5050 3239 5103 est,
3287 5049 3379 5092 aut
3431 5043 3628 5095 mutari
3686 5046 3895 5109 patuit;

699 5121 793 5175 sed
828 5122 1015 5173 eadem
1049 5135 1193 5173 nunc
1225 5137 1453 5190 prorsus
1484 5130 1587 5183 est,
1630 5124 1807 5192 qualis
1832 5125 2129 5192 apostolica
2167 5140 2295 5179 voce
2323 5126 2424 5178 fuit
2449 5125 2691 5177 laudata.

767 5234 920 5299 Quod
953 5249 1084 5287 vero
1114 5248 1175 5286 ea
1210 5235 1474 5300 Ecclesia,
1509 5252 1629 5305 quae
1667 5254 1769 5291 non
1802 5240 1983 5300 debet,
2020 5255 2116 5293 nec
2146 5250 2323 5309 potest
2363 5242 2600 5305 mentiri,
2634 5258 2735 5296 nec
2770 5241 2966 5297 falsum
2999 5244 3217 5308 docere,
3251 5258 3352 5298 nec
3397 5245 3451 5298 in
3485 5246 3646 5299 unico
3681 5246 3891 5317 quidem

697 5323 892 5391 rapite,
930 5320 999 5372 sit
1033 5320 1275 5375 Ecclesia
1312 5321 1579 5389 Romana,
1612 5341 1678 5379 ex
1717 5326 1847 5394 ipsis
1875 5343 2087 5396 quoque
2124 5328 2449 5383 adversariis
2476 5331 2764 5386 evincitur.
2799 5330 3089 5395 Lutherus,
3123 5342 3255 5387 tom.
3294 5332 3383 5395 IV,
3412 5333 3546 5387 edit.
3576 5332 3889 5389 Witember.

700 5410 789 5462 fol.
816 5409 921 5461 9.9.5
966 5424 977 5478 ;
1020 5405 1132 5461 Nos
1158 5410 1410 5475 fatemur,
1441 5412 1641 5479 inquit,
1693 5415 1786 5465 sub
1833 5426 2029 5480 pupatu
2067 5416 2235 5467 multa
2276 5432 2386 5468 esse
2419 5419 2551 5469 bona
2593 5418 2916 5483 Christiana,
2966 5422 3068 5471 into
3100 5437 3248 5472 omne
3282 5419 3472 5473 bonum
3508 5421 3886 5482 Christianum,

700 5512 849 5564 atque
888 5496 1005 5549 inde
1038 5497 1198 5550 etiam
1232 5500 1297 5548 ad
1323 5515 1412 5551 nos
1441 5501 1755 5568 provenisse.
1792 5502 1851 5553 lit
1881 5504 2044 5569 paulo
2084 5512 2202 5570 post
2246 5521 2257 5555 :
2304 5503 2417 5555 luto
2453 5506 2567 5557 dico
2608 5508 2659 5558 in
2684 5516 2880 5573 papotu
2928 5523 3098 5559 verum
3134 5523 3246 5561 esse
3276 5507 3748 5570 Christianitutem,
3784 5509 3884 5560 imo

696 5598 869 5635 rerum
903 5585 1144 5635 nucleum
1180 5583 1628 5641 Christianitatis.
1666 5586 1877 5641 Rursus
1907 5608 1919 5641 :
1955 5588 2017 5641 In
2048 5600 2241 5657 pupula
2276 5591 2467 5644 scilicet
2501 5608 2612 5645 esse
2642 5593 2736 5646 Dei
2767 5593 3007 5657 Verbum,
3050 5594 3429 5659 upostolutum,
3463 5610 3655 5664 nosque
3685 5608 3885 5648 sacram

700 5665 1052 5730 Scripturam,
1091 5668 1432 5732 baptismum,
1465 5684 1820 5733 sacramenta,
1852 5684 1898 5723 ct
1932 5673 2257 5739 pra-dicundi
2289 5678 2506 5745 alliciunt
2536 5680 2598 5731 ab
2624 5681 2753 5748 ipsis
2787 5682 3091 5747 sumpsisse.
3133 5682 3368 5735 Buccrus
3410 5683 3461 5735 in
3494 5683 3884 5751 Prteparationu

698 5750 760 5803 ad
791 5753 1073 5807 concilium
1112 5772 1124 5808 :
1163 5754 1325 5810 Plane
1360 5757 1686 5823 proﬁtemur,
1747 5760 1878 5813 inter
1909 5761 2108 5826 priscos
2138 5760 2390 5819 Ecclesia:
2424 5766 2611 5823 Patres
2646 5772 2933 5835 convenire,
2992 5772 3268 5824 primatum
3314 5772 3554 5827 habuisse
3598 5771 3875 5827 Romanam
