4038 6482
142 307 239 363 897
1543 316 1737 375 ΑΝΝΑ

1723 319 1907 388 lLES,
3217 336 3318 398 898

157 413 437 466 Ecclesium
462 432 614 482 super
651 420 879 487 reliquas
916 420 1194 472 Ecclesias.
1226 420 1460 477 Jacobus
1493 425 1543 477 in
1577 428 1880 482 rationibus
1906 431 2205 501 desumptis
2241 449 2303 487 ex
2356 435 2531 491 Verbo
2582 438 2696 503 Dei,
2748 454 2870 508 pag.
2920 442 3007 505 24,
3054 444 3254 497 relatus
3288 461 3319 498 a

156 495 216 549 ll.
250 496 311 552 P.
349 499 582 556 llenrico
631 502 744 555 Fitz
782 503 965 557 Simon
1009 505 1063 559 in
1098 506 1565 563 Britannomachia
1597 513 1964 568 ministrorum
1998 495 2160 583 ηιμ-1,
2185 534 2303 589 cap.
2343 523 2429 585 lO,
2460 540 2578 594 pag.
2728 495 2943 580 ll'ullum
2963 495 3319 600 esse,vinqvuiti,

152 585 199 633 in
229 592 338 636 toto
381 589 571 640 mundo
604 590 773 640 locum
804 598 907 640 tam
929 592 1285 658 probabiliter,
1325 611 1386 646 ac
1415 594 1628 649 Romam
1661 601 1816 655 totius
1853 604 2117 671 regiminis
2176 585 2472 664 ιειιι-Ιιοιίειε⁷
2498 585 2748 666 Ecclesia:
2796 614 2988 682 fontem
3048 634 3109 669 ac
3159 585 3321 683 eligi-

148 685 276 723 nem.
313 669 549 726 Jacobus
580 688 669 725 rex
716 674 1002 730 Britanniae
1050 678 1103 731 in
1166 676 1325 731 domo
1386 681 1801 749 pariamentaria
1861 669 2084 756 praecise
2139 695 2191 746 in
2249 698 2421 751 medio
2470 699 2660 753 litterae
2715 700 2778 753 D.
2819 699 2981 769 :Ego
3029 701 3317 757 Romanam

150 753 438 809 Ecclesium
471 758 719 835 proﬁteor
738 775 848 812 esse
882 773 1112 815 nostram
1152 766 1422 845 matricem
1461 770 1771 826 Ecclesium.
1828 753 1891 827 ιῑί
1923 778 1975 831 in
2016 779 2306 849 colloquiis
2341 784 2557 855 Hampt.
2592 787 2724 841 Hac
2760 790 2876 841 inea
2930 790 3016 843 es!
3070 772 3311 846 constans

144 856 203 891 ac
229 841 340 900 ﬁxa
370 832 662 908 persuasio,
689 845 886 897 nullam
916 847 1096 901 debere
1131 835 1423 907 Eccleiiam
1454 859 1703 913 remotius
1732 877 1766 913 a
1795 862 2036 919 Romana
2068 867 2307 922 Ecclesia
2329 832 2585 940 secedere,
2616 892 2770 945 quam
2796 880 2911 944 ipsa
2941 894 2973 928 α
3005 893 3059 930 se
3080 878 3193 945 ipsa
3223 878 3321 945 μου

144 938 283 978 rente
319 927 560 995 digressa
585 930 676 985 sil.
986 942 994 953 ‘

141 1098 286 1165 origo
308 1101 477 1153 totius
510 1103 789 1170 regiminis
813 1106 1087 1160 catholica:
1120 1107 1398 1174 Ecclesiae,
1430 1098 1572 1167 unde
1599 1126 1759 1173 omne
1788 1122 1988 1177 bonum
2011 1124 2381 1180 Christianum
2406 1128 2611 1183 inalias
2637 1135 2972 1198 promanavit
3006 1135 3275 1191 Ecclesias
3301 1154 3315 1195 ;

141 1186 189 1235 in
221 1198 399 1268 caque
424 1184 523 1240 fuit
557 1202 684 1241 vera
715 1191 1117 1258 Christianitas,
1153 1196 1261 1250 imo
1290 1213 1448 1253 verus
1502 1203 1733 1256 nucleus
1777 1205 2227 1274 Christianitatis,
2290 1213 2380 1267 Dei
2436 1184 2697 1280 Verbum,
2743 1220 3099 1285 apostolatus.
3164 1238 3318 1277 sacra

143 1263 441 1337 Scriptura,
475 1272 797 1341 baptismus,
824 1291 1187 1343 sacramenta,
1218 1291 1271 1336 et
1300 1284 1632 1352 praedicandi
1665 1289 1932 1358 olllcium,
1964 1297 2036 1350 ita
2074 1307 2132 1350 ut
2165 1314 2268 1351 non
2304 1299 2522 1353 licuerit
2561 1302 2628 1355 ab
2649 1316 2709 1355 ea
2746 1263 3000 1359 remotius
3046 1309 3317 1372 secedere,

141 1372 295 1435 quam
324 1358 445 1426 ipsa
477 1376 504 1413 a
530 1376 591 1416 se
624 1363 736 1430 ipsa
768 1363 994 1420 ﬂorente
1020 1366 1261 1436 digressa
1291 1371 1359 1424 sit
1408 1387 1422 1423 :
1460 1374 1506 1425 si
1543 1389 1641 1427 nec
1696 1375 1878 1442 debet,
1933 1395 2034 1433 nec
2090 1390 2264 1448 potest
2320 1384 2584 1451 ejusmodi
2636 1384 2877 1441 Ecclesia
2932 1392 3169 1452 mentiri,
3224 1358 3322 1446 nec

145 1441 334 1496 falsum
369 1451 586 1512 docere,
628 1464 725 1503 nec
756 1450 810 1502 in
840 1453 1003 1506 unico
1034 1454 1249 1519 quidem
1273 1456 1468 1522 capite,
1502 1472 1624 1511 cum
1657 1460 1747 1513 Dei
1787 1477 1849 1516 os
1882 1464 1953 1516 sit
1976 1479 2036 1519 os
2071 1466 2229 1533 hujus
2261 1466 2534 1535 Ecclesiae,
2566 1472 2658 1539 qui
2706 1474 2921 1527 mentiri
2957 1491 3063 1529 non
3097 1487 3313 1546 potest;

142 1530 257 1596 quis
290 1541 403 1584 tam
431 1534 731 1589 nianil'estas
758 1537 1128 1604 impudentiae,
1164 1547 1217 1591 et
1250 1542 1569 1594 exsecrandi
1626 1549 1866 1614 stuporis
1895 1552 2020 1612 erit,
2053 1530 2154 1605 oui
2175 1552 2444 1610 aﬂirmare
2503 1530 2744 1623 audebit,
2804 1530 3117 1615 Romanam‘
3159 1564 3319 1619 ﬁdem

146 1618 378 1684 Apostoli
413 1620 671 1673 munitam
702 1622 1025 1675 auctoritate.
1052 1630 1311 1675 mutatam
1347 1622 1553 1679 fuisse?
2730 1618 2741 1623 ’
2810 1656 2817 1664 ·

202 1703 270 1755 At
298 1704 524 1772 objiciet
557 1707 642 1759 hic
690 1706 828 1761 forte
860 1707 1297 1761 adversariorum
1326 1723 1594 1765 nonnemo
1627 1729 1642 1775 ;
1679 1713 1805 1767 Haec
1850 1713 2208 1773 inl'allibilitas
2240 1721 2525 1776 tribuenda
2570 1732 2654 1777 est
2690 1725 2947 1782 Ecclesiae
3005 1731 3318 1795 universali,

140 1790 214 1841 cui
248 1790 301 1841 id
330 1785 664 1857 promissum
698 1805 801 1857 est,
839 1809 945 1848 non
974 1805 1152 1848 autem
1181 1796 1341 1859 alicui
1374 1798 1658 1865 singulari.

199 1873 279 1928 Ad
298 1876 442 1929 hanc
465 1877 819 1945 objectionem
845 1879 1167 1947 respondeat
1187 1881 1513 1936 adversariis
1538 1897 1674 1935 unus
1696 1897 1759 1935 ex
1783 1884 2217 1940 adversariorum
2238 1904 2400 1959 grege
2438 1891 2768 1959 Witakerus,
2794 1905 2967 1951 contr.
2990 1899 3046 1965 2,
3070 1912 3264 1970 quaest.
3286 1905 3319 1957 4

140 1975 250 2029 cap.
285 1962 344 2026 5,
391 1978 511 2031 pag.
550 1963 675 2029 489,
711 1962 800 2019 ubi
833 1965 1023 2019 :Niliil
1056 1976 1156 2031 est,
1194 1968 1386 2035 inquit,
1418 1969 1697 2050 universali
1732 1968 1979 2025 Ecclesiw
2007 1974 2344 2041 promissum,
2375 1979 2515 2047 quod
2546 1997 2649 2035 non
2691 1984 2935 2039 simlliter
2961 1962 3321 2055 singularibus

141 2047 391 2102 Ecclesiis
421 2053 766 2117 promittitur.
1536 2047 1546 2050 ’
1701 2081 1704 2084 ’

200 2131 305 2187 Fac
341 2134 417 2195 ita
448 2136 542 2194 sit,
570 2137 763 2191 demus
792 2135 951 2190 modo
994 2137 1096 2192 hoc
1127 2137 1403 2193 Witakero
1429 2149 1480 2193 et
1505 2138 1820 2210 symmystis
1871 2139 2150 2208 (quamvis
2176 2145 2519 2215 erroneum),
2588 2151 2734 2218 quod
2780 2150 2988 2206 ‘scilicet
3028 2154 3160 2209 nihil
3224 2156 3325 2210 fuit

140 2220 467 2287 promissum
499 2218 756 2275 Ecclesia:
790 2224 1103 2284 uuiversali,
1135 2224 1278 2291 quod
1313 2225 1682 2293 singularibus
1724 2225 1986 2281 Ecclesiis
2021 2245 2128 2282 non
2162 2230 2324 2285 fuerit
2350 2239 2700 2300 promissum.
2756 2239 2887 2294 lure
2936 2226 3064 2309 ergo
3109 2259 3175 2297 ex
3213 2244 3315 2299 hac

139 2305 383 2359 doctrina
416 2305 618 2360 inferre
645 2307 772 2361 licet
810 2310 876 2361 ad
904 2309 1204 2372 hominem,
1234 2308 1527 2364 Ecclesiam
1560 2310 1861 2366 Romanam
1895 2318 2171 2390 nunquam
2196 2312 2573 2383 succubuisse,
2604 2338 2779 2393 neque
2817 2330 3176 2384 succumbere
3226 2347 3321 2400 po-

140 2393 322 2457 tuisse,
356 2391 488 2459 quia
520 2392 812 2460 aliquando
846 2394 944 2447 luit
976 2410 1099 2448 vera
1130 2392 1377 2450 Ecclesia
1407 2410 1504 2463 per
1541 2400 1687 2472 ipsos
1716 2401 2082 2465 adversarios,
2118 2411 2171 2457 et
2206 2418 2270 2458 os
2306 2404 2423 2468 Dei,
2461 2410 2546 2461 vel
2586 2391 3072 2478 qua-universalis,
3106 2419 3185 2471 vel
3213 2435 3320 2488 qua

139 2476 449 2547 singularis,
476 2493 598 2532 cum
630 2479 765 2533 nihil
796 2495 890 2549 per
920 2474 1071 2548 ipsos
1094 2482 1166 2536 sit
1206 2485 1550 2559 promissum
1574 2484 1829 2541 Ecclesia:
1870 2491 2190 2553 universali,
2223 2492 2369 2559 quod
2398 2493 2767 2561 singularibus
2814 2513 2920 2552 non
2973 2500 3133 2555 fuerit
3173 2474 3320 2572 'pl-o-

140 2566 385 2619 missum.
412 2564 528 2630 Qua
567 2566 735 2635 igitur
759 2565 936 2620 fronte
971 2582 1089 2627 eam
1116 2569 1435 2624 insimulare
1461 2571 1661 2625 audent
1689 2576 1892 2630 erroris
1938 2584 1993 2629 et
2043 2576 2271 2645 lapsus.’
2304 2577 2431 2634 Suis
2463 2596 2523 2635 se
2570 2582 2898 2648 confodiunt
2952 2588 3142 2651 armis,
3196 2564 3322 2645 dum

141 2649 426 2704 incurrunt
460 2666 608 2705 caeco
640 2652 843 2721 impetu
880 2652 931 2707 in
965 2650 1263 2707 Romanam
1298 2655 1617 2718 Ecclesiam,
1647 2652 1875 2725 ejusque
1900 2672 2121 2711 causam
2170 2660 2227 2712 in
2272 2660 2449 2714 lucem
2504 2664 2750 2720 veritatis
2809 2666 2964 2721 inviti
3020 2669 3321 2736 proferunt,

141 2750 199 2789 ac
231 2736 349 2791 suis
387 2750 446 2789 se
474 2733 756 2805 implicant
788 2739 1183 2807 paralogismis.
1208 2739 1380 2794 Nemo
1414 2742 1559 2794 enim
1585 2756 1735 2795 same
1754 2744 1947 2795 mentis
1976 2741 2133 2798 facile
2166 2746 2441 2810 concedit,
2488 2751 2632 2817 quod
2683 2751 2823 2818 ipsi,
2884 2733 3137 2808 nimirum
3190 2733 3326 2809 nihil

143 2823 395 2877 Ecclesia
424 2816 717 2876 universali
754 2813 1083 2891 promissum
1116 2824 1306 2891 fuisse,
1340 2828 1481 2896 quod
1512 2828 1881 2896 singularibus
1909 2828 2164 2885 Ecclesiis
2210 2846 2315 2884 non
2347 2832 2512 2886 fuerit
2559 2837 2888 2903 promissum
2917 2854 2933 2903 ;
2974 2855 3096 2893 cum
3130 2842 3324 2896 certis-

141 2909 329 2963 simum
363 2909 456 2973 sit,
489 2909 743 2963 Ecclesia:
774 2910 1068 2965 universali
1099 2912 1421 2981 promissam
1448 2913 1619 2966 luisse
1667 2913 2124 2979 infallibilitatem,
2159 2918 2521 2986 singularibus
2574 2935 2702 2974 vero
2735 2938 2838 2975 non
2876 2925 3029 2978 item.
3067 2925 3138 2980 De
3167 2927 3326 2981 inlat-

141 2995 383 3051 libilitate
416 2998 738 3052 universalis
764 2998 1021 3053 Ecclesia
1050 2999 1257 3054 dictum
1289 3014 1421 3056 est:
1460 3001 1537 3055 Tu
1563 3018 1615 3057 es
1655 3000 1864 3063 Petrus,
1920 3012 1969 3055 et
2012 3019 2165 3069 super
2220 3003 2355 3058 lianc
2431 3018 2632 3072 petram
2692 3010 2961 3077 adiﬁcabo
3034 3010 3324 3068 Ecclesium

141 3099 327 3149 meum,
352 3093 403 3137 et
430 3092 598 3153 porta:
618 3084 778 3151 inferi
816 3102 918 3139 non
945 3089 1320 3154 pravalebunt.
1390 3092 1633 3143 adversus
1659 3105 1772 3142 eam
1804 3087 2021 3153 (Matth.
2053 3106 2163 3155 xvr,
2197 3091 2305 3160 l8).
2334 3089 2444 3146 Nec
2477 3109 2582 3147 non
2620 3111 2647 3147 :7
2669 3096 2799 3161 Quae
2843 3107 2917 3151 est
2956 3096 3189 3171 Ecclesia
3226 3103 3323 3156 Dei

141 3171 251 3236 vici,
273 3173 519 3224 columna
545 3181 593 3224 et
627 3173 1017 3239 ﬁrmamentum
1044 3176 1303 3229 veritatis.
1327 3174 1380 3245 (ι
1418 3175 1555 3230 Tim.
1584 3192 1667 3239 nt,
1700 3175 1808 3245 15).
1843 3175 1995 3231 Unde
2028 3177 2283 3245 praeclare
2309 3177 2680 3247 Stapletonus,
2706 3193 2950 3237 controv.
2972 3187 3025 3246 4,
3044 3198 3234 3255 quaest.
3265 3189 3322 3254 2,

142 3256 367 3309 articulo
396 3260 557 3310 unico
594 3276 610 3310 :
646 3256 911 3322 Ecclesia,
940 3259 1129 3326 inquit,
1162 3261 1217 3313 in
1244 3262 1581 3316 conclusione
1614 3261 1737 3331 ﬁdei
1794 3276 1995 3325 semper
2049 3274 2121 3315 est
2172 3265 2468 3318 certissima
2530 3276 2578 3320 et
2639 3268 2955 3337 infallibilis.
3012 3272 3325 3341 Singulares

146 3339 414 3399 Ecclesias
446 3344 514 3398 de
546 3343 691 3399 iacto
723 3345 1013 3407 deiecisse,
1041 3356 1205 3417 atque
1236 3349 1599 3405 succubuisse
1629 3347 2036 3403 evidentissima
2068 3358 2299 3402 constat.
2354 3348 2489 3405 Nam
2522 3354 2647 3421 quis
2681 3358 2875 3421 nescit,
2938 3339 3326 3415 Constantino-

147 3428 430 3493 politanam
460 3432 816 3485 succubuisse
853 3434 1145 3501 aliquando
1183 3434 1237 3489 in
1269 3424 1604 3501 Macedonio,
1633 3445 1688 3488 et
1720 3434 1969 3489 Nestorio
1990 3450 2005 3498 ;
2030 3434 2446 3490 Alexandrinam
2474 3438 2525 3490 in
2558 3438 2851 3510 Dioscoro;
2880 3444 2935 3497 in
2966 3444 3200 3503 Hacario
3216 3451 3328 3506 An-

146 3513 467 3579 tiochenam,
498 3524 551 3569 et
589 3516 670 3571 sic
708 3518 774 3571 de
803 3518 968 3573 aliis?
1000 3519 1183 3575 Restat
1214 3536 1369 3591 ergo,
1401 3531 1459 3576 ut
1502 3523 1773 3601 dicamus,
1806 3519 2245 3575 inlallibilitatem
2296 3526 2605 3579 necessario
2654 3528 2890 3583 residere
2942 3547 3109 3601 penes
3138 3536 3329 3591 Eccle-

147 3602 274 3653 siam
313 3602 698 3667 universalem,
731 3603 889 3671 cujus
918 3611 1080 3675 caput
1109 3617 1193 3661 est
1228 3607 1503 3662 Romanus
1532 3592 1790 3678 pontifex',
1820 3609 1904 3661 cui
1927 3608 1977 3659 in
2004 3608 2185 3670 Petro,
2217 3609 2372 3678 cujus
2405 3618 2491 3663 est
2521 3627 2828 3679 successor,
2854 3619 2921 3671 ab
2950 3633 3044 3673 ore
3072 3619 3326 3678 Veritatis

147 3685 339 3740 dictum
371 3687 471 3740 fuit
513 3704 529 3740 :
570 3685 683 3757 Ego
710 3700 883 3743 autem
910 3694 1090 3763 rogavi
1115 3711 1211 3763 pro
1248 3704 1314 3759 te,
1341 3704 1522 3748 utnon
1551 3696 1759 3759 deﬁciat
1785 3694 1916 3761 ﬁdes
1942 3702 2033 3745 tua
2060 3691 2215 3759 (Luc.
2244 3709 2377 3757 χχιι,
2414 3696 2527 3763 52).
2585 3695 2738 3762 Quod
2796 3716 2924 3755 vero
2971 3706 3152 3758 statim
3194 3710 3325 3763 sub-

142 3769 378 3842 juugitnr
406 3788 421 3825 :
458 3770 523 3824 Et
550 3785 606 3826 tu
636 3775 919 3843 aliquando
950 3794 1226 3835 conversus
1256 3784 1507 3849 conﬁrma
1534 3782 1728 3850 fratres
1763 3789 1878 3832 tuos
1930 3778 2122 3847 (ibid.),
2147 3778 2214 3832 de
2243 3780 2611 3849 singularibus
2638 3781 2895 3841 Ecclesiis
2919 3787 3324 3859 intelligendum

145 3866 242 3920 est,
270 3875 391 3928 quae
432 3860 487 3912 in
528 3859 632 3913 llde
664 3862 982 3932 dirigenda,
1012 3877 1066 3921 et
1094 3870 1479 3923 cenlirmandze
1504 3861 1631 3923 sunt
1657 3883 1685 3921 a
1714 3865 1861 3921 Petri
1891 3878 2232 3945 successore,
2278 3865 2332 3918 in
2369 3881 2529 3934 quem
2580 3871 2937 3927 continuandi
2987 3875 3184 3932 fratres
3229 3895 3327 3934 au-

146 3946 359 3998 ctoritas
384 3946 627 3999 derivata
660 3955 763 4001 est.
792 3951 946 4020 Apud
974 3952 1272 4008 Romanam
1309 3956 1469 4023 igitur
1498 3953 1798 4009 Ecclesiam
1826 3951 2020 4005 residet
2066 3950 2179 4004 haec
2227 3950 2611 4012 inlallibilitas.
2681 3957 3007 4029 Quanquam
3054 3963 3195 4019 haud
3241 3962 3326 4024 die

147 4028 285 4096 latet,
316 4033 675 4105 Witakerum,
714 4054 864 4093 more
887 4040 1133 4092 omnium
1166 4040 1541 4095 haereticorum
1571 4056 1601 4093 a
1641 4052 1701 4094 se
1727 4040 1844 4109 ipso
1875 4037 2208 4097 desciscere.
2243 4051 2408 4107 atque
2434 4041 2563 4095 alibi
2595 4057 2862 4111 asserere,
2896 4058 3002 4101 tam
3026 4050 3320 4107 Ecclesiam

148 4117 525 4189 universalem,
552 4140 716 4193 quam
738 4126 1045 4194 singulares
1082 4125 1357 4181 Ecclesias
1384 4140 1572 4181 errare
1607 4141 1788 4196 posse.
1812 4120 1891 4177 Ei
1921 4138 2030 4194 quo
2060 4125 2221 4193 plane
2252 4134 2400 4192 patet
2444 4128 2545 4182 bos
2575 4129 2629 4183 in
2658 4132 2822 4184 Deum
2849 4133 3029 4201 ipsum
3070 4136 3325 4207 blasphe-

148 4215 257 4257 tnos
289 4220 434 4269 esse,
472 4209 601 4279 quia
626 4210 671 4264 si
699 4225 762 4265 os
787 4211 1065 4275 Ecclesiae,
1095 4215 1238 4280 quod
1277 4228 1371 4281 per
1401 4213 1547 4282 ipsos
1576 4220 1661 4266 est
1691 4211 1784 4266 Dei
1818 4224 1904 4273 os,
1947 4209 2193 4273 intentiri,
2233 4220 2287 4263 et
2324 4226 2510 4266 errare
2540 4225 2744 4283 potest,
2791 4224 3037 4287 sequitur
3076 4224 3202 4277 inde
3230 4241 3329 4279 ne-

148 4295 397 4357 cessario,
435 4288 605 4348 Deum
632 4306 689 4349 et
720 4296 955 4361 mentiri,
987 4310 1038 4350 et
1073 4312 1255 4351 errare
1284 4313 1463 4367 posse,
1492 4298 1641 4369 quod
1674 4301 1780 4353 vel‘
1803 4297 1984 4353 verbis
2016 4296 2279 4368 proferre,
2317 4309 2412 4353 aut
2442 4310 2621 4357 mente
2666 4308 2954 4375 concipere
3004 4309 3070 4364 ad
3121 4310 3319 4368 borum

146 4376 559 4432 convincendatn
586 4381 1043 4449 pervicacitatem,
1074 4386 1292 4438 animus
1320 4387 1509 4439 horret.
1546 4386 1803 4456 luctuque
1834 4389 2055 4455 refugit.

212 4457 287 4513 Tu
348 4474 566 4528 autem,
634 4463 903 4532 Seldene,
972 4470 1085 4524 haec
1143 4470 1347 4527 interea
1426 4472 1619 4542 reliqui
1690 4488 1883 4529 versus
1952 4474 2004 4526 in
2082 4471 2360 4531 Romanos
2422 4479 2669 4548 usurpati
2734 4489 2943 4538 attento
3008 4487 3326 4558 perpendito

153 4556 341 4605 animo.

523 4666 635 4723 Nec
667 4678 715 4722 te
745 4670 1047 4738 quwsioeris
1082 4685 1252 4728 extra.

151 4774 337 4832 Tecum
371 4781 576 4845 habita,
607 4790 878 4855 tenosce,
904 4800 1005 4839 nec
1029 4785 1096 4842 de
1126 4784 1367 4842 Romana
1396 4788 1656 4859 religione
1679 4789 1752 4844 ita
1774 4799 1978 4845 temere
2008 4790 2352 4859 pronunties,
2377 4803 2504 4855 cum
2534 4805 2762 4860 prorsus
2790 4792 2906 4860 ipse
2935 4793 3173 4859 nescias,
3202 4810 3320 4864 quae

152 4864 217 4918 sit
254 4866 411 4924 hodie
441 4870 497 4924 in
530 4876 623 4924 tua
650 4885 774 4926 sere
806 4872 1091 4943 plusquam
1120 4875 1485 4931 turbidissima
1515 4878 1708 4948 Anglia
1733 4876 1939 4947 religio,
1973 4891 2074 4930 nec
2102 4892 2222 4945 qua:
2256 4876 2329 4929 sit
2356 4875 2479 4931 cras
2512 4876 2715 4944 futura,
2762 4895 2871 4933 non
2921 4884 3187 4948 omnium,
3238 4886 3323 4938 in-

155 4963 323 5017 quam,
356 4954 449 5008 sed
484 4956 860 5025 singulorum;
898 4968 977 5014 tot
1010 4960 1152 5017 enim
1179 4962 1318 5030 apud
1348 4977 1444 5017 vos
1479 4973 1607 5016 sunt
1630 4963 1939 5033 religiones,
1968 4970 2103 5034 quot
2156 4965 2357 5033 capita.
2414 4962 2522 5016 Res
2573 4965 2687 5034 ipsa
2736 4965 2791 5019 in
2848 4966 2983 5021 foris
3046 4979 3098 5021 et
3126 4970 3323 5038 plateis

155 5038 455 5101 proclamat.
482 5041 707 5099 Decreta
739 5044 905 5097 vestri
938 5056 1185 5111 senatus,
1219 5062 1315 5102 seu
1347 5048 1669 5116 parlamenti
1705 5060 1829 5104 ante
1853 5060 2089 5118 quatuor
2132 5048 2302 5103 ferme
2356 5064 2530 5103 annos
2590 5052 2735 5106 edita
2790 5051 2856 5108 de
2896 5056 3154 5124 religione
3212 5065 3327 5111 sta-

158 5122 336 5177 tuenda
362 5140 393 5178 a
419 5126 615 5180 vestris
645 5127 909 5197 theologis
938 5138 993 5183 et
1023 5132 1284 5186 ministris
1315 5132 1417 5187 hoc
1470 5137 1604 5191 satis
1648 5152 1923 5207 superque
1964 5145 2255 5191 testantur.
2299 5134 2626 5191 Iamdudum
2690 5140 2788 5193 hac
2839 5141 2905 5193 de
2960 5122 3019 5193 re
3066 5143 3324 5210 gravibus

156 5219 473 5277 conquestus
502 5219 584 5267 est
610 5214 792 5291 verbis
818 5214 1136 5272 Theodorus
1169 5218 1307 5273 Beza
1342 5222 1394 5274 in
1424 5221 1598 5291 Epist.
1622 5222 1883 5294 Theolog.
1914 5226 2076 5293 epist.
2107 5240 2146 5291 ι,
2174 5225 2241 5279 ad
2277 5224 2549 5279 Andream
2576 5226 2849 5280 Duditium
2898 5244 2911 5280 :
2950 5227 3321 5283 Exercuerunt

159 5315 227 5354 nte
253 5303 361 5367 diu,
396 5316 446 5360 et
486 5307 707 5361 multum
730 5309 836 5362 illa:
868 5310 1015 5377 ipsis,
1040 5328 1172 5378 quas
1207 5312 1462 5370 describis
1491 5317 1854 5386 cogitationes,
1886 5318 2084 5370 scilicet
2122 5327 2330 5372 nostros
2362 5318 2603 5386 palantes
2649 5320 2789 5371 omni
2842 5320 3098 5373 doctrina:
3146 5329 3320 5382 vento,

160 5395 201 5437 et
229 5389 278 5442 in
309 5392 475 5445 altum
512 5395 769 5460 sublatos,
801 5398 951 5449 modo
974 5404 1039 5451 ad
1064 5398 1221 5461 hanc,
1250 5403 1401 5456 modo
1429 5404 1497 5457 ad
1525 5395 1674 5457 illam
1706 5414 1905 5472 partem
1934 5403 2151 5471 deferri.
2183 5404 2382 5458 ﬂorum
2404 5422 2519 5474 quia
2543 5406 2611 5458 sit
2640 5406 2793 5459 hodie
2831 5407 2893 5461 de
2927 5407 3169 5475 religione
3197 5424 3325 5460 sen-

164 5475 325 5540 tentia,
362 5480 496 5533 scire
522 5479 750 5549 fortasse
774 5486 963 5549 possis,
988 5484 1078 5538 sed
1099 5502 1216 5555 qua
1247 5504 1370 5541 cras
1406 5489 1470 5543 de
1494 5492 1679 5567 eadem
1715 5496 1899 5560 futura
1926 5493 1995 5547 sit
2026 5494 2227 5561 opinio,
2276 5510 2435 5561 neque
2462 5504 2602 5546 certo
2634 5495 2894 5564 aﬂirmare
2919 5510 3100 5562 queas.
3135 5494 3198 5547 ln
3225 5510 3326 5548 asto

166 5564 351 5619 tandem
378 5566 645 5637 religionis
668 5572 840 5639 capite
877 5584 1170 5643 congruunt
1195 5563 1333 5629 inter
1354 5593 1410 5629 se
1445 5563 1717 5644 Ecclesia,
1744 5595 1863 5649 que
1894 5578 2131 5635 Romano
2174 5577 2423 5647 Pontiﬁci
2464 5580 2657 5634 bellum
2684 5563 3040 5635 indixerunt?
3081 5583 3121 5632 Α
3155 5582 3324 5647 capite

166 5646 225 5697 ad
254 5653 436 5709 calcem
461 5654 507 5710 si
530 5671 804 5724 percurras
837 5663 1034 5729 omnia,
1074 5663 1214 5716 nihil.
1234 5666 1609 5728 propemodum
1638 5646 1863 5731 reperias
1891 5669 1953 5721 ab
1986 5683 2091 5722 uno
2144 5646 2416 5734 ofﬁrmari,
2440 5669 2579 5734 quod
2609 5669 2742 5723 alter
2770 5670 2947 5722 statim
2980 5685 3080 5722 non
3110 5667 3324 5730 impiam
