4038 6488
621 284 724 345 899
1624 276 1984 338 EUTYCHII
2038 277 2561 336 ALEXANDRINI
2619 278 2832 353 PATR.
3699 281 3789 343 Μ)

626 407 736 443 esse
772 390 1017 442 clamitet.
1052 390 1154 441 Sed
1192 390 1445 442 audiatur
1476 390 1639 440 etiam
1681 389 1951 442 Lutherus
1979 390 2031 442 in
2058 389 2229 456 Epist.
2273 387 2335 439 ad
2370 388 2791 454 Antverpienses
2823 404 2836 439 :
2872 387 2968 439 Tot
3018 389 3151 440 inter
3187 371 3277 440 nos
3322 384 3601 452 religiones
3652 398 3779 451 sunt,

627 486 748 543 quot
780 476 1031 537 homines,
1057 490 1217 543 neque
1250 478 1517 526 asinorum
1554 474 1825 539 quisquam
1853 483 1928 527 est
1959 482 2067 527 tam
2096 474 2245 527 hebes
2266 515 2281 537 ,
2309 485 2356 527 et
2389 490 2600 531 vecors.
2650 474 2737 542 qui
2803 476 3060 527 insomnia
3107 474 3305 543 proprii
3356 473 3567 539 capitis,
3609 482 3655 525 et
3692 490 3794 541 pro-

628 562 796 628 priam
829 562 1118 629 opinionem
1150 577 1241 628 pro
1263 561 1505 611 instinctu
1536 556 1758 625 Spiritus
1788 562 1975 623 sancti,
2005 571 2053 611 et
2085 576 2136 613 se
2168 562 2333 627 ipsum
2374 562 2670 628 prophetam
2692 560 2868 612 haberi
2900 562 3045 614 nolit.

699 648 896 711 Velim,
929 665 1070 701 rumc
1109 647 1485 714 regredianlur
1516 662 1579 699 ex
1607 648 1796 699 inferis
1828 647 1963 700 Beza
2004 648 2112 706 ille.
2154 657 2206 699 et
2239 647 2532 709 Lutherus,
2569 655 2623 698 ut
2650 660 2896 712 quaenam
2937 644 3003 697 de
3032 660 3133 698 una
3161 647 3275 701 sola
3307 646 3496 714 Anglia
3527 658 3709 696 eorum
3741 646 3801 699 sit

627 735 791 786 modo
831 732 1120 794 sententia,
1160 734 1366 786 dicant.
1404 731 1539 785 Nam
1573 734 1615 785 si
1648 740 1780 787 tunc
1818 734 1872 786 in
1904 734 2020 788 dies
2053 733 2394 801 singulorum
2453 732 2766 785 mutabatur
2821 730 2886 783 de
2928 731 3185 798 religione
3247 732 3454 802 opinio,
3500 745 3642 783 nunc
3690 746 3803 784 sane

630 821 685 874 in
717 821 897 885 horas,
928 828 981 873 et
1008 828 1297 873 momenta.
1323 818 1562 872 Turbida
1618 821 1831 887 quidem
1870 830 1953 873 est.
1997 820 2233 872 omnium
2275 818 2697 871 Protestaotium
2744 818 2939 885 ubique
3016 826 3277 870 terrarum
3362 832 3672 889 synagoga;
3722 817 3803 871 see

629 907 874 957 omnium
941 904 1314 958 turbidissima
1378 913 1482 966 est,
1540 922 1698 974 quam
1744 906 2096 973 Anglicanam
2158 914 2376 977 vocant.
2432 903 2488 957 lu
2547 904 2932 966 densissimis,
2994 912 3047 956 ct
3118 904 3405 971 plusquam
3482 902 3804 972 Egyptiacis

624 991 770 1059 jacet
806 991 922 1044 lucc
950 990 1209 1057 tenebris,
1232 982 1332 1046 ubi
1364 1005 1479 1043 eam
1532 992 1801 1060 palpando
1832 1008 1895 1045 ex
1949 1001 2167 1046 senatus
2229 992 2445 1045 decreto
2491 990 2778 1059 qumitaut
2807 988 3035 1041 ministri
3094 1003 3154 1041 ac
3190 989 3443 1056 theologi,
3500 1000 3555 1042 et
3616 1003 3801 1054 nequa-

630 1092 793 1145 quam
845 1079 1091 1132 invenire
1152 1078 1416 1131 hactenus
1480 1088 1794 1145 pomorum,
1843 1080 1936 1133 sed
1987 1079 2211 1131 conqua
2290 1094 2412 1131 vera
2474 1092 2615 1131 verze
2675 1075 2929 1129 Ecclesiae
2986 1076 3191 1143 lingua,
3246 1074 3476 1141 lapides,
3533 1083 3595 1127 ut
3650 1074 3805 1133 aiunt,

631 1178 728 1233 pro
788 1153 1077 1230 czctuento,
1125 1172 1178 1218 ct
1239 1164 1340 1217 hoc
1402 1179 1497 1232 pro
1556 1164 1822 1233 lapidibus
1884 1166 1933 1216 in
1983 1165 2117 1216 turri
2175 1163 2273 1218 hac
2331 1165 2620 1232 Anglicana
2684 1162 2815 1217 alter
2856 1162 3005 1215 alteri
3048 1161 3287 1231 porrigit.
3340 1158 3808 1229 Quantobremlmi

630 1249 862 1307 Seldene

1100 1368 1209 1424 Nec
1242 1379 1287 1424 te
1311 1370 1609 1435 qua'siveris
1638 1380 1809 1425 extra.

629 1474 760 1530 Nam
792 1498 805 1533 :
841 1479 900 1534 Si
928 1482 1093 1541 potuit
1118 1464 1658 1556 evaderequisquam,
1691 1482 1864 1543 inquit
1896 1479 2266 1550 DCyprianus
2296 1478 2366 1532 De
2402 1480 2533 1531 unit.
2558 1478 2751 1531 lfccles.
2786 1477 2941 1541 libro,
2973 1477 3059 1547 qui
3093 1486 3240 1550 esum
3270 1489 3447 1527 arcam
3483 1470 3601 1526 Noe
3632 1471 3746 1538 fuit,
3767 1473 3812 1524 el

628 1566 716 1631 qui
740 1576 888 1619 extra
919 1554 1206 1621 Ecclesium
1240 1568 1371 1635 [oris
1405 1567 1583 1637 fuerit.
1611 1554 1823 1628 evadit;
1863 1579 2004 1619 stare
2048 1576 2103 1619 tu
2128 1567 2401 1637 (Seldenc)
2433 1577 2481 1621 et
2518 1568 2683 1621 vivere
2720 1575 2874 1633 putas
2919 1582 3068 1632 posse
3093 1567 3156 1618 de
3186 1564 3421 1617 Ecclesia
3480 1561 3812 1633 recedentem,

630 1650 775 1704 sedes
806 1654 897 1705 tibi
928 1654 1088 1718 alias,
1121 1664 1169 1707 et
1193 1655 1410 1707 diversa.
1442 1654 1715 1707 domicilia
1746 1654 2050 1707 condentem
2077 1653 2103 1706 ?
2514 1654 2523 1666 '

700 1736 870 1791 Porro
894 1741 1113 1807 quinam
1136 1740 1578 1805 adversariorum
1613 1756 1813 1807 scopus
1870 1748 1972 1799 cst.
2031 1740 2157 1793 dum
2197 1737 2761 1808 depresbylerorum
2815 1749 2869 1793 et
2922 1740 3300 1808 episcoporum
3350 1736 3685 1805 aqualitste.
3732 1740 3816 1787 aut

630 1818 1013 1893 tumqualitate.
1048 1825 1130 1880 vel
1159 1826 1476 1881 discrimine
1506 1826 1791 1879 nobiscum
1823 1824 2229 1893 digladiautur?
2256 1833 2310 1878 et
2344 1843 2603 1893 quorsum
2650 1826 2971 1881 collimant?
3008 1823 3239 1878 fortasse
3274 1823 3694 1891 percoirtabitur
3714 1820 3807 1875 hic

630 1922 945 1974 nonnemo;
969 1926 1091 1965 cum
1123 1912 1223 1981 ipsi
1262 1928 1359 1967 nec
1383 1914 1727 1984 presbyteros
1759 1913 2018 1977 habeant,
2054 1926 2155 1965 nec
2200 1912 2507 1982 episcopos,
2549 1913 2814 1989 aequales,
2866 1910 2950 1966 vel
3002 1909 3321 1981 inaequales,
3376 1909 3813 1983 autsecundum

630 2010 1009 2065 quamcunque
1035 1999 1195 2052 aliam
1232 2001 1458 2067 ﬁguram
1488 1990 1896 2068 geometricam.
2086 2012 2089 2013 '

700 2082 843 2137 Sane
873 2086 1054 2140 nullus
1090 2086 1229 2140 alius
1254 2101 1456 2155 scopus
1480 2087 1594 2142 illis
1619 2102 1739 2142 esse
1774 2088 2008 2149 videtur,
2038 2094 2128 2139 aut
2160 2086 2320 2148 ratio,
2356 2100 2516 2153 quam
2546 2085 2656 2153 ipsa
2692 2084 2926 2149 insania,
2972 2097 3026 2140 et
3072 2083 3240 2139 libido
3280 2083 3368 2137 illa
3410 2081 3677 2137 Ecclesia
3717 2082 3817 2132 Ro-

630 2184 802 2223 manae
834 2170 1325 2240 impugnandorum
1359 2172 1695 2241 dogmatum.
1744 2171 1853 2226 Nec
1899 2171 2092 2239 puduit
2150 2171 2443 2225 Lutherum
2502 2172 2606 2226 hoc
2666 2179 2850 2240 aperte
2908 2172 3062 2225 fateri
3128 2180 3258 2226 tom.
3295 2169 3331 2221 ν
3372 2169 3505 2223 edit.
3552 2166 3816 2229 Wittem.,

630 2271 758 2310 ann.
792 2257 951 2318 1551.
994 2259 1086 2313 fol.
1120 2259 1223 2311 4'75
1250 2277 1264 2312 :
1304 2259 1503 2311 Doctor
1524 2258 1785 2313 Martinus
1811 2257 2137 2312 Lutlter'vult
2168 2260 2243 2312 sic
2264 2260 2473 2319 habere,
2504 2270 2551 2312 et
2583 2260 2711 2311 dicit
2735 2260 2998 2326 papistam
3046 2252 3107 2311 et'
3127 2259 3333 2311 asinum
3354 2272 3473 2321 esse
3504 2272 3619 2309 rem
3650 2271 3815 2309 unam.

629 2343 717 2397 Sic
744 2343 878 2402 volo.
905 2345 979 2398 sic
998 2344 1179 2412 jubeo,
1209 2345 1275 2397 sit
1309 2360 1401 2413 pro
1432 2344 1635 2397 ratione
1658 2344 1920 2397 voluntas.
1953 2345 2125 2398 Aliam
2158 2360 2373 2413 quoque
2418 2344 2573 2397 allcrt
2620 2344 2695 2397 rei
2746 2345 2908 2407 hujus
2959 2358 3174 2397 causam
3223 2352 3367 2395 tomo
3400 2340 3469 2393 ιγ
3525 2341 3664 2394 edit.
3714 2340 3816 2393 lett.

631 2429 726 2485 fol.
749 2430 876 2497 245,
908 2440 1016 2484 tam
1050 2430 1115 2484 dc
1140 2446 1217 2493 se,
1260 2447 1417 2499 quam
1453 2433 1519 2485 de
1551 2433 1665 2486 suis
1692 2432 1920 2500 loquens
1948 2450 1962 2485 :
1996 2432 2103 2486 Nos
2140 2450 2169 2485 a
2201 2432 2431 2492 diabolo,
2467 2432 2663 2499 inquit,
2701 2432 2929 2495 captivos
2972 2431 3152 2493 teneri,
3182 2429 3337 2483 veluti
3368 2445 3399 2481 α
3434 2428 3723 2495 principe;
3762 2442 3817 2478 ac

628 2517 738 2572 Deo
774 2527 971 2581 nostra,
996 2525 1055 2569 ut
1087 2534 1336 2587 cogamur
1360 2517 1529 2583 facere
1550 2519 1800 2587 quidquid
1830 2521 1937 2584 ipse
1967 2520 2093 2584 vult,
2127 2520 2371 2582 nobisque
2429 2520 2676 2579 inspirat.
2712 2516 2775 2569 Et
2799 2519 2890 2584 qui
2923 2528 3254 2577 sanctorum.
3281 2530 3342 2568 ac
3375 2515 3644 2568 bonorum
3672 2527 3819 2580 ange-

630 2601 806 2654 lorum
844 2599 1242 2654 invocationem
1275 2609 1334 2653 ut
1366 2601 1763 2655 idololatricam
1802 2602 2012 2662 habuit,
2049 2616 2221 2667 coque
2246 2605 2463 2657 nomine
2501 2605 2644 2656 illam
2681 2618 2709 2655 c
2739 2603 2973 2657 fidelium
3009 2604 3287 2675 memoria,
3312 2607 3364 2653 et
3390 2610 3573 2654 mente
3592 2600 3816 2655 cvcllere

628 2689 880 2745 «amnibus
912 2688 1189 2742 c0nten’dit
1224 2688 1433 2748 nervis.
1471 2688 1522 2740 in
1558 2690 1677 2742 suis
1711 2696 1886 2742 tamen
1924 2690 2220 2765 colloquiis.
2254 2691 2349 2744 fol.
2382 2693 2435 2755 5,
2474 2693 2559 2753 18,
2590 2706 2643 2742 et
2676 2691 2793 2749 125.
2824 2691 3141 2745 exvlamarc‘
3176 2706 3282 2743 non
3334 2689 3548 2743 horruit
3588 2707 3603 2742 :
3634 2685 3815 2741 Sancte

632 2772 820 2838 Satan,
850 2790 943 2828 ora
972 2790 1066 2844 pro
1100 2775 1247 2828 nobis
1280 2791 1295 2828 :
1326 2775 1539 2827 minime
1560 2784 1731 2828 tamen
1760 2786 1939 2830 contra
1972 2785 2017 2828 te
2045 2779 2385 2844 peccavimus,
2416 2778 2807 2831 clementissime
2838 2776 3058 2829 diabole.

706 2860 892 2915 Jacobi
925 2860 1209 2914 labor‘ovii
1246 2860 1384 2914 alius
1424 2860 1526 2914 fuit
1562 2877 1781 2929 scopas,
1819 2863 1945 2916 dum
1980 2863 2031 2916 in
2065 2862 2433 2930 Responsione
2461 2864 2525 2915 ad
2558 2863 2765 2916 Nodum
2796 2862 3053 2917 Gordium
3082 2859 3295 2914 Martini
3328 2859 3606 2929 Sntiglccii
3642 2858 3818 2914 Socie-

635 2949 764 3003 tatis
796 2948 925 3007 Jesu
952 2951 1183 3017 probare
1214 2950 1427 3013 nititur,
1460 2952 1833 3018 presbyterum
1898 2958 1951 3003 et
1982 2952 2298 3019 episcopum
2323 2950 2445 3018 jure
2493 2948 2678 3002 divino
2727 2948 2973 3008 eumdem
3030 2962 3169 3010 esse,
3212 2946 3489 3011 solumque
3523 2953 3821 3000 consuetu-

632 3036 759 3091 dine
792 3036 1046 3090 Ecclesiae
1078 3037 1357 3091 inductum
1391 3052 1532 3095 esse.
1573 3046 1633 3089 ut
1664 3037 1930 3091 ordinatio
1960 3037 2256 3103 pertineret
2291 3036 2354 3088 ad
2384 3036 2723 3104 episcOpum.
2755 3033 2905 3099 Quod
2948 3033 3163 3103 quidem
3194 3033 3474 3087 contendit
3505 3033 3574 3087 ad
3601 3047 3817 3089 suorum

636 3124 1010 3178 ministrorum
1048 3122 1342 3192 legitimam
1380 3124 1694 3177 missionem
1725 3124 2197 3178 demonstrandam
2223 3141 2237 3188 ;
2277 3123 2401 3193 quia
2431 3137 2553 3174 cum
2588 3120 2870 3191 presbyter
2902 3120 3003 3173 rite
3034 3120 3314 3174 ordinatus
3344 3129 3486 3175 esset
3512 3118 3743 3183 Luther,
3765 3128 3819 3171 ut

639 3210 733 3272 ait,
762 3210 901 3263 alios
930 3223 1147 3277 quoque
1175 3208 1595 3275 ministrosjure
1628 3210 1881 3263 ordinare
1906 3217 2139 3279 poterat,
2169 3220 2331 3279 atque
2362 3208 2595 3260 mittere.
2627 3206 2769 3258 Idem
2796 3205 3037 3259 sentiunt
3071 3204 3252 3271 plures
3286 3206 3375 3259 alii
3420 3205 3815 3261 Protestantes.

638 3295 743 3350 Sed
777 3309 936 3361 quam
969 3294 1221 3359 feliciter,
1249 3282 1304 3349 et
1343 3310 1467 3349 vere
1496 3296 1546 3349 id
1579 3296 1831 3363 probant,
1860 3296 2179 3351 doctissime
2217 3295 2453 3350 ostendit
2484 3287 2621 3349 mos‘
2654 3293 2906 3346 laudatus
2941 3291 3261 3359 Smiglecius
3316 3292 3445 3345 totis
3488 3292 3709 3345 duobus
3754 3290 3819 3344 li-

635 3384 749 3437 bris
790 3383 855 3437 de
886 3381 1259 3435 ministrorum
1299 3382 1441 3436 notis
1466 3392 1654 3436 contra
1682 3381 1963 3436 Zaborovii
2018 3383 2443 3452 Responsionem
2478 3381 2542 3435 ad
2586 3372 2796 3433 Nodum
2842 3378 3135 3445 Gordium,
3177 3386 3231 3433 et
3279 3379 3580 3448 praisertitn
3633 3378 3725 3432 lib.
3779 3392 3814 3441 I,

636 3483 757 3534 cap.
788 3468 840 3527 9.
881 3481 999 3533 pag.
1036 3465 1126 3518 66.
1396 3458 1402 3462 ’
3023 3476 3035 3488 ⁵
3797 3516 3804 3522 .

706 3553 1009 3607 Convenire
1046 3562 1221 3605 tamen
1251 3551 1501 3605 videntur
1524 3565 1733 3613 omnes,
1762 3550 2025 3619 cujusque
2068 3551 2281 3619 generis
2321 3561 2374 3603 ct
2402 3550 2589 3603 farinae
2618 3550 3008 3613 Protostantes,
3036 3552 3127 3621 qui
3159 3550 3520 3605 Ecclesiarum
3550 3551 3737 3624 bonis,
3770 3561 3817 3604 et

638 3640 987 3695 facultatibus
1014 3639 1199 3708 lupino
1219 3638 1497 3691 inhiarth
1524 3654 1739 3707 semper
1764 3654 1879 3700 ore,
1909 3638 2098 3691 fortem
2126 3636 2451 3705 alligandum
2486 3640 2635 3705 prius
2665 3654 2805 3703 esse,
2838 3649 2949 3691 tum
2975 3652 3101 3691 vasa
3133 3638 3324 3691 domus
3351 3637 3468 3705 ejus
3496 3638 3815 3707 diripienda.

637 3729 871 3794 Quinam
903 3737 1079 3779 autem
1108 3728 1178 3778 sit
1211 3725 1365 3780 fortis
1402 3728 1530 3791 iste,
1555 3730 1645 3794 qui
1681 3729 1731 3780 in
1766 3728 1982 3795 specula
2011 3726 2264 3781 Ecclesia:
2290 3723 2492 3779 Christi
2520 3726 2731 3792 positus
2761 3725 3004 3793 invigilat
3029 3724 3199 3792 gregi,
3235 3724 3474 3778 declarat
3520 3725 3685 3779 nobis
3724 3723 3815 3777 do-

636 3815 824 3868 ctrinae
853 3803 1371 3885 apostolicaﬁﬁyrus
1405 3813 1694 3881 interpres.
1724 3813 1974 3880 quisquis
2005 3814 2089 3866 ille
2119 3814 2240 3875 fuit,
2281 3814 2555 3878 exponens
2592 3816 2703 3867 haec
2763 3812 3064 3867 Ezechielis
3112 3827 3231 3881 cap.
3257 3826 3430 3866 xum
3461 3826 3608 3864 vers.
3663 3811 3719 3875 9.,
3765 3811 3813 3873 ὃ,

636 3900 800 3955 verba
833 3917 849 3953 :
878 3898 1066 3961 Terra,
1092 3914 1206 3951 cum
1239 3898 1493 3952 induxero
1524 3914 1675 3964 super
1707 3916 1821 3952 eam
1853 3899 2113 3968 gladium,
2140 3909 2188 3955 et
2222 3899 2395 3952 tulerit
2429 3900 2648 3966 populus
2685 3910 2838 3952 terra:
2865 3900 3033 3953 virum
3058 3914 3216 3952 unum
3242 3897 3305 3952 de
3347 3898 3647 3952 novissimis
3688 3899 3812 3961 suis,

636 3996 683 4040 et
714 3986 1035 4040 constituerit
1062 4002 1176 4037 eum
1205 4000 1359 4052 super
1392 4002 1445 4039 se
1468 3988 1861 4049 speculatorem,
1895 3997 2000 4039 etc.

708 4068 927 4123 Gladius
960 4072 1132 4138 itaque
1164 4080 1238 4122 est
1278 4070 1557 4138 judicium.
1594 4071 1826 4124 Buccina
1853 4082 2025 4126 autem
2060 4072 2425 4144 Evangelium,
2486 4072 2797 4135 Speculator
2845 4068 2961 4126 vero
2998 4072 3301 4141 Episcopus,
3357 4073 3445 4141 qui
3498 4074 3813 4141 praeponitur

638 4157 909 4211 Ecclesior.
946 4157 1081 4209 llinc
1110 4157 1244 4210 satis
1276 4160 1520 4225 apposite
1557 4167 1662 4210 tam
1696 4159 1746 4209 in
1785 4160 2005 4212 laudata
2041 4161 2290 4212 Dortrina
2322 4160 2653 4227 Apostolica,
2687 4175 2848 4225 quant
2886 4160 3014 4213 alibi
3063 4162 3261 4227 passim
3292 4160 3640 4226 appellitatur
3670 4159 3811 4231 Syris

634 4245 918 4313 episcopus
953 4242 1062 4295 Rob
1118 4242 1298 4308 Baito,
1336 4245 1565 4307 scilicet,
1603 4247 1857 4319 Magister
1890 4249 2202 4314 prtrpositus
2236 4256 2283 4299 et
2317 4247 2593 4312 prtcfectus
2627 4246 2832 4305 domus.
2886 4264 3199 4308 ceconomus,
3230 4247 3559 4313 dispensator
3586 4258 3643 4301 et
3672 4248 3810 4312 ejus-

636 4329 799 4383 modi.
832 4329 1063 4382 (Zhaldtei
1096 4328 1479 4383 Orientaliores
1506 4345 1699 4384 vocare
1730 4333 1906 4386 solent
1940 4334 2249 4401 episcopum
2283 4332 2565 4391 Ghizabra.
2602 4348 2791 4400 nempe
2839 4333 3026 4387 Custos
3056 4332 3322 4391 Thesauri.
3362 4331 3654 4401 Praefectus
3678 4348 3808 4387 ara-

635 4417 721 4469 rii.
772 4415 922 4468 llunc
950 4416 1129 4481 itaque
1162 4416 1498 4483 magistrum,
1529 4420 1877 4485 prapositum
1921 4427 1972 4472 et
1998 4420 2307 4485 praelectum
2340 4420 2530 4472 domus
2556 4402 2742 4479 z'hunc
2772 4435 3103 4473 osconnmum
3126 4428 3177 4473 et
3194 4419 3648 4484 dispensatm‘em;
3681 4420 3811 4473 hunc

639 4502 915 4556 custodem
942 4501 1214 4565 thesauri;
1247 4503 1389 4557 hunc
1419 4502 1724 4579 praefectum
1750 4505 1921 4557 a'rarii
1953 4505 2301 4572 alligandum,
2328 4506 2715 4572 expel'endum,
2739 4504 3079 4570 ejiciendum.
3104 4505 3557 4558 exterminandum
3585 4510 3802 4560 censent

641 4588 915 4657 religionis
965 4589 1151 4654 nuperi
1192 4588 1570 4642 reformatores
1603 4590 1709 4649 (sic
1736 4589 1877 4641 enim
1915 4590 2017 4644 dici
2053 4600 2274 4657 amant;
2312 4594 2400 4646 sed
2430 4592 2608 4645 verius
2639 4590 3079 4657 deformatores),
3112 4599 3167 4643 ut
3195 4590 3257 4644 ad
3292 4590 3428 4645 bona
3456 4590 3807 4648 Ecclesiarum

643 4674 854 4727 facilius
884 4673 1179 4739 diripienda
1211 4682 1385 4741 pateat
1418 4675 1522 4727 illis
1550 4676 1749 4728 aditus.

711 4759 969 4813 Claudius
1003 4757 1299 4813 Salmasius
1332 4762 1388 4814 in
1436 4776 1535 4814 suo
1566 4764 1831 4830 Apparotu
1863 4778 1925 4815 ae
1956 4765 2184 4828 primatu
2215 4780 2381 4831 papa',
2403 4765 2538 4818 hanc
2568 4763 2805 4827 herbam,
2850 4776 3038 4830 nempe
3064 4762 3448 4833 episcopatum,
3486 4762 3805 4817 evellendam

640 4846 897 4901 radicitus
920 4844 1097 4904 vellet,
1136 4846 1276 4913 quod
1309 4862 1370 4899 ex
1410 4848 1495 4899 illa
1535 4849 1757 4915 pullulat
1790 4840 2038 4917 papatus.
2076 4853 2168 4919 qui
2201 4862 2259 4904 ut
2298 4851 2620 4904 Christianm
2691 4865 2753 4902 ac
2784 4848 3067 4901 catholicae
3096 4849 3394 4915 religionis,
3429 4847 3807 4917 dignitatisque

643 4948 887 4987 summus
920 4936 1001 4983 est
1035 4946 1168 4999 apex
1204 4932 1257 4985 et
1288 4934 1602 5010 auctoritas,
1647 4937 1716 4988 ita
1755 4936 2136 4990 invadentibus
2174 4938 2318 5004 lupis
2362 4936 2697 4990 fortissimus
2728 4935 2889 4987 obex.

716 5017 885 5071 Porro
919 5016 1061 5084 quod
1100 5017 1465 5079 miseratione.
1498 5021 1607 5073 imo
1639 5022 1931 5077 uberrimis
1961 5024 2213 5093 lacrymis
2247 5024 2467 5092 dignum
2501 5033 2579 5075 est
2609 5064 2621 5086 ,
2690 5020 2734 5074 si
2778 5020 2905 5087 quid
2941 5018 3270 5086 ambiguum,
3308 5018 3389 5072 vel
3422 5018 3581 5086 paulo
3622 5020 3802 5074 obscu-

646 5107 761 5156 rius
796 5105 935 5171 apud
964 5102 1152 5157 Patres
1184 5116 1234 5158 et
1265 5105 1562 5173 scriptores
1597 5108 1855 5169 occurrit,
1908 5108 1960 5162 id
1995 5110 2096 5163 sibi
2126 5111 2401 5166 asciscant
2438 5107 2757 5172 adversarii,
2792 5121 2854 5160 ac
2885 5106 2995 5159 suis
3028 5105 3400 5174 paralogismis
3434 5106 3486 5158 in
3524 5105 3801 5160 Ecclesiae!

641 5190 962 5243 catholicam
999 5190 1132 5243 illud
1171 5190 1556 5261 intorquentet
1586 5194 1904 5257 abutuntur,
1940 5196 2113 5263 ipsum
2148 5213 2275 5250 vero
2308 5206 2583 5249 auctorem
2618 5198 2681 5249 ad
2718 5204 2857 5247 astra
2894 5209 3065 5261 usque
3093 5192 3321 5247 efferunt
3352 5192 3621 5248 laudibus.
3652 5193 3801 5247 Eum-

641 5276 760 5328 dem
794 5290 943 5338 vero,
991 5292 1111 5327 cum
1144 5276 1215 5328 ita
1256 5279 1395 5329 clare
1440 5295 1501 5331 ac
1551 5280 1708 5347 plane
1739 5281 2001 5348 loquitur,
2033 5289 2091 5333 ut
2121 5298 2306 5337 eorum
2346 5294 2495 5337 recta
2525 5290 2577 5336 et
2612 5282 2788 5335 valide
2825 5282 2985 5333 feriat
3017 5289 3340 5341 commenta,
3397 5294 3493 5334 nec
3520 5279 3638 5347 ejus
3667 5277 3798 5333 testi.

642 5362 817 5413 menia
856 5363 1065 5428 possint
1097 5362 1161 5414 ad
1200 5364 1476 5417 libidinem
1506 5375 1849 5434 extorquere,
1907 5368 2167 5421 deserunt
2218 5371 2424 5433 statim,
2460 5371 2779 5440 ignorantia:
2815 5369 3137 5422 insimulare
3175 5368 3371 5419 audent
3403 5372 3455 5418 et
3489 5368 3795 5420 contrariam

640 5446 891 5499 occinunt
924 5448 1269 5501 cantilenam.
1332 5451 1508 5503 Semel
1562 5454 1826 5520 scriptum
1878 5455 2097 5522 reliquit
2130 5456 2189 5511 D.
2225 5456 2591 5523 Hieronymus
2630 5457 2681 5508 in
2720 5455 2955 5521 Epistola
2990 5457 3053 5505 ad
3094 5452 3401 5522 Evagrium.
3437 5466 3556 5518 qua
3584 5460 3665 5505 est
3693 5448 3793 5504 85:

642 5529 781 5596 Quid
812 5536 944 5585 enim
974 5535 1126 5601 facit,
1154 5546 1365 5603 excepta
1396 5536 1739 5600 ordinatione,
1772 5540 2065 5608 episcopus,
2101 5545 2236 5608 quod
2286 5546 2549 5613 presbyter
2580 5560 2675 5594 non
2714 5542 2923 5608 faciat?
2959 5538 3084 5603 Quae
3119 5538 3279 5590 verba
3319 5537 3420 5590 etsi
3452 5536 3596 5589 clare
3625 5542 3791 5589 osten-

638 5616 770 5673 dant
800 5620 886 5674 illa
917 5623 1235 5691 exceptione
1267 5625 1548 5692 utriusque
1582 5626 2256 5689 ordiuiadistiuctionem.
2293 5612 2645 5685 nihilo-uinus
2702 5642 2885 5681 ausam
2922 5625 3267 5689 arripuerunt
3321 5619 3443 5674 inde
3494 5612 3787 5677 adversarii.

1602 6473 1737 6488 ‘_I_-"
1792 6472 2009 6488 ‘g-l
