4138 6460
240 266 335 331 901
1649 268 2006 327 ANNALES.
2402 318 2405 325 .
2878 217 2881 220 i
3322 269 3430 330 902

243 385 438 453 integra
488 382 803 438 conficiendi
839 382 1135 444 volumina,
1171 380 1368 450 quibus
1400 379 1632 449 probare
1664 379 2007 444 adnituntur,
2045 379 2361 447 episcopum
2416 392 2522 431 non
2554 390 2676 431 esse
2708 376 3021 446 presbytero
3062 375 3428 446 superiorem.

243 471 562 538 Loquentem
625 484 750 523 vero
800 469 1047 522 eumdem
1099 466 1483 537 Hieronymum
1539 468 1842 520 clarissime
1895 467 1962 520 de
1994 467 2099 520 hoc
2148 466 2467 520 discrimine
2498 475 2550 519 et
2581 468 2994 521 successionum
3031 465 3429 534 episcopalium

241 557 424 609 seriem
465 571 584 608 cum
618 555 741 608 aliis
771 553 1023 607 Patribus
1053 555 1121 607 ab
1150 555 1267 623 ipso
1321 552 1690 621 apostolorum
1723 567 1837 605 :evo
1884 562 2219 622 repetentem
2273 551 2354 606 sic
2384 553 2579 621 excipit
2611 552 2935 614 Salmasius,
2971 552 3024 605 in
3060 553 3337 621 Apparatu
3364 552 3429 605 de

239 645 461 712 primatu
495 656 664 708 papa',
699 655 820 709 pag.
850 640 939 702 35,
970 655 1173 709 eosque
1206 655 1434 695 summa:
1467 650 1515 692 et
1553 654 1754 692 crasse
1787 640 2067 694 insimulat
2109 640 2428 707 ignorantiae
2457 658 2470 693 :
2516 640 2647 702 Quis
2681 656 2783 693 non
2840 639 3003 703 videt,
3058 640 3257 706 inquit,
3321 639 3427 690 Pa-

241 740 334 783 tres
361 730 485 782 dum
522 744 618 789 sua
658 737 888 794 tempora
926 728 1038 780 sola
1073 730 1374 793 respiciunt,
1405 728 1593 796 quibus
1628 720 1851 795 episcopi
1896 729 1950 779 in
1990 725 2211 793 singulis
2257 724 2475 777 urbibus
2513 728 2800 794 regnabant
2829 714 3153 793 presbyterio
3187 726 3426 793 superio-

242 833 334 874 res,
364 824 577 879 putasse
606 829 637 864 a
665 814 923 881 principio
956 831 1062 866 rem
1094 815 1169 865 ita
1202 814 1415 881 fuisse?
1452 813 1571 879 Ipse
1608 813 1963 885 Hieronymus
1998 812 2290 881 aliquando
2316 828 2490 864 errore
2516 814 2615 864 isto
2660 813 2924 867 communi
2955 812 3203 883 abreptus
3254 810 3435 874 deprc—

244 903 479 955 benditur
499 901 882 953 successionum
912 901 1278 966 episcopalium
1303 902 1365 952 ab
1389 902 1742 967 apostolorum
1774 912 1995 973 tempore
2017 901 2506 961 repetendorum...
2529 901 2600 954 De
2618 902 2736 969 ipso
2758 917 2883 955 vero
2904 900 3121 961 Seltleni
3146 897 3432 967 Eutychio,

242 978 405 1054 deque
428 986 680 1039 Patrlbus
708 985 909 1038 Grtrcis
943 996 996 1039 et
1025 984 1252 1047 Latinis,
1286 988 1365 1040 sic
1399 1004 1516 1054 pag.
1538 988 1602 1040 87
1635 988 1822 1053 :Quod
1851 974 2137 1058 Eutychius
2171 988 2405 1049 nescivit,
2429 988 2513 1039 cui
2550 988 2684 1041 idem
2714 1004 2808 1040 usu
2840 988 2994 1049 venit,
3022 989 3160 1057 quod
3192 986 3433 1038 omnibus

243 1073 394 1141 ferme
428 1074 770 1135 scriptoribus
810 1072 1176 1125 ecclesiasticis
1220 1071 1439 1135 Gra'cis,
1476 1073 1797 1137 Latinisque,
1845 1086 1899 1127 ut
1941 1076 2063 1128 dum
2098 1078 2241 1128 more
2296 1076 2378 1127 su'i
2416 1076 2662 1142 temporis
2712 1084 2966 1143 spectant,
3006 1090 3038 1125 a
3065 1074 3323 1142 principio
3355 1071 3433 1123 sic

244 1175 436 1227 semper
466 1158 631 1227 fuisse
656 1160 1030 1212 existimarent.
1070 1159 1196 1212 Inde
1220 1161 1568 1213 successiones
1598 1172 1647 1215 et
1673 1162 1899 1229 origines
1918 1162 2273 1226 episcoporum
2306 1162 2538 1228 repetita:
2565 1177 2597 1213 a
2631 1160 2949 1223 temporibus
2978 1158 3360 1225 apostolorum.

312 1243 467 1309 Vide,
501 1246 684 1309 sodes,
717 1255 971 1313 quantam
1004 1245 1185 1306 ﬁdem,
1210 1243 1214 1247 ’
1238 1254 1606 1313 quantamque
1660 1248 2041 1301 auctoritatem
2076 1242 2659 1301 tribuunt'adversarii
2703 1247 2957 1300 Patribus
2985 1257 3039 1297 et
3073 1242 3432 1311 scriptoribus

242 1342 291 1387 et
320 1347 428 1401 quo
461 1348 555 1387 eos
599 1334 795 1387 habent
832 1334 886 1385 in
914 1327 1356 1402 pretio,'quoties
1388 1334 1501 1388 suis
1538 1334 1874 1388 tesumoniis
1909 1350 2096 1388 eorum
2152 1334 2456 1403 infringunt
2490 1340 2885 1389 commenta'et
2934 1330 3149 1385 libidini
3202 1343 3310 1382 non
3348 1343 3437 1381 as-

250 1418 581 1476 sentiuntur.
626 1418 720 1473 llic
753 1421 884 1472 satis
912 1418 1155 1485 apposite
1190 1406 1424 1486 quadrat
1451 1417 1722 1472 Salmasio
1755 1421 1884 1473 illud
1919 1420 1980 1474 Ι).
2014 1423 2301 1490 Augustini
2330 1422 2424 1479 lib.
2457 1437 2516 1484 tt,
2555 1419 2754 1504 Contra
2789 1418 3089 1473 Faustum:
3123 1415 3201 1470 Tu
3228 1432 3281 1470 es
3315 1428 3437 1483 ergo

244 1504 418 1575 regula
450 1507 724 1559 ueritatis:
769 1505 1023 1579 quidquid
1055 1515 1247 1561 contra,
1271 1514 1318 1556 te
1348 1505 1509 1570 fuerit
1544 1519 1645 1555 non
1675 1514 1750 1556 est
1803 1510 2029 1561 verum?
2086 1508 2151 1561 Et
2181 1507 2233 1561 id
2265 1507 2408 1561 aliud
2439 1508 2535 1561 lib.
2571 1522 2747 1570 χχχιι,
2783 1522 2907 1576 cap.
2945 1506 3031 1569 l9,
3066 1514 3254 1559 contra
3285 1516 3439 1554 eum-

244 1592 380 1654 dem,
411 1592 669 1646 omnibus
696 1591 1176 1644 Protestantibus:
1242 1588 1607 1663 Videtisergo,
1658 1590 1713 1642 id
1744 1606 1828 1643 vos
1860 1608 2034 1660 agere,
2071 1602 2126 1644 ut
2161 1594 2335 1647 ontnis
2396 1593 2459 1645 de
2506 1595 2675 1647 medio
2719 1592 3117 1663 Scripturarum
3160 1584 3439 1655 auferatur

242 1679 527 1732 auctoritas
556 1687 609 1732 et
637 1679 816 1746 cuique
839 1677 1047 1729 animus
1078 1687 1262 1729 auctor
1292 1678 1382 1739 sit,
1416 1677 1541 1745 quid
1564 1678 1615 1735 in
1646 1693 1956 1746 unaquaque
1991 1678 2266 1749 Scriptura
2311 1680 2529 1750 probet:
2596 1680 2649 1732 id
2697 1689 2793 1743 est,
2848 1690 2905 1732 ut
2956 1696 3061 1732 non
3121 1675 3435 1730 auctoritati

237 1763 630 1834 Scripturarum
660 1764 981 1831 subjiciatur
1018 1765 1085 1815 ad
1116 1764 1317 1830 ﬁdem;
1370 1763 1459 1816 sed
1489 1764 1589 1815 sibi
1636 1759 1944 1831 Scripturas
1980 1767 2089 1834 ipse
2137 1767 2409 1831 subiiciat,
2450 1780 2551 1819 non
2592 1776 2645 1817 ut
2692 1767 2807 1819 ideo
2840 1766 2922 1818 illi
2955 1766 3160 1832 placeat
3208 1761 3437 1829 aliquid,

233 1854 352 1921 quia
383 1853 480 1907 hoc
500 1854 557 1906 in
590 1853 800 1905 sublimi
830 1853 1151 1905 auctoritate
1182 1853 1436 1919 scriptum
1471 1851 1686 1921 legitur,
1736 1851 1825 1907 sed
1858 1852 1971 1906 ideo
2004 1864 2141 1907 recte
2176 1855 2430 1921 scriptum
2463 1854 2730 1920 videatur,
2777 1853 2905 1906 duia
2954 1850 3051 1904 hoc
3103 1848 3185 1903 illi
3214 1846 3441 1917 placuit.

220 1938 346 2005 Otto
372 1950 422 1995 te
446 1922 751 2006 committis,
773 1941 952 1994 anima
981 1939 1169 1991 misera
1198 1940 1221 1993 ?

298 2050 366 2105 At
399 2052 444 2106 si
474 2052 666 2108 Patres
696 2059 751 2106 et
778 2050 1142 2121 Hieronymus
1175 2050 1291 2117 ipse
1341 2063 1439 2103 sua
1473 2060 1791 2117 spectarunt
1826 2052 1945 2106 sola
1982 2063 2253 2121 tempora,
2306 2054 2549 2122 adeoque
2579 2054 2961 2107 existimarunt
2997 2056 3026 2104 s
3062 2048 3328 2119 principio
3362 2047 3441 2102 sic

235 2154 443 2209 semper
493 2139 698 2202 fuisse,
737 2151 843 2205 qua
874 2135 1050 2190 fronte
1095 2136 1281 2190 Patres
1312 2143 1419 2190 tam
1445 2135 1681 2199 Graecos,
1701 2151 1862 2203 quam
1886 2139 2107 2209 Latinas
2136 2150 2191 2194 et
2216 2140 2598 2210 Hieronymum
2653 2156 2808 2209 psum
2844 2153 2873 2192 ι
2905 2140 3019 2194 suis
3037 2147 3178 2191 stare
3198 2133 3439 2203 partibus

234 2243 326 2300 pro
356 2229 734 2296 episcoporum
769 2234 823 2279 et
854 2226 1290 2295 presbyterorum
1324 2225 1633 2294 aequalitate
1667 2226 1945 2279 afﬁrmant
1963 2228 2257 2281 adversarii
2285 2230 2308 2282 2
2382 2231 2540 2283 Certe
2598 2230 2697 2283 hoc
2753 2226 3026 2296 all‘trmari.
3057 2223 3273 2293 nequit,
3329 2220 3438 2274 nisi

234 2315 624 2387 protestantica
640 2303 994 2381 impudentia
1028 2320 1081 2365 et
1122 2311 1374 2364 audacia.
1431 2310 1620 2365 Pctius
1652 2314 1857 2380 itaque,
1894 2328 1960 2367 ac
2010 2315 2298 2369 verissime
2330 2315 2619 2369 dicendum
2653 2324 2758 2376 est,
2809 2311 3141 2367 Salmasium
3194 2324 3292 2364 sua
3321 2307 3440 2361 sola

233 2412 515 2474 Spectasse
543 2413 783 2477 tempora
815 2409 865 2454 et
903 2399 1074 2453 solam
1112 2397 1401 2467 profanam.
1431 2397 1852 2454 Protestantium
1912 2416 2268 2472 synagogam,
2330 2406 2384 2458 in
2420 2418 2526 2472 qua
2584 2418 2683 2456 nec
2717 2401 2964 2470 episcOpi
3001 2405 3132 2454 sunt
3183 2398 3306 2459 ulli,
3338 2408 3437 2447 nec

228 2486 536 2560 presbyteri
572 2487 829 2555 aequales,
884 2485 982 2540 vel-
1024 2486 1343 2553 inaequales.
1379 2482 1483 2557 Sed
1520 2485 1765 2552 profecto
1795 2502 1902 2540 non
1943 2489 2300 2552 existimavit,
2352 2505 2466 2543 rem
2504 2489 2577 2542 ita
2629 2488 2799 2542 fuisse
2833 2501 3049 2554 semper
3080 2499 3109 2537 a
3147 2482 3439 2557 principio.

235 2574 384 2632 Unde
438 2575 583 2629 enim
616 2574 668 2627 id
711 2574 837 2627 sciri
873 2580 1074 2642 potest,
1107 2572 1211 2626 nisi
1243 2571 1566 2625 auctoritate
1600 2572 1815 2627 illorum
1870 2577 1961 2642 qui
1995 2576 2239 2645 proxime
2294 2578 2632 2644 temporibus
2682 2576 3056 2644 apostolorum
3109 2572 3361 2625 vixerunt
3388 2575 3445 2631 ct

233 2661 634 2717 ecclesiasticas
666 2661 1003 2728 reliquerunt
1036 2654 1195 2713 nobis
1224 2657 1525 2711 historias?
1555 2657 1621 2710 Et
1653 2660 1797 2713 unde
1831 2661 2101 2716 Salmasio
2132 2674 2279 2717 tanta
2313 2666 2599 2717 oculorum
2635 2662 2802 2725 acies,
2838 2670 2897 2714 ut
2937 2660 3120 2714 otnnia
3151 2658 3445 2727 perljuslrm

234 2751 367 2818 verit
399 2764 572 2821 usque
598 2747 665 2801 ad
703 2748 1071 2816 apostolorum
1110 2760 1283 2800 aevum
1319 2755 1373 2798 et
1403 2759 1466 2797 es
1521 2748 1912 2813 septemdecim
1960 2750 2280 2803 saeculorum
2309 2750 2647 2805 obscuritate
2679 2758 2733 2802 ct
2772 2747 3073 2802 involucris
3104 2753 3313 2798 tantam
3350 2756 3444 2795 ve-

236 2838 445 2893 ritatem
478 2837 600 2892 orbi
634 2837 947 2889 Christiano
980 2844 1086 2889 tam
1127 2841 1352 2906 strenue
1382 2833 1731 2905 exseruerit?
1770 2833 1872 2888 Sed
1906 2834 2146 2902 profecto
2179 2852 2287 2890 non
2322 2836 2539 2895 aliunde
2568 2836 2621 2889 id
2656 2835 2924 2905 provenit,
2958 2833 3063 2887 nisi
3103 2840 3168 2885 ex
3206 2827 3446 2885 Calvini-

235 2924 369 2979 stico
400 2923 717 2994 pharmace,
750 2936 858 2991 quo
888 2936 982 2975 eos
1017 2921 1244 2974 inl‘ectos
1276 2918 1672 2987 fascinatosqne
1720 2923 1901 2984 habet,
1953 2931 2009 2975 ut
2046 2913 2161 2976 'sibi
2217 2924 2399 2977 videre
2434 2923 2680 2982 videatur
2736 2923 2878 2992 quod
2936 2934 3126 2975 revera
3179 2932 3289 2971 non
3360 2916 3440 2967 vi-

237 3010 347 3065 det.
588 3046 596 3054 ι
754 3018 757 3021 ’
1476 3038 1477 3041 η
3009 3006 3011 3010 ⁴

303 3096 472 3151 Porro
506 3095 794 3167 Seldenum
824 3094 967 3163 quod
997 3092 1208 3155 attinet,
1228 3108 1330 3146 non
1362 3095 1443 3149 sic
1473 3109 1630 3149 suum
1664 3093 1866 3164 exeipit
1898 3093 2246 3165 Eutychium,
2281 3097 2375 3150 sed
2408 3097 2553 3149 omni
2598 3095 2699 3149 lide
2729 3088 2946 3165 (lignum
2974 3106 3097 3146 eum
3138 3087 3442 3151 habendum

236 3186 387 3248 vult;
426 3183 616 3251 illique
644 3188 725 3236 est
765 3180 930 3235 veluti
966 3181 1105 3235 alius
1135 3178 1278 3232 Beda
1301 3180 1468 3248 plane
1500 3178 1812 3247 Egyptins.
1850 3181 1941 3235 Sic
1970 3183 2115 3236 enim
2150 3183 2203 3236 in
2238 3184 2383 3241 calce
2415 3198 2526 3235 suae
2563 3181 2907 3242 Prsefationis
2939 3180 3005 3234 de
3035 3178 3129 3232 illo
3160 3176 3401 3244 loquitur
3429 3190 3443 3227 :

238 3270 338 3327 Sed
364 3286 483 3324 vero
514 3270 560 3321 si
590 3267 851 3337 Eutychio
880 3267 1035 3335 ﬁdem
1062 3266 1143 3318 hic
1175 3282 1366 3333 parum
1393 3266 1688 3319 habendam
1722 3262 1836 3326 {dco
1886 3271 2215 3339 forsanquis
2253 3272 2514 3323 morosius
2549 3267 2947 3327 existimaverit,
2979 3264 3117 3335 quod
3146 3262 3254 3323 ,ωυὶ
3288 3260 3449 3330 fuerit

237 3359 342 3428 ipse
369 3355 499 3410 adeo
534 3357 707 3418 rebus,
738 3370 867 3423 quas
899 3353 1060 3405 tradit
1093 3354 1390 3406 recentioris
1424 3355 1569 3423 (nam
1614 3354 1831 3417 alecula,
1857 3368 1910 3408 ut
1945 3356 2102 3420 vides,
2156 3357 2338 3424 ﬂoruit
2370 3356 2619 3423 decimo),
2665 3363 2799 3407 certe
2829 3369 3032 3407 necesse
3063 3361 3139 3405 est
3190 3360 3247 3403 ut
3300 3350 3367 3410 is,
3405 3346 3451 3399 si

236 3445 393 3513 parili
416 3445 471 3496 in
503 3442 718 3511 paribus
746 3449 929 3493 utatur
963 3433 1187 3500 ratione,
1221 3455 1311 3492 nec
1343 3439 1590 3507 Josepho.
1626 3440 1793 3503 Livio,
1819 3443 2273 3507 Halicarnassum,
2313 3443 2621 3504 Plutarcho,
2653 3441 2904 3502 Eusebio,
2939 3437 3186 3497 Zonarte,
3220 3435 3447 3504 origines

236 3540 284 3584 et
313 3534 393 3583 res
428 3539 599 3599 gestas
649 3525 927 3586 Judaicas,
963 3524 1247 3591 Romanas,
1283 3525 1788 3592 Gra'cas,‘Punfcas,
1826 3528 2159 3583 Christianas
2197 3531 2385 3583 tandiu
2422 3531 2670 3583 smculum
2719 3544 2872 3582 suum
2907 3532 3286 3579 antevertentes
3316 3536 3461 3589 nar-q

239 3618 501 3695 sontibus,
528 3630 617 3667 nec
638 3615 688 3666 id
723 3629 880 3682 genus
909 3612 1029 3665 aliis
1059 3613 1261 3669 credat,
1287 3615 1389 3664 into
1423 3623 1477 3665 ut
1507 3629 1602 3679 pro
1635 3615 1737 3680 ﬁde
1769 3616 1939 3684 dignis
1961 3617 2399 3671 habeathistoriis
2435 3619 2644 3686 (prwter
2681 3616 2876 3672 Sacras
2910 3610 3158 3679 Litteras)
3185 3610 3448 3663 duntaxat

241 3708 352 3774 ipsa
384 3694 731 3757 archivorum
759 3701 1069 3766 penetralia,
1101 3701 1449 3778 conciliorum
1476 3708 1597 3753 acta
1632 3702 1770 3769 ipsa,
1806 3701 2158 3771 Thucydides,
2216 3704 2483 3775 Polybius,
2534 3703 2837 3765 Sallustios,
2882 3700 3142 3763 Caesares,
3206 3694 3448 3758 Tacitos,

245 3791 663 3853 Cuicciardinos,
692 3787 1057 3865 Commina'os.
1082 3786 1215 3840 Mihi
1252 3804 1377 3840 sane
1403 3788 1689 3857 Entgchius
1720 3790 1773 3841 in
1812 3789 1949 3843 hisce
1974 3802 2047 3845 est
2083 3792 2239 3845 veluti
2272 3792 2411 3845 Beda
2442 3794 2594 3858 plane
2625 3790 2928 3861 nggptius.

317 3903 459 3984 Bene
486 3901 729 3972 quidem,
790 3897 1043 3957 Seldene,
1080 3898 1221 3951 ultro
1259 3913 1322 3950 ac
1367 3898 1602 3951 libenter
1638 3899 1735 3952 tibi
1771 3888 2111 3967 admittimus
2167 3886 2493 3975 Eutychium
2530 3900 2679 3956 amni
2734 3901 2837 3955 title
2886 3914 3005 3954 esse
3041 3898 3290 3967 dignum,
3341 3894 3451 3947 imo

249 3982 629 4063 dignissimum
664 3999 718 4042 et
756 4002 968 4041 omnem
999 3987 1076 4039 illi
1109 3986 1413 4040 habendam
1454 3987 1633 4051 fidem,
1669 3987 1830 4055 atque
1856 3988 1904 4041 ei
1940 3990 2104 4041 veluti
2138 3988 2291 4043 Bede
2324 3992 2481 4059 plane
2536 3989 2811 4059 AZgyptio,
2842 4001 2951 4041 non
2981 3985 3157 4063 solum
3190 3984 3243 4037 in
3277 3982 3449 4045 hisce,

251 4060 343 4138 sed
373 4082 426 4135 in
460 4076 716 4133 omnibus
755 4089 973 4144 quoque
1006 4073 1277 4135 articulis.
1306 4075 1369 4127 de
1400 4073 1597 4142 quibus
1629 4076 2007 4129 controversia
2066 4076 2222 4129 nobis
2255 4087 2338 4131 est
2378 4076 2679 4137 vobiscum,
2714 4074 2969 4128 standum
3033 4060 3175 4126 esse.
3245 4068 3452 4134 Quam-

244 4169 427 4228 obrem
463 4167 694 4235 ingenue
720 4178 783 4216 ac
810 4164 987 4231 prisce
1019 4161 1265 4230 proferas
1297 4175 1451 4229 rogo,
1485 4161 1615 4229 quid
1652 4160 1818 4215 sentit
1843 4159 1982 4215 Beda
2038 4162 2144 4216 istc
2177 4163 2243 4215 de
2276 4179 2502 4217 numero
2535 4168 3007 4216 sacramentorum
3041 4166 3151 4211 tam
3187 4156 3241 4209 in
3274 4156 3451 4208 Chro-

248 4257 365 4311 nico
393 4234 683 4321 tantopere
714 4265 743 4303 a
778 4258 830 4302 te
862 4249 1101 4308 laudato,
1138 4263 1296 4316 quam
1336 4249 1389 4299 in
1430 4249 1551 4302 aliis
1585 4234 1703 4314 ejus
1733 4246 2054 4316 opusculis?
2110 4248 2237 4315 quid
2271 4248 2337 4301 de
2366 4248 2639 4301 sacrificio
2676 4244 2897 4299 misste?
2930 4243 3062 4313 quid
3100 4241 3169 4295 de
3199 4239 3449 4321 corporis

245 4343 444 4400 Christi
484 4316 755 4400 realitate,
800 4352 863 4390 ac
899 4324 1013 4405 ipsa
1045 4334 1706 4389 transsubstantiatione?
1755 4334 1883 4403 quid
1923 4328 1990 4389 de
2020 4345 2335 4389 sanctorum
2373 4338 2641 4405 reliquiis,
2681 4336 3049 4394 invocatione,
3088 4345 3151 4384 ac
3182 4316 3452 4383 inlerces-

248 4430 445 4487 sione?
475 4426 604 4497 quid
641 4424 709 4479 de
748 4424 919 4478 sacris
952 4421 1322 4491 imaginibus?
1351 4420 1479 4491 quid
1514 4421 1580 4474 de
1612 4422 1857 4475 ciborum
1886 4422 2119 4486 delectu,
2155 4423 2488 4491 tle‘jcjuttiis,
2522 4424 2587 4476 de
2615 4424 2890 4481 caelibatu,
2923 4429 2974 4473 et
3016 4418 3352 4487 virginitate,
3381 4416 3448 4470 de

253 4520 602 4578 monachatu,
635 4514 703 4569 de
736 4513 892 4567 bonis
923 4512 1201 4577 operibus,
1233 4511 1299 4564 de
1334 4512 1498 4571 votis,
1530 4511 1596 4563 de
1626 4510 1913 4571 altaribus,
1946 4510 2011 4563 de
2064 4512 2220 4578 signo
2250 4511 2452 4573 crucis,
2509 4511 2575 4564 de
2632 4508 3038 4571 traditionibus,
3095 4507 3163 4561 de
3202 4506 3449 4558 Romana

252 4609 477 4670 scde,ac
514 4602 770 4657 Romanis
806 4598 1260 4668 pontiﬁcibus,‘et
1294 4612 1359 4649 an
1397 4606 1620 4651 sanctus
1646 4596 1838 4650 Petrus
1868 4595 2092 4647 Romam
2126 4596 2195 4650 sit
2226 4598 2520 4665 profectus,
2554 4599 2737 4667 ibique
2775 4597 2924 4650 cruci
2954 4586 3203 4649 inversus
3233 4592 3448 4652 allittus,

258 4710 323 4752 an
363 4694 665 4748 Romanam
710 4687 1019 4743 fundaverit
1049 4686 1253 4749 sedem,
1286 4701 1352 4737 an
1396 4684 1626 4737 Romani
1662 4684 1943 4751 pontiﬁces
1981 4684 2099 4751 ejus
2131 4685 2241 4736 sint
2277 4700 2667 4751 successores;
2706 4688 3034 4753 domumque
3064 4684 3128 4737 tle
3158 4682 3282 4736 aliis
3306 4681 3452 4746 ejus-

257 4780 393 4836 modi
428 4778 720 4839 sexcentis,
751 4790 867 4843 quae
904 4772 1297 4826 Protestantica
1347 4771 1679 4839 impudentia
1719 4769 2080 4823 Romanorum
2133 4772 2442 4837 pmtiticnm
2491 4787 2615 4826 esse
2668 4780 2993 4850 commenta‘
3046 4783 3293 4823 asserere
3344 4758 3451 4819 non

255 4876 507 4936 verentur
541 4860 753 4916 vestri?
790 4864 855 4912 At
885 4860 951 4914 de
981 4861 1065 4912 his
1096 4858 1214 4911 luse
1245 4857 1296 4910 in
1327 4870 1594 4910 consensu
1631 4855 1987 4909 Orientalium
2020 4864 2129 4907 tam
2191 4857 2329 4909 inter
2379 4872 2458 4919 se,
2494 4872 2655 4925 quam
2716 4872 2836 4909 cum
2893 4855 3133 4909 Ecclesia
3184 4854 3452 4915 Romana,

260 4950 363 5005 Deo
398 4950 609 5003 favente
640 4947 904 5001 dicemus.

323 5060 491 5115 Porro
519 5058 583 5112 ad
622 5073 730 5112 rem
760 5057 929 5126 ipsam
973 5057 1083 5126 jam
1113 5056 1417 5120 veniamus,
1449 5054 1928 5124 expendamusque
1959 5068 2052 5107 eos
2085 5052 2241 5107 Beda:
2274 5054 2437 5123 hujus
2494 5052 2732 5122 Egyptii
2771 5053 2945 5115 locos,
2996 5064 3062 5103 ex
3101 5048 3302 5115 quibus
3354 5063 3449 5101 sua

261 5158 505 5202 astruere
531 5157 757 5201 conatur
784 5154 972 5198 contra
1022 5160 1118 5199 nos
1167 5155 1490 5213 argumenta
1541 5142 1829 5197 Seldenus.
1864 5140 1928 5194 Et
1968 5154 2025 5195 ut
2060 5157 2147 5195 res
2201 5143 2395 5195 melius
2425 5158 2453 5194 a
2490 5142 2785 5195 lectoribus
2838 5137 3043 5192 nostris
3095 5135 3452 5204 intelligatur,

265 5236 631 5303 prtetuittenda
666 5243 748 5289 est
780 5232 1024 5302 Eutychii
1063 5234 1291 5285 Arabica
1327 5232 1586 5287 Periocha
1621 5246 1743 5284 cum
1775 5229 1963 5282 Latina
2006 5228 2219 5282 Seldeni
2255 5231 2719 5299 interpretatione,
2752 5242 2912 5295 quam
2952 5235 3137 5278 nostra
3171 5232 3451 5290 sequetur.

272 5320 491 5378 Errores
520 5327 646 5376 vero
673 5330 725 5374 et
758 5320 998 5382 mendas,
1036 5335 1157 5387 quae
1186 5320 1249 5372 ad
1287 5320 1458 5387 ipsam
1500 5316 1929 5371 controversiam
1963 5332 2068 5370 non
2104 5320 2375 5386 pertinent
2432 5319 2589 5386 (quas
2655 5316 2836 5385 plures
2869 5324 2924 5367 et
2953 5328 3143 5383 graves
3174 5310 3454 5365 commisit

196 5398 199 5399 ⁷
262 5417 367 5461 tam
394 5411 445 5463 in
496 5408 767 5473 Periocha,
802 5423 959 5473 quam
992 5408 1042 5459 in
1094 5406 1554 5469 Commentariis),
1607 5404 1670 5456 ad
1728 5404 1931 5457 calcem
1973 5405 2176 5474 Operis
2212 5405 2563 5472 castigandae
2612 5418 2731 5457 esse
2762 5400 3127 5459 commodius.
3160 5398 3445 5451 duximus.

262 5492 453 5549 Nostra
483 5506 659 5550 autem
694 5496 835 5547 dicta
868 5510 975 5546 non
1012 5494 1172 5547 modo
1224 5508 1287 5547 ex
1321 5492 1593 5561 Eutychio
1626 5491 1746 5559 ipso
1777 5499 1831 5544 et
1880 5491 2286 5558 antiquissimis
2342 5491 2601 5546 Ecclesia:
2652 5490 3031 5544 Alexandrinae
3079 5487 3448 5538 munumentis

266 5576 597 5639 llrmabimus
626 5600 640 5648 ;
670 5582 762 5637 sed
795 5583 958 5636 etiam
991 5597 1058 5635 ex
1089 5582 1318 5635 aliorum
1352 5579 1714 5633 Orientalium
1749 5575 2075 5631 testimoniis
2107 5586 2162 5629 et
2190 5577 2635 5630 auctoritatibus.
2692 5573 2781 5625 Sic
2809 5571 2952 5624 enim
2997 5569 3156 5623 facile
3192 5565 3449 5617 videbunt

270 5666 578 5737 adversarii,
608 5682 855 5742 quaenam
892 5670 961 5724 sit
992 5666 1239 5736 Eutychii
1278 5681 1431 5723 mens
1460 5675 1514 5721 et
1548 5680 1741 5722 sensus
1775 5673 1828 5721 et
1862 5680 2024 5734 quam
2060 5667 2229 5719 mirus
2264 5663 2504 5717 omnium
2538 5650 2907 5717 Orientalium
2942 5658 3015 5713 sit
3051 5666 3374 5711 consensus.
