4038 6456
684 246 789 310 903
1706 242 2063 301 EUTYCHII
2103 240 2221 296 ALI

2321 238 2631 298 ANDRINI
2673 241 2865 298 PATR
3745 246 3825 309 90(

752 358 819 406 At
847 352 1030 406 tsthrcc
1067 353 1412 406 meditantem
1447 350 1809 418 interpellavit
1839 362 2109 402 nonnemo
2139 348 2326 401 dicens
2355 363 2369 400 :
2407 344 2578 411 lleus,
2619 347 2927 401 Abraham!
2962 350 3025 402 ad
3062 349 3190 417 quid
3224 365 3389 404 vanos
3423 351 3681 418 impendis
3705 355 3830 407 labo-

683 439 808 491 res?
844 439 888 491 si
923 439 1148 506 Moysen
1190 446 1242 490 et
1281 439 1592 505 prophetas,
1625 450 1762 503 quos
1800 436 2018 496 habent,
2059 447 2161 485 non
2217 432 2466 493 audiunt,
2501 443 2750 500 putasne,
2803 434 2932 488 «illos
2980 437 3281 496 audituros,
3312 446 3402 490 aut
3451 438 3755 500 credituros,
3794 441 3828 492 si

683 531 829 576 tuum
864 523 1076 576 miseris
1113 523 1178 574 ad
1206 537 1300 575 eos
1333 522 1660 576 Orientalem
1692 520 1980 584 Lazarum,
2014 525 2108 571 aut
2140 533 2205 572 ex
2249 518 2356 572 tuis
2389 521 2617 573 mortuis
2647 521 2955 589 quempiam
2992 522 3209 574 alium?
3249 521 3386 576 Huic
3415 537 3548 590 ego:
3585 519 3713 585 Quid
3744 526 3831 576 sint

681 609 897 669 facturi,
931 609 1126 670 amice,
1148 622 1157 635 '-
1190 623 1412 677 prorsus
1440 608 1668 675 ignoro;
1718 615 1772 659 at
1801 605 1930 673 quid
1959 620 2088 658 mea:
2119 603 2392 670 postulant
2425 615 2628 670 partes,
2659 607 2830 660 habeo
2861 623 2926 660 ex
2958 605 3020 658 ι).
3052 605 3251 661 Jacobo
3281 610 3415 678 Syro
3447 613 3497 662 in
3529 612 3754 662 carmine
3784 609 3836 664 de

683 709 868 745 amore
899 701 952 747 et
987 693 1170 746 studio
1203 694 1446 747 veritatis
1480 694 1552 745 ita
1593 693 1866 746 scribente
1893 706 1906 742 :
1938 689 2189 758 Loquere,
2219 690 2427 758 loquere
2459 702 2534 756 tu,
2576 693 2658 743 cui
2692 692 3000 764 loquendum
3038 701 3134 757 est,
3160 696 3377 746 audiant
3409 707 3477 757 te,
3512 695 3589 748 vel
3630 710 3724 746 non
3756 713 3836 746 au-

677 780 848 841 diunt,
891 795 953 831 ne
985 795 1151 832 cesses
1187 778 1351 848 loqui.
1381 778 1619 845 Aiquum
1677 786 1877 838 tamen,
1913 791 1975 829 ac
2007 790 2103 844 par
2131 782 2212 828 est
2244 777 2484 840 credere,
2531 793 2625 832 eos
2654 779 2958 842 audituros,
3003 794 3360 849 cessurosque
3389 780 3602 834 illorum
3630 781 3840 834 auctori-

677 867 790 929 tati,
823 867 886 918 ad
921 881 1056 934 quos
1088 875 1480 934 prorocarunt.
1519 864 1881 930 Quamobrem
1915 871 2099 915 votum
2131 866 2394 920 secundet
2422 867 2514 934 qui
2549 877 2726 939 potest
2758 875 3037 934 nostrum,
3073 868 3238 924 Deus.

1553 1110 1966 1172 EUTYCIIII
2002 1108 2562 1172 PATRIARCHJE
2605 1111 3029 1176 PERIOCIIA

2251 1325 2294 1378 Α
2631 1318 2761 1374 Cum
2799 1324 3033 1377 versione
3060 1339 3192 1378 nova
3223 1327 3290 1377 ad
3320 1327 3543 1384 verbum.

2393 1433 2550 1485 Anno
2573 1449 2716 1488 nono
2750 1434 2960 1504 imperii
2993 1437 3204 1493 Claudii
3233 1439 3462 1497 (ἔπιθι-ἦε
3510 1454 3629 1500 erat
3656 1443 3866 1501 Marcus.

2322 1525 2650 1592 evangelista
2702 1527 2754 1579 in
2789 1527 2922 1581 urbe
2967 1528 3310 1586 Alexandria:
3346 1547 3657 1590 convocans
3692 1538 3848 1590 homi-

2324 1626 2420 1665 nes
2445 1613 2512 1666 ad
2546 1614 2703 1668 ﬁdem
2739 1616 2790 1668 in
2821 1615 3094 1672 Christum
3124 1621 3403 1676 Dominum
3434 1636 3703 1680 nostrum.
3730 1626 3846 1682 Dum

2324 1709 2503 1756 autem
2541 1719 2636 1772 per
2663 1706 2849 1759 urbem
2904 1707 3185 1763 incedebat
3245 1710 3479 1780 Marcus,
3519 1715 3731 1784 dirupta
3777 1726 3849 1772 est

2323 1792 2556 1861 corrigia
2588 1794 2944 1849 calceameuti
2984 1796 3101 1865 ejus
3133 1813 3148 1848 :
3190 1799 3316 1854 hinc
3352 1803 3490 1856 sedit
3527 1805 3667 1873 apud
3694 1807 3850 1859 botul-

2326 1896 2449 1939 nem
2485 1891 2724 1937 sutorem
2786 1885 2989 1939 dictum
3039 1887 3358 1955 llananiam,
3391 1901 3447 1943 ut
3483 1895 3726 1948 reﬁceret
3758 1897 3849 1948 eal-

2323 1983 2478 2022 ceum
2507 1986 2684 2024 suum.
2718 1972 2964 2041 Cumque
2997 1977 3288 2043 accepisset
3313 1977 3588 2034 Hananias
3613 1983 3843 2034 suliulam

2323 2060 2387 2112 ad
2425 2060 2806 2128 perforandum
2843 2064 3103 2128 calceum,
3154 2080 3219 2122 ea
3257 2066 3482 2135 digitum
3534 2085 3695 2124 suum
3743 2087 3847 2140 per-

2325 2149 2538 2213 foravit,
2570 2150 2883 2220 eflluxitqne
2930 2170 2995 2208 ex
3039 2155 3128 2210 illo
3175 2159 3405 2224 multum
3439 2162 3758 2230 sanguinis.
3803 2171 3849 2214 et

2325 2242 2558 2294 maxime
2587 2242 2765 2296 aﬂccit
2789 2244 2936 2297 illum
2965 2244 3170 2310 dolore,
3191 2250 3542 2315 quamobrem
3576 2251 3845 2319 plurimum

2322 2330 2389 2384 de
2417 2332 2600 2386 Marco
2627 2343 2960 2403 conquestus
2993 2346 3095 2392 est.
3127 2337 3193 2391 Et
3229 2338 3368 2392 dixit
3400 2341 3447 2393 ei
3497 2340 3712 2396 Marcus
3739 2359 3754 2396 :
3788 2339 3845 2397 ,δε

2323 2422 2510 2474 credas
2550 2423 2602 2476 in
2648 2422 2829 2477 Jesum
2854 2413 3128 2480 Christum
3182 2426 3374 2482 Fiéium
3425 2429 3543 2493 Dei,
3587 2430 3847 2486 sanabitur

2323 2508 2524 2576 digitus
2570 2519 2712 2564 tuus.
2761 2513 2935 2581 Atque
2983 2514 3323 2582 apprehenso
3381 2516 3550 2585 digito
3605 2516 3847 2572 llanania

2324 2598 2452 2652 dixit
2493 2598 2704 2656 Marcus
2732 2617 2746 2654 :
2790 2603 2847 2654 ln
2879 2604 3096 2658 nomine
3127 2601 3257 2659 Jesu
3287 2604 3488 2659 Christi
3523 2617 3747 2662 sanetur
3773 2609 3848 2662 di.

2324 2690 2466 2756 gitus
2500 2698 2625 2745 tuus
2649 2706 2664 2754 ;
2691 2700 2744 2744 et
2766 2693 2946 2745 statim
3009 2703 3234 2749 sanatus
3272 2704 3354 2748 est
3383 2695 3584 2766 digitus
3623 2698 3773 2767 ejus,
3804 2709 3852 2751 et

2321 2780 2563 2833 constitit
2609 2780 2852 2848 sanguis.
2883 2781 3159 2835 Hananias
3193 2790 3374 2838 autem
3411 2785 3530 2839 sine
3559 2786 3668 2838 ulla
3713 2801 3848 2840 mora

2321 2869 2552 2922 credidit
2579 2869 2632 2922 in
2656 2869 2954 2934 Christum,
2995 2871 3396 2942 baptizavitque
3441 2874 3590 2927 illum
3623 2875 3846 2940 Marcus,

2321 2966 2372 3010 et
2398 2959 2680 3011 constituit
2713 2972 2836 3012 eum
2881 2959 3245 3026 patriarcham
3293 2961 3659 3028 Alexandria,
3704 2971 3851 3017 etest

2321 3046 2529 3114 primus
2567 3048 2877 3117 patriarcha
2923 3049 3260 3104 Alexandriae
3333 3054 3683 3106 constitutus.
3722 3053 3850 3108 Con-

2322 3135 2496 3189 stituit
2561 3134 2725 3188 etiam
2786 3133 3015 3190 Marcus.
3058 3138 3392 3205 evangelista
3435 3154 3557 3194 cum
3619 3139 3850 3198 Hanaula

2322 3224 2626 3293 patriarcha
2651 3225 2939 3280 duodecim
2967 3227 3337 3297 presbyteros,
3366 3230 3460 3296 qui
3482 3229 3740 3286 adessent
3767 3246 3851 3300 pa-

2321 3309 2592 3376 triarchae,
2621 3326 2678 3370 ut
2699 3318 2987 3371 decedente
3015 3318 3340 3386 patriarcha,
3372 3318 3636 3389 eligerent
3695 3335 3847 3375 unum

2319 3419 2386 3458 ex
2436 3405 2720 3460 duodecim
2775 3406 3127 3475 presbyteris,
3185 3415 3239 3460 et
3295 3408 3640 3475 imponerent
3667 3411 3844 3479 reliqui

2320 3492 2569 3546 undecim
2618 3494 2922 3563 presbyteri
2959 3508 3151 3547 manus
3193 3508 3322 3548 suas
3368 3496 3530 3564 capiti
3583 3498 3748 3564 ejus.
3803 3504 3849 3549 et

2319 3583 2704 3638 benedicereut
2741 3598 2885 3648 eum,
2931 3592 2986 3638 et
3027 3586 3423 3638 constituerent
3466 3601 3592 3640 eum
3635 3588 3848 3657 patriar-

2322 3673 2502 3726 eham.
2531 3673 2666 3727 Dein
2721 3672 2980 3742 eligerent
3032 3674 3209 3727 virum
3264 3675 3494 3743 aliquem
3567 3677 3848 3731 virtutibus

1117 1319 1249 1376 Cum
1282 1321 1514 1374 versione
1545 1318 1776 1374 Seldeni.

741 1435 934 1490 Annus
994 1433 1252 1504 agebatur
1296 1431 1511 1486 Claudii
1560 1430 1795 1486 Caesaris
1846 1446 2043 1494 nonus,
2100 1443 2220 1482 cum

671 1525 887 1579 Marcus
917 1523 1248 1592 evangelista
1301 1525 1356 1576 in
1400 1521 1536 1575 urbe
1574 1527 1821 1575 versatus
1862 1529 1943 1573 est
1987 1521 2222 1572 Alexan-

669 1619 820 1679 driae,
853 1626 909 1670 ut
939 1617 1064 1670 inde
1101 1624 1496 1685 propagaretur
1525 1617 1664 1694 apud
1705 1614 1954 1667 homines
1983 1613 2116 1666 ﬁdes
2170 1615 2225 1666 in

669 1708 888 1762 Christo
942 1706 1172 1760 Domino
1206 1713 1420 1758 nostro.
1477 1705 1609 1756 Dum
1662 1715 1840 1756 autem
1893 1717 1989 1771 per
2037 1703 2220 1755 urbem

675 1799 903 1863 incedit,
936 1797 1271 1867 diﬁringitur
1300 1795 1467 1851 calcei
1493 1795 1613 1863 ejus
1642 1785 1881 1862 corrigia
1912 1810 1927 1847 :
1961 1807 2122 1862 quem
2163 1801 2224 1846 ut

672 1890 941 1952 reﬁceret,
988 1888 1054 1941 ad
1106 1899 1347 1941 sutorem
1402 1900 1461 1939 se
1509 1886 1741 1938 contulit
1785 1885 2008 1938 nomine
2048 1883 2226 1936 Haun-

668 1966 835 2042 niam,
873 1979 966 2047 qui
1000 1978 1196 2032 subula
1225 1977 1290 2030 ad
1321 1973 1703 2044 perforandum
1723 1975 1963 2028 calceum
1989 1983 2223 2042 sumptu,

669 2069 898 2136 digitum
937 2082 1098 2121 suum
1142 2049 1463 2134 perforavit,
1506 2066 1642 2116 adeo
1683 2064 1740 2116 ut
1779 2065 2004 2116 multum
2043 2063 2225 2117 efﬂue-

669 2162 748 2211 rel
790 2160 1093 2226 sanguinis,
1142 2171 1243 2209 nec
1282 2155 1400 2211 sine
1460 2154 1647 2208 dolore
1695 2153 1920 2220 ingenti.
1963 2152 2222 2208 Submur-

672 2248 907 2302 muranti
941 2249 1107 2316 igitur
1154 2247 1208 2298 in
1245 2244 1521 2304 Marcum,
1557 2242 1695 2296 dixit
1728 2242 1774 2296 ei
1806 2243 1914 2304 ille,
1954 2240 2010 2295 Si
2046 2243 2227 2296 credi-

665 2338 885 2394 derisin
920 2337 1105 2392 Jesum
1140 2334 1418 2390 Christum
1459 2331 1652 2388 Filium
1697 2330 1792 2386 Dei
1821 2372 1836 2397 ,
1871 2333 2070 2403 digitus
2099 2343 2222 2388 tuus

666 2429 973 2480 sanabitur.
1020 2425 1298 2481 Preheuso
1341 2423 1510 2492 igitur
1539 2422 1728 2490 digito_
1777 2422 1896 2489 ejus
1942 2423 2123 2476 dixit:
2165 2425 2221 2477 In

671 2519 885 2570 nomine
911 2515 1039 2570 Jesu
1061 2514 1266 2569 Christi
1293 2527 1457 2566 sanus
1484 2513 1556 2566 sit
1586 2513 1786 2580 digitus
1813 2522 1973 2574 tuus;
2006 2514 2096 2577 qui
2126 2526 2223 2568 eo-

668 2608 788 2660 dem
840 2588 1116 2660 momento
1157 2605 1213 2657 in
1270 2603 1568 2657 sanitatem
1609 2589 1904 2656 restitutus
1947 2611 2055 2664 est,
2100 2617 2222 2671 san-

669 2697 830 2762 guine
883 2677 1118 2764 amplius
1166 2710 1274 2748 non
1321 2693 1596 2747 eflluente.
1646 2692 1712 2746 Et
1767 2692 1998 2746 credidit
2048 2694 2116 2747 ab
2159 2709 2224 2746 eo

667 2797 913 2857 tempore
955 2785 1236 2840 llananias
1293 2785 1347 2837 in
1392 2783 1691 2846 Christum,
1733 2782 1899 2836 unde'
1930 2784 2225 2851 baptizavit

666 2894 790 2933 eum
828 2877 1041 2931 Marcus
1064 2883 1117 2930 et
1134 2874 1416 2930 constituit
1466 2888 1590 2927 eum
1617 2872 1972 2940 patriarcham
1997 2874 2225 2924 Alexan-

668 2969 815 3020 driae.
841 2968 1062 3021 Scilicet
1091 2967 1136 3019 is
1166 2966 1370 3036 primus
1447 2971 1565 3016 erat
1609 2961 1945 3015 Alexandria:
1989 2963 2220 3029 patriar-

675 3062 776 3112 cha
816 3059 1174 3111 constitutus.
1217 3054 1516 3107 Constituit
1569 3051 1694 3103 item
1736 3050 1948 3102 Marcus
1994 3063 2225 3116 evange-

669 3147 795 3202 lista
841 3146 1126 3202 duodecim
1176 3144 1521 3214 presbyteros
1598 3155 1720 3193 cum
1791 3139 2067 3205 llanania;
2129 3140 2220 3208 qui

665 3252 857 3307 nempe
875 3243 1154 3289 manerent
1179 3246 1300 3286 eum
1325 3231 1651 3301 patriarcha,
1676 3229 1806 3283 adeo
1830 3241 1888 3281 ut
1914 3245 2034 3281 cum
2071 3245 2224 3282 vaca-

671 3336 756 3380 ret
821 3326 1246 3393 patriarehatus,
1314 3325 1575 3392 eligerent
1628 3335 1794 3373 unum
1847 3334 1876 3372 e
1935 3319 2220 3372 duodecim

665 3417 993 3486 presbyteris
1039 3415 1195 3482 cujus
1242 3414 1409 3481 capiti
1472 3411 1667 3478 reliqui
1718 3403 1971 3463 undecim
2027 3423 2222 3463 manus

667 3508 1011 3575 imponerent
1041 3518 1277 3570 eumque
1313 3501 1700 3555 benedicerent
1753 3508 1805 3550 et
1855 3498 2219 3566 patriarcham
2258 3515 2261 3518 ·

665 3612 788 3650 eum
847 3604 1117 3656 crearent,
1167 3602 1220 3646 et
1262 3591 1388 3645 dein
1436 3590 1613 3642 virum
1658 3588 1892 3656 aliquem
1954 3588 2222 3654 insignem

664 3679 928 3758 eligerent
973 3698 1208 3753 cumque
1263 3681 1639 3752 presbyterum
1689 3693 1875 3732 secum
1922 3678 2222 3730 constitue-

665 3787 785 3832 rent
827 3781 946 3830 loco
989 3776 1109 3844 ejus
1148 3773 1242 3840 qui
1292 3772 1370 3824 sic
1417 3771 1594 3822 factus
1643 3775 1725 3821 est
1789 3766 2121 3834 patriarcha,
2165 3773 2223 3818 ut
2320 3772 2686 3832 prestantem,
2729 3766 2990 3834 illumque
3022 3766 3329 3820 suiﬁcerent
3365 3768 3741 3838 presbyterum
3772 3785 3846 3826 se-

667 3871 743 3922 ita
799 3881 1011 3934 semper
1089 3869 1368 3918 exstarent
1427 3857 1737 3913 duodecim.
1803 3853 1987 3923 Neque
2061 3854 2220 3909 desiit
2320 3867 2443 3907 cum
2476 3853 2595 3906 loco
2627 3852 2767 3920 ejus,
2795 3853 2884 3922 qui
2924 3855 3235 3921 patriarcha
3263 3855 3524 3911 suffectus
3555 3867 3663 3924 est,
3692 3870 3750 3912 ut
3774 3873 3846 3912 ων

665 3957 1010 4012 Alexandria:
1048 3953 1357 4006 institutum
1391 3951 1492 4003 hoc
1515 3948 1581 4002 de
1608 3946 1952 4016 presbyteris,
1999 3957 2055 3998 ut
2109 3945 2285 4024 δεῖνα
2320 3952 2444 3998 scut
2488 3953 2749 4012 perpetuo
2807 3942 3119 4000 duodecim.
3171 3943 3358 4013 Neque
3393 3946 3554 4000 desiit
3606 3962 3723 4002 mos
3767 3946 3846 3999 ille

2251 2647 2296 2706 Β

668 4050 795 4101 licet
846 4044 1188 4116 patriarchas
1221 4048 1470 4095 crearent
1521 4054 1587 4090 ex
1630 4037 1980 4108 presbyteris
2016 4035 2218 4089 duode-

666 4139 793 4200 cim,
850 4150 1025 4202 usque
1084 4133 1151 4184 ad
1225 4139 1466 4197 tempora
1533 4126 1826 4179 Alexandri
1890 4125 2218 4193 patriarchae

667 4226 1019 4284 Alexandrini
1049 4223 1140 4292 qui
1180 4221 1283 4276 fuit
1312 4235 1377 4272 ex
1411 4232 1640 4272 numero
1663 4214 1755 4268 illo
1790 4215 1912 4268 518.
1950 4214 2000 4268 ls
2037 4221 2216 4267 autem

667 4319 837 4373 vetuit
896 4329 962 4368 ne
1012 4313 1273 4379 deinceps
1320 4308 1684 4378 patriarcham
1720 4305 2017 4373 presbyteri
2059 4319 2217 4358 crea-

666 4418 808 4464 rent.
866 4405 930 4458 Et
971 4403 1213 4456 decrevit
1251 4408 1308 4452 ut
1357 4407 1572 4450 mortuo
1617 4395 1926 4462 patriarcha
1963 4393 2219 4447 conveni-

667 4508 789 4553 rent
813 4481 1054 4565 episcopi
1098 4490 1192 4558 qui
1244 4487 1613 4558 patriarcham
1647 4485 1983 4538 ordinarcnt.
2018 4484 2216 4537 Decre-

667 4593 744 4643 vit
776 4593 901 4641 item
935 4589 1238 4639 utvacante
1274 4578 1666 4648 patriarchatu,
1711 4575 1976 4642 eligerent
2003 4573 2118 4627 sive
2153 4587 2219 4627 ex

670 4689 996 4748 quacunque
1025 4674 1244 4740 regione
1282 4669 1394 4722 sive
1432 4681 1498 4720 ex
1532 4662 1823 4718 duodecim
1867 4663 1970 4716 illis
1999 4663 2220 4732 presby-

672 4771 808 4824 teris
838 4769 952 4820 sive
977 4763 1126 4827 aliis,
1151 4771 1211 4815 ut
1252 4775 1341 4814 res
1371 4759 1601 4819 ferebat,
1623 4758 1796 4810 virum
1839 4755 2074 4824 aliquem
2102 4756 2220 4809 exi-

670 4866 855 4923 mium,
887 4870 1120 4924 eumque
1138 4850 1498 4922 patriarcham
1525 4855 1791 4900 crearent.
1813 4847 1984 4914 Atque
2010 4847 2078 4899 ita
2095 4860 2219 4899 eva-

672 4953 787 5006 nuit
813 4951 1122 5003 institutum
1154 4942 1287 4996 illud
1324 4939 1628 5007 antiquius,
1670 4951 1777 5004 quo
1811 4937 1986 4988 creari
2017 4937 2214 4990 solitus

673 5035 1055 5108 apresbyteris
1102 5029 1448 5101 patriarcha;
1523 5034 1577 5080 et
1619 5026 1884 5080 successit
1933 5025 1986 5077 in
2043 5027 2218 5078 locum

672 5132 792 5199 ejus
821 5130 1101 5181 decretum
1133 5123 1200 5176 de
1235 5119 1542 5188 patriarcha
1576 5118 1642 5168 ab
1667 5115 1937 5182 episc0pis
1963 5114 2218 5167 creando.

674 5223 725 5278 ls
751 5222 909 5273 etiam
944 5215 1098 5283 petiit
1129 5212 1198 5265 ab
1228 5211 1308 5265 eis
1347 5224 1415 5262 ne
1442 5206 1768 5277 patriarcha
1818 5204 2218 5258 Alexandrinus

2319 4035 2758 4104 presbyterorum
2811 4033 3154 4088 Alexandria:
3210 4035 3578 4090 constituendi
3626 4038 3845 4106 patriar-

2319 4126 2472 4175 cnam
2495 4137 2558 4175 ex
2583 4122 2651 4175 iis
2674 4121 2959 4176 duodecim
2995 4120 3328 4190 presbyteris
3353 4138 3446 4191 usq
3459 4138 3523 4176 ue
3546 4124 3627 4194 ad
3647 4134 3845 4195 tempus

2317 4211 2604 4264 Alexandri
2631 4210 2956 4279 patriarchae
2992 4210 3355 4276 Alexandriae,
3386 4213 3479 4280 qui
3501 4223 3621 4267 erat
3650 4231 3713 4268 ex
3752 4230 3845 4269 nu-

2318 4314 2467 4352 mero
2497 4308 2857 4354 trecentorum
2889 4301 3185 4355 octodecim
3218 4302 3465 4371 (Patrum
3511 4301 3713 4359 Νίσαια
3734 4320 3844 4358 cott-

2317 4400 2648 4459 gregatorum
2671 4389 2689 4458 )
2713 4406 2733 4455 ,°
2778 4390 2824 4443 is
2852 4393 2993 4444 enim
3016 4385 3202 4455 vetuit,
3234 4405 3300 4444 ne
3330 4391 3630 4460 presbyteri
3659 4391 3845 4446 consti-

2321 4481 2935 4548 tuerentpatriarcham.
2965 4479 3228 4550 Praecepit
3264 4495 3498 4550 quoque,
3544 4491 3601 4535 ut
3647 4491 3843 4535 mortuo

2320 4571 2648 4638 patriarcha,
2696 4569 3049 4623 convenirent
3085 4570 3324 4639 episcopi
3379 4580 3429 4625 et
3481 4573 3835 4640 patriarchaut

2320 4661 2736 4714 constituerent.
2787 4659 3048 4726 Praecepit
3096 4661 3284 4724 etiam,
3334 4668 3394 4713 ut
3449 4660 3710 4716 defuncto
3764 4674 3845 4729 pa-

2320 4751 2577 4814 triarcha,
2625 4751 2883 4820 eligerent
2936 4764 3003 4804 ex
3053 4762 3378 4819 quacunque
3416 4750 3637 4819 regione
3682 4753 3838 4803 virum

2322 4841 2552 4911 aliquem
2583 4841 2869 4895 virtutibus
2898 4840 3291 4908 praecellentem
3312 4877 3329 4905 ,
3383 4841 3497 4896 sive
3525 4841 3750 4909 aliquem
3785 4851 3841 4892 ex

2324 4931 2427 4983 illis
2463 4930 2748 4984 duodecim
2788 4931 3152 4998 presbyteris,
3201 4931 3316 4982 sive
3352 4930 3506 4994 aliis,
3555 4932 3712 4996 cujus
3739 4927 3840 4999 piso
3869 4943 3872 4945 λ

2323 5029 2444 5074 ceat
2484 5021 2746 5084 conditio,
2774 5029 2830 5072 et
2854 5020 3007 5074 illurn
3039 5020 3435 5074 constituerent
3474 5022 3838 5088 patriarchani,

2321 5110 2663 5178 cessavitque
2693 5109 2948 5176 antiquus
2970 5123 3084 5163 mos
3108 5107 3471 5163 constituendi
3502 5110 3836 5178 patriarcham

2323 5215 2353 5253 a
2386 5198 2738 5268 presbyteris,
2781 5198 3027 5267 factaque
3051 5206 3133 5252 est
3175 5206 3417 5266 potestas
3444 5212 3610 5267 penes
3651 5198 3838 5266 episto-

675 5274 809 5379 papa
841 5274 1194 5366 vocitaretur,
1241 5296 1386 5370 quod
1426 5274 1697 5365 signiﬁcat
1743 5310 1927 5347 avum.
1959 5294 2062 5347 Sed
2093 5309 2219 5348 vero
2251 5274 2296 5333 ἶ)
2323 5305 2421 5359 pos
2468 5287 2830 5342 constituendi
2885 5287 3270 5379 patriarcham.
3422 5288 3516 5355 qui
3561 5302 3695 5379 vero
3737 5299 3837 5355 per-

674 5405 741 5455 ab
767 5399 1004 5454 Hanania
1033 5409 1194 5463 quem
1218 5391 1498 5446 constituit
1521 5387 1731 5442 Marcus
1756 5385 2087 5453 evangelista
2122 5400 2216 5453 pa-

674 5486 960 5540 triarcham
980 5477 1334 5541 Alexandriae,
1370 5490 1538 5544 usque
1569 5473 1621 5526 in
1658 5482 1896 5542 tempora
1964 5471 2215 5527 Demetrii

677 5575 994 5646 patriarchae
1047 5569 1245 5624 ibidem
1285 5568 1358 5636 (is
1404 5566 1710 5635 patriarcha
1755 5563 1854 5617 fuit
1893 5561 2218 5617 Alexandri-

2321 5382 2562 5436 cunctati
2603 5379 2825 5443 iuerint,
2854 5376 2964 5432 Cur
2987 5377 3289 5446 patriarcha
3337 5377 3726 5431 Alexandrinus
3758 5387 3836 5426 vo-

2324 5480 2478 5526 catur
2501 5484 2636 5539 papa
2661 5470 2682 5521 ?
2709 5469 2852 5538 Papa
2884 5479 3060 5545 autem
3098 5483 3256 5525 avum
3299 5467 3590 5536 signiﬁcat,
3613 5467 3711 5522 hoc
3736 5463 3835 5531 qui.

2326 5565 2444 5619 dem
2473 5561 2613 5629 ideo,
2660 5561 2784 5632 quia
2833 5577 2862 5614 a
2918 5570 3154 5629 tempore
3199 5559 3474 5624 llananiae,
3516 5572 3672 5628 quem
3717 5553 3836 5611 lar-
