4038 6498
329 421 442 482 903

1768 403 1966 461 ANNA
1981 403 2132 463 [ΕΞ.

3470 387 3572 450 906

334 541 442 582 nus
464 522 796 593 undecimus)
821 520 1002 576 nullus
1026 517 1213 574 eratin
1232 516 1521 585 provinciis
1536 511 1892 583 (Egyptiepi-
1933 520 1964 566 Α
1997 523 2094 563 cus
2119 510 2448 578 evangelista
2474 506 2843 576 patriareham
2888 506 3168 559 constituit
3196 506 3578 567 Alexandria,

332 630 568 686 scopus;
603 631 700 672 nec
734 611 1060 684 patriarchae
1083 617 1210 663 ante
1235 599 1375 662 eum’
1395 615 1652 661 crearunt
1683 605 1890 672 episco-

1995 609 2167 662 usque
2189 594 2254 649 ad
2282 604 2523 662 tempora
2553 593 2807 646 Demetrii
2839 593 3158 656 patriarchae
3180 592 3551 650 Alexandrini.

332 676 452 776 pos:
497 707 588 760 ille
636 676 814 759 autem
864 700 1041 780 iactus
1082 698 1394 768 patriarcha
1439 706 1559 751 tres
1592 694 1890 751 constituit
1930 680 1939 688 “
1992 696 2161 741 etest
2194 685 2515 739 undecimus
2563 676 2873 752 patriarcha
2915 685 3335 748 Alexandrinus,
3378 685 3556 738 nullus

330 786 639 868 episeo’pos.
677 795 741 846 Et
779 778 990 860 primus
1038 778 1144 845 fuit
1183 790 1272 843 hic
1312 785 1630 857 patriarcha
1667 784 1891 839 Alexan.

331 887 550 949 drinus,
578 884 684 953 qui
716 883 1002 952 episcenos
1045 880 1196 936 fecit.
1235 879 1446 933 Mortuo
1477 874 1756 932 Demetrio
1780 876 1892 931 suf-

331 977 512 1033 fectus
603 983 690 1028 est
754 971 1014 1027 Heraelas
1071 969 1383 1043 patriarcha
1455 969 1891 1029 Alexandrinus,

249 1109 254 1112 .
329 1066 428 1136 qui
467 1063 753 1133 epise0pos
782 1061 1072 1117 constituit
1111 1061 1327 1137 viginti.
1352 1058 1432 1113 Ex
1465 1060 1548 1114 his
1572 1074 1715 1113 unus
1755 1066 1889 1120 erat,

333 1152 664 1210 Ammonius
687 1153 889 1217 dictus,
928 1153 1210 1222 religionis
1249 1152 1518 1207 desertor.
1561 1151 1637 1204 De
1681 1164 1789 1218 quo
1817 1148 1894 1200 si-

332 1246 531 1302 mulac
549 1245 613 1299 ad
635 1243 913 1299 lleraclam
938 1243 1112 1298 delata
1139 1253 1224 1298 est
1263 1242 1432 1307 fama,
1473 1243 1820 1312 congregavit
1852 1241 1894 1292 is

335 1337 607 1409 synodum
635 1337 1040 1407 episcoporum.
1069 1343 1123 1389 et
1152 1335 1204 1388 iu
1238 1335 1427 1389 urbem
1456 1330 1731 1385 Ammouii
1778 1344 1899 1395 per-

239 1418 248 1424 ’
333 1431 502 1494 rexit,
537 1429 626 1482 ubi
679 1444 735 1483 re
770 1430 905 1482 satis
952 1421 1169 1497 cognita
1217 1434 1271 1479 et
1310 1431 1619 1502 perspecta,
1657 1437 1779 1481 eum
1833 1420 1897 1472 ad

334 1521 623 1574 veritatem
675 1517 907 1572 reduxit.
949 1517 1087 1570 Cum
1129 1529 1258 1568 vero
1307 1513 1561 1567 homines
1614 1508 1900 1564 audierant

334 1611 622 1680 episcopos
658 1610 894 1665 vocitare
923 1605 1286 1677 patrlarcham
1328 1605 1466 1659 abba
1501 1619 1594 1659 seu
1648 1612 1855 1672 patrem
1878 1640 1892 1665 ,

335 1703 483 1759 inter
522 1720 578 1759 se
599 1705 782 1758 dixere
823 1719 836 1754 ε
875 1697 987 1753 Nos
1030 1698 1341 1770 episcopum
1382 1695 1696 1765 quemlibet.
1729 1692 1898 1760 ;Abba

332 1810 437 1850 seu
485 1803 690 1865 patrem
726 1791 1098 1860 appellamus;
1127 1797 1180 1841 et
1216 1787 1494 1856 appellant
1526 1784 1768 1853 episcopi
1791 1796 1903 1856 ppa-

334 1887 636 1940 triarcham
702 1883 862 1936 abba.
917 1879 1071 1953 Unde
1114 1894 1246 1933 sane
1288 1887 1502 1946 oportet
1546 1884 1603 1929 ut
1648 1889 1902 1930 vocemus

330 1991 442 2032 nos
481 1974 842 2043 patriarcham
865 1985 1077 2042 papam,
1112 1968 1166 2022 id
1197 1975 1279 2036 est
1315 1981 1472 2019 avum
1497 2006 1512 2030 ,
1545 1979 1673 2018 cum
1704 1965 1776 2018 sit
1799 1962 1902 2016 Pa—

331 2076 422 2122 ter
461 2067 705 2120 Patrum.
762 2065 840 2118 [ta
884 2078 915 2117 a
967 2071 1213 2130 tempore
1255 2058 1498 2114 lleraelae
1529 2097 1545 2123 ,
1586 2057 1903 2128 patriarcha

329 2158 739 2212 Alexandrinus
783 2153 963 2209 dictus
1004 2159 1089 2208 est
1126 2166 1288 2223 papa,
1332 2149 1386 2206 id
1413 2160 1497 2206 est
1541 2163 1702 2204 avus.
1748 2145 1907 2202 Post-

329 2233 501 2319 quam
562 2257 742 2302 autem
790 2243 1070 2299 Hananias
1116 2243 1432 2310 patriarcha
1501 2239 1904 2294 Alexandrinus

329 2355 498 2409 quem
541 2337 758 2392 Marcus
802 2334 1135 2405 evangelista
1195 2334 1246 2386 in
1295 2330 1423 2387 sede.
1461 2345 1559 2386 sua
1599 2329 1903 2390 constituit,

331 2413 512 2484 annos
555 2426 892 2491 sedisset22,
931 2434 1180 2480 mortuus
1221 2433 1325 2479 est.
1377 2421 1441 2473 Et
1487 2419 1765 2489 profectus
1822 2426 1909 2472 est

333 2522 552 2577 Harcus
593 2520 923 2589 evangelista
972 2517 1024 2571 in
1086 2517 1336 2595 Baream,
1389 2522 1457 2595 _ut
1511 2519 1908 2582 prepagaretur

330 2613 480 2684 apud
526 2613 776 2667 homines
799 2611 935 2666 lides
974 2611 1031 2663 in
1073 2590 1350 2662 Christum
1381 2589 1579 2660 Filium
1611 2604 1730 2658 Dei.
1755 2601 1907 2658 Obiit

333 2705 467 2758 dein
521 2701 782 2756 Claudius
864 2698 1050 2754 Casar
1130 2696 1460 2766 imperator,
1519 2702 1576 2747 et
1624 2693 1908 2761 imperavit

330 2793 524 2850 Roma
550 2802 670 2859 post
703 2807 827 2848 eum
862 2790 1002 2845 illius
1019 2790 1140 2856 eius
1166 2786 1320 2842 ‘Nero
1353 2775 1538 2841 Caesar
1579 2784 1740 2839 annis
1793 2790 1909 2837 tre-

329 2885 534 2957 decim,
583 2884 676 2954 qui
705 2883 916 2952 primus
968 2879 1070 2934 l’uit
1091 2876 1543 2949 gravissimorum
1569 2873 1910 2929 iuChristia-

298 2992 442 3032 lnos
477 2977 741 3030 malorum
784 2984 1000 3036 auctor,
1081 2972 1243 3024 homo
1283 2977 1470 3038 utpote
1532 2968 1585 3021 in
1619 2963 1828 3020 consilii
1855 2972 1911 3020 et

333 3067 465 3123 vitae
504 3065 849 3120 instituendas
891 3063 1106 3117 ratione
1144 3059 1622 3130 improbissimus.
1673 3056 1740 3127 Et
1769 3064 1909 3112 tem-

334 3175 470 3230 pore
514 3155 750 3212 Neronis
816 3155 1046 3210 Cesaris
1109 3152 1333 3221 scripsit
1367 3150 1586 3216 Petrus,
1633 3149 1912 3220 apostolo-

1994 786 2112 828 erat
2133 778 2186 828 in
2205 771 2490 829 territorio
2512 774 2726 844 Egypti
2757 775 3048 843 episcopus
3067 790 3081 838 ;
3103 788 3199 828 nec
3219 778 3557 842 patriarchze,

1998 871 2091 935 qui
2125 876 2252 920 ante
2282 881 2406 920 eum
2443 880 2619 931 erant,
2656 867 3059 921 constituerant
3083 866 3202 937 (ibi)
3226 869 3558 937 episcopum.

1997 962 2133 1014 Cum
2174 960 2356 1029 itaque
2388 957 2673 1015 factusest
2715 959 3020 1014 Demetrius
3071 960 3405 1028 patriarcha,
3453 972 3564 1015 tres

1999 1051 2288 1108 constituit
2319 1049 2625 1119 episcopos,
2655 1059 2708 1104 et
2739 1059 2823 1104 cst
2857 1052 3061 1118 primus
3105 1052 3439 1120 patriarcha,
3474 1054 3566 1122 qui

1998 1146 2053 1197 in
2085 1144 2416 1198 Alexandria
2451 1141 2580 1197 fecit
2620 1142 2929 1210 episcenos.
2957 1141 3033 1195 Eo
3065 1154 3245 1198 autem
3282 1144 3564 1209 defuncto,
3591 1164 3596 1170 ·

2003 1237 2264 1291 sullectus
2288 1246 2372 1290 est
2403 1244 2526 1306 post
2552 1234 2699 1288 illum
2734 1233 2988 1289 lleraclas
3009 1217 3312 1304 patriarcha
3335 1238 3569 1291 Alexan-

2008 1327 2153 1391 driae,
2188 1329 2278 1397 qui
2315 1328 2504 1397 viginti
2537 1326 2826 1382 constituit
2852 1320 3162 1396 episcopos.
3194 1327 3341 1382 Unus
3385 1339 3564 1383 autem

2007 1438 2067 1476 ex
2115 1421 2200 1473 his
2230 1420 2503 1490 episcopis
2531 1418 2754 1474 nomine
2779 1417 3102 1482 Eumenius,
3143 1420 3194 1472 in
3227 1421 3396 1490 legem
3430 1438 3571 1488 prae-

2008 1513 2280 1565 varicatus
2311 1519 2414 1565 est.
2445 1511 2580 1565 Cum
2634 1523 2813 1566 autem
2843 1510 2964 1580 ejus
3007 1511 3149 1564 fama
3185 1512 3251 1565 ad
3288 1511 3568 1567 ﬂerat-lam
3604 1514 3610 1520 ’

1950 1650 1960 1662 ,
2008 1604 2373 1670 patriarcham
2446 1603 2620 1656 delata
2681 1611 2846 1667 esset;
2904 1604 3257 1671 congregavit
3319 1603 3572 1659 llcraclas

2002 1697 2314 1765 "patriarcha
2360 1694 2622 1766 synodum
2658 1695 3058 1764 episcoporum,
3113 1698 3452 1765 perrexitqne
3505 1701 3571 1751 ad

2009 1787 2504 1848 urbem-Eumenii,
2535 1795 2590 1840 et
2635 1787 2752 1855 ejus
2791 1795 2934 1841 statu
2967 1787 3100 1842 satis
3133 1790 3370 1855 cognito,
3411 1800 3575 1855 atque

2010 1890 2296 1951 perspecto
2320 1879 2543 1948 negotio
2571 1879 2739 1940 illius,
2772 1894 2896 1931 eum
2929 1879 2993 1932 ad
3028 1881 3305 1933 veritatem
3338 1883 3570 1934 reduxit.

2009 1974 2165 2027 Plebs
2178 1987 2308 2026 vero
2322 1972 2554 2024 audiens
2566 1970 2850 2039 episcopos
2865 1969 3226 2036 patriarcham
3245 1971 3575 2036 appellantes

2011 2076 2238 2134 patrem,
2261 2064 2397 2118 dixit
2419 2067 2560 2132 apud
2580 2079 2671 2116 se:
2698 2062 2752 2116 Si
2779 2078 2876 2117 nos
2898 2062 3214 2131 episcopum
3242 2063 3578 2131 appellamus

2012 2168 2242 2228 patrem,
2271 2154 2653 2226 et‘epis’copus
2683 2157 3052 2224 patriarcham
3088 2167 3294 2226 patrem
3324 2158 3578 2224 appellat.

2012 2261 2246 2320 oportet,
2286 2261 2474 2305 nrnos
2505 2249 2873 2319 patriarcham
2910 2249 3248 2319 appellemus
3281 2264 3493 2314 papam,
3525 2249 3577 2301 iil

2013 2358 2093 2402 est
2113 2359 2426 2408 avum,cum
2447 2342 2538 2396 ille
2554 2343 2623 2396 sit
2645 2351 2799 2410 pater
2817 2350 3050 2410 patrum.
3067 2340 3377 2410 Appellatus
3397 2342 3580 2405 itaque

2014 2449 2098 2496 est
2121 2451 2152 2492 a
2179 2436 2372 2490 diebus
2398 2432 2636 2488 Heracles
2658 2432 2968 2501 patriarcha
2995 2433 3395 2488 Alexandrinus
3418 2451 3575 2501 papa,

2015 2529 2071 2586 id
2098 2537 2180 2585 est
2201 2521 2358 2582 a'vus.
2383 2525 2556 2580 Porro
2581 2523 2858 2579 llananias
2881 2524 3190 2594 patriarcha
3215 2525 3576 2586 Alexandria-,

2011 2622 2172 2677 quem
2221 2608 2583 2663 coastituerat
2617 2605 2834 2660 Marcus
2877 2607 3208 2674 evangelista
3259 2610 3308 2658 in
3358 2621 3418 2656 ea
3456 2608 3583 2658 sede

2011 2687 2402 2765 patriai-chain,
2441 2698 2778 2754 seditannos
2811 2698 3000 2768 viginti
3043 2700 3206 2762 duos,
3238 2708 3284 2751 et
3334 2709 3583 2749 mmtuus

2012 2798 2117 2846 est.
2161 2789 2376 2846 marcus
2407 2805 2538 2845 vero
2567 2784 2905 2859 evangelista
2940 2784 3198 2860 e‘gressus
3231 2798 3313 2842 est
3357 2787 3420 2840 ad
3458 2788 3585 2839 Bar-

2016 2896 2137 2937 eam
2166 2882 2418 2938 homines
2441 2867 2756 2938 convocans
2798 2881 2864 2936 ad
2897 2880 3054 2935 fidem
3096 2881 3148 2934 in
3190 2881 3462 2935 Christum
3502 2879 3588 2930 l-‘i.

2018 2974 2155 3027 lium
2187 2972 2304 3048 Dei.
2339 2973 2406 3027 Et
2439 2981 2690 3029 mortuus
2720 2981 2804 3029 est
2836 2971 3096 3028 Claudius
3127 2974 3313 3025 Caesar
3357 2975 3587 3038 impera-

2021 3074 2128 3133 tor,
2189 3067 2593 3136 imperavitque
2641 3075 2765 3137 post
2818 3066 2968 3120 illum
3040 3066 3184 3120 illius
3235 3066 3355 3132 (‘jtts
3407 3064 3581 3118 Ναί-οη

2015 3159 2199 3215 Caesar
2242 3157 2431 3215 Romae
2483 3159 2740 3226 tredecim
2773 3160 2954 3222 annis,
3005 3171 3059 3213 et
3107 3165 3193 3212 est
3231 3158 3460 3226 primus.
3493 3160 3585 3224 qui

331 3265 460 3304 "1m
495 3248 767 3318 Princeps:
800 3245 1147 3316 Evanselium
1175 3243 1336 3298 “arei
1363 3256 1528 3308 ’.ουῐη
1558 3239 1760 3304 Marco.
1797 3238 1903 3292 Ιίη-
1934 3256 1979 3318 C
2016 3253 2313 3307 concitavit
2363 3252 2418 3305 in
2460 3220 2811 3305 Chris‘tianos
2861 3241 3060 3304 malum
3083 3293 3098 3314 ,
3151 3258 3206 3302 et
3255 3250 3591 3317 persecutio-

332 3355 441 3411 ειη
483 3338 749 3403 Romana,
800 3338 856 3392 in
903 3337 1038 3392 urbe
1083 3334 1293 3398 Reum,
1353 3335 1448 3388 sed
1480 3330 1732 3386 attribuit
1773 3328 1907 3384 illud

336 3436 544 3489 Marco.
585 3432 759 3486 Etiam
801 3441 1044 3500 tempore
1090 3429 1252 3497 hujus
1294 3424 1639 3496 imperatoris
1684 3421 1908 3492 scripsit

333 3522 516 3579 Lucas
549 3520 903 3592 Evangelium
936 3535 1094 3576 suum
1119 3523 1294 3590 graece
1346 3515 1413 3571 ad
1461 3515 1636 3570 virum
1666 3513 1904 3589 nobilem

332 3629 406 3670 ex
445 3613 788 3684 sapientibus
843 3609 1128 3673 Romanis,
1174 3608 1260 3662 cui
1310 3621 1512 3668 nomen
1549 3603 1904 3673 Theophllus,

331 3705 410 3760 ad
452 3721 618 3776 quem.
651 3705 786 3783 item
817 3702 1038 3784 scripsit
1080 3701 1214 3755 Acta
1247 3715 1342 3784 seu
1370 3698 1792 3767 discipulorum,
1824 3694 1908 3756 hi-,

333 3798 587 3853 storiam.
620 3783 954 3853 Eratautem
979 3792 1152 3846 Lucas
1188 3783 1522 3859 evangelista
1544 3803 1728 3844 comes
1756 3784 1906 3839 Pauli

335 3891 591 3961 apostoli,
620 3904 851 3958 quocum
896 3902 992 3956 per
1022 3897 1233 3954 tempus
1267 3883 1486 3954 aliquod
1515 3882 1735 3937 mansit.
1757 3874 1909 3935 Unde

331 3991 425 4037 est
445 3981 585 4050 quod
614 3978 812 4032 Paulus
859 3976 1138 4045 apostolus
1183 3976 1238 4029 iu
1274 3975 1507 4044 quadam
1539 3971 1777 4041 Epistola
1810 3967 1907 4024 sua

336 4074 478 4128 dicit
505 4091 518 4125 :
544 4070 711 4124 Lucas
735 4069 964 4122 medicus
1010 4082 1096 4121 vos
1126 4065 1350 4119 salutat.

339 4163 678 4220 Preheusum
721 4175 850 4214 vero
886 4160 1106 4214 Petrum
1134 4156 1277 4212 Nero
1307 4148 1680 4213 Caesar’eruei
1716 4148 1905 4222 diligit,

308 4266 571 4328 _corpore
615 4252 826 4305 scilicet
865 4249 1106 4314 inverso,
1136 4255 1302 4316 atque
1338 4247 1410 4299 ita
1444 4252 1620 4297 morte
1668 4259 1790 4298 eum
1821 4241 1904 4296 af-

338 4342 496 4397 fecit.
530 4341 665 4395 Nam
703 4349 757 4394 et
795 4339 1009 4394 dixerat
1053 4339 1102 4393 ei
1164 4339 1407 4400 Petrus:
1460 4335 1514 4390 Si
1567 4333 1651 4389 vis
1704 4345 1761 4388 ut
1809 4347 1909 4403 ego

301 4435 492 4488 cruci
542 4433 746 4502 alligar,
790 4422 1016 4500 corpore
1049 4446 1135 4483 me
1179 4428 1398 4500 inverso
1445 4427 1598 4496 allige
1631 4425 1806 4492 cruci,
1842 4442 1907 4480 ne

337 4541 498 4592 mors
548 4525 679 4579 mihi
722 4523 929 4578 inﬂicta
976 4522 1175 4576 similis
1213 4523 1282 4575 sit
1326 4521 1374 4574 ei
1406 4536 1526 4588 quae
1562 4518 1909 4588 inlligebatur

1425 4061 1671 4132 (ϐρίθει,
1688 4078 1761 4122 Iv,
1798 4061 1919 4130 ﬂ.)

2019 3357 2163 3397 nem.
2202 3343 2339 3396 Erat
2363 3344 2564 3413 quippe
2594 3343 2757 3395 homo
2795 3342 3066 3410 pessimus
3128 3356 3193 3394 ac
3239 3341 3587 3410 improbissio

2018 3434 2122 3489 mis
2182 3436 2450 3489 moribus.
2501 3432 2768 3503 Tempore
2820 3424 3000 3486 auteni
3062 3432 3296 3488 Neronis
3351 3434 3588 3487 Caesaris

2019 3526 2241 3595 scripsit
2275 3524 2472 3579 Petrus
2505 3525 2882 3594 apostolorum
2916 3524 3172 3594 princeps
3230 3525 3579 3592 Evangeliuni

2017 3618 2208 3684 Marci,
2265 3616 2451 3672 Marco
2474 3617 2799 3686 excipiente,
2832 3603 3028 3686 lingua.
3061 3615 3305 3669 Romana
3359 3616 3410 3679 in
3453 3617 3587 3668 urbe

2009 3709 2229 3778 Roma',
2260 3716 2315 3765 et
2348 3708 2595 3762 attribuit
2626 3707 2755 3760 illud
2785 3705 2988 3761 Marco.
3022 3705 3198 3775 llujus
3224 3721 3444 3775 quoque
3485 3706 3586 3758 im-

2017 3801 2284 3869 peratoris
2310 3807 2556 3868 tempore
2586 3797 2810 3866 scripsit
2844 3797 3194 3867 Evangelium
3222 3812 3382 3850 suum
3414 3795 3587 3848 hui-as

2003 3890 2204 3946 Graeca
2249 3890 2432 3960 lingua
2464 3889 2530 3944 ad
2561 3889 2735 3943 virum
2776 3887 3063 3958 quemdam
3102 3888 3340 3942 nobilem
3391 3888 3458 3942 de
3501 3901 3593 3940 sm-

2021 3982 2299 4052 pientibus
2360 3979 2757 4043 Romanorum,
2817 3980 2905 4035 cui
2973 3994 3170 4034 nomen
3229 3978 3585 4047 TheOphilus.

2018 4074 2298 4143 Inscripsit
2346 4073 2522 4127 eidem
2555 4079 2816 4143 praeterea
2877 4073 3029 4139 Acta,
3085 4087 3206 4139 qua:
3256 4081 3385 4125 sunt
3423 4071 3590 4125 histo-

2018 4166 2112 4219 ria:
2161 4153 2583 4233 discipulorum.
2625 4162 2812 4217 Lucas
2850 4164 3048 4233 quippe
3098 4162 3321 4216 Paulum
3379 4174 3592 4231 aposto-

2018 4256 2128 4308 lum
2159 4256 2454 4310 comitatus
2495 4263 2629 4318 erat,
2656 4269 2720 4307 ac
2755 4268 2849 4322 per
2877 4253 3091 4321 aliquod
3122 4262 3335 4320 tempus
3376 4269 3591 4307 manse-

2019 4354 2103 4398 rat
2140 4358 2263 4398 cuin
2316 4343 2466 4408 illo;'
2500 4358 2622 4396 nam
2679 4342 2882 4396 Paulus
2936 4342 3216 4410 apostolus
3259 4341 3310 4394 in
3353 4342 3585 4410 quadam

2021 4450 2119 4488 sua
2170 4433 2401 4504 epistola
2454 4432 2638 4488 dicit:
2703 4431 2872 4489 Lucas
2935 4433 3165 4484 medicus
3218 4447 3305 4483 vos
3366 4433 3590 4487 salutat.

2019 4525 2165 4582 Nero
2188 4535 2369 4599 autem
2408 4523 2594 4580 Caesar
2623 4533 2842 4594 captum
2876 4524 3095 4578 Petrum
3127 4524 3276 4577 cruci
3314 4523 3478 4574 allixit
3507 4524 3589 4573 in-

338 4617 576 4670 Domino
608 4632 726 4671 meo
755 4616 996 4679 Christo,
1022 4615 1111 4682 qui
1142 4611 1290 4665 cruci
1319 4609 1513 4663 aﬂixus
1541 4619 1648 4672 est,
1680 4622 1903 4676 corpore

2017 4634 2264 4682 versum,
2291 4629 2453 4686 atque
2475 4617 2626 4669 illum
2647 4616 2849 4671 occidit
2873 4616 3040 4683 ,jquia
3062 4616 3267 4668 dixerat
3291 4615 3337 4667 ei
3363 4615 3585 4667 Petrus:

296 4718 548 4764 .eiecto.
601 4705 705 4761 Sed
771 4706 946 4777 gladio
1011 4703 1312 4757 trucidavit
1373 4700 1623 4756 Paulum.
1676 4698 1909 4752 Occisus

336 4808 526 4853 autent
566 4809 650 4853 est
703 4797 899 4852 Petrus
946 4796 1048 4850 sub
1097 4811 1301 4848 annum
1340 4794 1411 4846 22
1457 4804 1576 4861 post
1615 4792 1902 4844 Dominum

336 4903 586 4945 nostrum
622 4889 923 4944 Christum.
959 4888 1088 4941 Erat
1122 4901 1249 4940 vero
1283 4895 1404 4954 post
1432 4883 1651 4938 Petrum
1678 4924 1692 4948 ,
1739 4873 1908 4935 Linus

339 4983 655 5051 patriarcha
687 4979 893 5041 Romae,
931 4993 1039 5047 qua
1071 4977 1288 5032 furrctus
1326 4977 1591 5046 dignitate
1621 4975 1690 5027 12
1731 4987 1909 5026 annos

333 5076 497 5129 obiit.
537 5073 600 5127 Et
636 5074 720 5125 hic
745 5072 951 5141 primus
983 5077 1099 5123 erat
1127 5069 1440 5137 patriarcha
1476 5069 1777 5122 Romanus.
1811 5066 1907 5118 At—

335 5181 450 5235 que
499 5174 617 5219 erat
653 5163 865 5216 Marcus
900 5160 1176 5230 Evangelii
1213 5171 1428 5223 auctor,
1480 5160 1536 5212 in
1579 5157 1906 5212 Alexandria

334 5269 396 5312 ct
440 5256 606 5309 Barca
643 5257 725 5325 (ut
767 5254 979 5308 scilicet
1011 5261 1411 5320 propagaretur
1467 5251 1608 5318 apud
1654 5251 1906 5303 homines

335 5350 549 5404 ﬁdes-in
571 5348 849 5402 Christum
873 5344 1068 5398 Filium
1099 5343 1215 5413 Dei)
1240 5344 1398 5397 annis
1419 5352 1654 5412 septem.
1679 5340 1744 5392 Et
1765 5355 1908 5392 anno

336 5439 554 5508 imperii
601 5439 831 5492 Neronis
865 5437 1094 5492 Caesaris
1131 5437 1242 5504 jam
1296 5436 1425 5488 dicti
1468 5437 1643 5503 primo
1683 5435 1904 5488 occisus

331 5537 422 5581 cst
476 5528 687 5594 Marcus
739 5509 1100 5590 Alexandriae,
1158 5539 1210 5580 et
1261 5543 1460 5581 cornus
1499 5527 1614 5593 ejus
1664 5526 1786 5594 igne
1822 5534 1903 5577 est

333 5623 665 5672 crematum.

665 5919 930 5977 PATROL.
973 5918 1086 5977 Gn.
1119 5919 1259 5979 CXI.

2020 4711 2074 4766 Si
2111 4712 2192 4765 vis
2221 4726 2306 4764 me
2329 4709 2480 4763 cruci
2526 4707 3011 4777 adigere-quaso,
3053 4701 3256 4775 alligito
3283 4720 3368 4758 me
3411 4706 3591 4756 inver-

2021 4819 2161 4864 sum,
2218 4818 2287 4856 ne
2333 4801 2536 4856 similis
2583 4799 2707 4852 liam
2759 4799 2993 4851 Domino
3038 4815 3155 4850 tneo
3188 4799 3442 4857 Christo,
3498 4799 3587 4864 qui

2022 4902 2201 4948 rectus
2246 4895 2394 4946 cruci
2444 4892 2636 4944 aﬂixus
2672 4900 2772 4944 est.
2815 4891 2964 4942 Pauli
3016 4907 3144 4944 vero
3183 4891 3381 4943 enllum
3413 4892 3588 4958 gladio

2019 4986 2334 5040 trucidavit.
2368 4986 2596 5038 Occisus
2630 4995 2812 5036 autem
2862 4993 2944 5036 est
2997 4982 3191 5036 Petrus
3228 4984 3410 5049 viganti
3458 4984 3591 5031 duo-

2019 5080 2120 5130 bus
2167 5077 2368 5144 elapsis
2433 5085 2555 5143 post
2608 5075 2889 5128 Christum
2936 5073 3219 5125 Dominum
3281 5075 3475 5135 anuis;
3540 5081 3592 5122 i-t

2019 5169 2285 5224 sulIectus
2343 5179 2425 5222 cst
2474 5167 2633 5220 Petro
2697 5167 2863 5220 Linus
2911 5166 3218 5233 patriarcha
3271 5161 3474 5227 iionnc,
3508 5178 3590 5216 sc-

2018 5261 2205 5328 ditque
2264 5262 2422 5313 annis
2485 5257 2790 5320 duodecim,
2834 5267 3180 5310 ctmorluus
3227 5265 3333 5317 cst,
3387 5264 3439 5307 ct
3496 5255 3592 5304 luit

2023 5352 2248 5416 primus,
2286 5351 2378 5419 qui
2412 5349 2596 5402 Roma:
2625 5348 2934 5417 patriarcha
2965 5346 3228 5400 sull'cctus
3251 5357 3353 5398 est.
3379 5345 3592 5397 Marcus

2020 5453 2198 5493 autem
2247 5449 2460 5515 auctor
2514 5440 2791 5506 Evangelii
2858 5447 2979 5491 erat
3034 5439 3084 5489 in
3146 5437 3466 5489 Alexandria
3541 5447 3593 5488 t-l

2020 5535 2213 5596 Barca,
2246 5547 2553 5586 convocans
2611 5531 2857 5590 homines
2908 5530 2970 5581 ad
3021 5530 3176 5582 Iidem
3225 5530 3274 5578 in
3312 5529 3588 5579 Christum

2020 5624 2215 5675 Filium
2271 5622 2361 5674 Dei
2421 5637 2513 5688 per
2544 5621 2780 5687 spatium
2840 5636 3100 5671 annortnn
3148 5629 3376 5685 Septem.
3440 5620 3590 5668 Anno

2009 5729 2187 5769 autem
2220 5716 2391 5782 primo
2417 5713 2576 5780 hujus
2597 5711 2825 5765 Neronis
2846 5714 3075 5764 (izesaris
3109 5713 3321 5766 occisus
3350 5720 3424 5761 est
3456 5709 3590 5758 Mar-

2011 5819 2105 5862 clts
2132 5806 2573 5866 Alexamlt'iunct
2609 5819 2804 5872 corpus
2838 5807 2951 5873 ejus
2986 5807 3102 5871 igne
3127 5813 3420 5857 crematum
3458 5809 3553 5852 ρει.

3190 5917 3262 5973 29
