4038 6468
243 336 354 389 909

1657 331 2011 391 ANNALES.

3342 327 3444 388 9l0

242 460 326 494 rl'l
356 458 370 505 ',
403 444 496 495 sed
527 442 638 510 ipsa
676 441 960 495 constituit
997 441 1277 507 perSpicua
1314 450 1361 492 et
1389 437 1670 491 manifesta
1699 454 1795 504 po-
1823 439 1870 500 Α
1902 443 2039 494 ittlt'l'
2065 458 2119 495 su
2143 442 2450 508 αἱςςοτυιιωιι
2491 440 2734 492 homines
2756 441 2816 504 in
2853 441 3074 493 historia
3105 480 3127 511 ,ἱ
3151 440 3292 507 quod
3347 455 3443 488 au-

243 533 416 603 pulis,
446 526 550 587 non
581 535 834 586 obstante
866 532 1141 586 nationum
1173 540 1224 585 et
1255 531 1532 600 regionum
1586 529 1794 583 discre-

242 629 465 697 pantia,
517 639 571 679 et
615 626 895 679 scientiam
945 624 1146 677 claram
1208 623 1460 676 onmilms
1512 621 1793 690 gentibus,

239 717 640 787 quantumlibet.
673 730 921 768 sermone
949 723 1000 768 et
1034 714 1281 767 dialectis
1329 713 1555 766 invicem
1603 712 1794 766 distin-

246 811 380 874 ctis,
417 824 512 878 per
550 806 937 861 revelationem
986 806 1264 874 prophetis
1298 804 1415 858 suis
1452 811 1504 856 et
1543 805 1798 871 apostolis

241 901 482 973 [factam
510 897 529 969 ]
558 906 612 950 et
645 912 763 972 qum
798 896 944 949 misit
975 896 1040 948 ad
1076 897 1222 963 ipsos
1248 896 1506 948 miracula
1535 895 1799 964 signaque

238 989 524 1046 tremenda
567 990 631 1043 ad
664 989 867 1042 cultum
901 986 1058 1042 suum
1097 988 1370 1050 in‘vitans;
1411 995 1460 1040 et
1505 987 1796 1053 benignum

237 1093 520 1150 aspectum
547 1081 594 1134 ei
627 1079 718 1148 qui
753 1079 852 1148 ipsi
890 1079 1182 1132 crediderit
1215 1080 1528 1147 promittens
1551 1122 1565 1145 ,
1593 1079 1795 1133 exitum

240 1188 376 1226 vero
416 1172 710 1239 pessimum
741 1171 819 1233 ei,
853 1170 944 1236 qui
980 1171 1045 1223 ab
1071 1171 1188 1238 ipso
1214 1185 1272 1222 se
1306 1171 1559 1223 averterit
1592 1170 1794 1238 ipsum-

236 1277 350 1328 que
404 1259 724 1328 negaverit,
783 1258 1040 1312 minatus.
1078 1255 1473 1326 [Celebretur,
1534 1253 1797 1324 inquam]

238 1349 404 1402 laude
461 1362 582 1416 quae
610 1344 868 1415 majorem
903 1347 1078 1414 ipsius
1107 1344 1516 1398 beneficentiam
1546 1351 1799 1411 provocet

235 1451 601 1493 rtaccessum
632 1439 694 1492 ad
726 1437 900 1507 ipsum
948 1443 1196 1506 praestet.
1244 1435 1424 1503 Ipsum
1473 1449 1602 1503 rogo
1631 1478 1644 1497 ,
1697 1435 1799 1503 ipsi

240 1532 498 1598 supplico
523 1570 537 1593 ,
574 1541 660 1610 ut.
689 1532 934 1583 sinceras
989 1527 1178 1580 reddat
1208 1525 1537 1579 intentiones
1586 1533 1801 1580 nostras

234 1625 300 1678 ad
337 1604 777 1692 amplectendam
814 1622 956 1690 quod
992 1621 1092 1689 ipsi
1123 1604 1333 1690 gratum
1362 1619 1452 1683 sit,
1485 1627 1539 1672 et
1577 1632 1804 1672 conver-

235 1727 313 1767 tat
338 1717 556 1769 intimos
580 1711 802 1766 allectus
826 1722 1040 1767 nostros
1058 1710 1122 1763 ad
1156 1709 1287 1764 illud
1312 1709 1455 1779 quod
1476 1709 1797 1778 obsequium
1836 1759 1856 1779 ί

233 1808 338 1875 ipsi
366 1805 733 1874 pnestandum
774 1789 1115 1872 promoveat,
1137 1811 1188 1856 et
1211 1802 1473 1871 Consequi
1507 1816 1606 1856 nos
1640 1801 1800 1855 faciat
1835 1773 1873 1828 Β

232 1898 469 1967 gradum
498 1897 599 1950 sibi
632 1887 1021 1965 propinquum.

310 1987 440 2042 Haec
470 1987 751 2042 hactenus.
776 1987 1098 2055 Quicunque
1129 2000 1237 2040 non
1271 1986 1522 2041 habuerit
1548 1987 1796 2042 notitiam

231 2077 578 2133 fundamenti
616 2077 848 2147 alicujus
878 2076 1160 2140 scientiae,
1213 2075 1281 2130 de
1328 2089 1435 2144 qua
1496 2090 1798 2132 sermonem

232 2171 529 2225 instituere
562 2169 710 2234 velit,
756 2157 815 2220 ut
845 2166 971 2222 inde
1005 2165 1238 2221 deducat
1285 2180 1428 2235 quas
1477 2165 1580 2235 ipsi
1624 2167 1798 2220 visum

233 2261 408 2316 fuerit
457 2243 919 2328 consequentias,
971 2271 1202 2326 quarum
1253 2257 1414 2310 etiam
1464 2257 1800 2326 cognitioni,

229 2352 433 2423 9-11
490 2365 612 2403 cum
660 2349 731 2404 sit
779 2362 1019 2418 propago
1071 2347 1310 2415 ejusdem
1366 2347 1650 2410 scientiae,
1692 2363 1824 2410 non,

233 2443 432 2496 subest
457 2439 602 2493 aliud
628 2438 849 2508 aliquod
877 2438 1291 2508 fundamentum
1313 2439 1379 2491 ad
1403 2437 1547 2508 quod
1570 2437 1802 2493 subinde

230 2543 577 2596 recurralur,
611 2541 771 2588 erunt
803 2547 985 2588 sermo
1003 2541 1055 2586 et
1085 2534 1225 2587 ratio
1249 2532 1605 2593 concludendi
1626 2531 1798 2601 ipsius

231 2642 378 2681 vana
417 2635 469 2680 et
506 2625 701 2690 futilis,
733 2627 994 2694 laborque
1021 2635 1073 2680 et
1108 2624 1350 2680 studium
1402 2625 1450 2677 ei
1483 2625 1560 2678 rei
1593 2624 1800 2692 impen-

234 2732 360 2773 sum
393 2721 699 2784 frustranea
727 2727 783 2771 et
812 2717 1062 2772 ridicula.
1094 2715 1360 2771 Parabola
1394 2724 1574 2769 autem
1594 2754 1608 2779 ,
1635 2730 1797 2784 quam

234 2810 412 2879 edidit
437 2810 698 2862 Dominus
722 2816 776 2862 et
803 2808 1059 2861 Servatur
1092 2816 1277 2862 noster
1302 2807 1352 2859 in
1383 2807 1676 2875 Evangelio
1699 2822 1799 2859 suo

236 2910 454 2964 sancto,
489 2899 676 2953 dicens
711 2918 724 2952 :
758 2898 818 2952 Si
840 2900 953 2967 quis
983 2900 1197 2952 domum
1228 2914 1376 2951 suam
1406 2913 1798 2965 super-arenam

235 2994 494 3048 struxerit
525 2992 603 3045 te!
643 2993 981 3045 tenuissimus
1019 2998 1196 3044 ventus
1245 2992 1597 3059 pertrauaiem
1630 2990 1797 3058 ipsam

233 3083 470 3152 dejiciet‘,
504 3092 552 3135 et
621 3084 868 3135 minimus
918 3098 1068 3152 aqua:
1121 3091 1324 3134 torrens
1387 3082 1556 3147 ipsam
1605 3074 1802 3143 diruet;

250 3174 396 3241 quod
455 3176 501 3225 si
549 3187 664 3224 eam
722 3187 876 3240 super
934 3183 1134 3239 petram
1184 3156 1546 3237 wdiﬁcaverit,
1578 3185 1801 3238 neqnoa

237 3264 409 3317 ventis
432 3262 609 3330 dejici,
661 3275 824 3330 neque
869 3277 901 3314 a
963 3269 1196 3314 torrente
1236 3261 1464 3313 subverti
1509 3261 1698 3328 poterit
1751 3265 1802 3323 ',

238 3353 428 3422 regula
453 3361 537 3406 est
564 3359 617 3405 et
650 3351 954 3419 exemplum
989 3349 1333 3420 intelligenti.
1376 3348 1635 3419 Quisquis
1656 3349 1800 3403 enim

247 3443 472 3498 locutus
504 3442 669 3495 fuerit
702 3443 767 3496 de
791 3440 969 3510 aliqua
999 3440 1226 3494 scientia
1287 3441 1405 3494 sine
1453 3441 1802 3496 fundamento

239 3533 308 3587 ad
337 3534 482 3602 quod
521 3531 777 3600 respiciat
835 3532 1032 3600 cuique
1062 3530 1325 3584 innitatur
1352 3570 1365 3592 ,
1401 3529 1581 3584 subito
1625 3529 1806 3584 incas-

238 3640 366 3678 sum
403 3625 579 3690 cedet,
610 3633 663 3678 et
686 3639 852 3693 quam
890 3623 1156 3678 citissime
1176 3620 1410 3687 deficiet,
1437 3625 1605 3676 instar
1632 3621 1801 3675 acditi-

239 3717 424 3771 cantis
452 3721 668 3771 domum
696 3731 848 3772 suam
885 3718 1056 3785 super
1091 3723 1353 3780 arenam;
1381 3724 1434 3768 at
1474 3715 1518 3768 si
1565 3716 1688 3783 quis
1736 3713 1803 3767 de

239 3807 471 3864 scientia
508 3809 726 3876 aliqua,
786 3808 1102 3877 percognito
1160 3807 1313 3875 prius
1379 3807 1552 3874 ipsius
1605 3806 1800 3860 funda-

244 3911 452 3963 mento,
486 3900 757 3968 loquatur,
797 3898 1011 3956 futurus
1046 3906 1129 3953 est
1157 3913 1334 3952 sermo
1373 3897 1546 3964 ipsius
1599 3910 1757 3951 verus
1783 3935 1798 3959 ,

245 3991 551 4046 luculentus
577 4028 592 4052 ,
649 3991 966 4060 perspicuus
987 4030 1000 4053 ,
1048 3991 1237 4042 firmus
1259 4027 1274 4051 ,
1299 3988 1560 4057 quoniam
1589 3988 1802 4041 locutus

242 4094 329 4139 est
357 4083 635 4138 substrato
665 4081 1038 4144 fundamento,
1077 4080 1222 4148 quod
1261 4079 1557 4148 respiciat,
1604 4080 1805 4146 cuique

247 4177 536 4239 innitatur,
568 4185 626 4227 ut
662 4188 785 4226 cum
822 4171 948 4240 quis
978 4170 1199 4224 domum
1239 4184 1393 4223 suam
1422 4177 1589 4238 petra:
1609 4184 1803 4238 super-

245 4266 526 4321 struxerit.
559 4264 725 4317 Porro
782 4263 835 4316 in
881 4263 1022 4316 hanc
1071 4251 1396 4316 sententiam
1439 4261 1605 4314 multa
1656 4260 1804 4314 dixe-

249 4369 374 4411 runt
404 4358 552 4410 Plato
576 4365 630 4410 et
657 4356 975 4409 Aristoteles
1013 4355 1067 4407 in
1102 4353 1255 4408 libris
1287 4352 1611 4414 dialecticis,
1652 4352 1803 4410 aliis-

1902 543 2007 586 tem
2036 532 2164 584 mihi
2194 533 2376 586 hacin
2402 547 2461 585 re
2520 541 2640 599 post
2671 531 3100 599 disquisitionem
3149 532 3359 600 longam
3393 543 3445 583 rt

1899 624 2140 677 laborem
2174 624 2427 686 multum,
2460 635 2799 692 compertum
2834 631 2917 676 est
2939 663 2953 685 ,
2991 622 3119 674 illud
3168 634 3248 676 est
3300 626 3442 690 quod

1898 729 1960 766 ex
1999 713 2064 767 iis
2113 729 2231 780 qure
2256 713 2306 766 in
2340 713 2455 783 lege
2492 714 2816 782 ueterisque
2847 711 3161 765 indubitata:
3213 712 3331 766 fidei
3382 715 3446 764 li-

1897 804 2012 856 bris
2038 803 2362 867 exltibitum,
2392 804 2916 873 explicatiouejusta
2943 809 2997 856 et
3023 802 3309 856 sufficienti
3349 811 3462 856 cx-’

1901 880 2203 966 plicaturus
2227 911 2367 960 sum,
2405 896 2673 965 adiunctis
2704 898 2751 951 ei
2797 895 3206 948 narrationibus
3235 894 3448 948 succiu-
3474 937 3485 940 -

1902 988 2028 1050 etis,
2063 986 2492 1053 compendiosis,
2525 1001 2632 1055 quo
2668 988 2738 1040 sit
2763 987 2859 1040 tibi
2888 986 3141 1039 liberiste
3171 1001 3324 1040 meus
3355 980 3454 1052 per

1902 1095 1962 1135 se
1987 1079 2287 1145 sufficiens,
2325 1078 2599 1147 faciatque
2658 1096 2723 1132 ne
2777 1095 2914 1146 opus
2968 1081 3039 1132 sit
3088 1081 3153 1132 ad
3205 1081 3453 1148 quemvis

1902 1169 2092 1232 alium,
2129 1169 2204 1220 rei
2239 1165 2474 1236 alicujus
2513 1169 2564 1220 in
2593 1167 2818 1221 historia
2841 1164 3230 1237 cognoscenda:
3259 1171 3453 1238 gratia,

1902 1276 2202 1315 recurrere.
2246 1260 2586 1328 Pmpositum
2617 1270 2798 1328 autem
2854 1268 2936 1315 est
2964 1261 3130 1314 ordiri
3159 1262 3227 1315 ab
3250 1262 3406 1315 initio
3440 1302 3455 1324 ,

1903 1369 2009 1421 quo
2045 1356 2184 1406 Deus
2215 1353 2478 1404 Adatuum
2510 1351 2751 1405 condidit
2785 1366 2954 1416 usque
2986 1352 3050 1403 ad
3111 1361 3318 1418 tempus
3354 1354 3453 1403 huc

1905 1444 2173 1506 nostrum,
2201 1456 2261 1497 ut
2284 1447 2356 1497 sit
2389 1444 2508 1512 ejus
2534 1444 2773 1511 cognitio
2803 1443 2896 1496 tibi
2931 1443 3235 1495 manifesta.
3259 1442 3313 1494 lu
3350 1444 3454 1494 ltro

1906 1544 2084 1589 autem
2114 1543 2195 1588 est
2227 1525 2488 1588 auxilium
2524 1543 2578 1587 et
2613 1533 2755 1587 vires
2778 1541 2830 1586 et
2865 1534 3124 1601 potentia,
3150 1548 3270 1598 quae
3299 1547 3454 1600 opem

1906 1625 2064 1680 nobis
2095 1625 2270 1679 ferant
2303 1624 2367 1676 ad
2399 1625 2579 1677 omnia
2612 1641 2730 1692 qua:
2750 1612 3065 1692 quzeruntur
3087 1625 3454 1692 percipienda.

1906 1726 1958 1771 et
1983 1718 2212 1771 directio
2240 1717 2307 1770 ad
2338 1716 2640 1783 illudpquo
2674 1725 3062 1784 prosperentur
3106 1731 3192 1770 res
3234 1725 3454 1777 nostrar,

1902 1809 2225 1878 obsequium
2260 1809 2361 1877 ipsi
2389 1807 2754 1877 praestandum
2783 1816 2835 1860 et
2861 1806 3254 1874 beneplacitum
3283 1807 3454 1872 ἱρείης

1900 1900 2330 1968 adimplendum,
2360 1915 2479 1954 cum
2513 1901 2627 1968 ipse
2657 1901 2728 1952 sit
2754 1898 3123 1967 omnipotens.
3153 1898 3296 1952 Laus
3330 1913 3455 1967 ergo

1901 1991 2034 2052 Deo,
2067 1993 2293 2044 Domino
2319 2001 2720 2045 creaturarum.

1974 2081 2213 2153 13-15
2235 2083 2449 2136 Creavit
2493 2082 2656 2148 Deus,
2680 2083 3106 2151 potentissimus,
3135 2081 3458 2149 gloriosissi-
3491 2129 3494 2132 .

1901 2189 2045 2235 mus,
2076 2171 2334 2238 mundum
2383 2189 2504 2227 cum
2562 2174 2629 2229 iis
2655 2190 2778 2252 qua:
2813 2175 2866 2228 in
2916 2189 2981 2228 eo
3025 2181 3172 2239 sunt,
3207 2189 3305 2229 ncc
3353 2189 3456 2226 non

1900 2266 2164 2320 Adamum
2196 2276 2246 2319 et
2284 2264 2471 2329 Evam,
2499 2278 2592 2320 sex
2625 2267 2842 2320 diebus.
2885 2264 3114 2318 Creatus
3155 2273 3238 2317 c‘st
3277 2275 3455 2318 autem

1901 2357 2186 2411 Adanrdie
2221 2366 2397 2418 sexto,
2445 2357 2830 2424 benedixitqne
2879 2356 3018 2411 Deus
3061 2356 3168 2409 diei
3205 2357 3457 2424 septimo,

1900 2446 2156 2514 quoniam
2214 2448 2265 2499 in
2317 2461 2382 2501 eo
2441 2461 2577 2515 Opus
2629 2446 2917 2500 creationis
2947 2446 3194 2498 absolvit.
3253 2446 3458 2497 Adamo

1890 2547 2077 2591 autem
2107 2546 2160 2590 et
2195 2543 2315 2590 lava:
2353 2539 2406 2590 in
2459 2536 2767 2605 paradisum
2813 2536 3141 2589 intromissis
3185 2537 3457 2603 prmccpit,

1902 2637 1960 2681 ut
1987 2628 2052 2683 de
2083 2615 2342 2684 omnibus
2374 2628 2660 2681 arboribus
2687 2627 3076 2683 ‘comedcrent.
3121 2633 3338 2698 excepta
3370 2642 3458 2676 ar-

1903 2719 2034 2772 bore
2062 2719 2321 2781 scieutim,
2366 2719 2433 2771 de
2467 2733 2527 2770 ea
2567 2732 2690 2772 vero
2715 2733 2782 2771 ne
2807 2718 3168 2771 cumetlrrent.
3198 2714 3460 2770 Tentante

1901 2817 2078 2862 autem
2111 2811 2278 2863 Evam
2306 2809 2540 2873 diabolo,
2591 2820 2931 2876 transgressa
2975 2818 3055 2862 est
3105 2808 3192 2860 illa
3238 2807 3460 2859 manda-

1900 2910 2014 2954 tum
2049 2901 2159 2973 Dei,
2182 2913 2235 2956 et
2271 2902 2507 2956 comedit
2540 2902 2603 2954 de
2654 2902 2849 2954 arbore
2912 2901 3034 2964 ista,
3080 2915 3141 2953 ac
3173 2901 3460 2953 comeden-

1901 2990 2028 3045 dum
2063 2992 2130 3045 de
2159 3005 2220 3044 ea
2246 2993 2472 3061 praebuit
2503 2990 2730 3043 Adamn.
2769 2990 2902 3044 Cum
2933 3005 3061 3060 ergo
3086 2991 3139 3044 in
3171 2987 3474 3049 Dominum-

1828 3102 1870 3158 ο
1905 3099 2063 3138 suum
2104 3083 2481 3146 rebellassent,
2511 3072 2718 3152 expulit
2745 3083 2890 3152 ipsos
2914 3097 2944 3138 e
3007 3083 3280 3151 paradiso,
3328 3076 3458 3135 ho'ra

1901 3189 2044 3228 nona
2069 3174 2174 3227 diei
2207 3173 2447 3235 Veneris,
2491 3175 2544 3228 in
2571 3175 2858 3242 qucunlam
2886 3191 2915 3228 e
2958 3175 3234 3229 montibus
3277 3173 3457 3239 ιιιάἱιιι,

1902 3266 2301 3334 cellocatosqne
2351 3266 2402 3317 in
2441 3276 2584 3317 terra
2638 3265 2803 3334 jussit
2854 3266 3095 3320 sobolem
3151 3282 3456 3333 procreare,

1901 3373 2008 3426 quo
2067 3358 2576 3427 multiplicarentur,
2615 3369 2666 3411 et
2714 3358 2998 3424 implerent
3043 3341 3265 3409 terram.
3312 3355 3459 3410 Conu

1902 3461 2126 3518 gressus
2157 3462 2284 3516 ergo
2314 3457 2396 3502 est
2445 3446 2617 3500 Adam
2654 3462 2773 3499 cum
2809 3446 2936 3508 Eva,
2969 3461 3107 3513 quae,
3147 3461 3267 3497 cum
3315 3433 3462 3499 cmi-

1903 3521 2153 3607 cepisset,
2179 3542 2386 3607 peperit
2419 3553 2646 3606 puerum
2673 3547 2726 3590 et
2780 3536 3044 3604 puellam;
3085 3523 3317 3605 puerum
3368 3552 3463 3605 ap-

1902 3626 2302 3696 pellavitKain,
2335 3627 2566 3695 puellam
2603 3628 2804 3680 Aztun.
2843 3625 2980 3679 Tum
3026 3641 3230 3679 rursus
3283 3628 3464 3679 conci-

1906 3721 2086 3789 piente
2114 3718 2243 3782 Eva,
2281 3735 2344 3772 ac
2398 3733 2621 3786 puerqu
2674 3729 2725 3772 et
2778 3707 3008 3786 puellam
3065 3720 3246 3780 enixa,
3294 3734 3463 3786 puero

1903 3826 2095 3864 nomen
2147 3811 2402 3878 imposuit
2448 3811 2601 3873 Abel,
2634 3812 2825 3878 puellae
2866 3809 3077 3874 Owain,
3114 3824 3236 3877 quat
3280 3807 3463 3863 Graece

1904 3884 2177 3967 Laphura.
2227 3899 2474 3967 Cumque
2525 3898 2635 3965 jam
2682 3888 3048 3966 provectiores
3101 3897 3227 3951 facti
3281 3907 3463 3952 essent

1905 3991 2079 4056 pueri,
2120 3991 2455 4045 dixit'Adam
2491 3990 2652 4042 Erat:
2693 3987 2862 4042 Ducat
2903 3991 3044 4041 Kain
3092 3986 3298 4051 Owain,
3346 4004 3466 4056 qua:

1906 4103 2010 4139 una
2049 4101 2170 4140 cum
2195 4087 2361 4140 Abele
2399 4095 2517 4138 nata
2550 4093 2655 4148 ost,
2691 4085 2827 4138 Abel
2872 4094 3054 4137 autem
3089 4085 3295 4146 Azrun,
3345 4098 3465 4152 qua:

1907 4194 2027 4231 cum
2077 4176 2249 4230 Kaino
2306 4188 2452 4229 nata.
2502 4175 2640 4229 Dixit
2691 4185 2868 4228 autem
2915 4174 3051 4228 Kain
3098 4175 3254 4227 matri
3286 4190 3445 4227 sum:

1912 4266 2118 4322 Ducam
2151 4283 2250 4335 ego
2272 4281 2513 4320 sororem
2553 4281 2748 4329 meam,
2779 4275 2833 4319 et
2867 4261 3183 4317 ducat'Abel
3221 4278 3463 4316 sororem

1911 4371 2080 4410 suam.
2123 4357 2330 4426 Quippe
2363 4357 2644 4426 pulchrior
2677 4365 2790 4408 erat
2820 4356 2999 4407 Azrun
3035 4354 3279 4406 Owaina.
3309 4353 3462 4416 Quod

246 4469 374 4521 que,
406 4453 472 4504 de
505 4448 868 4528 fundamentis
899 4447 1244 4501 scientiarum
1274 4461 1574 4514 earumque
1605 4445 1804 4508 _delini-
1839 4442 1881 4496 Ι)
1908 4463 2036 4499 cum
2064 4449 2306 4501 audisset
2342 4448 2533 4508 Adam,
2572 4446 2706 4498 male
2733 4445 3025 4512 admodum
3055 4445 3230 4513 ipsum
3259 4444 3464 4505 habuit,

248 4545 508 4603 tionibus,
555 4548 608 4594 et
638 4540 1011 4592 arithmetices
1080 4537 1450 4591 fundamentis
1500 4553 1562 4591 ac
1597 4537 1802 4590 deflui-

246 4637 504 4693 tionibus,
530 4643 582 4685 ct
607 4646 767 4701 quam
802 4631 1064 4684 rationem
1090 4638 1272 4684 tenere
1293 4630 1482 4684 debeat
1503 4629 1801 4691 studiosus,

247 4742 369 4779 cum
395 4725 640 4796 peritiam
689 4726 933 4794 cujusvis
985 4725 1196 4776 tandem
1247 4723 1484 4776 scientiae
1524 4723 1806 4790 acquirere

247 4821 395 4880 velit,
417 4818 549 4871 .fuse
580 4831 701 4885 qua:
731 4816 834 4869 huc
871 4823 1118 4884 spectant
1144 4815 1476 4884 explicantes
1510 4815 1610 4884 12
1636 4825 1690 4868 et
1713 4831 1806 4868 es—

250 4919 530 4979 ponentcs,
563 4925 701 4977 quis,
741 4926 844 4960 non
876 4923 1010 4977 opus
1040 4919 1123 4962 est
1152 4907 1306 4961 nobis
1339 4910 1426 4975 (ne
1455 4908 1660 4975 longior
1681 4923 1804 4959 eva-

248 5001 336 5051 dat
369 5001 504 5054 liber
538 4999 638 5052 iste
666 4999 890 5067 IiOsn-r)
923 5007 1182 5064 repetere.
1215 4997 1348 5050 Cum
1383 5005 1586 5057 autem,
1625 4997 1706 5049 his
1743 4997 1795 5047 in

247 5089 561 5154 pra-latione
604 5091 724 5143 libri
767 5092 868 5143 mei
905 5089 1196 5158 prmiitissis
1224 5130 1236 5153 ,
1283 5089 1506 5142 dixerim
1553 5103 1802 5156 Oportcre

247 5183 539 5249 quemlibet
585 5183 674 5249 qui
727 5183 872 5249 loqui
928 5183 1055 5235 velit
1105 5181 1172 5234 de
1210 5181 1519 5251 cognitione
1568 5181 1799 5250 alicujus

247 5275 506 5336 scientiae,
524 5273 762 5341 ejusdem
784 5273 1129 5327 fundamenta
1146 5273 1370 5333 callere;
1391 5288 1511 5326 cum
1532 5273 1797 5342 (inquam)

250 5366 360 5436 haec
389 5367 461 5420 ita
490 5382 548 5420 se
580 5367 834 5427 habeant,
862 5382 1084 5420 necesse
1143 5374 1228 5420 cst
1282 5373 1342 5418 ut
1384 5369 1800 5420 substernamus

247 5458 296 5509 ei
328 5459 466 5525 quod
499 5460 782 5527 postulasti
814 5458 1223 5511 fundamentum
1283 5459 1350 5510 ad
1381 5459 1524 5526 quod
1559 5473 1805 5510 recurra-

252 5557 360 5616 tur;
393 5551 588 5620 cuique
613 5552 886 5605 innitaris.
931 5551 1215 5604 Manifesto
1249 5560 1394 5603 certe
1426 5559 1477 5603 ct
1511 5549 1799 5616 plurimum

315 5737 332 5767 ¹
363 5733 549 5788 Matth.
587 5746 678 5795 vn,
712 5729 897 5785 Eli-27.

1915 4539 2019 4607 16
2048 4539 2290 4606 dixitque
2324 4556 2336 4589 :
2375 4536 2482 4590 Hoc
2518 4547 2597 4589 est
2645 4549 2831 4589 contra
2886 4545 3230 4603 print-cptum,
3274 4547 3332 4586 ut
3379 4551 3467 4587 so-

1912 4645 2089 4683 rorem
2132 4640 2275 4681 tuam
2305 4630 2585 4697 gemellam
2610 4627 2798 4679 ducas.
2829 4627 2888 4679 Et
2921 4626 3184 4678 fuittlain
3209 4627 3464 4693 agricola,

1913 4720 2042 4772 Ahel
2081 4731 2264 4787 pastor
2303 4721 2506 4772 ovium.
2548 4720 2795 4783 Dixitque
2829 4719 2934 4769 illis
2985 4717 3156 4784 Adam
3189 4733 3201 4766 :
3230 4715 3466 4782 Accipite

1911 4815 1980 4869 de
2011 4815 2276 4868 fructibus
2308 4821 2489 4875 ιρι-τω,
2526 4821 2578 4865 ct
2599 4811 2666 4866 de
2693 4812 2802 4864 fcltt
2840 4812 3041 4872 ovium,
3080 4794 3465 4863 ριὀυιιευριιδὶι

1913 4909 2113 4962 tnontis
2144 4909 2304 4975 hujus
2337 4907 2476 4961 sacri
2513 4905 2732 4973 fastigio
2777 4903 2966 4958 offerte
3015 4918 3234 4955 munera
3269 4916 3461 4963 vestra,

1903 4999 2096 5052 deinde
2138 5013 2332 5051 uxores
2362 5007 2571 5050 vestras
2605 4995 2907 5063 accipietis.
2944 4995 3131 5045 Attulit
3156 5008 3284 5059 ergo
3320 4992 3460 5043 Kain

1903 5094 1970 5146 de
2005 5091 2272 5146 fructibus
2319 5102 2472 5144 terra:
2531 5089 2582 5140 in
2630 5089 2957 5142 oblationem
3017 5086 3144 5147 Deo,
3201 5085 3463 5150 Optimos,

1901 5186 2322 5248 selectissimos;
2357 5185 2485 5242 Abel
2517 5199 2546 5237 e
2595 5163 2962 5251 pritnogunitis
3013 5180 3192 5230 ovium
3242 5194 3460 5229 suarum

1908 5278 2144 5342 optimas
2170 5286 2220 5328 et
2258 5273 2663 5328 selectissimas.
2725 5271 2927 5324 Interea
2969 5279 3145 5319 autem
3199 5253 3324 5318 dum
3370 5284 3454 5315 ca-

1911 5384 2102 5420 cumen
2144 5366 2342 5418 montis
2407 5365 2780 5422 :‘tsccnderent,
2852 5361 3043 5412 indidit
3106 5358 3332 5409 Satanas
3388 5357 3461 5422 (in

1913 5459 2168 5526 mentem)
2193 5457 2386 5520 Kaino,
2419 5466 2473 5509 ut
2498 5458 2716 5510 fratrem
2743 5469 2899 5508 suum
2930 5452 3144 5503 Altclcm
3174 5448 3464 5511 occideret,

1912 5550 2114 5606 sororis
2138 5564 2247 5603 sua:
2279 5551 2459 5601 Azrnn
2490 5548 2681 5617 gratia.
2709 5546 2948 5613 Cumque
3004 5542 3260 5595 oﬂ'crrcnt
3315 5542 3463 5591 obla-
