4138 6502
619 403 715 471 911

1640 399 2001 460 EUTYCHII
2047 399 2577 460 ALEXANDRINI
2623 398 2839 462 PXTR.

3725 410 3829 474 912

621 527 790 568 tiones
845 526 990 573 suas,
1046 518 1320 580 acceptam
1398 508 1588 563 habuit
1650 508 1788 564 Deus
1849 507 2180 568 oblationem
2210 509 2462 570 Asancti
2499 512 2952 574 cottscendeutcs,
3013 514 3169 581 proni
3213 512 3382 568 Deum
3433 513 3750 582 adorahant,
3783 531 3834 574 et

620 601 826 668 Abelis,
853 619 961 658 non
992 611 1167 657 autem
1204 601 1387 655 Kaini.
1419 599 1603 666 Quare
1653 600 1822 669 magis
1854 600 1906 652 in
1952 599 2174 652 Abeletu

617 693 700 750 ira
722 705 775 749 et
801 703 934 749 testu
967 700 1280 749 commotus
1311 692 1465 754 Kain,
1490 691 1680 745 invidit
1701 689 1854 744 fratri
1882 703 2176 755 suo,cnm-

589 803 722 858 que
745 787 811 841 de
841 793 1025 842 monte
1049 783 1486 849 descendisseut,
1523 783 1574 835 in
1606 782 1785 852 ipsum
1820 781 2063 843 irruens,
2112 793 2177 834 ac

615 875 793 948 lapide
823 883 985 944 caput
1011 873 1130 942 ejus
1160 870 1384 936 feriens,
1421 871 1599 940 ipsum
1627 867 2176 925 interfecit.~Summo

615 981 746 1040 ergo
777 979 1009 1021 mterore
1047 963 1222 1020 affecti
1253 962 1423 1032 Adam
1468 972 1524 1017 et
1571 962 1678 1017 Eva
1724 971 1943 1017 centum
2004 976 2178 1015 annos

614 1060 830 1117 Abelem
859 1059 1134 1130 lugebant.
1163 1058 1440 1113 Maledixit
1491 1066 1670 1113 autem
1704 1056 1849 1112 Deus
1898 1054 2075 1110 Kaino
2123 1061 2178 1108 et

614 1152 789 1209 soboli
819 1153 1026 1220 ipsius;
1073 1149 1288 1220 fuitque
1315 1149 1457 1204 Kain
1520 1147 1769 1218 pavidus,
1818 1145 2062 1214 trepidus
2113 1158 2178 1198 ac

614 1241 961 1298 errabundus
987 1240 1244 1296 omnibus
1271 1241 1391 1295 vita:
1437 1253 1550 1294 sua:
1577 1237 1799 1293 diebus.
1850 1235 1922 1289 Et
1971 1235 2178 1306 expulit

617 1334 796 1404 ipsum
815 1333 981 1397 Deus,
999 1334 1126 1390 dum
1148 1331 1328 1386 adhuc
1349 1330 1544 1386 caelebs
1566 1337 1734 1395 esset,
1761 1329 1813 1382 iu
1861 1324 2178 1398 (regionem)

616 1429 756 1483 Nud.
787 1426 941 1497 Cepit
974 1440 1103 1497 ergo
1128 1423 1266 1479 Kain
1296 1438 1480 1480 secum
1509 1437 1757 1478 sororem
1795 1436 1949 1477 suam
1989 1419 2171 1473 Azrun

615 1521 797 1589 ibique
825 1517 1106 1574 habitavit.
1145 1515 1277 1571 lude
1307 1527 1604 1583 congresso
1633 1512 1842 1567 Adamo
1887 1526 2007 1565 cum
2045 1511 2176 1576 Eva,

615 1609 863 1680 concepit
887 1608 1000 1672 illa,
1034 1621 1158 1662 cum
1184 1605 1396 1662 Adamo
1434 1605 1562 1660 anni
1602 1590 1785 1659 essent
1815 1602 2036 1656 ducenti
2082 1601 2181 1656 tri-

619 1705 793 1773 ginta,
824 1699 1148 1770 peperitque
1175 1712 1403 1769 puerum
1435 1711 1592 1767 quem
1621 1693 1845 1750 Setinum
1869 1692 2176 1765 appellavit.

611 1791 845 1864 Fuitqne
874 1792 1006 1848 Setb
1032 1791 1259 1862 pulchra
1288 1788 1449 1852 facie,
1486 1775 1682 1854 fortis,
1705 1794 1914 1842 statura
1938 1784 2179 1855 perfecta
2212 1837 2222 1864 τ

2213 1859 2421 1938 Brimo
2447 1885 2660 1938 occisus
2713 1894 2797 1938 est
2833 1883 2966 1937 Kain
3023 1884 3367 1945 maledictus,
3423 1883 3616 1937 Adami
3675 1866 3840 1947 fiiius,

611 1885 789 1943 instar
820 1884 992 1954 patria
1046 1881 1154 1947 sui,
1194 1881 1419 1950 ipseque
1452 1887 1603 1949 pater
1632 1878 1907 1948 gigantum
1934 1876 2025 1946 qui
2055 1883 2179 1930 ante

612 1977 868 2033 diluvium
901 1973 1141 2028 fuerunt.
1170 1969 1430 2041 17-19
1453 1968 1701 2038 Cumque
1730 1966 1900 2022 Setbo
1935 1966 2178 2035 dedisset

611 2069 783 2124 Adam
809 2069 861 2122 in
896 2079 1126 2121 uxorem
1177 2061 1395 2124 Owain,
1451 2060 1636 2116 Abelis
1693 2073 1961 2122 sororem,
2018 2069 2177 2113 natus

612 2159 815 2230 estipsi
842 2174 906 2212 ex
940 2151 1028 2211 illa
1059 2154 1274 2219 Enosh;
1307 2160 1572 2224 natusque
1599 2162 1685 2206 est
1705 2139 2174 2215 Euoslto,Kainan,

611 2265 712 2310 nec
741 2265 849 2306 non
886 2243 1092 2302 Adamn
1130 2243 1472 2313 postmodum
1525 2241 1681 2298 liberi
1736 2242 2068 2310 complures.

685 2339 928 2394 Adamus
946 2345 1126 2401 antea,
1153 2323 1760 2405 appropinquante‘jam
1782 2315 1956 2386 m'orte
1981 2331 2173 2400 ipsius,

614 2429 934 2489 convocatis
990 2414 1106 2483 filio
1156 2439 1258 2484 suo
1313 2423 1525 2490 Setho,
1587 2422 1852 2493 Sethique
1914 2417 2173 2486 Enosho,

614 2521 815 2579 Enoshi
840 2517 1115 2582 Kaiuano,
1145 2526 1201 2571 et
1234 2513 1466 2570 Kainani
1505 2513 1851 2577 Ilahlaliele.
1901 2515 2172 2584 prmcepit,

615 2602 804 2671 dicens
855 2612 1033 2683 ipsis:
1067 2609 1152 2664 Sit
1205 2611 1314 2664 hoc
1366 2607 1682 2664 mandatum
1731 2607 1988 2686 omnibus
2049 2605 2174 2662 filiis

613 2704 832 2761 vestris.
869 2701 970 2756 Ubi
1005 2708 1254 2754 mortuus
1283 2696 1462 2762 fuero,
1495 2709 1700 2766 corpus
1727 2692 1906 2749 meum
1931 2692 2172 2761 myrrha,

618 2799 777 2850 thure
823 2800 877 2848 et
927 2790 1105 2858 cassia
1159 2789 1448 2844 conditum
1508 2786 1755 2856 reponite
1807 2785 1865 2840 iu
1917 2777 2175 2853 spelunca

613 2886 906 2941 Alcanor:
941 2893 997 2938 et
1027 2880 1343 2952 quicunque
1392 2876 1558 2933 fuerit
1609 2890 1640 2932 e
1689 2874 1814 2930 liiiis
1858 2874 2081 2934 vestris-
2109 2887 2176 2927 eo

617 2987 856 3048 tempore
886 2989 1010 3030 cum
1036 2988 1068 3026 ο
1106 2969 1361 3027 conﬁniis
1408 2959 1648 3040 paradisi
1683 2965 1989 3022 abeundum
2023 2963 2175 3018 vobis

2280 615 2482 670 corpus
2524 601 2714 654 Adatui
2751 603 3019 673 (visendo)
3048 605 3483 659 benedictionem
3523 609 3830 676 captabant.

2278 691 2526 761 Cumque
2582 690 2694 758 jam
2739 694 3196 762 appr-Opinquaret
3250 696 3398 749 Setini
3463 712 3632 760 mors,
3697 700 3833 757 filios

2277 797 2409 836 suos
2445 797 2542 852 per
2575 782 2760 838 Abelis
2788 785 3112 853 sanguinem
3147 785 3438 854 adjuravit,
3481 788 3750 841 neminem
3773 804 3834 842 ex

2279 875 2412 943 ipsis
2442 874 2511 928 de
2549 883 2732 929 monte
2757 875 2862 930 isto
2906 886 3099 931 sancto
3124 875 3548 940 descensurum,
3589 894 3688 933 nec
3716 894 3839 945 per-

2276 967 2547 1022 missuros
2594 980 2654 1022 se
2703 974 2761 1020 ut
2795 967 3065 1037 quispiam
3106 982 3136 1022 e
3172 968 3360 1022 liberis
3407 970 3520 1024 suis
3559 971 3622 1024 ad
3669 968 3842 1025 Kaino

2277 1058 2567 1121 maledicto
2616 1069 2913 1130 prognatos
2958 1062 3240 1131 migraret.
3285 1058 3645 1132 Totum‘ergo
3692 1061 3838 1131 quod

2276 1147 2410 1201 vixit
2442 1147 2642 1204 Setinus
2677 1159 2797 1204 erat
2849 1164 3120 1205 annorum
3177 1161 3577 1222 nongentornm
3607 1160 3663 1205 et
3702 1151 3841 1205 duo-

2276 1241 2477 1295 decim.
2534 1241 2778 1305 Enosbo,
2835 1256 2958 1296 cum
3009 1247 3288 1298 annorum'
3329 1251 3476 1298 esset
3520 1256 3738 1297 centum
3785 1253 3842 1297 et

2277 1333 2596 1402 nonaginta,
2631 1343 2793 1388 natus
2815 1342 2901 1388 est
2943 1332 3195 1399 Kainan;
3239 1336 3397 1406 cujus
3435 1345 3678 1404 tempore
3713 1337 3844 1389 cun-

2278 1423 2644 1479 ficiebantlllii
2699 1424 2855 1478 Kainl
2911 1425 3190 1479 maledicti
3249 1435 3523 1496 tympana,
3572 1426 3841 1496 cymbala,

2277 1517 2489 1572 barbita
2520 1527 2574 1572 et
2625 1517 2993 1572 instrumenta
3038 1516 3271 1583 musica,
3324 1517 3597 1587 primique
3636 1517 3839 1571 ferrqu

2276 1615 2330 1661 et
2356 1621 2431 1662 tes
2453 1608 2836 1671 elaborabunt,
2885 1622 3113 1677 quaeque
3163 1623 3224 1662 ex
3281 1608 3414 1677 ipsis
3469 1608 3837 1662 coniiciuntur

2277 1699 2458 1754 omnia
2495 1699 2840 1754 tabernacula
2881 1699 3124 1770 21-23
3147 1701 3308 1754 etiam
3352 1701 3589 1754 ﬁxerunt
3620 1701 3672 1759 in
3704 1698 3827 1766 qui-

2280 1792 2384 1846 bus
2412 1793 2689 1861 degerent.
2725 1780 2896 1845 Porro
2949 1807 3094 1846 anno
3144 1792 3267 1846 vita:
3321 1790 3528 1846 Enoshi
3577 1774 3849 1843 t'recenteo"

2280 1976 2370 2043 qui
2417 1975 2641 2031 fratrem
2693 1992 2852 2030 suum
2911 1976 3133 2030 Aheletn
3193 1973 3488 2029 interfecit.
3563 1974 3845 2044 Septimus

2279 2066 2421 2121 enim
2448 2082 2477 2122 e
2511 2068 2747 2136 posteris
2799 2065 2980 2132 Kaini,
3015 2065 3233 2120 nomine
3259 2065 3514 2126 Lamecb.
3543 2068 3634 2134 qui
3657 2077 3845 2134 pastor

2279 2155 2402 2221 fuit,
2442 2159 2663 2227 sagitta,
2717 2173 2878 2228 quam
2939 2160 3083 2213 inter
3133 2157 3430 2212 ludendum
3478 2156 3634 2224 jecit.
3678 2155 3845 2209 corde

2276 2252 2358 2302 avi
2385 2250 2466 2303 sui
2500 2248 2652 2302 Kaini
2686 2239 2969 2314 transfixo,
3000 2251 3172 2319 ipsum
3208 2247 3513 2311 interfecit;
3550 2246 3684 2300 Kain
3729 2246 3845 2299 sci-

2279 2340 2404 2392 licet
2429 2339 2484 2392 in
2515 2353 2736 2393 nemore
2765 2338 3295 2408 circutnragabatnr,
3343 2345 3531 2405 utpote
3573 2335 3664 2404 qui
3712 2349 3845 2388 con-

2277 2437 2554 2486 sternatus
2581 2445 2690 2484 uno
2711 2430 2765 2482 in
2801 2430 2919 2485 loco
2951 2444 3056 2483 non
3091 2429 3436 2483 consisteret.
3487 2427 3730 2482 liortuus
3761 2434 3846 2481 est

2274 2536 2402 2591 ergo
2433 2521 2573 2575 Kaln
2605 2512 2933 2597 maledictus
2975 2535 3097 2575 cum
3146 2534 3322 2574 annos
3373 2516 3748 2588 septingentos
3789 2527 3845 2570 et

2277 2613 2774 2684 trigintavixlsset.
2808 2612 3023 2675 Totum'
3050 2622 3230 2666 autem
3277 2610 3404 2665 vita:
3455 2609 3659 2664 Enoshi
3710 2622 3843 2677 spa~

2277 2703 2411 2756 tium
2474 2711 2592 2757 erat
2655 2717 2921 2758 annorum
2980 2703 3375 2774 nonge‘ntorum
3450 2711 3504 2756 et
3577 2701 3841 2771 quinque.

2274 2793 2524 2849 Kainano
2567 2809 2694 2848 vero
2724 2807 2847 2855 cum
2896 2808 3164 2848 annorum
3197 2803 3343 2848 esset
3389 2799 3610 2846 centum
3657 2797 3712 2844 et
3757 2803 3848 2846 se-
3920 2854 3922 2856 τ

2283 2885 2588 2956 ptuagiuta,
2613 2894 2772 2939 natus
2798 2893 2879 2938 est
2905 2883 3188 2939 Iahlaiiel.
3219 2884 3433 2938 Kainan
3463 2898 3616 2954 ergo,
3647 2893 3848 2952 appro-
3877 2900 3897 2905 -

2276 2982 2575 3050 pinquante
2596 2976 2707 3046 jam
2741 2987 2937 3041 morte,
2961 2964 3715 3051 accersitumjl'ahlalielerm
3748 2971 3848 3028 ad-

615 3067 711 3132 sit,
738 3079 937 3135 corpus
978 3076 1160 3118 meum
1185 3073 1374 3116 secum
1407 3058 1682 3114 sublatum
1715 3064 1881 3125 ponat
1909 3053 1966 3108 in
1984 3051 2172 3108 modio

2278 3069 2478 3139 iuravit
2511 3083 2608 3139 per
2637 3067 2824 3124 Abelis
2871 3067 3220 3138 sanguinem,
3276 3081 3384 3122 non
3435 3053 3842 3137 permissurum

614 3173 794 3225 terrae,
819 3156 1078 3239 quoniam
1110 3153 1237 3209 inde
1260 3151 1447 3206 futura
1471 3157 1558 3206 est
1589 3148 1741 3204 salus
1765 3161 1906 3209 mea,
1940 3152 1995 3205 et
2023 3143 2173 3200 salus

2278 3176 2337 3216 se
2362 3172 2419 3215 ut
2447 3175 2476 3215 e
2509 3160 2701 3216 liberis
2725 3159 2840 3215 suis
2865 3159 3162 3231 quispiam.
3213 3159 3281 3216 de
3332 3148 3512 3213 monte
3560 3157 3628 3212 ad
3673 3154 3844 3211 [alni

615 3250 857 3307 omnium
912 3231 1174 3307 ﬁliorum,
1219 3256 1494 3300 meorum.
1555 3239 1754 3295 Totum
1822 3244 1999 3296 autem
2039 3236 2176 3320 ‘vitze
2205 3231 2243 3243 “
2278 3249 2551 3305 maledicti
2631 3257 2881 3320 posteros
2934 3248 3357 3306 ‘descenderet.

613 3342 807 3400 Adami
845 3339 1078 3410 spatium
1111 3342 1230 3391 erat
1281 3341 1682 3405 nongentorum
1732 3327 1953 3398 triginta
2001 3311 2176 3381 anno-

617 3449 762 3499 rum,
821 3445 885 3484 ae
931 3437 1176 3488 mortuus
1229 3433 1313 3481 est
1347 3425 1435 3480 die
1469 3423 1720 3488 Veneris,
1788 3418 2178 3478 luna‘decima

614 3530 835 3598 quarta,
864 3527 1017 3579 sexto
1050 3516 1215 3576 Nisan
1249 3517 1365 3590 (qui
1396 3526 1482 3573 est
1506 3511 1842 3584 Barmudah)
1873 3504 2008 3570 hora
2036 3526 2176 3567 nona

616 3618 724 3675 diei
742 3613 968 3672 Veneris
987 3629 1002 3678 ;
1020 3626 1126 3684 qua
1154 3613 1316 3666 etiam
1344 3609 1478 3663 hora
1503 3622 1536 3662 e
1564 3604 1816 3676 paradiso
1850 3603 2039 3673 pulsus
2066 3608 2173 3657 est.

619 3705 893 3764 Hortuum
953 3716 1084 3773 ergo
1138 3699 1409 3757 Adamum
1464 3697 1737 3769 pollinxit,
1789 3695 1942 3766 juxta
2004 3694 2180 3766 ipsius

619 3796 965 3860 niaudatum,
1018 3792 1165 3848 illius
1216 3791 1338 3861 ejus
1388 3789 1544 3854 Sctb,
1596 3800 1906 3857 corpusque
1954 3785 2076 3850 ejus
2109 3784 2178 3838 ad

621 3887 897 3957 fastigium
942 3883 1149 3939 montis
1188 3883 1467 3938 sublatum
1524 3880 1578 3934 in
1631 3877 1886 3948 spelunca
1937 3874 2178 3930 Alcanor

619 3979 870 4049 sepelivit
916 3994 931 4030 :
991 3975 1286 4046 ipsumque
1342 3982 1562 4028 centum
1625 3967 1986 4039 quadraginta
2063 3967 2181 4022 dies

619 4071 978 4138 planxerunt.

690 4160 878 4225 Setho,
925 4172 1050 4213 cum
1103 4153 1468 4210 ducentorum
1527 4158 1582 4205 et
1628 4148 1870 4220 quinque
1911 4160 2178 4204 annorum

621 4256 799 4316 esset,
823 4260 983 4303 natus
1013 4256 1098 4302 est
1123 4243 1325 4299 Enosb.
1357 4241 1490 4296 Post
1521 4248 1752 4296 mortem
1778 4249 1958 4295 autem
1984 4239 2180 4292 Adatni

621 4341 880 4396 subduxit
908 4355 968 4395 se
995 4338 1200 4392 familia
1225 4333 1380 4390 Sethi
1411 4346 1443 4386 a
1473 4330 1680 4386 familia
1701 4328 1858 4384 Kaini
1885 4328 2180 4383 maledicti.

625 4433 756 4488 Seth
783 4446 958 4502 ergo,
1019 4427 1330 4502 assumptis
1383 4437 1573 4479 secum
1650 4421 1761 4475 lilio
1820 4420 2184 4491 primogenito

3454 3246 3590 3302 Tota
3659 3255 3844 3302 autem

2277 3339 2510 3396 Kainani
2579 3347 2711 3396 atas
2768 3355 3038 3395 annorum
3130 3350 3247 3401 erat
3327 3351 3754 3410 nongentarum»
3792 3344 3849 3392 et

2282 3434 2491 3489 decem.
2518 3431 2813 3489 liablaiieii
2840 3433 2951 3503 jam
2981 3441 3250 3490 annorum
3277 3437 3498 3485 centum
3557 3429 3850 3500 sexaginta

2277 3524 2517 3593 quinque
2549 3533 2713 3579 natus
2744 3532 2829 3578 est
2873 3521 3058 3590 Jared,
3125 3535 3376 3592 annoque
3411 3521 3708 3576 centesimo
3753 3519 3850 3573 tri-

2278 3610 2482 3666 cesimo
2501 3608 2695 3681 quinto
2709 3612 2885 3680 tetatis
2907 3611 3248 3674 Mablaliells.
3273 3619 3517 3666 mortuus
3532 3620 3614 3665 est
3635 3608 3849 3663 Kainan

2278 3715 2331 3759 et
2360 3704 2610 3774 sepultus
2640 3697 2714 3757 ‘in
2762 3702 3020 3772 spelunca
3078 3699 3286 3757 Canus.
3337 3700 3610 3755 Mablaliei
3659 3707 3846 3754 autem

2279 3795 2752 3864 appropinquante
2773 3793 2885 3863 jam
2924 3801 3100 3847 morte
3128 3793 3303 3862 ipsius
3331 3792 3503 3846 filium
3559 3805 3718 3846 suum
3749 3786 3850 3858 Ja-

2283 3885 2474 3940 redum
2513 3885 2837 3957 accersitum
2868 3900 2962 3954 per
2986 3885 3305 3955 sanguinem
3339 3882 3522 3938 Abelis
3547 3881 3847 3950 adjuravit,

2281 3992 2350 4032 ne
2378 3978 2722 4046 permitteret
2743 3985 2804 4029 ut
2833 3991 2863 4031 e
2889 3976 3034 4036 natis
3061 3975 3234 4046 ipsius
3262 3975 3630 4052 quispiam‘de
3660 3981 3849 4029 monte

2281 4067 2347 4127 ad
2379 4080 2624 4136 posteros
2656 4065 3112 4124 Kainiiualedicti
3137 4067 3423 4121 homicida:
3465 4065 3846 4120 descenderet.

2281 4153 2476 4210 Totum
2502 4170 2632 4226 ergo
2665 4157 2807 4224 quod
2843 4156 2977 4210 vixit
3001 4154 3111 4226 2‘
3138 4147 3434 4219 Mablaliel,
3469 4155 3700 4224 spatium
3747 4166 3850 4208 nl-

2284 4249 2480 4300 noruut
2527 4257 2644 4302 erat
2712 4247 3155 4318 octingentorum
3209 4245 3504 4317 nonaginta
3581 4230 3848 4316 quinque.

2280 4334 2517 4399 Jaredo,‘
2561 4351 2687 4390 cum
2746 4351 3015 4391 annorum
3087 4343 3236 4391 esset
3287 4348 3504 4390 centum
3563 4339 3851 4406 sexaginta

2282 4429 2539 4493 duorum,
2570 4438 2731 4483 natus
2749 4438 2834 4483 est
2869 4428 3074 4482 Enoch.
3101 4425 3260 4493 Quod
3296 4426 3363 4481 ad
3389 4434 3637 4497 posteros
3661 4433 3846 4482 autem

623 4498 874 4585 Εσιοδιιοξ
917 4532 974 4577 ει
1028 4514 1277 4572 Κθίηθηο
1320 4498 1543 4570 Ἐιιοειιῖ
1605 4502 1715 4569 imo
1771 4510 1843 4568 δι’
1876 4509 2177 4566 Μὲιιὶῖιιίειθ
2211 4524 2252 4581 ο
2281 4518 2438 4573 Kaini
2467 4519 2773 4582 homicidae,
2808 4518 3205 4574 adbinuiebant
3247 4519 3344 4572 viri
3391 4518 3712 4572 mulieribus
3765 4518 3852 4572 ln-

625 4615 882 4677 Kainani,
914 4628 1019 4666 una
1052 4610 1160 4679 2o
1182 4623 1306 4661 cum
1330 4605 1592 4660 uxoribus
1620 4612 1674 4660 et
1704 4602 1890 4659 liberis
1911 4603 2180 4672 ipsorum,

621 4706 967 4768 traduxitlin
1029 4701 1230 4755 montis
1283 4698 1586 4769 fastigium,
1641 4696 1734 4751 ubi
1791 4695 2039 4764 sepultus
2099 4701 2184 4749 est

619 4799 812 4861 Adam,
848 4794 987 4849 Kain
1017 4805 1168 4857 vero,
1204 4804 1502 4859 omnesque
1535 4789 1706 4858 ipsius
1747 4785 1840 4842 filii
1871 4786 2010 4840 infra
2045 4787 2180 4842 sub-

621 4889 876 4944 stiterunt
914 4886 967 4938 in
998 4882 1136 4939 valle
1169 4882 1262 4937 ubi
1299 4883 1517 4935 occisus
1547 4887 1646 4934 est.
1671 4879 1850 4945 Abel.

688 4981 989 5035 Coiueruut
1032 4985 1216 5030 autem
1240 4972 1340 5025 lilii
1380 4971 1527 5025 Sethi
1569 4971 1626 5024 in
1661 4971 1763 5024 isto
1800 4978 1982 5026 monte
2026 4969 2179 5040 puri-

622 5084 788 5127 tatem
825 5080 877 5126 et
915 5066 1358 5127 sanctimoniam,
1387 5078 1571 5118 vocem
1615 5063 1951 5133 angelorum,
1989 5079 2018 5117 a
2051 5063 2173 5133 qui-

623 5166 727 5219 bus
764 5177 934 5233 prope
960 5158 1207 5221 aberant,
1237 5154 1546 5216 audientes,
1600 5167 1818 5224 unaque
1868 5167 1991 5207 cum
2048 5153 2183 5226 ipsis

627 5261 790 5311 Deum
833 5253 1114 5306 laudantes
1147 5256 1203 5302 et
1231 5246 1609 5312 celebrantes;
1641 5247 2011 5314 appellatique
2056 5254 2184 5299 sunt

627 5351 726 5419 ipsi
760 5363 882 5401 cum
919 5341 1182 5396 uxoribus
1225 5346 1278 5394 et
1305 5337 1494 5394 liberis
1528 5341 1668 5404 suis,
1696 5339 1786 5393 lilii
1839 5339 1950 5392 Dei.
1996 5337 2183 5406 Neque

626 5445 739 5492 erat
772 5436 902 5502 ipsis
931 5431 1225 5499 opilicium,
1279 5441 1381 5481 nec
1430 5441 1609 5496 seges,
1661 5443 1760 5481 nec
1806 5428 2042 5490 messis;
2078 5427 2172 5479 sed

604 5532 827 5582 -victum
894 5521 1203 5592 praebebant
1266 5519 1522 5572 arborum
1558 5520 1815 5575 fructus:
1873 5531 1976 5569 nec
2040 5517 2180 5567 ullus

629 5619 766 5687 apud
823 5620 968 5686 ipsos
1027 5614 1177 5666 locus
1233 5609 1469 5674 invidite,
1522 5609 1826 5677 injustitiac,
1881 5617 1977 5660 aut
2032 5623 2180 5658 men-

630 5713 820 5773 dacio;
853 5714 1224 5776 juramentum
1257 5705 1498 5773 ipsorum
1533 5712 1685 5756 erat:
1722 5699 1861 5762 Non,
1916 5700 2021 5768 per
2057 5713 2185 5750 san-

634 5806 845 5868 guinem
895 5799 1064 5851 Abeli.
1109 5797 1361 5862 Quotidie
1414 5804 1591 5848 autem
1645 5793 1917 5864 fastigium
1977 5793 2179 5862 montis

2285 4625 2400 4668 star
2447 4625 2736 4681 equorum,
2785 4610 3093 4681 eodemque
3147 4611 3305 4665 modo
3361 4610 3567 4679 absque
3639 4609 3850 4679 pudore

2285 4701 2415 4756 viris
2442 4699 2676 4765 femina),
2705 4707 3029 4764 scortantes,
3065 4699 3272 4768 aliique
3317 4711 3441 4751 cum
3488 4696 3612 4751 aliis
3667 4696 3845 4766 turpia

2282 4800 2584 4864 patrautes,
2639 4791 2928 4861 palamque
2982 4788 3420 4859 congredientes,
3470 4787 3658 4852 eadem
3717 4801 3846 4839 cunt

2286 4883 2483 4937 femina
2533 4882 2666 4936 viris
2704 4881 2920 4935 duobus
2959 4889 3052 4933 aut
3105 4879 3280 4934 tribus
3341 4892 3453 4931 rem
3487 4876 3845 4942 habentibus.

2283 4971 2546 5040 erantque
2571 4969 3071 5036 vetulmjuvenibus
3121 4970 3448 5034 salaciores;
3503 4972 3684 5038 patres
3716 4980 3844 5024 cum

2285 5063 2520 5125 filiabus,
2574 5062 2804 5131 juvenes
2833 5076 2958 5115 cum
3006 5062 3276 5116 matribus
3331 5061 3450 5116 suis
3485 5077 3679 5117 venere
3717 5075 3846 5129 pro-

2287 5153 2496 5207 miscua
2538 5153 2849 5218 utebantur,
2885 5152 3020 5207 adeo
3053 5161 3125 5211 ut.
3147 5169 3248 5208 nec
3277 5152 3434 5208 liberi
3481 5161 3661 5221 patres
3699 5165 3836 5206 suos

2287 5259 2388 5298 uec
2423 5254 2605 5311 patres
2639 5245 2846 5323 liberos
2879 5245 3284 5316 dignoscerent,
3322 5245 3574 5300 omnibus
3626 5244 3846 5299 interim

2288 5320 2671 5390 instrumentis
2703 5337 2928 5390 musicis
2967 5338 3278 5404 utebantur,
3319 5339 3456 5394 adeo
3482 5347 3540 5392 ut
3587 5336 3847 5391 clamoris
3904 5318 3914 5327 ’

2286 5427 2519 5481 (τιγιιιειιε
2550 5429 2787 5496 ipsorum
2814 5442 2983 5482 sonus
3015 5429 3081 5482 ad
3113 5429 3386 5499 fastigium
3418 5430 3615 5485 montis
3658 5425 3847 5485 Sancti

2286 5524 2822 5588 ascenderet;quem
2875 5507 3381 5576 cumlaudivisseut
3427 5519 3574 5576 Setini
3615 5519 3839 5590 posteri,

2286 5623 2659 5666 convenerunt
2703 5627 2768 5666 ex
2820 5613 2951 5680 ipsis
2977 5621 3194 5667 centum
3238 5614 3335 5666 viri
3383 5624 3438 5667 ut
3473 5629 3502 5667 e
3539 5594 3718 5666 monte
3769 5611 3837 5667 ad

2286 5712 2533 5770 posteros
2565 5701 2722 5756 Kaini
2761 5705 3032 5759 maledicti
3056 5706 3479 5770 descenderent,
3513 5720 3651 5775 quos
3684 5705 3841 5777 jura-

2289 5803 2470 5846 mento
2507 5809 2599 5862 per
2624 5796 2945 5862 sanguinem
3001 5797 3185 5851 Abelis
3227 5799 3600 5852 obstrinxerat
3649 5795 3838 5859 Jared,
