4038 6476
216 390 318 454 {illi

1644 393 2015 454 ANNAIJES.

3337 411 3439 477 9H

212 523 277 562 ne
312 508 377 562 de
421 518 604 564 nmine
660 519 852 563 sancto
914 512 1331 568 descenderent.
1395 512 1504 584 Ipsi
1568 522 1771 572 tamen,
1804 507 1847 562 Λ
1879 507 2103 561 Sabbati
2138 510 2417 589 occidente
2463 516 2572 583 jam
2607 503 2745 580 sole,
2787 519 2946 571 tertio
2977 520 3192 575 'l‘ishrin
3220 526 3436 592 prioris.

210 602 404 655 dictum
433 602 556 668 ejus
582 604 716 655 nihil
766 604 983 665 morati,
1039 605 1487 672 descenderunt;
1535 621 1770 674 cumque

208 694 617 754 descendissent
647 693 785 750 tilias
818 697 979 751 Kaiui
1007 697 1281 752 maledicti
1308 688 1493 768 specie
1511 700 1765 777 pulchras

206 796 257 840 et
318 786 435 841 sine
486 787 692 856 pudore
752 788 931 844 nudas
1004 791 1426 859 conspicientes,
1513 793 1767 861 cupidine

204 888 550 933 exarserunt:
579 893 672 933 eos
719 881 968 935 similiter
996 884 1393 951 conspicientes
1429 884 1587 940 Kaini
1622 886 1763 952 ﬁlim,

205 968 345 1021 viros
361 968 541 1035 specie
561 970 813 1037 pulchra,
836 981 1044 1026 statura
1066 974 1330 1045 gigantes,
1351 977 1499 1045 ipsos
1520 958 1763 1032 ferarum

206 1058 375 1112 instar
442 1058 749 1114 insilientes
814 1077 1045 1124 corpora
1121 1078 1313 1119 eorum
1378 1065 1761 1135 inquiuaruut,

204 1159 360 1219 atque
396 1151 468 1204 ita
503 1167 627 1206 cum
681 1153 897 1211 ﬁliabus
928 1155 1086 1211 Kaini
1130 1159 1431 1213 scortando
1482 1161 1765 1229 perierunt

204 1240 292 1295 lilii
348 1240 521 1296 Setbi.
563 1242 895 1314 Pepererunt
926 1258 1104 1304 autem
1135 1250 1384 1322 25~27
1431 1251 1552 1306 (illa:
1607 1252 1762 1307 Kaini

203 1331 464 1386 maledicti
516 1333 640 1390 ﬁliis
691 1337 844 1392 Sethi
908 1339 1287 1409 gigantes.,In
1326 1341 1441 1409 lege
1490 1343 1761 1410 siquidem

199 1426 272 1502 ait
305 1442 319 1479 :
348 1425 531 1481 Filios
572 1428 665 1484 Dei
692 1431 848 1497 (Bani
883 1430 1093 1485 Elohim
1128 1434 1450 1502 appellatos)
1499 1451 1616 1488 cum
1641 1452 1763 1489 con—

199 1518 485 1584 spexissent
511 1521 653 1586 ﬁlias
672 1521 836 1576 Kaiui
860 1524 1133 1592 pulchras,
1158 1525 1228 1578 ad
1246 1526 1390 1593 ipsas
1412 1528 1762 1594 descendisse,

200 1620 348 1679 atque
376 1628 442 1665 ea:
474 1614 599 1682 ipsis
632 1601 921 1685 prognatos
955 1619 1189 1686 gigantes
1215 1621 1257 1673 ¹.

264 1702 366 1768 Qui
397 1715 605 1777 autem
657 1705 867 1773 ierrant,
900 1724 1076 1778 neque
1126 1710 1310 1765 sciunt
1356 1712 1485 1781 quid
1550 1713 1759 1776 dicant,

199 1794 347 1847 aiunt
374 1797 600 1864 angelos
627 1797 980 1855 descendisse
1008 1801 1074 1854 ad
1121 1798 1257 1856 ﬁlias
1292 1803 1598 1866 hominum,
1629 1820 1752 1859 eum

200 1886 577 1959 (intelligendi)
624 1891 735 1947 sint
788 1891 882 1945 ﬁlii
925 1891 1215 1962 .Sethi’qui
1277 1909 1307 1947 a
1348 1904 1532 1966 monte
1564 1906 1759 1950 sancto

197 1978 261 2033 ad
316 1979 636 2036 ﬁliasKaini
688 1983 961 2038 maledicti
1008 1986 1435 2042 descenderunt.
1485 1971 1763 2043 ‘Sethiadze

196 2071 337 2126 enim
370 2072 441 2126 ob
467 2075 816 2129 sanctitatem
850 2092 1039 2139 suam,
1060 2086 1113 2131 et
1145 2079 1289 2145 quod
1343 2090 1581 2135 montem
1630 2096 1761 2135 san-

196 2172 356 2228 etum,
389 2166 716 2226 incolerent.
767 2167 1021 2237 appellati
1076 2178 1205 2226 sunt
1248 2170 1390 2242 Βαῃὶ
1440 2172 1670 2234 Elohim,
1710 2174 1761 2225 id

198 2268 293 2321 est,
331 2256 466 2310 Filii
546 2256 662 2313 Dei.
698 2258 892 2315 Errant
949 2275 1099 2330 ergo.
1147 2263 1243 2330 qui
1304 2263 1493 2320 dicunt
1540 2268 1765 2335 angelos
1807 2318 1819 2329 ,

197 2348 546 2404 descendisse
580 2349 646 2403 ad
700 2349 840 2413 ﬁlias
900 2352 1208 2417 hominum,
1270 2368 1394 2409 cum
1455 2358 1762 2412 substantia

198 2440 512 2510 angelorum
547 2442 861 2509 substantia
911 2429 1141 2512 simplex
1201 2444 1289 2507 sit,
1346 2461 1448 2500 nec
1492 2456 1767 2516 competat

199 2541 411 2587 natura:
448 2528 691 2603 ipsorum
740 2535 956 2589 veneris
992 2535 1353 2599 usus,,bomo
1399 2548 1576 2615 autem
1638 2540 1766 2594 sub~

199 2625 408 2679 stantia:
460 2626 777 2695 composite
827 2629 925 2690 sit,
974 2629 1131 2696 cujus
1193 2638 1404 2684 natura:
1458 2632 1579 2700 ejus
1630 2648 1766 2688 usus

200 2722 488 2783 Competat,
536 2715 852 2786 pariterque
888 2720 1073 2775 omnia
1126 2722 1447 2777 animantia.
1501 2723 1660 2787 Quod
1710 2712 1783 2777 si.

200 2807 372 2877 angeli
423 2806 572 2877 (cum
625 2808 968 2877 mulieribus)
1013 2815 1503 2881 congrederentur,
1564 2814 1766 2869 nullam

201 2898 407 2968 Ispiam
433 2914 464 2954 e
497 2882 711 2967 ﬁliabu‘s
754 2902 1039 2961 hominum
1067 2905 1360 2974 virginem;
1395 2907 1767 2976 incorruptam

200 2992 567 3066 reliquissent.
594 2994 730 3049 Cum
763 3004 947 3052 autem
998 2998 1201 3055 vellent
1240 3000 1330 3055 ﬁlii
1367 2999 1543 3065 Setbi.
1606 3001 1698 3071 qui
1739 3017 1771 3056 e

199 3092 379 3145 monte
404 3085 474 3139 ad
524 3086 664 3141 ﬁlias
707 3086 867 3142 Κειῑηί
920 3090 1197 3145 maledicti
1253 3092 1675 3157 descenderant,
1715 3096 1767 3149 in

1875 603 1970 671 qui
2002 602 2141 657 idem
2166 614 2249 658 est
2279 622 2340 660 ac
2372 606 2577 674 Babah,
2612 627 2735 665 cum
2787 611 3015 667 vixisset
3051 630 3225 670 annos
3287 620 3441 688 quin-

1875 708 1981 759 que
2044 693 2182 747 ultra
2222 710 2526 767 nongentos
2580 720 2591 755 :
2649 720 2811 772 quem
2864 709 3109 775 myrrha,
3158 709 3333 776 thure,
3386 722 3441 766 et

1877 786 2049 840 cassia
2081 787 2399 855 pollinctum
2447 795 2660 862 sepeliit
2690 797 2834 853 ﬁlius
2884 800 3057 868 ipsius
3109 803 3324 857 Kainan
3387 805 3441 859 in

1875 874 2134 940 spelunca
2165 875 2407 935 Aleanuz
2441 896 2455 932 :
2492 882 2932 957 planxeruntque
2980 889 3160 959 ipsum
3207 894 3446 964 guadra-

1876 963 2025 1031 ginta
2109 966 2246 1035 dies.
2321 968 2595 1027 Lameeho
2678 978 2885 1033 exactis
2959 982 3119 1037 annis
3208 963 3444 1038 centum

1875 1054 2152 1122 octoginta
2212 1057 2449 1123 duobus,
2512 1070 2674 1118 natus
2715 1074 2797 1119 est
2834 1065 3021 1131 Noah;
3076 1080 3246 1125 totum
3315 1087 3445 1140 ergo

1874 1144 1984 1213 29
2018 1145 2119 1215 31
2178 1150 2321 1216 quod
2355 1149 2488 1205 vixit
2538 1151 2845 1213 Lamechns
2886 1160 3125 1226 spatium
3176 1178 3445 1220 annorum

1876 1233 1977 1288 fuit
2044 1242 2513 1309 septingentorum
2566 1247 2910 1317 septuaginta
2983 1262 3189 1321 septem
3244 1270 3460 1317 :anno,

1872 1336 2056 1382 autem
2120 1332 2247 1385 vita;
2298 1324 2557 1391 Lameehi
2635 1339 2851 1395 decimo
2905 1345 3088 1408 tertio,
3165 1347 3445 1403 Euochum

1872 1421 2104 1475 electum
2135 1424 2202 1477 ad
2234 1438 2293 1479 se
2316 1430 2535 1482 sustulit
2569 1430 2836 1491 Dominus
2861 1437 3093 1507 (Arabes
3115 1454 3246 1494 vero
3270 1440 3446 1509 ipsum

1876 1510 2034 1603 Edris
2064 1515 2305 1583 vocant),
2348 1519 2653 1591 habuitque
2688 1526 2961 1595 Euochus,
2999 1531 3219 1601 quando
3264 1533 3444 1603 ipsum

1873 1602 1937 1655 ad
1968 1618 2027 1658 se
2055 1608 2257 1675 recepit
2292 1609 2577 1674 Dominus.
2605 1630 2780 1671 annos
2812 1628 3117 1676 tercentum
3161 1602 3444 1693 sexaginta

1871 1695 2133 1764 quinque.
2167 1698 2507 1771 Sublatoque
2534 1706 2650 1775 jam
2685 1706 2937 1775 Enocho,
2972 1710 3128 1766 Kaiui
3173 1715 3445 1770 maledicti

1872 1787 2097 1851 posteri,
2133 1804 2256 1845 cum
2295 1793 2401 1848 illis
2439 1794 2590 1850 Sethi
2630 1798 2754 1855 ﬁliis
2785 1801 2877 1868 qui
2914 1802 2981 1856 ad
3036 1803 3186 1874 ipsos
3215 1806 3445 1861 descen—

1862 1876 2076 1966 derant,
2107 1885 2485 1955 unusquisque
2507 1892 2651 1957 quod
2682 1892 2783 1960 ipsi
2804 1894 3067 1963 placeret,
3091 1906 3186 1950 aut
3207 1895 3273 1951 ad
3299 1898 3445 1966 quod

1864 1962 2169 2037 inclinaret,
2194 1978 2663 2050 propenderetque
2686 1985 2906 2041 animus
2925 1962 3442 2055 ipsins,coluer-unt.

1938 2064 2098 2119 Anno
2144 2076 2322 2124 autem
2388 2072 2511 2127 vita:
2561 2073 2817 2132 Lamechi
2866 2082 3211 2149 sexagesimo
3264 2083 3443 2149 primo

1865 2156 2003 2210 obiit
2039 2156 2275 2224 Kainan,
2308 2161 2397 2217 die
2418 2164 2678 2221 Mercurii
2714 2166 2862 2222 circa
2894 2171 3185 2225 meridiem
3224 2174 3453 2229 decimo

1866 2252 2033 2305 tertio
2090 2250 2376 2319 liazirani,
2417 2258 2619 2324 quiest
2675 2258 2932 2325 Baunab;
2981 2277 3140 2329 quem
3192 2260 3443 2335 myrrha,

1868 2343 2031 2399 thure
2076 2354 2132 2400 et
2176 2342 2358 2402 caesia
2416 2348 2735 2417 pollinctum
2797 2353 3015 2422 sepeliit
3071 2356 3216 2413 ﬁlius
3266 2358 3441 2428 ipsius

1868 2436 2139 2493 Ilablaliel
2201 2438 2252 2492 iu
2308 2441 2569 2505 spelunca
2622 2442 2901 2507 Alcanuz;
2949 2446 3241 2517 ipsumque
3308 2465 3444 2520 qua-

1869 2520 2129 2601 draginta;
2182 2529 2301 2587 dies
2347 2533 2694 2602 planxerunt.
2728 2534 2987 2607 leitque
3028 2539 3235 2594 Kainan
3270 2556 3445 2598 annos

1868 2621 2261 2678 decem‘ultra
2320 2636 2655 2697 nongentos.
2708 2627 2934 2694 Noaho,
2991 2647 3115 2686 cum
3176 2620 3444 2690 annorum

1869 2723 2016 2769 esset
2047 2715 2498 2786 quingentorum,
2539 2720 2651 2773 nati
2696 2732 2826 2775 sunt
2876 2730 2988 2779 tres
3038 2724 3153 2803 lilii,
3210 2742 3444 2795 quorum

1872 2805 2134 2873 majorem
2184 2808 2497 2877 appellavit'
2534 2809 2781 2874 Semum,
2833 2814 3135 2870 secundum
3186 2815 3443 2885 Hamum,

1874 2899 2097 2957 tertium
2135 2899 2450 2969 Japhetum.
2499 2900 2696 2957 Totum
2725 2914 2906 2960 autem
2958 2909 3081 2962 vitas
3125 2907 3273 2964 Noah
3314 2927 3445 2981 spa-

1875 2990 2009 3059 tium
2064 2990 2165 3046 luit
2215 3006 2488 3047 annorum
2538 3006 2946 3066 nongentorum
3001 3001 3445 3073 quinquaginta,

1877 3096 2129 3151 annoque
2157 3084 2441 3139 tricesimo
2471 3097 2672 3156 quarto
2704 3088 2829 3142 vita:
2860 3087 3034 3144 Noabi
3078 3092 3214 3147 obiit
3243 3093 3449 3149 Malda~

200 3184 435 3230 montem
483 3185 733 3232 sanctum
797 3180 1132 3247 ascendere,
1178 3167 1325 3261 .l’aeti
1379 3193 1509 3241 sunt
1561 3186 1767 3255 lapides

1874 3174 1986 3236 liel,
2026 3174 2113 3230 die
2148 3176 2303 3238 solis.
2340 3177 2475 3232 hora
2510 3176 2618 3233 diei
2661 3180 2821 3233 tertia
2864 3191 3070 3243 exacto
3097 3181 3283 3239 Nisani
3317 3185 3446 3256 (qui

202 3268 402 3322 montis
457 3268 622 3339 ignis,
676 3272 751 3325 ita
789 3279 849 3325 ut
886 3274 1057 3343 pullo
1097 3274 1260 3329 modo
1291 3286 1501 3346 pateret
1553 3277 1691 3347 ipsis
1721 3279 1776 3333 iu

200 3369 438 3417 montem
475 3364 703 3421 reditus.
744 3366 948 3421 Deinde
1000 3377 1289 3436 creperum
1339 3370 1429 3424 alii
1466 3377 1596 3440 post,
1641 3372 1779 3425 alios

202 3456 491 3527 demonte
541 3467 732 3513 sancto
779 3460 1116 3517 descendere
1161 3462 1229 3517 ad
1271 3462 1432 3517 Κεῑηί
1493 3463 1775 3518 maledicti

201 3548 355 3605 ﬁlias.
381 3549 518 3604 Cum
556 3566 688 3621 ergo
720 3550 831 3620 jam
865 3554 1334 3624 appropinquaret
1363 3553 1547 3610 Jaredi
1599 3572 1769 3624 mors,

199 3645 515 3696 convocatis
560 3641 671 3697 lilio
694 3657 796 3698 suo
836 3644 1086 3710 Enocbo,
1141 3646 1357 3703 Enochi
1399 3647 1774 3712 Mathusbale-

200 3731 319 3796 eho,
361 3732 796 3791 Mathnshalechi
825 3732 1119 3801 Lamecho.
1155 3751 1208 3795 et
1249 3740 1507 3800 Lainecbi
1560 3743 1772 3808 Noaho,

199 3822 327 3877 dixit
364 3827 519 3896 :28
558 3826 758 3884 Cavete
812 3845 880 3883 ne
924 3832 1216 3886 descendat
1260 3841 1505 3887 vestrum
1545 3836 1669 3903 quis
1707 3825 1773 3890 de

202 3923 381 3982 tuente
411 3917 512 3970 hoc
538 3920 753 3972 saneto.
788 3917 916 3976 Filii
956 3922 1103 3974 enim
1136 3922 1307 3976 vestri
1363 3924 1503 3993 lapsi
1555 3933 1682 3979 sunt
1721 3936 1773 3979 et

202 4006 506 4070 perierunt.
537 4007 675 4062 Novi
698 4016 879 4063 autem
908 4010 1075 4063 Deum
1102 4020 1377 4082 potentem
1403 4022 1454 4067 et
1472 4012 1768 4083 gloriosum
1796 4017 1801 4021 ’

202 4104 305 4149 nan
335 4098 659 4153 relicturum
690 4115 789 4154 vos
814 4088 867 4155 in
908 4101 1007 4155 hoc
1044 4085 1231 4158 monte
1249 4114 1472 4170 sancto.
1506 4105 1771 4175 Quisquis

201 4184 323 4257 ergo
355 4188 599 4245 vestruiu
640 4207 705 4247 ex
740 4193 843 4248 hoc
886 4195 1004 4249 loco
1030 4196 1366 4261 discesserit,
1403 4194 1552 4253 tollat
1578 4213 1765 4254 secum

199 4296 397 4349 corpus
426 4281 647 4346 Adami,
676 4300 778 4337 una
812 4300 936 4352 eum
967 4287 1339 4345 oblationibus
1385 4290 1528 4356 istis,
1559 4293 1769 4358 ipsum-

202 4387 307 4438 que
331 4366 532 4427 condat
564 4372 875 4452 ubicunque
903 4376 1101 4431 dixerit
1127 4378 1231 4449 ipsi
1258 4380 1539 4454 Dominus.
1566 4378 1764 4436 Totum

203 4472 374 4519 autem
402 4466 534 4519 vita:
580 4464 763 4521 Jaredi
798 4469 1034 4539 spatium
1090 4485 1358 4525 annorum
1386 4482 1502 4549 erat
1521 4488 1765 4544 nongen-

201 4564 373 4613 torum
400 4559 685 4630 sexaginta
728 4558 983 4615 duorum.
1015 4560 1237 4617 Euocho
1275 4578 1405 4619 vero
1430 4579 1554 4620 cum
1584 4580 1764 4619 anno-

202 4665 315 4705 rum
346 4659 493 4707 esset
539 4661 759 4725 centum
825 4635 1109 4723 sexaginta
1161 4656 1425 4725 quinque,
1485 4668 1645 4713 natus
1683 4669 1766 4714 est

204 4741 640 4808 Mathushalech;
688 4742 941 4815 annoque
1021 4742 1228 4803 Enochi
1302 4747 1561 4804 vicesimo
1626 4750 1761 4804 obiit

203 4832 326 4889 Seth
352 4836 438 4889 die
470 4835 681 4900 Martis,
718 4835 851 4889 hora
882 4836 988 4890 diei
1018 4852 1183 4902 nona,
1214 4838 1481 4892 vicesimo
1526 4844 1762 4910 Septimo

204 4928 400 4983 mensis
454 4927 537 4981 Ab
583 4928 697 4998 (qui
745 4937 829 4984 est
873 4928 1099 4996 Mcsbri)
1148 4945 1270 4982 cum
1319 4931 1543 5003 vixisset
1592 4948 1761 4987 annos

204 5013 477 5075 duodecim
497 5020 640 5076 ultra
664 5031 983 5090 nongentos,
1007 5022 1294 5091 ipsumque
1313 5023 1552 5092 myrrha,
1575 5025 1763 5089 thure,

205 5120 253 5164 et
277 5113 446 5167 cassia
474 5114 790 5183 pollinctum
821 5114 1031 5182 sepeliit
1073 5104 1217 5191 ﬁlius
1270 5115 1445 5184 ipsius
1491 5115 1672 5171 EltOSll
1705 5119 1757 5171 in

206 5205 453 5272 spelunca
501 5206 742 5261 Alcanuz
782 5207 933 5276 juxta
976 5208 1267 5274 Adamum,
1329 5209 1765 5280 planxeruntque

208 5310 375 5364 Ipsum
433 5299 789 5369 quadraginta
840 5301 977 5355 dies.
1028 5300 1504 5365 Mathushalecho,
1558 5306 1765 5357 exactis

209 5388 361 5443 annis
397 5401 616 5443 centum
642 5395 920 5460 octOginta
947 5400 1179 5460 septem,
1206 5404 1365 5447 natus
1396 5398 1478 5447 est
1501 5392 1770 5458 Lamech;

204 5468 375 5532 totum
411 5488 591 5535 autem
622 5483 767 5550 quod
802 5483 935 5536 vixit
988 5484 1401 5538 lllathushalcch
1450 5486 1576 5539 anui
1635 5494 1763 5539 sunt

214 5571 460 5638 nongenti
486 5574 769 5642 sexaginta
795 5590 1010 5629 novem.
1061 5575 1227 5630 l’orro
1255 5592 1398 5629 anno
1426 5566 1765 5647 quinquage-

214 5657 347 5712 simo
400 5663 561 5717 tertio
590 5665 710 5719 vitae
771 5664 1197 5721 Mathushalechi
1242 5666 1374 5722 obiit
1427 5666 1629 5734 Enosh,
1678 5666 1766 5723 die

287 5839 299 5864 '
331 5833 464 5890 Gen.
497 5841 647 5903 v1.4.

1798 4526 1839 4581 ι)

1885 3264 2023 3317 idem
2064 3274 2148 3320 est
2195 3280 2258 3319 ac
2298 3264 2645 3339 Barmudab)
2701 3270 2961 3335 secundo,
2988 3260 3148 3344 quem
3204 3275 3446 3345 myrrha,

1884 3358 2046 3412 thure
2094 3368 2149 3410 et
2187 3359 2367 3412 cassis
2419 3358 2765 3428 pollinctum,
2820 3363 3034 3432 sepeliit
3078 3365 3227 3419 ﬁlius
3274 3367 3450 3436 ipsius

1878 3448 2039 3507 Jared
2086 3453 2137 3506 in
2166 3452 2424 3521 spelunca
2474 3436 2740 3521 Alcanuz,
2772 3456 3059 3525 ipsumque
3087 3459 3447 3528 quadraginta

1880 3541 1995 3596 dics
2021 3541 2365 3611 planxerunt.
2387 3543 2533 3599 Vixit
2564 3554 2743 3609 autem
2780 3546 3051 3603 Mahlaliel
3072 3565 3249 3604 annos
3272 3552 3449 3606 octin-

1878 3642 2068 3702 gentos
2096 3636 2389 3707 nonaginta
2420 3638 2683 3708 quinque.
2708 3637 2878 3693 Porro
2925 3655 3068 3694 anno
3116 3642 3241 3697 vitae
3272 3644 3468 3701 Noahi,

1876 3723 1980 3793 32
2027 3725 2368 3802 sexagesimo
2417 3737 2595 3792 sexto,
2648 3727 2999 3793 obiitJared,
3057 3730 3145 3786 die
3195 3732 3445 3802 Veneris,

1875 3800 2159 3872 occidente
2202 3817 2337 3881 sole,
2388 3819 2554 3873 Adari
2603 3819 2832 3889 (quiest
2882 3819 3205 3890 Bormabat)
3237 3800 3449 3879 decimo

1877 3906 2071 3972 tertio;
2105 3922 2263 3977 quem
2317 3910 2639 3979 pollinctum
2685 3913 3041 3980 sepelierunt.
3097 3914 3237 3968 ﬁlius
3274 3915 3447 3985 ipsius

1874 4002 2307 4068 Mathusbalech,
2323 4004 2555 4060 Lameeh
2570 4017 2623 4061 et
2641 4006 2887 4071 Noah,'in
2905 4010 3159 4076 spelunca
3182 4010 3446 4075 Alcanoz;

1874 4094 2165 4183 ipsumque
2214 4097 2574 4165 quadraginta
2625 4098 2741 4154 dies
2785 4099 3149 4183 planxerunt;
3200 4102 3446 4171 vixitque

1869 4176 2030 4244 Jare'd
2063 4203 2238 4243 annos
2270 4190 2577 4261 n'ongentos
2608 4194 2888 4261 sexaginta
2914 4176 3072 4248 duos.
3106 4192 3279 4249 Porro
3302 4210 3445 4250 anno

1870 4282 1993 4336 vitae
2030 4277 2657 4352 Noahiquingentesimo
2699 4285 3054 4355 nonagesimo
3076 4286 3269 4353 quinto
3307 4286 3446 4341 ohiit

1870 4383 2021 4443 pater
2046 4374 2219 4443 ipsius
2252 4372 2509 4429 Lamech.
2544 4372 2779 4428 Lamecb
2828 4382 3010 4430 autem
3046 4382 3169 4430 ante
3213 4384 3440 4429 mortem

1870 4483 2046 4533 suam,
2076 4467 2265 4523 Noaho
2298 4466 2407 4521 lilio
2449 4481 2550 4521 suo
2597 4467 2885 4532 accersito,
2927 4467 3065 4522 dixit
3100 4485 3114 4522 :
3149 4465 3265 4522 Non
3301 4468 3443 4523 sinet

1875 4568 1927 4613 te
1973 4550 2117 4615 Deus
2165 4564 2378 4627 potens,
2428 4556 2721 4635 gloriosus,
2767 4557 2819 4610 in
2869 4542 3055 4612 'monte
3110 4558 3259 4625 jsto;
3313 4574 3440 4613 cum

1872 4666 2002 4722 ergo
2034 4650 2358 4714 descendes,
2386 4650 2545 4705 tollas
2575 4658 2752 4705 tecum
2780 4649 2971 4704 Adami
2996 4665 3199 4720 corpus
3225 4666 3443 4721 unaque

1873 4756 1982 4799 tres
2009 4745 2332 4809 oblationes,
2366 4742 2571 4799 scilicet
2603 4758 2822 4808 aurum,
2873 4744 3175 4815 myrrham,
3226 4752 3281 4799 et
3312 4746 3441 4800 thus

1875 4839 2108 4900 deferas,
2160 4838 2375 4905 ﬁlioque
2410 4845 2504 4891 tuo
2538 4836 2770 4906 praecipe
2804 4843 2862 4890 ut
2914 4851 3039 4889 mox
3084 4851 3112 4889 a
3143 4840 3318 4910 morte
3348 4846 3438 4893 tua

1875 4944 2075 4997 corpus
2127 4927 2314 4981 Adami
2374 4926 2645 4981 sublatum
2702 4926 2756 4979 in
2815 4926 2991 4981 medio
3046 4912 3436 4997 terrai’ponat,

1875 5022 2055 5087 ibique
2091 5022 2155 5073 ad
2189 5018 2535 5073 serviendum
2572 5034 2602 5072 e
2638 5017 2763 5073 ﬁliis
2812 5018 2927 5072 suis
2972 5018 3259 5087 quemdam
3301 5037 3432 5074 eon-

1874 5114 2082 5174 stituat,
2113 5110 2204 5181 qui
2235 5110 2307 5166 sit
2342 5125 2438 5179 per
2485 5118 2655 5163 totam
2700 5109 2868 5163 vitam
2924 5123 3077 5162 suam
3126 5110 3433 5179 religiosus.

1871 5205 2085 5264 caelebs,
2126 5204 2300 5272 neQue
2328 5203 2650 5270 sanguinem
2695 5200 2905 5265 fundat,
2962 5216 3137 5269 neque
3184 5202 3235 5255 in
3266 5201 3435 5256 sacri-

1872 5296 2052 5349 ﬁcium
2083 5294 2269 5349 offerat
2311 5295 2394 5347 vel
2426 5291 2704 5347 volucrem
2738 5292 2819 5345 vel
2872 5290 3062 5354 ieram,
3112 5292 3205 5346 sed
3240 5306 3432 5360 panem

1872 5394 2080 5439 tantum
2113 5392 2166 5436 et
2194 5382 2411 5445 vinum;
2442 5380 2693 5450 quoniam
2729 5378 2796 5432 ab
2820 5376 2925 5432 isto
2957 5378 3075 5431 loco
3111 5378 3211 5432 crit
3240 5380 3431 5433 Adami

1869 5480 2053 5544 salus;
2108 5477 2474 5543 iuduaturque
2535 5452 2767 5541 pellibus
2824 5470 3048 5532 ferinis,
3103 5485 3203 5523 nec
3250 5472 3431 5539 crines

1872 5572 2048 5634 radat,
2087 5586 2185 5625 nec
2220 5583 2427 5639 ungues
2458 5574 2742 5635 praeseret,
2779 5563 3034 5630 solusque
3066 5571 3377 5631 permaneat
3412 5579 3428 5616 :

1874 5659 2160 5717 vocabitur
2184 5659 2325 5714 cn‘im
2364 5654 2620 5711 sacerdos
2653 5652 2895 5718 Domini;
2940 5654 3173 5706 iunucns
3211 5648 3429 5703 Melchi-
