4038 6500
597 397 699 460 915

1640 402 2004 462 EUTYCIIII
2048 400 2571 497 AL/EXANDRINI
2611 398 2827 463 PA'I‘R.

3691 402 3775 468 916

590 511 903 563 βριὶριοιιιιιιι.
951 510 1082 565 Cum
1131 528 1257 580 ergo
1308 513 1654 583 prrecepisset
1685 511 1859 581 (ista)
1917 510 2145 565 Latnech
2181 542 2221 595 Α
2251 512 2458 577 cribus,
2494 512 2644 570 leris.
2680 515 2986 576 reptilibus,
3034 517 3254 573 «lieens:
3285 519 3779 573 Introdurastrrum

595 603 707 655 ﬁlio
732 617 831 655 suo
863 601 1074 665 Nohna,
1107 611 1355 657 mortuus
1384 614 1487 665 ρει,
1507 604 1592 655 die
1626 596 1903 655 Dominico
1927 601 2027 654 sub
2057 616 2151 654 oc-

593 707 779 747 casum
831 693 993 756 solis;
1046 693 1206 745 Adari
1264 693 1375 761 (qui
1430 704 1516 747 est
1571 692 1880 760 Bormahat)
1935 691 2150 746 decimo

591 800 771 850 nono;
827 786 1110 852 ipsumque
1157 785 1477 852 pollinctum
1509 786 1719 853 Sepeiiit
1762 782 1909 837 Nouit
1944 783 1995 835 in
2028 798 2150 851 spe-

592 879 752 930 lunca
780 877 1040 939 Alcanuz,
1073 875 1503 951 planxeruntqne
1526 880 1702 947 ipsum
1755 878 1870 931 dies
1912 877 2149 943 quadra-

592 971 760 1036 ginta.
798 967 901 1037 33
932 960 1037 1037 35
1060 960 1187 1020 Fuit
1222 976 1402 1021 autem
1432 968 1541 1021 vita
1586 964 1835 1019 Lameuhi
1878 979 2146 1017 annorum

590 1060 1059 1129 septingentorum
1101 1052 1442 1129 septuaginta
1495 1071 1724 1125 septem.
1774 1059 1940 1109 Porro
2002 1072 2146 1110 anno

590 1136 717 1208 vitae
747 1152 871 1208 Non:
901 1154 1295 1209 sexcentesimo
1340 1162 1581 1207 mortuus
1612 1163 1689 1206 est
1724 1150 2149 1214 Mathnshalecb,

590 1245 680 1299 die
724 1244 947 1301 Veneris
979 1240 1119 1300 circa
1143 1246 1448 1312 meridiem,
1498 1244 1755 1298 vicesimo
1803 1244 1975 1311 printo
2024 1240 2146 1301 ilnl.

591 1338 683 1407 qui
718 1348 801 1393 est
828 1338 1015 1391 'I‘hut:
1056 1354 1213 1406 quem
1256 1338 1572 1403 pollinctum
1626 1336 1957 1407 sepelierunt
1996 1330 2147 1387 Noalt

590 1440 643 1482 et
676 1429 797 1483 Sem
833 1430 884 1481 in
915 1429 1167 1498 spelunca
1194 1430 1451 1487 Alcanuz,
1482 1428 1769 1495 ipsumque
1792 1424 2149 1494 quadraginta

591 1520 707 1572 dies
760 1518 1105 1585 planxerunt.
1156 1506 1278 1568 Fuit
1331 1514 1513 1570 autem
1566 1514 1673 1567 vita
1724 1511 2149 1565 Mathushalechi

540 1656 541 1659 η
592 1624 858 1662 annorum
925 1616 1320 1677 nongentorum
1375 1606 1650 1673 sexaginta
1696 1618 1906 1657 novem.
1970 1602 2153 1669 Neque

588 1700 697 1769 jam
728 1700 850 1767 quis
890 1698 1154 1769 superfuit
1186 1706 1455 1751 inimmtie
1502 1708 1689 1751 sancto
1742 1704 1936 1765 printer
1974 1694 2149 1747 solum

592 1791 839 1845 Nozihnm
877 1795 1151 1861 ipsiusque
1182 1806 1403 1846 uxorem
1432 1791 1539 1859 (cui
1572 1804 1765 1843 nomen
1792 1798 1908 1843 erat
1942 1785 2146 1855 llaical)

2252 615 2315 654 ex
2376 601 2482 655 illis
2532 598 2775 671 3739
2811 619 2930 670 qua:
2988 605 3127 657 inter
3182 608 3293 660 inec
3354 605 3554 659 munda
3611 606 3784 661 iuerint

2216 762 2231 774 .
2251 704 2455 765 septem
2490 698 2661 765 paria,
2693 713 2869 753 mares
2900 708 3128 766 septem,
3159 708 3212 753 et
3245 700 3487 755 femellas
3510 700 3734 763 totidem
3762 718 3773 756 :

2248 796 2313 835 ex
2361 781 2653 836 immundis
2719 790 2896 837 autem
2958 786 3124 845 bina.
3199 802 3399 841 marem
3446 774 3677 839 'seilicct
3742 794 3789 839 et

2250 870 2526 927 feminam.
2559 872 2841 942 Ingressus
2874 889 3001 945 ergo
3041 875 3190 930 Noah
3241 877 3420 929 navim
3453 893 3575 931 cum
3618 892 3786 941 uxore,

2250 962 2394 1027 ﬁliis,
2429 963 2771 1034 ﬁliorumque
2798 968 3079 1029 uxoribus.
3108 983 3306 1035 corpus
3330 968 3517 1021 Adami
3547 969 3601 1021 in
3627 968 3785 1020 navim

2250 1056 2596 1133 importatum
2630 1056 2830 1126 in-ejus
2861 1058 3037 1112 medio
3064 1060 3371 1123 collocavit,
3406 1061 3677 1126 impositis
3703 1059 3789 1127 ipsi

2249 1146 2643 1202 oblationibus.
2678 1140 3023 1219 Fueruntque
3054 1146 3207 1203 Noait
3240 1160 3295 1205 ‘et
3328 1150 3416 1203 ﬁlii
3455 1151 3570 1215 ejus
3599 1153 3660 1203 ad
3687 1166 3796 1219 par-

2251 1246 2357 1292 tem
2394 1240 2546 1294 navis
2579 1241 2934 1306 orientalem;
2965 1257 3101 1294 uxor
3130 1257 3254 1293 vero
3284 1243 3455 1309 ipsius
3486 1251 3532 1293 et
3574 1242 3791 1295 ﬁliorum

2253 1329 2546 1384 utores‘ad
2582 1332 2993 1395 occidentalem,
3061 1348 3125 1385 ne
3172 1334 3271 1385 viri
3315 1334 3381 1385 ad
3418 1332 3665 1391 feminas.
3714 1344 3796 1385 aut

2253 1424 2465 1478 femina:
2509 1425 2574 1479 ad
2606 1426 2753 1479 viros
2787 1427 3127 1480 accederent.
3159 1424 3403 1494 Cumque
3462 1426 3644 1477 omnia
3687 1439 3794 1492 qui:

2252 1518 2437 1571 inferri
2483 1518 2722 1585 jusserat
2766 1518 2908 1571 Deus
2962 1532 3146 1575 secum
3189 1517 3497 1576 intulisset,
3530 1516 3791 1581 aperiente

2254 1608 2479 1661 Domino
2531 1624 2790 1677 aquarum
2831 1600 3045 1673 ‘Iontes,
3090 1609 3376 1663 scaturivit
3428 1618 3609 1670 terra,
3660 1621 3799 1663 com:

2253 1700 2405 1754 mista
2446 1700 2571 1753 sunt
2603 1703 2791 1765 maria,
2832 1702 3182 1772 pluviamque
3229 1700 3367 1756 Deus
3411 1715 3439 1754 e
3473 1700 3614 1753 cmlo
3646 1692 3803 1752 demi-

2254 1792 2346 1844 sit.
2393 1790 2620 1858 Fuitque
2663 1792 2925 1845 diluvium
2981 1806 3105 1845 cum
3144 1792 3290 1871 Neah
3345 1800 3611 1844 annorum
3667 1795 3804 1842 esset

599 1885 760 1936 lilium
812 1884 1058 1936 Naznusas
1112 1883 1204 1936 lilii
1257 1883 1485 1946 Enochi,
1539 1898 1658 1935 cum
1708 1882 1884 1935 tribus
1910 1880 2149 1948 ipsorum
2185 1890 2223 1943 Β
2252 1892 2655 1948 sexcentorum,
2688 1883 2831 1937 ﬁlius
2864 1898 2988 1938 vero
3020 1883 3195 1951 ipsius
3225 1882 3351 1937 Sum
3382 1895 3624 1935 centum.
3676 1879 3801 1933 Pro-

594 1972 720 2025 ﬁiiis
767 1971 950 2036 Semo,
1003 1970 1193 2033 Ilamo,
1242 1981 1293 2039 et
1335 1969 1583 2038 .Iaphcto,
1638 1971 1921 2037 tribusque
1963 1981 2150 2020 eorum

593 2064 919 2131 coniugibus
953 2078 1070 2137 (litae
1118 2079 1147 2115 e
1194 2062 1412 2116 ﬁliabus
1470 2060 1905 2115 Mathushalechi
1956 2058 2149 2112 tuere”:

596 2156 747 2207 uxori
780 2153 921 2207 Setni
958 2170 1152 2208 nomen
1206 2150 1392 2212 S’alitr
1421 2152 1597 2217 Hemi,
1643 2154 1883 2217 Nahlat;
1918 2150 2151 2220 .Iapheti,

594 2246 861 2299 Arisiseb.

668 2330 1079 2403 Ingravescente
1123 2344 1301 2391 autem
1357 2338 1411 2390 in
1461 2346 1605 2391 terra
1660 2335 1983 2404 iniquitate,
2027 2346 2151 2387 cum

595 2422 755 2480 Sethi'
790 2422 1012 2495 posteri.
1062 2426 1220 2480 Κειῑηί
1267 2427 1542 2482 maledicti
1588 2425 1829 2495 posteris
1878 2423 2151 2493 permisti,

595 2518 799 2571 scclera
848 2519 1269 2581 committerent.
1323 2518 1499 2587 turpia
1540 2525 1837 2590 patrantes,
1872 2523 1924 2570 et
1969 2514 2035 2567 ad
2072 2514 2155 2566 ln-

595 2609 746 2662 dicra
783 2594 1067 2673 conversi,
1118 2611 1377 2664 indicavit
1430 2610 1573 2665 Deus
1625 2624 1718 2677 per
1768 2607 2150 2661 revelationem

595 2699 782 2755 Noaho
817 2720 830 2755 :
872 2701 1138 2758 Missurus
1165 2718 1282 2757 sum
1317 2703 1367 2755 in
1399 2710 1600 2756 terrain
1629 2702 1913 2761 diluvium,
1951 2707 2005 2751 et
2036 2713 2154 2751 om—

596 2790 685 2844 nia
725 2806 845 2859 qua
874 2807 1038 2859 super
1066 2808 1126 2845 ea
1175 2775 1512 2861 reperientur
1548 2792 1883 2867 perditurus,
1934 2786 2154 2855 Ipsique

596 2881 662 2935 de
710 2892 888 2936 nonte
920 2892 1130 2948 sancto,
1188 2898 1296 2937 una
1334 2900 1455 2937 cum
1504 2884 1628 2936 ﬁliis
1669 2889 1719 2935 et
1769 2894 1957 2941 uxore,
2012 2877 2153 2930 ﬁlio-

596 2981 825 3043 rumque
856 2976 1139 3037 uxoribus,
1166 2966 1497 3030 descendere
1530 2974 1706 3039 iusso,
1746 2968 1999 3041 praecepit
2030 2977 2090 3023 ut
2121 2984 2151 3022 e

598 3064 756 3133 lignis
790 3066 1072 3133 quadratis
1102 3065 1280 3118 navim
1308 3072 1611 3119 exstrueret
1643 3064 1817 3131 (juxta
1856 3060 2151 3114 nonnullos

594 3165 626 3206 e
658 3154 820 3223 lignis
840 3158 1038 3222 platani
1071 3150 1288 3222 indicat)
1330 3156 1487 3223 cujus
1522 3154 1803 3220 longitudo
1829 3161 1973 3207 esset
2006 3150 2154 3204 cubi-

596 3220 777 3300 torum
813 3220 895 3299 ter
924 3254 1164 3310 Centum,
1200 3220 1430 3299 latitudo
1464 3245 1878 3315 quinquaginta,
1922 3242 2152 3296 altitudo
2178 3220 2223 3279 θ

597 3341 853 3408 triginta;
886 3354 1113 3410 eamque
1148 3342 1378 3395 interius
1409 3348 1464 3394 et
1500 3342 1740 3395 exterius
1773 3341 1889 3409 pice
1915 3352 1977 3393 ac
2011 3339 2156 3393 bitu-

599 3434 746 3489 mine
789 3434 1015 3487 oblitam
1062 3436 1114 3486 in
1165 3444 1275 3489 tres
1322 3434 1760 3504 contignationes
1810 3432 1919 3501 36
1959 3432 2154 3486 distin-

599 3514 809 3596 gueret,
857 3540 1085 3594 quarum
1128 3526 1351 3601 inﬁmak
1393 3524 1521 3583 feris
1571 3536 1719 3581 esset
1760 3534 1816 3580 et
1856 3526 2153 3593 jumentis;

599 3613 796 3681 media,
842 3616 1190 3680 volucribus;
1244 3631 1518 3685 suprema,
1570 3616 1671 3685 ipsi
1729 3624 1782 3669 et
1828 3616 1954 3669 ﬁliis
2002 3618 2155 3681 suis;

597 3690 854 3772 essetque
904 3718 1060 3773 porta
1102 3706 1255 3761 navis
1310 3706 1362 3759 in
1413 3706 1581 3760 latere
1631 3706 1802 3775 ipsius
1844 3707 1909 3759 ad
1948 3713 2156 3774 partem

598 3795 941 3861 orientalem,
964 3797 1263 3866 ﬁerentque
1285 3797 1335 3851 in
1360 3798 1473 3868 ipsa
1505 3799 1610 3852 ioci
1631 3812 1787 3867 aqua:
1812 3798 2153 3865 recipiendae,

599 3899 663 3940 ac
699 3887 853 3942 locus
880 3889 1024 3942 cibo.
1060 3890 1346 3958 ingressus
1372 3904 1503 3957 ergo
1545 3888 1694 3944 Noait
1724 3890 2035 3959 speluncam
2063 3890 2170 3944 Al-r

598 3992 792 4057 eannz,
848 3989 902 4031 et
963 3979 1149 4042 Sethi,
1203 3980 1434 4044 Enochi,
1492 3970 1763 4044 Kainani,
1811 3977 2155 4045 Mahlalielis,

597 4070 799 4134 .Iaredi,
823 4071 1272 4135 Mathusbalecbi,
1295 4081 1349 4126 et
1370 4072 1623 4126 Lamechi
1650 4087 1877 4143 corpora
1926 4072 2156 4127 deoscu-

602 4164 765 4225 latus,
800 4178 1003 4232 corpus
1057 4162 1248 4216 Adami
1301 4179 1515 4232 unaque
1560 4164 1863 4219 oblationes
1912 4165 2157 4230 sustulit,

602 4254 805 4307 Ierente
853 4254 1013 4308 Semo
1052 4270 1278 4317 aurum,
1327 4252 1497 4330 Banio
1552 4258 1861 4327 myrrham,
1927 4254 2156 4325 Japhelo

600 4348 745 4400 thus.
778 4342 994 4415 Egressi
1032 4347 1194 4416 igitur
1230 4355 1285 4399 ut
1336 4363 1366 4400 e
1404 4355 1584 4401 monte
1623 4358 1813 4401 sancto
1863 4348 2157 4401 descende-

598 4447 740 4500 rent,
773 4439 1005 4492 sublatis
1037 4440 1101 4491 ad
1136 4441 1448 4507 paradisum
1491 4440 1689 4505 oculis,
1734 4438 1928 4522 ﬂevere
1972 4440 2158 4493 dicen-

2257 1979 2537 2038 rumpente
2567 1980 2741 2025 autem
2782 1980 2978 2025 eterra
3021 1986 3182 2039 aqua,
3212 1960 3501 2040 pluviaque
3545 1969 3615 2024 de
3651 1972 3803 2028 C(BIO.

2255 2063 2608 2132 quadraginta
2640 2062 2757 2117 dies
2790 2052 3087 2131 noctesque
3119 2064 3411 2117 continuos
3458 2078 3632 2131 usque
3679 2062 3805 2115 adeo

2242 2156 2484 2211 invaluit
2530 2171 2667 2225 aqua
2722 2172 2882 2223 super
2918 2166 3142 2220 terram,
3174 2165 3231 2211 ut
3272 2158 3600 2212 altissimum
3630 2159 3720 2223 qui
3752 2158 3801 2210 itt

2256 2256 2397 2303 terra
2434 2249 2604 2319 (sunt)
2634 2250 2893 2303 montium
2934 2248 3239 2318 quindecim
3268 2248 3468 2303 cubitis
3504 2250 3810 2315 superaret,

2254 2348 2523 2407 terraeque
2555 2337 2894 2406 superﬁciem
2927 2346 3143 2392 centum
3179 2346 3232 2391 et
3263 2338 3661 2408 quinquaginta
3694 2338 3804 2393 dies

2255 2435 2511 2498 operiret,
2546 2433 2718 2489 donec
2748 2449 2856 2488 non
2882 2442 3194 2503 superesset
3222 2432 3276 2485 itt
3312 2441 3456 2486 terra
3491 2432 3696 2484 animal
3728 2431 3806 2484 vel

2257 2526 2435 2594 planta
2470 2526 2597 2593 quin
2649 2524 2985 2593 perderetur.
3044 2524 3162 2579 .Iam
3214 2528 3282 2582 ab
3312 2524 3519 2578 Adamo
3568 2525 3637 2577 ad
3681 2525 3814 2577 dilue

2257 2617 2397 2679 vium
2449 2616 2576 2668 anni
2612 2624 2771 2669 erant
2820 2614 2905 2668 bis
2953 2615 3099 2668 mille
3145 2616 3365 2669 ducenti
3421 2614 3810 2684 quinquaginta

2256 2721 2371 2759 sex.
2401 2704 2531 2758 Post
2550 2701 2672 2758 dies
2706 2714 2830 2757 vero
2862 2719 2891 2759 a
2932 2705 3140 2765 diluvio
3170 2713 3385 2789 centum
3439 2715 3493 2759 et
3538 2707 3812 2773 quinqua-

2254 2797 2426 2867 ginta,
2464 2797 2707 2854 mittente
2743 2796 2853 2849 Deo
2884 2804 3102 2850 ventum
3136 2796 3228 2865 qui
3265 2810 3430 2864 super
3472 2804 3681 2849 terram
3727 2792 3813 2847 Ila-

2256 2896 2360 2953 ret,
2388 2887 2524 2942 adeo
2556 2896 2613 2940 ut
2640 2887 2947 2954 quiesceret
2998 2902 3154 2954 aqua,
3202 2893 3478 2949 cessarent
3528 2886 3731 2947 fontes,
3764 2893 3815 2938 et

2256 2989 2603 3035 coerceretur
2632 2979 2839 3048 pluvia,
2873 2979 3037 3047 capit
3087 2994 3221 3046 aqua
3260 2978 3518 3032 continue
3543 2977 3657 3047 40
3686 2976 3812 3030 subo

2256 3073 2432 3127 sidere
2469 3079 2523 3124 et
2552 3070 2867 3125 decrescere
2894 3085 3064 3139 usque
3107 3070 3175 3123 ad
3203 3084 3441 3124 mensem
3490 3071 3809 3137 septimum.

2261 3159 2465 3215 Mensis
2508 3167 2689 3213 autem
2740 3159 2979 3228 septimi,
3039 3160 3254 3213 scilicet
3306 3159 3510 3213 mensis
3549 3158 3657 3212 Ilul
3700 3158 3813 3227 (qui

2257 3250 2397 3305 idem
2446 3260 2531 3305 est
2564 3249 2730 3321 Thut)
2785 3251 2872 3305 die
2906 3251 3115 3305 decimo
3146 3251 3373 3319 septimo
3419 3250 3629 3304 resedit
3670 3251 3815 3305 navis

2258 3359 2420 3413 super
2448 3351 2631 3397 monte
2674 3342 2821 3397 dicto
2864 3340 3078 3401 Ararat.
3117 3341 3208 3410 qui
3236 3349 3320 3395 est
3355 3356 3510 3394 mons
3539 3340 3814 3393 Alluda‘in

2256 3432 2448 3495 Musal,
2504 3431 2557 3486 in
2585 3431 2801 3501 regione
2861 3431 3191 3496 Diarrabiz,
3247 3432 3315 3493 in,
3363 3429 3484 3484 viro
3545 3430 3817 3500 appellato

2258 3522 2467 3597 Korda;
2511 3529 2740 3575 vocatur
2775 3528 2953 3574 autem
2992 3522 3154 3575 hodie
3197 3530 3341 3576 terra
3391 3519 3727 3585 Tltamaniu,
3764 3526 3815 3574 et

2258 3614 2433 3668 insula
2463 3610 2592 3667 Bani
2630 3613 2812 3667 Omar.
2843 3598 3090 3683 Cmnque
3122 3628 3230 3668 non
3267 3621 3510 3668 cessaret
3544 3628 3691 3684 aqua
3727 3612 3814 3667 de-

2257 3719 2504 3759 crescere
2530 3713 2581 3757 et
2616 3701 2898 3758 subsidere
2938 3718 3110 3774 usque
3148 3703 3213 3757 ad
3243 3719 3485 3759 mensem
3513 3704 3813 3766 decimum.

2261 3796 2433 3867 primo
2467 3796 2551 3848 die
2585 3796 2785 3848 mensis
2814 3793 3011 3847 decimi
3043 3778 3342 3864 apparuere
3372 3795 3639 3848 montium
3664 3794 3811 3863 juga,

2259 3884 2453 3939 deinde
2482 3893 2606 3953 post
2644 3883 3003 3954 quadraginta
3050 3875 3189 3947 dies,
3232 3892 3421 3953 aperta
3450 3885 3605 3937 navis
3639 3895 3808 3954 porta.

2257 3978 2432 4033 emisit
2466 3976 2617 4031 Noait
2659 3991 2883 4030 corvum
2943 3976 3007 4030 ad
3054 3974 3444 4045 explorandum
3475 3992 3605 4029 num
3643 3976 3811 4031 cxsie‘

2257 4078 2376 4122 cata
2420 4076 2563 4123 esset
2608 4082 2745 4136 aqua
2778 4082 2806 4119 a
2836 4053 3122 4135 superﬁcie
3159 4074 3339 4130 terrae,
3373 4066 3467 4135 qui
3509 4067 3704 4122 abiens
3733 4082 3809 4119 re-

2259 4140 2449 4214 versus
2504 4171 2610 4213 non
2653 4168 2754 4213 est.
2799 4158 2947 4212 Misit
2990 4173 3119 4227 ergo
3167 4158 3499 4221 columbam,
3529 4173 3651 4226 qum
3700 4159 3813 4213 sine

2261 4267 2409 4304 mora
2446 4265 2662 4304 reversa
2702 4259 2785 4305 est
2815 4250 3045 4319 pedibus
3081 4264 3221 4320 aqua
3254 4248 3623 4313 madentibus,
3676 4250 3815 4304 unde

2257 4345 2508 4413 cognovit
2530 4342 2677 4397 Noah
2709 4342 2885 4409 adhuc
2920 4358 3041 4398 esse
3082 4358 3274 4412 aquam
3305 4357 3470 4412 super
3499 4351 3719 4397 terram.
3746 4343 3813 4395 At

2258 4445 2379 4503 post
2401 4445 2599 4503 septem
2634 4434 2751 4489 dies
2783 4449 2906 4487 cum
2950 4435 3187 4486 mitteret
3228 4448 3421 4488 rursus
3474 4435 3804 4495 columbam,

597 4538 727 4583 tesrz
763 4530 907 4591 Vale,
941 4532 1184 4598 paradise
1210 4544 1449 4586 sanctc':
1487 4514 1802 4600 lapidesque
1833 4530 2153 4596 deosculati,
2188 4558 2231 4612 Β
2261 4538 2323 4577 ea
2362 4523 2427 4576 ad
2464 4525 2636 4594 ipsum
2672 4523 2905 4592 vesperi,
2957 4522 3010 4586 in
3043 4536 3136 4574 ore
3170 4514 3357 4574 folium
3400 4520 3554 4575 oliva:
3596 4538 3804 4593 gerens,

601 4635 663 4673 ac
689 4622 909 4676 arbores
939 4623 1167 4691 amplexi
1195 4623 1259 4676 de
1286 4628 1464 4678 monte
1509 4630 1698 4677 sancto
1724 4623 2154 4689 descenderunt;

603 4712 1006 4783 fabricatusque
1038 4724 1121 4767 est
1161 4712 1309 4766 Noah
1337 4715 1539 4767 navim.
1570 4715 1667 4768 Cui
1707 4704 2155 4769 indicavitietiam

602 4804 863 4878 Donqu
907 4813 963 4857 ut
994 4819 1307 4873 campanam
1343 4820 1372 4859 e
1398 4804 1542 4874 ligno
1573 4804 1772 4874 platani
1806 4806 2001 4860 Indicae
2036 4821 2159 4860 can-

516 4952 522 4960 .
603 4897 934 4953 ﬁcere'll'tres
972 4898 1187 4951 cubitos
1241 4896 1481 4965 Iungam,
1532 4896 1815 4951 latitudine
1868 4900 2155 4965 sesquicuc

600 4991 842 5049 hitalem.
873 4990 1026 5056 cujus
1062 4988 1220 5040 etiam
1268 4986 1492 5040 malleus
1520 5004 1581 5040 ex
1628 4988 1814 5041 eadem
1860 4996 2003 5042 esset
2050 5004 2156 5041 ma-

604 5081 733 5133 teria
766 5098 779 5132 :
808 5094 969 5147 quam
1010 5088 1089 5131 ter
1131 5077 1373 5142 quotidie
1424 5079 1703 5144 pulsaret;
1741 5092 1920 5139 mane,
1953 5093 2060 5143 quo
2089 5078 2155 5129 ad

602 5171 776 5237 ipsum
808 5176 1498 5236 congregarenturoperw,
1535 5167 1732 5220 deinde
1764 5166 1830 5219 ad
1855 5168 2155 5232 meridiem,

601 5270 845 5328 tempore
874 5252 1123 5327 prandii;
1153 5273 1214 5311 ac
1237 5273 1428 5312 rursus
1461 5258 1833 5326 vesperi,cum
1875 5257 2156 5311 disceden-

601 5352 727 5403 dum
758 5359 933 5414 esset;
968 5348 1213 5418 dixitque
1244 5349 1343 5417 ipsi
1384 5367 1397 5401 :
1432 5347 1566 5403 Cum
1601 5349 1881 5403 audientes
1927 5359 1977 5401 te
2009 5364 2157 5401 cam-

602 5438 797 5512 panam
839 5442 1165 5510 pulsantem,
1196 5440 1430 5494 dixerint
1464 5441 1559 5493 tibi
1598 5459 1610 5492 :
1647 5440 1785 5505 Quid
1825 5440 1920 5491 hoc
1956 5439 2031 5515 rei
2078 5448 2160 5493 est

603 5536 745 5603 quod
780 5533 1246 5602 lacis?.re5poude
1298 5536 1473 5601 ipsis:
1532 5532 1884 5587 Immissurus
1927 5542 2009 5585 est
2052 5531 2157 5586 Do-

604 5626 787 5679 tninus
811 5624 1094 5678 diluvium.
1120 5622 1270 5678 Fecit
1302 5639 1429 5693 ergo
1462 5622 1612 5676 Noah
1642 5624 1820 5677 omnia
1850 5639 1967 5692 quae
1994 5624 2155 5690 jussit

606 5716 780 5783 ipsum
837 5708 1112 5769 Dominus.
1168 5714 1419 5785 Misitque
1466 5716 1533 5769 ad
1595 5731 1715 5768 eum
1784 5713 2041 5787 Dominus
2090 5731 2156 5766 ex

608 5808 753 5861 omni
785 5808 1139 5862 animantium
1172 5823 1388 5878 genere,
1418 5807 1629 5865 scilicet
1654 5808 1971 5875 pecudibus,
2006 5807 2154 5861 volu-

2261 4629 2471 4668 reversa
2520 4622 2622 4669 est.
2671 4612 2813 4666 Tum
2843 4612 2931 4665 ubi
2969 4622 3169 4679 septem
3226 4612 3405 4667 adhuc
3452 4614 3567 4668 dies
3615 4630 3805 4685 exspe—

2258 4713 2479 4787 ctasset,
2510 4705 2832 4788 columbam
2859 4704 3051 4757 iterum
3099 4703 3298 4767 emisit,
3346 4718 3474 4775 qum
3516 4707 3582 4761 ad
3628 4709 3802 4779 ipsum

2256 4812 2364 4850 non
2392 4780 2572 4851 rediit.
2602 4797 2733 4851 Cum
2782 4780 2910 4865 ergo
2944 4803 3064 4861 post
3103 4795 3214 4851 haec
3246 4798 3446 4867 septe'ru
3486 4800 3603 4856 dies
3633 4816 3806 4856 moras

2261 4900 2368 4950 tus.
2421 4892 2575 4952 navis
2610 4900 2818 4959 portam
2866 4893 3191 4959 aperuisset,
3233 4893 3532 4961 prospexit,
3572 4900 3627 4946 et
3682 4904 3804 4947 ecce

2259 4990 2401 5035 terra
2457 4983 2676 5037 herbam
2717 4984 2938 5037 viridem
2976 4985 3321 5052 produxerat,
3376 4992 3429 5039 et
3472 4984 3540 5037 ab
3576 4984 3696 5054 ipsa
3728 5001 3807 5039 rc-

2260 5083 2539 5127 cesserant
2573 5088 2747 5142 aquae.
2789 5072 3050 5144 Egressus
3083 5084 3165 5131 est
3215 5091 3343 5145 ergo
3401 5076 3555 5132 Noah
3607 5093 3637 5132 e
3676 5092 3805 5133 nave

2226 5181 2381 5219 -cum
2418 5166 2540 5219 ﬁliis
2571 5166 2705 5227 suis,
2736 5166 2914 5230 Samo,
2958 5166 3126 5219 liamo
3155 5175 3207 5222 et
3238 5167 3487 5237 Japbeto,
3524 5169 3802 5237 suaqne‘ct

2262 5257 2806 5332 liiiorum‘uxoribus,
2853 5257 3217 5329 omnibusque
3249 5276 3368 5328 qua:
3417 5261 3466 5314 in
3514 5264 3636 5316 navi
3684 5278 3800 5315 cum

2261 5350 2377 5417 ipso
2418 5347 2566 5402 fuere
2612 5349 2995 5412 animantibus.
3048 5359 3175 5419 post
3229 5352 3364 5406 duos
3418 5352 3558 5405 ultra
3607 5367 3800 5406 annum

2260 5456 2493 5503 menses,
2532 5440 2614 5494 die
2644 5441 2852 5495 decimo
2906 5444 3131 5509 septimo
3175 5438 3420 5513 [gl-ﬁs
3472 5445 3675 5514 mensis
3718 5460 3800 5499 se-

2259 5534 2442 5597 cmtdi,
2474 5528 2657 5586 Nisani
2685 5533 2891 5586 scilicet
2917 5535 3006 5601 qui
3036 5544 3089 5586 et
3110 5533 3249 5588 idem
3282 5533 3604 5586 Batmndah.
3635 5535 3793 5589 Cum-

2260 5641 2363 5690 que
2411 5625 2614 5692 egressi
2670 5634 2851 5679 essent
2919 5625 3106 5677 urbem
3158 5632 3544 5679 exstruxerunt
3573 5617 3615 5690 ,’
3644 5641 3795 5695 quant

2261 5698 2561 5768 Thainanin
2626 5715 3002 5783 appellarunt,
3074 5714 3228 5781 juxta
3285 5729 3568 5767 numerum
3649 5728 3792 5769 suum

2260 5808 2413 5877 quasi
2448 5808 2586 5863 dicat
2620 5826 2632 5862 :
2703 5806 2814 5861 Nos
2862 5816 2982 5860 octo
3020 5806 3500 5875 sumus.i)ixitque
3540 5806 3787 5860 Dominus
