4138 6492
364 309 461 371 911

1778 295 2143 356 ANNALES.

3470 300 3577 362 918

1329 372 1346 392 κ
1609 373 1622 381 .

367 430 568 493 potens,
601 420 888 489 gloti0sns,
922 416 1106 469 Noalm
1145 429 1156 462 :
1201 411 1313 463 Non
1349 412 1593 462 futurum
1645 418 1728 461 est
1761 414 1908 476 posl-
1936 403 1983 460 Α
2014 422 2124 465 tum
2153 408 2343 465 autem
2379 413 2500 464 vita:
2536 410 2770 487 liaiuani
2821 412 2946 463 anni
2995 412 3367 479 quadringenti
3403 419 3448 462 rt
3482 417 3576 465 tri-

367 515 459 568 ltac
489 505 724 581 unquam
761 508 1047 564 diluvium.
1653 556 1663 568 .

430 601 567 667 Quin
623 608 676 654 et
715 599 896 666 posuit
953 598 1210 650 Dominus
1249 593 1434 649 Noaho
1471 594 1668 657 fccdus,
1708 593 1914 648 scilicet

369 708 546 747 arcum
580 692 633 746 in
677 689 910 742 nubibus
961 697 1338 757 apparentem,
1387 686 1574 740 dicens
1619 687 1721 754 ipsi
1759 705 1769 740 :
1809 683 1909 740 Ubi

364 781 703 852 conspexeris
735 795 916 834 arcum
951 781 1138 841 istum,
1165 780 1268 832 erit
1307 780 1419 847 ipse
1441 779 1536 834 tibi
1564 780 1778 847 signum
1813 779 1912 834 fa:-

361 877 524 930 deris.
560 873 987 939 Plantaruntquc
1024 871 1115 934 filii
1154 870 1277 926 Noae
1312 873 1546 936 vineam,
1592 888 1621 926 e
1652 885 1757 941 qua
1787 861 1908 926 cum

361 965 538 1017 vinum
573 977 757 1016 recens
796 977 1108 1029 expressum
1135 963 1271 1030 patri
1302 977 1404 1017 suo
1433 963 1619 1016 Noaho
1644 964 1912 1031 praebuis-

361 1065 500 1118 sent,
561 1055 751 1108 bibens
809 1054 924 1122 ipse
981 1055 1283 1108 inebriatus
1331 1064 1433 1118 est,
1471 1043 1606 1116 adeo
1657 1065 1715 1108 ut
1769 1056 1911 1111 inter

360 1144 809 1200 obdormicndum
862 1131 1192 1214 retegeretur
1223 1146 1499 1213 turpitudo
1532 1133 1744 1214 ipsius;
1766 1147 1909 1220 quod

358 1237 550 1290 videns
596 1237 818 1298 lianmS,
865 1236 1006 1299 risit,
1041 1251 1103 1290 ac
1157 1235 1420 1290 fratribus
1460 1236 1574 1290 suis
1622 1235 1907 1290 indicavit.

359 1329 644 1396 Avccptam
694 1342 825 1397 ergo
862 1336 1064 1382 vestem
1122 1327 1247 1381 Sem
1300 1335 1352 1380 et
1389 1327 1586 1395 Japhet
1639 1327 1739 1382 sibi
1788 1329 1912 1398 inji—

357 1419 584 1482 cientcs,
636 1420 924 1486 aversique
971 1425 1188 1483 euntes,
1238 1433 1304 1470 ne
1329 1419 1593 1488 pudorem
1625 1421 1796 1489 patris
1829 1421 1911 1475 sui

357 1513 760 1581 consipicerent,
813 1511 988 1580 patris
1021 1510 1288 1578 pudorem
1322 1510 1664 1566 obtexerunt.
1706 1511 1908 1580 Exper-

340 1615 541 1658 'rectus
592 1614 770 1658 autem
823 1618 852 1656 e
889 1616 1081 1656 somno
1115 1587 1234 1672 suo
1281 1600 1455 1665 Noah,
1501 1616 1758 1659 narrante
1805 1605 1907 1673 ipsi

2014 507 2205 574 ginta..
2247 502 2517 566 Sitalechq
2573 513 2697 572 post
2753 517 2929 559 annos
2977 512 3196 555 centum
3250 516 3299 556 et
3355 505 3574 572 triginta

2015 610 2178 652 natus
2236 608 2320 650 est
2379 597 2556 661 liber;
2616 607 2902 667 totumque
2958 595 3104 664 quod
3161 594 3292 647 visit
3345 594 3574 648 Shnlcclt

2015 692 2397 760 quadringenti
2427 700 2476 742 et
2510 689 2992 758 sexaginta,..Eber
3017 697 3197 741 autem
3233 687 3574 740 ΙΙιιιιΓξιξοιἹιιιΙ

2014 794 2164 852 pater
2195 788 2298 842 est,
2333 781 2734 848 quem-Arabes
2767 780 2893 834 llud
2915 780 3214 850 appellant.
3251 778 3427 830 Ebero
3458 789 3577 845 post

2013 889 2184 930 annos
2224 882 2441 927 centum
2493 873 2712 942 triginta
2747 882 2982 937 quatuor
3019 882 3177 925 natus
3219 882 3299 922 est
3337 868 3575 932 Phalek;

2014 969 2108 1034 qni
2145 967 2268 1020 ideo
2305 966 2408 1018 hoc
2461 964 2682 1018 nomine
2714 964 3018 1042 appellatus
3071 972 3154 1016 est
3205 962 3348 1031 quod
3401 960 3577 1029 ipsius

2014 1070 2265 1128 tempore
2290 1059 2466 1112 divisa
2496 1067 2647 1112 esset
2678 1065 2848 1110 terra.
3042 1103 3046 1109 .

2083 1148 2257 1202 Porro
2285 1147 2480 1210 Ebero,
2530 1154 2652 1217 post
2684 1145 3005 1208 Plialekum,
3040 1151 3200 1198 natus
3228 1151 3314 1198 est
3341 1142 3576 1206 Kahtan,

2012 1243 2103 1312 qui
2153 1240 2387 1296 Arabum
2431 1249 2602 1309 pater.
2639 1239 2768 1306 Ejus
2802 1250 3043 1307 tempore
3072 1239 3316 1307 cujusvis
3349 1237 3429 1291 vel
3465 1236 3576 1291 ior-

2014 1333 2269 1393 titudine,
2312 1331 2631 1385 vel'forma:
2671 1331 2984 1399 praestantia
3020 1328 3272 1397 insignis,
3323 1329 3409 1382 vel
3441 1343 3574 1382 enn-

2016 1423 2140 1478 silio
2173 1423 2501 1491 prazstantis,
2543 1423 2621 1476 vel
2655 1421 2795 1475 fama
2830 1420 3054 1474 illustris
3096 1421 3386 1489 imaginem
3423 1420 3578 1486 depi-

1962 1500 1968 1507 ’
2011 1521 2156 1567 ctam
2185 1512 2436 1566 colebant
2463 1511 2735 1565 homines.
2767 1511 2944 1565 Causa
2990 1512 3134 1565 enim
3170 1511 3355 1565 cultus
3387 1511 3578 1578 imagi-

1973 1615 1978 1620 ‘
2012 1604 2172 1657 nibus
2205 1599 2430 1670 prmstiti
2461 1603 2575 1656 haec
2608 1602 2728 1660 fuit.
2760 1602 2900 1670 quod
2933 1602 3061 1655 olim
3092 1618 3212 1654 cum
3266 1607 3578 1655 mo‘rcretur

360 1696 488 1762 quid
538 1702 750 1761 gestum
789 1693 985 1756 fuerat,
1034 1709 1223 1755 uxore,
1257 1695 1428 1760 Hamo
1454 1710 1558 1749 suo
1593 1695 1706 1750 lilio
1735 1696 1907 1751 iratus
1939 1733 1980 1786 Β
2011 1709 2075 1749 ex
2117 1694 2248 1762 ipsis
2282 1695 2365 1748 vir
2402 1694 2599 1765 aliquis
2633 1692 2923 1763 prudentia
2956 1703 3008 1746 et
3036 1693 3266 1746 consilio
3313 1696 3428 1749 sive
3467 1693 3579 1746 for-

354 1785 652 1848 tnaledixit,
684 1786 871 1839 dicens
898 1802 911 1838 :
937 1784 1252 1839 Maledictus
1305 1786 1376 1839 sit
1417 1785 1663 1850 Bam,.et
1715 1802 1908 1842 servus

357 1876 619 1928 fratribus
665 1877 796 1930 suis.
835 1876 964 1929 Post
999 1876 1133 1938 hate,
1163 1892 1283 1930 cum
1314 1877 1610 1939 accepisset
1639 1877 1739 1930 sibi
1773 1876 1905 1930 Ham

353 1967 536 2019 omnia
588 1966 949 2019 instrumenta
1003 1965 1233 2028 ludicra,
1281 1965 1382 2019 hac
1427 1967 1596 2020 etiam
1645 1982 1708 2021 ex
1757 1978 1908 2035 parte

355 2059 702 2112 maledictum
731 2068 815 2111 est
844 2057 970 2126 ipsi,
1003 2057 1286 2126 factusque
1302 2068 1618 2114 estservus
1648 2058 1908 2116 fratribus

356 2152 510 2211 suis;
575 2149 689 2215 ipse
747 2139 955 2210 scilicet
1008 2162 1071 2202 ac
1129 2149 1329 2218 posteri
1385 2150 1579 2218 ipsius.
1631 2150 1722 2220 qui
1764 2158 1906 2210 sunt

354 2238 619 2309 Egyptii,
672 2235 1250 2309 Nigritm,.}Ethiopes,
1280 2249 1334 2293 et
1380 2239 1474 2309 (ut
1509 2240 1742 2307 dicitur)
1775 2240 1907 2295 Bar-

351 2327 490 2380 bari.
538 2327 754 2381 Duobus
813 2339 996 2381 autem
1045 2335 1168 2396 post
1217 2328 1482 2383 diluvium
1536 2331 1697 2385 annis
1745 2340 1908 2388 natus

353 2426 438 2474 est
460 2415 626 2472 Semo
669 2418 1088 2485 Arpltachshad:
1111 2406 1286 2475 Semo~
1306 2421 1416 2488 jam
1431 2429 1656 2478 centum
1689 2431 1744 2476 et
1763 2422 1909 2479 duos

346 2525 530 2570 annos
572 2517 725 2565 nato.
759 2509 1012 2578 Vixitque
1036 2507 1189 2564 Noah
1220 2507 1331 2582 α
1357 2520 1480 2581 post
1517 2510 1780 2566 diluvium
1807 2527 1908 2567 an-

344 2615 452 2657 nos
496 2610 797 2673 tercentum
833 2611 885 2655 et
919 2601 1333 2672 quinquaginta.
1534 2585 1537 2588 ’
1744 2628 1746 2631 -
1828 2644 1831 2650 ,

419 2690 579 2745 Morti
607 2702 787 2746 autem
823 2691 933 2760 jam
969 2692 1178 2748 vicinus
1203 2693 1460 2762 pracepit
1482 2691 1629 2748 Noah
1655 2694 1819 2750 Semo
1849 2697 1909 2750 ti-

345 2783 422 2838 iio
447 2797 570 2843 suo.
594 2784 734 2838 clam
771 2784 875 2854 ipsi
916 2784 1100 2839 dicens
1125 2782 1268 2840 :Fac
1294 2795 1352 2841 ut
1391 2801 1624 2856 corpore
1663 2788 1909 2867 Adamip

347 2875 494 2940 navi,
526 2873 742 2929 nemine
764 2875 1010 2935 conscio,
1051 2875 1290 2942 sublato,
1341 2879 1690 2949 acceptisque
1731 2889 1909 2936 tecum

345 2966 404 3020 in
443 2964 702 3020 viaticum
727 2980 865 3034 pane
905 2978 968 3021 ac
1006 2966 1156 3032 vino,
1195 2970 1248 3022 e’t
1274 2969 1445 3024 ascito
1480 2968 1910 3026 Melchisedecho

2016 1786 2252 1840 titudine
2295 1795 2585 1850 praestans,
2632 1784 2865 1854 effigiem
2903 1784 3077 1853 ipsius
3123 1784 3177 1836 in
3223 1785 3574 1838 concessinns
3634 1811 3636 1813 ›

2016 1875 2642 1946 depingerent;'deinde
2683 1891 2805 1929 cum
2841 1875 2972 1944 quid
3010 1875 3145 1944 grati
3183 1875 3319 1944 ipsis
3364 1875 3572 1928 accide-

2017 1977 2099 2021 ret
2130 1969 2198 2023 de
2224 1982 2335 2037 quo
2362 1967 2688 2036 captandum
2720 1975 2866 2021 esset
2911 1967 3228 2029 consilium,
3264 1969 3402 2034 apud
3437 1966 3578 2018 ima-

2017 2061 2195 2127 ginem
2229 2045 2388 2113 istam
2429 2047 2819 2113 convenientes
2849 2055 2960 2128 48
2992 2057 3388 2121 consultarent,
3423 2057 3575 2125 quasi

2018 2153 2233 2206 adesset
2281 2151 2410 2218 ipsis
2465 2151 2609 2205 inter
2652 2150 3079 2204 consultandum
3121 2151 3301 2218 imago
3349 2149 3475 2222 ista,
3511 2165 3578 2202 nc

2015 2243 2230 2297 deesset
2283 2243 2420 2310 ipsis
2474 2242 2527 2295 in
2581 2241 2816 2304 consilio
2873 2240 3106 2306 alicujus
3162 2249 3572 2294 anteeessorum

2016 2333 2200 2404 imago,
2230 2349 2246 2387 :
2278 2333 2422 2402 quod
2457 2347 2581 2388 cum
2618 2323 2798 2386 facere
2826 2343 3259 2402 perseverarent,
3288 2333 3351 2387 ad
3385 2334 3577 2401 imagi-

1968 2444 1973 2448 ·
2015 2441 2146 2480 num
2182 2424 2387 2480 cultum
2437 2423 2646 2492 delapsi
2681 2433 2832 2480 sunt.
2873 2425 2918 2479 A
2948 2433 3194 2493 tempore
3225 2434 3404 2477 autem
3439 2424 3578 2477 dilu-

1986 2518 2088 2572 -vii
2133 2517 2199 2572 ad
2237 2514 2577 2570 nativitatem
2611 2513 2832 2570 Pbaleki

2907 2514 3396 2584 (intercesserunt)
3450 2516 3575 2569 anni

2016 2608 2293 2677 quingenti
2324 2607 2548 2676 triginta
2568 2615 2631 2661 et
2661 2622 2826 2661 unus.
2856 2606 2935 2660 Ab
2959 2607 3168 2660 Adamn
3187 2606 3252 2660 ad
3284 2605 3576 2660 Phalekum

2019 2707 2208 2754 natum
2242 2699 2368 2753 anni
2394 2699 2478 2753 his
2510 2698 2655 2753 mille
2682 2697 3006 2767 septingenti
3035 2699 3308 2765 octoginta
3343 2707 3575 2765 septem.

2017 2790 2189 2846 Natus
2228 2801 2313 2845 est
2363 2778 2547 2844 autem
2598 2774 2845 2843 Pltalckof
2882 2788 3248 2843 lilelehiscdek
3298 2788 3575 2863 sacerdos.

2016 2882 2168 2937 Fecit
2213 2897 2344 2951 ergo
2376 2881 2506 2956 _Sem
2541 2881 2680 2935 sicut
2734 2888 3066 2949 praeceperat
3107 2881 3207 2946 ipsi
3241 2891 3394 2949 pater
3432 2881 3573 2945 ejus,

2016 2971 2212 3038 Noah;
2269 2980 2326 3027 et
2380 2956 2558 3026 navim
2621 2980 2783 3056 noctu
2846 2969 3125 3040 ingressus
3189 2970 3313 3025 inde
3369 2986 3570 3038 corpus

347 3046 1986 3134 Phalekifilio,proﬂciscaminijdonecibiipsumdeponas'c
2017 3064 2230 3126 Adami,
2305 3064 2522 3118 nemine
2579 3046 3010 3124 facti-conscio,
3070 3062 3323 3127 sustulit;
3379 3061 3575 3115 deinde

345 3153 422 3208 tis
464 3152 556 3206 ubi
588 3152 930 3214 indicaturus
959 3163 1044 3208 est
1069 3153 1296 3223 angelus
1325 3140 1565 3210 Domini.
1585 3150 1657 3211 Et
1681 3151 1907 3212 Melchi-

345 3243 584 3301 sedecho
611 3229 926 3315 praecipiens
945 3246 1144 3315 jubeas
1182 3245 1357 3317 ipsum
1409 3261 1475 3304 eo
1513 3247 1618 3306 loci
1641 3242 1802 3308 sedes
1849 3253 1913 3308 li-

346 3349 496 3402 gere,
545 3331 779 3390 nxOretn'
814 3351 923 3391 non
973 3332 1318 3401 ducere,‘sed
1357 3331 1554 3407 pietati
1599 3354 1696 3412 per
1739 3349 1910 3398 totam

345 3428 510 3493 vitam
538 3440 597 3483 se
624 3425 908 3495 addicere;
932 3432 1185 3498 quoniam
1225 3425 1608 3499 ipsum'elegit
1645 3430 1911 3491 Dominus

347 3531 410 3573 ut
433 3519 602 3574 cultui
645 3520 763 3589 ejus
791 3521 1082 3576 inserviat.
1107 3512 1217 3575 Nec
1251 3529 1385 3588 ergo
1423 3519 1643 3578 domum
1685 3524 1789 3579 sibi
1816 3541 1912 3580 ex-

345 3616 562 3674 struat;
586 3622 687 3664 nec
703 3611 1020 3681 sanguinem
1044 3609 1114 3664 ibi
1142 3595 1244 3664 loci
1261 3609 1476 3674 ‘funda‘t,
1496 3609 1581 3664 ve'l
1599 3611 1804 3678 bestiae,
1828 3612 1913 3666 vel

341 3700 611 3764 volucris,
647 3701 730 3755 vel
775 3700 1347 3768 animalis'cujusvis;
1407 3716 1587 3772 neque
1612 3701 1780 3757 aliam
1832 3685 1912 3758 ibi

347 3792 543 3857 offerat
601 3791 934 3847 oblationem
989 3785 1151 3862 quam
1196 3806 1389 3861 panem
1439 3801 1494 3846 et
1535 3792 1743 3858 vinum,
1791 3809 1914 3864 qtue

349 3883 586 3939 Butnino
619 3883 834 3946 oﬂ'eret.
883 3884 1063 3952 sitque
1110 3900 1141 3938 e
1192 3883 1422 3952 pellibus
1473 3883 1706 3940 leoninis
1752 3885 1914 3940 indu-

351 3986 598 4033 mentum
649 3978 855 4046 ipsius;
904 3993 1007 4033 nec
1044 3979 1229 4033 crines
1278 3975 1517 4041 tondeat,
1558 3992 1660 4033 nec
1703 3989 1912 4050 ungues

349 4068 634 4138 praecidat,
695 4069 954 4139 solusque
1007 4079 1345 4139 permaneat,
1407 4071 1609 4140 quippe
1667 4071 1758 4140 qui
1820 4072 1965 4127 Dei-

351 4160 609 4215 altissimi
659 4161 920 4217 sacerdos
952 4158 1530 4241 estaPraaibitautem
1556 4163 1715 4218 vobis
1747 4177 1912 4231 ange-

350 4252 441 4306 lus
490 4250 702 4305 Domini
759 4252 932 4307 donec
984 4253 1050 4307 ad
1107 4253 1284 4308 locum
1321 4253 1411 4307 ubi
1464 4254 1732 4324 sepulturi
1779 4254 1913 4308 estis

352 4340 553 4397 Adami
617 4355 816 4411 corpus
873 4343 1240 4410 perveniatis;
1295 4344 1438 4399 scias
1495 4351 1677 4398 autem
1730 4343 1907 4398 locum

2009 3155 2322 3211 convocatis
2361 3151 2652 3220 fratribus,
2694 3152 2874 3208 dixit:
2903 3152 2964 3208 In
2993 3152 3266 3206 mandatis
3311 3152 3444 3204 mihi
3476 3153 3579 3205 sub

2012 3257 2187 3303 morte
2234 3263 2331 3302 sua
2387 3247 2537 3301 dedit
2587 3252 2761 3314 pater,
2799 3253 2860 3298 ut
2916 3244 2970 3298 in
3025 3253 3170 3298 terra
3223 3242 3580 3313 progrederer

1965 3400 1975 3407 κ
2012 3355 2184 3408 usque
2231 3339 2362 3394 dum
2395 3331 2463 3391 ad
2485 3336 3026 3404 marepertingerem,
3059 3333 3414 3401 videremque
3441 3348 3580 3400 quo-

2011 3429 2173 3485 modo
2215 3443 2283 3498 se.~
2323 3428 2548 3485 haberet
2591 3436 2735 3482 terra
2783 3426 3014 3494 ejusque
3055 3420 3207 3479 fluvii
3272 3440 3335 3479 ac
3391 3426 3578 3486 valles,

2013 3533 2126 3577 tum
2163 3519 2232 3574 ad
2289 3535 2388 3576 vos
2435 3527 2765 3574 reverterer.
2801 3515 3038 3572 Uxorem
3089 3532 3220 3587 ergo
3267 3532 3331 3571 ac
3381 3518 3580 3569 liberos

2016 3630 2164 3670 meos
2223 3613 2381 3680 apud‘
2417 3627 2516 3666 vos
2574 3611 2843 3681 relinquo.
2902 3625 3041 3680 quos
3102 3608 3332 3664 servetis
3413 3609 3576 3661 velim

2013 3703 2185 3775 usque
2233 3705 2362 3759 dum
2409 3706 2474 3758 ad
2510 3719 2607 3759 vos
2651 3711 2936 3767 revertar;
2975 3700 3211 3755 Phaleko
3265 3707 3442 3753 autem
3479 3699 3579 3751 di—

2013 3800 2093 3854 ιὶῑ
2128 3818 2142 3853 :
2183 3796 2327 3853 Cede
2368 3796 2501 3850 mihi
2553 3794 2720 3848 filium
2764 3803 2914 3846 tuum
2967 3790 3426 3846 Melchisedeknm
3485 3790 3577 3856 qui

2015 3891 2148 3946 mihi
2196 3889 2398 3945 auxilio
2433 3889 2508 3944 sit
2548 3889 2602 3940 in
2650 3887 2764 3942 via.
2795 3884 2932 3940 Cum
2965 3898 3121 3952 ergo,
3167 3883 3464 3949 assumptis
3497 3897 3584 3934 se-

2015 3999 2134 4038 cum
2186 3981 2378 4036 Adami
2421 3995 2652 4049 corpore
2685 3986 2740 4032 et
2799 3977 3260 4038 Melchisedecho.
3306 3977 3582 4044 profectus

2014 4081 2160 4130 esset
2210 4072 2360 4136 Sem,
2387 4071 2632 4126 occurrit
2674 4056 3065 4139 i'psis'angelus
3099 4068 3342 4130 Domini,
3380 4084 3480 4121 nec
3515 4069 3583 4120 ab

2015 4165 2151 4234 ipsis
2201 4163 2473 4226 discessit,
2525 4162 2698 4216 donec
2747 4161 2829 4215 eis
2865 4160 2932 4214 ad
2981 4161 3216 4214 medimn
3264 4167 3421 4213 terrae
3455 4175 3578 4225 pcr—

2017 4258 2193 4312 ductis
2246 4257 2426 4312 locum
2459 4255 2827 4320 ostendisset;
2869 4253 2955 4308 cui
2986 4269 3108 4308 cum
3155 4268 3360 4322 corpus
3394 4253 3579 4304 Adatni

2018 4349 2429 4418 imposuissent,
2497 4353 2688 4415 sponte
2758 4360 2858 4398 sua
2926 4343 3245 4398 dehiscebat
3311 4361 3325 4397 :
3389 4344 3583 4396 deinde

352 4436 524 4488 istum
578 4436 736 4487 terra:
792 4433 1025 4488 medium
1074 4447 1215 4490 esse.
1249 4425 1376 4489 Hac
1405 4450 1527 4488 cum
1579 4431 1742 4489 Semo
1772 4451 1913 4504 prae-
1944 4420 1990 4476 Ῑ)
2019 4440 2268 4510 deposito
2298 4432 2373 4492 'in
2420 4438 2540 4507 ipso
2587 4437 2839 4505 corpore,
2898 4450 3120 4490 rursum
3174 4435 3426 4489 occlusus
3475 4446 3578 4487 est.

353 4515 614 4594 cepisset,
667 4535 912 4580 mortuus
951 4517 1033 4580 est
1083 4525 1257 4586 Noah.
1311 4526 1400 4580 die
1449 4522 1725 4589 Mercurii,
1779 4527 1911 4580 liora

352 4615 465 4670 diei
516 4616 779 4679 secunda,
815 4614 1058 4671 secundo
1100 4617 1306 4671 mensis
1335 4617 1500 4688 Ayar,
1535 4618 1626 4685 qui
1658 4618 1799 4672 idem
1833 4629 1918 4672 est

361 4720 428 4758 ac
492 4692 771 4776 Basblnes;
811 4706 1021 4774 fuitque
1072 4708 1183 4770 vita
1232 4705 1405 4760 Νοθὴί
1457 4722 1720 4761 annorum
1772 4723 1959 4763 nonr

355 4807 644 4868 gentorum
682 4799 1093 4866 quinquaginta.
1126 4797 1366 4866 Contigit
1408 4809 1586 4851 autem
1623 4799 1728 4854 hoc
1771 4814 1917 4852 anno

355 4889 538 4942 aetatis
561 4886 709 4942 Semi
736 4887 1276 4958 quadringentesimo
1301 4888 1769 4957 quinquagesimo.
1795 4888 1919 4943 Pol-

351 4981 587 5050 linctujn
615 4997 746 5050 ergo
772 4983 948 5052 ipsum
979 4982 1306 5055 sepelierunt
1351 4981 1592 5053 55-57
1625 4983 1718 5037 filii
1742 4984 1916 5054 ipsius

359 5075 512 5144 Sent,
545 5072 701 5138 Ham,
753 5083 808 5128 et
841 5071 1054 5144 Japltet;
1089 5089 1152 5127 ac
1193 5074 1554 5143 quadraginta
1608 5074 1724 5129 dies
1760 5075 1917 5145 plan-

355 5173 584 5219 xerunt.
616 5159 808 5219 Tottim
839 5175 1036 5244 ’autem
1093 5168 1237 5235 quod
1290 5164 1427 5218 vixit
1459 5164 1605 5228 Sem,
1649 5181 1917 5220 annorum

355 5260 477 5309 erat
508 5264 930 5321 sescentorum;
961 5269 1190 5325 quorum
1223 5266 1439 5310 centum
1470 5265 1598 5310 ante
1634 5256 1922 5322 diluvium,

363 5355 493 5417 post
537 5348 800 5432 diluvipm
837 5348 1140 5417 quingenti.
1175 5347 1624 5423 Arphachshado,
1670 5347 1795 5416 past
1824 5362 1922 5400 an-

363 5454 466 5493 nos
514 5447 731 5493 centum
792 5440 1017 5507 triginta.
1062 5440 1323 5508 quinque,
1361 5449 1520 5493 natus
1563 5445 1644 5492 est
1677 5437 1921 5514 Kainan;

358 5537 532 5584 tutum
560 5541 740 5584 autem
767 5531 912 5599 quod
938 5530 1072 5584 vixit
1098 5529 1482 5596 Arphachshad
1505 5525 1621 5584 erat
1652 5544 1914 5584 annorum

361 5621 882 5692 quadringenternm
914 5623 1188 5692 sexaginta
1219 5623 1477 5690 quinque.
1514 5620 1761 5674 Kainaao
1795 5628 1916 5689 post

366 5720 568 5792 annos"
593 5722 812 5770 centum
840 5721 894 5771 et
942 5715 1160 5784 triginta
1208 5722 1367 5770 natus
1399 5722 1479 5769 cst
1513 5712 1783 5779 Shalech;
1835 5721 1916 5768 to-

2014 4527 2219 4584 Nomen
2265 4539 2441 4582 autem
2482 4527 2585 4584 loci
2628 4527 2784 4582 istius
2821 4536 2906 4582 est
2941 4525 3192 4594 Jaljalah,
3227 4525 3464 4596 5.9-51
3526 4526 3576 4578 id

2015 4627 2118 4685 est,
2157 4617 2426 4672 cranium.

2087 4709 2225 4764 Tum
2256 4709 2510 4779 praecepit
2537 4708 2658 4762 Sem
2686 4705 3080 4760 Melcltisedeko
3113 4706 3295 4759 omnia
3327 4722 3447 4773 qum
3467 4706 3576 4771 jus-

2019 4787 2164 4859 serat
2193 4802 2367 4870 ipsum
2403 4798 2575 4862 Noah,
2608 4798 2794 4853 dicens
2826 4797 2899 4851 illi
2934 4813 2948 4850 :
2977 4794 3075 4849 Hic
3103 4810 3328 4849 manens
3361 4797 3437 4847 sis
3473 4795 3580 4846 no.

2020 4891 2168 4946 mino
2198 4889 2475 4952 sacerdos,
2503 4887 2762 4956 quoniam
2796 4887 2961 4957 elegit
2993 4893 3045 4942 te
3070 4885 3333 4938 Dominus
3365 4885 3429 4936 ad
3465 4886 3584 4937 cul-

2023 4991 2137 5035 tum
2166 4981 2270 5035 sibi
2304 4979 2710 5049 praestandum;
2743 4987 2908 5048 atque
2955 4978 3180 5047 angelus
3229 4978 3329 5030 iste
3374 4976 3582 5028 Domini

2024 5073 2092 5129 ad
2121 5081 2174 5126 te
2205 5072 2464 5127 continue
2493 5071 2808 5126 descendet.
2853 5070 3055 5124 Deinde
3095 5069 3159 5122 ad
3211 5070 3407 5122 fratres
3462 5085 3586 5119 suos

2023 5179 2296 5228 reversus,
2338 5164 2693 5232 interroganti
2734 5160 2988 5226 Plialeko,
3023 5161 3243 5214 ubinam
3273 5170 3418 5213 esset
3453 5159 3584 5209 Mel-

2026 5255 2281 5310 chisedek
2307 5254 2477 5325 puer?
2503 5252 2802 5322 respondit,
2828 5267 2887 5306 se
2920 5251 3096 5320 ipsmn
3127 5255 3178 5305 in
3204 5254 3282 5303 via
3313 5262 3584 5303 tnorlttuttt

2028 5345 2342 5414 sepeliisse;
2380 5360 2570 5416 magna
2603 5358 2728 5410 ergo
2782 5342 2851 5394 ob
2906 5341 3082 5411 ipsum
3137 5340 3357 5393 tristitia
3412 5341 3584 5394 affecti

2029 5448 2177 5495 sunt.
2212 5437 2367 5491 Anno
2402 5447 2577 5490 antem
2611 5435 2732 5488 vitae
2766 5434 2927 5487 Eberi
2992 5433 3391 5500 septuagesin-iu
3441 5447 3586 5482 mor-

2030 5539 2154 5584 tuus
2189 5537 2273 5582 est
2294 5525 2706 5596 Arpltachshad,
2740 5539 2926 5579 mense
2958 5523 3122 5576 Nis‘an
3154 5522 3266 5589 (qui
3320 5531 3403 5572 est
3452 5521 3584 5572 Itur-

2030 5613 2284 5689 mndab);
2323 5619 2531 5686 fuitque
2566 5618 2676 5669 vita
2711 5616 2883 5685 ipsius
2919 5630 3187 5667 annorum
3219 5612 3584 5679 quadringen.

2031 5720 2207 5768 torum
2253 5709 2532 5779 sexaginta
2586 5707 2844 5776 quinque.
2892 5704 3048 5758 Anno
3093 5717 3220 5755 vero
3253 5703 3371 5754 vita:
3427 5699 3583 5752 liberi
