4038 6500
512 335 614 391 919

514 533 760 597 Veneris.
791 552 976 593 tiu-use
1013 540 1107 595 llui
1143 546 1253 611 (qui
1284 553 1367 597 est
1397 544 1564 610 Thut)
1598 560 1720 600 cum
1748 561 1925 601 annos
1948 562 2074 601 sex-

510 631 699 677 centos
734 627 982 683 vixisset.
1024 631 1328 702 Totumquc
1366 636 1510 703 quod
1546 636 1677 690 vixit
1718 636 1858 691 Eber
1894 653 2071 691 anno-

510 715 628 768 rum
657 726 773 770 erat
799 721 1324 792 quadringentorum
1353 736 1633 796 sexaginta
1661 739 1916 798 quatuor.
1950 728 2079 784 Fuit

511 815 643 862 tunc
682 811 943 878 temporis
973 812 1151 881 lingua
1185 816 1465 871 hominum
1489 833 1613 880 una.
1650 833 1831 872 sermo
1870 835 2014 875 unus
2054 834 2072 871 :

508 898 692 969 lingua
751 902 961 957 scilicet.
983 896 1138 973 juxta
1174 909 1468 963 nonnullos
1496 907 1740 981 Syriaca,
1762 910 1918 980 juxta
1942 911 2078 967 alios

508 990 801 1058 liebraica,
853 994 1009 1062 juxta
1070 997 1208 1054 alios
1249 997 1468 1066 Graeca;
1518 1016 1750 1070 quorum
1804 1003 2078 1058 sententia

509 1084 638 1138 mihi
674 1088 985 1141 verisimilis
1025 1090 1243 1146 videtur
1274 1132 1291 1157 ,
1324 1096 1467 1162 quod
1500 1095 1682 1166 lingua
1720 1096 1931 1165 Graeca,
1974 1095 2079 1169 Sy-

509 1178 654 1231 riaca
688 1189 742 1234 et
787 1177 1051 1236 Hebraica
1098 1183 1309 1240 firmius
1341 1185 1591 1249 fundata,
1624 1188 1894 1256 latiorque
1918 1190 1989 1244 sit
2019 1202 2084 1245 ac

509 1269 759 1339 amplior.
793 1262 1122 1342 Congregati
1153 1288 1286 1345 ergo
1320 1290 1383 1329 ex
1416 1275 1550 1345 ipsis
1596 1278 1695 1331 viri
1741 1279 2083 1350 septuaginta

508 1363 617 1411 duo
663 1357 921 1413 dixerunt
976 1378 990 1415 :
1038 1360 1355 1418 Condamus
1389 1363 1579 1418 urbem
1610 1404 1626 1431 ,
1680 1378 1913 1435 eamque
1960 1380 2084 1422 arce

509 1450 820 1507 muniamus
855 1451 907 1507 in
946 1468 1052 1522 qua
1083 1454 1271 1508 turrim
1303 1464 1654 1512 exstruamus
1690 1472 1811 1526 quae
1848 1457 1913 1512 ad
1961 1473 2080 1514 caa-

508 1542 621 1596 ium
659 1546 956 1614 pertingat,
987 1555 1050 1600 ut
1085 1551 1134 1601 si
1168 1545 1309 1601 forte
1350 1549 1637 1618 contingat
1670 1550 1963 1619 aliquando
1998 1549 2085 1605 di-

507 1634 736 1699 luvium,
765 1634 835 1690 ab
858 1638 923 1690 eo
942 1635 1262 1694 liberemur.
1287 1635 1423 1693 Tres
1448 1652 1577 1707 ergo
1611 1653 1787 1693 annos
1816 1638 2086 1695 lateribus

508 1720 865 1777 conﬁciendis
882 1731 936 1776 et
953 1722 1256 1793 coquendis
1277 1723 1709 1793 insumpserunt;
1728 1725 1832 1796 52
1854 1741 2083 1796 quorum
2128 1746 2137 1755 α

1562 321 1922 400 EUTYCHII
1972 342 2499 405 ALEXANDRINi
2548 347 2760 406 PA'l‘R.

3612 70 3972 326 Ἴ

3624 356 3724 424 Οῢ

513 445 812 497 (σοιιιισείιιιω
844 450 1002 502 tertio
1020 460 1262 507 mortuus
1285 461 1369 509 est
1400 453 1521 507 Seni
1552 496 1565 517 ,
1600 453 1767 509 Noalti
1800 456 1964 518 (ilius,
1996 456 2085 511 die
2111 459 2157 515 Α
2190 458 2483 527 'I'uguigar,
2511 459 2771 523 Al-Toht,
2807 458 2961 529 Yajui
2990 472 3044 516 et
3070 461 3254 531 \iajui,
3284 461 3607 530 ΔικαιοκΜὴ
3643 468 3726 524 Al-

2179 550 2312 605 Lan.
2355 550 2696 621 Ai.-Anchaz.
2730 551 2789 602 Al
2824 548 3137 605 Sauarcbah
3160 593 3174 616 ,
3207 551 3405 607 Jarzau
3430 594 3444 615 ,
3482 554 3723 611 Armenia

2181 640 2355 706 major’
2390 648 2443 695 et
2473 643 2674 704 minor,
2711 640 2950 707 ilauran,
2992 642 3302 710 Antiochia,
3329 643 3729 708 Ai-Chalediait,

2181 732 2582 802 Aphiaguniah,
2606 730 2973 801 Cappadocia,
3002 718 3379 801 Charshenah,
3412 733 3605 800 Graeci,
3635 734 3734 790 Ro-

2184 822 2369 887 mani,
2404 821 2722 893 Byzantium
2752 864 2767 887 ,
2812 823 3048 879 Rutheni
3077 864 3092 889 ,
3126 824 3389 880 Ai-Diiam
3417 867 3432 891 ,
3487 826 3694 898 Bolgari
3716 868 3733 895 .

2186 913 2393 976 Sclavi,
2421 912 2813 980 Al-Ancirdah,
2862 913 3080 982 Franci,
3110 914 3463 980 Ai-iaifatini,
3496 917 3733 989 Hispani.

2182 1003 2428 1085 Suntque
2456 1002 2593 1086 ipsis
2625 1006 2819 1060 insulae
2853 1005 3164 1073 duodecim,
3190 1021 3220 1062 e
3251 1008 3452 1078 quibus
3485 1011 3743 1079 Rhodus,

2185 1094 2396 1159 Sicilia,
2433 1095 2666 1166 Cyprus.
2703 1095 2917 1160 Samos.
2951 1105 3083 1160 etc.:
3116 1109 3171 1154 et
3194 1099 3476 1169 scripturae
3502 1102 3738 1173 (genera)

2184 1203 2302 1255 sex,
2332 1188 2550 1243 scilicet
2576 1188 2763 1244 Graeca
2788 1226 2804 1253 ,
2833 1188 3116 1261 Romana,
3146 1191 3472 1247 Armeniaca
3498 1234 3516 1257 ,
3551 1191 3744 1264 Hispa.

2183 1280 2328 1347 nica,
2346 1279 2623 1345 Francica,
2643 1277 2945 1336 Darbattica
2972 1298 2990 1347 ;
3034 1288 3087 1336 et
3111 1279 3337 1357 Japheto
3368 1296 3399 1338 e
3431 1281 3615 1339 ﬂuviis
3643 1283 3745 1355 53

2184 1368 2566 1440 grandioribus
2617 1367 2857 1440 Tigris.‘
2904 1368 3077 1432 Porro
3132 1384 3162 1423 a
3208 1370 3414 1426 diluvio
3465 1385 3637 1441 usque
3679 1371 3746 1443 ad

2184 1460 2597 1535 aedificationem
2650 1459 2817 1515 turris
2894 1470 2949 1516 et
3003 1460 3312 1531 linguarum
3367 1463 3743 1519 confusionem

2185 1551 2312 1606 anui
2359 1540 2488 1607 sunt
2533 1550 2811 1621 quingenti
2850 1546 3121 1618 octngiuta
3169 1563 3398 1622 septem;
3429 1555 3501 1609 ah
3544 1552 3748 1611 Adamo

2187 1649 2365 1696 autem
2413 1640 2483 1696 ad
2536 1642 2732 1697 turrim
2762 1641 3036 1698 conditam
3072 1644 3201 1698 anni
3248 1643 3334 1707 bis
3380 1643 3533 1698 mille
3576 1634 3779 1700 octinC

2186 1733 2332 1802 genti
2376 1733 2595 1801 triginta
2621 1744 2877 1803 quatuor.
2905 1732 3141 1791 Phalelto
3178 1745 3301 1804 post
3327 1749 3503 1791 annos
3532 1741 3747 1790 centum

509 1806 706 1880 singuli
737 1811 998 1867 tredecim
1025 1813 1240 1868 cubitos
1273 1814 1445 1886 longi,
1478 1815 1898 1881 decem‘lati,ac
1928 1816 2088 1886 quin.
2118 1808 2158 1864 Β
2190 1823 2411 1892 triginta
2445 1832 2604 1878 natus
2639 1831 2725 1879 est
2754 1821 2906 1893 Ragu
2933 1840 2949 1888 ;
2977 1838 3124 1878 anno
3157 1833 3337 1880 autem
3388 1827 3510 1881 vita:
3533 1822 3755 1880 Phaleki

508 1920 616 1974 que
636 1906 730 1960 alti
754 1918 975 1973 essent;
1008 1908 1312 1977 urbemque
1353 1910 1495 1962 inter
1517 1909 1721 1978 Tyrum
1749 1916 1804 1964 et
1828 1908 2081 1964 Babelem

508 2004 898 2053 exstruxerunt
918 1999 1116 2069 orgyas
1142 1998 1356 2069 longam
1383 2009 1683 2056 tercentum
1717 2010 1772 2053 et
1801 1998 2083 2059 tredecim.

511 2090 674 2143 latam
706 2099 924 2145 centum
959 2092 1353 2161 quinquaginta
1384 2107 1546 2149 unam
1582 2109 1596 2146 :
1631 2091 1794 2159 cuius
1817 2091 1961 2145 muri
1984 2092 2082 2145 alti

510 2195 711 2251 ogyras
762 2180 1059 2252 quinquies
1110 2182 1259 2239 mille
1305 2184 1635 2254 quingentas
1678 2183 1900 2253 triginta
1927 2192 2083 2247 tres;

514 2272 609 2327 lati
646 2273 867 2342 triginta
902 2283 1050 2341 tres;
1074 2276 1244 2330 turris
1285 2257 1465 2331 autem
1504 2290 1704 2347 orgyas
1729 2274 1914 2330 decies
1937 2274 2086 2329 mille

506 2366 620 2427 alta
648 2356 895 2435 :‘quibus
920 2367 1266 2422 exstruendis
1282 2367 1643 2437 quadraginta
1669 2380 1842 2421 annos
1874 2366 2087 2422 insum-

511 2465 759 2521 pserunt.
818 2456 1013 2512 Adhuc
1079 2468 1261 2514 autem
1317 2458 1719 2513 tediﬂcantibus
1769 2456 1903 2527 ipsis
1958 2470 2087 2511 ecce

512 2548 747 2604 immisit
774 2549 912 2605 Deus
945 2549 1198 2621 angelum
1236 2565 1266 2604 e
1299 2550 1441 2606 cosio
1464 2549 1557 2617 qui
1591 2549 1806 2619 linguas
1838 2546 2083 2618 ipsorum

512 2639 909 2705 confunderet,
941 2651 995 2696 et
1032 2639 1292 2696 dialectos
1339 2649 1576 2696 mutaret
1604 2681 1621 2703 ,
1672 2639 1809 2695 adeo
1853 2646 1912 2693 ut
1961 2652 2084 2692 cum

511 2729 635 2798 quis
664 2730 979 2798 loqueretur
1018 2746 1125 2785 non
1163 2728 1489 2799 intelligeret
1516 2732 1660 2785 alius
1693 2731 1823 2801 quid
1857 2731 2084 2785 diceret.

514 2819 641 2873 inde
670 2821 971 2888 appellatus
1013 2832 1099 2877 est
1127 2824 1278 2878 locus
1315 2822 1416 2877 iste
1445 2822 1631 2884 Babel,
1665 2819 1813 2890 quod
1848 2820 1918 2872 ibi
1951 2828 2083 2872 cott-

517 2913 650 2965 t‘usm
680 2920 863 2967 essent
897 2912 1096 2985 linguae
1140 2927 1154 2968 :
1195 2923 1363 2979 atque
1401 2915 1475 2969 ita
1507 2912 1741 2981 dispersi
1776 2911 1997 2965 fuerunt
2027 2909 2084 2963 in

513 3011 699 3068 terra;
733 3002 892 3071 idque
925 3018 1070 3057 anno
1119 3020 1148 3058 a
1196 3004 1432 3059 Phalelto
1483 3013 1611 3061 nato
1662 3002 2087 3075 quadragesimo

515 3102 689 3146 sexto.
726 3092 797 3145 Ex
832 3093 940 3147 illis
972 3106 1155 3148 autem
1187 3094 1531 3165 septuaginta
1586 3102 1641 3148 et
1684 3087 2084 3152 duobusviris,

513 3191 671 3236 erant
703 3198 733 3236 e
768 3182 892 3237 ﬁliis
944 3182 1092 3238 Semi
1140 3184 1329 3254 viginti
1387 3184 1673 3254 quinque,
1726 3180 1930 3252 qui‘ab
1980 3179 2088 3234 Eu-

515 3275 709 3343 phrate
734 3273 976 3328 etMusal
1008 3272 1076 3328 ad
1106 3278 1412 3329 extremum
1439 3290 1611 3345 usque
1631 3272 1909 3330 Orientem
1941 3269 2093 3324 habi-

514 3375 701 3419 tarunt
740 3383 752 3419 :
796 3380 826 3419 e
862 3366 1060 3431 quibus
1090 3373 1219 3420 sunt
1252 3364 1378 3437 Syri
1409 3406 1423 3427 ,
1476 3365 1671 3421 incolae
1704 3364 1870 3432 Diyar
1906 3360 2091 3416 Rabies

513 3470 568 3510 et
602 3456 1025 3525 Mesopotamia,
1059 3455 1396 3521 Jarmakani,
1433 3455 1669 3511 Chaldaei
1699 3454 1918 3525 (incolae
1982 3452 2091 3508 sci-

518 3548 643 3600 licet
670 3547 904 3615 Babeiis)
932 3556 985 3602 et
1018 3547 1254 3618 (populi)
1305 3547 1541 3613 Persia),
1573 3557 1627 3602 et
1650 3529 1937 3601 Chorasan
1966 3584 1981 3609 ,
2027 3553 2084 3599 et

517 3637 838 3708 Pharganah
866 3677 881 3703 ,
910 3645 963 3693 et
988 3638 1226 3703 Sindite,
1256 3647 1311 3694 et
1338 3637 1526 3704 ludite,
1558 3646 1612 3692 et
1645 3637 1839 3692 insulae
1867 3635 1964 3690 Sin
1995 3673 2011 3697 .
2041 3642 2095 3690 et

522 3729 751 3793 ltebrrei,
788 3728 841 3783 e't
873 3729 1112 3800 (incolae)
1142 3728 1375 3793 Yaman.
1402 3740 1455 3785 et
1483 3727 1771 3801 AloPayei,
1804 3739 1859 3783 et
1886 3725 2093 3780 Al-Ya-

520 3821 760 3885 mamah,
791 3828 845 3875 et
867 3819 1221 3883 Al-Bahrain,
1247 3827 1301 3874 et
1325 3821 1542 3893 diversa
1582 3817 1821 3873 Arabum
1854 3831 2050 3886 genera
2076 3833 2091 3883 ;

521 3918 755 3978 suntque
785 3910 916 3978 ipsis
968 3910 1255 3979 scriptura:
1284 3925 1483 3979 genera
1520 3920 1683 3973 octo;
1736 3908 1948 3963 scilicet
1977 3895 2091 3962 lle-

520 4000 731 4064 braica,
768 3998 1015 4069 Syriaca,
1054 3997 1291 4061 Persica,
1318 3997 1523 4061 indica.
1551 3995 1802 4053 Chablaea
1846 3995 1990 4063 (quae
2032 4002 2088 4050 et

522 4091 874 4163 Babylonica)
910 4090 1181 4154 Sinensis,
1214 4089 1633 4159 iiamyarensis;
1668 4086 1913 4159 53-55
1959 4088 2098 4141 Ara-

524 4185 645 4238 bica
680 4201 695 4237 :
728 4192 965 4253 suntque
996 4182 1158 4239 Semo
1210 4181 1364 4237 ﬂuvii
1408 4180 1643 4252 majores
1691 4179 1995 4252 Euphrates
2041 4185 2097 4236 et

524 4276 721 4329 iiuvius
754 4274 945 4328 Baich.

596 4364 637 4417 Ε
668 4364 793 4424 ﬁliis
841 4372 1023 4418 autem
1072 4362 1229 4417 Hami
1256 4362 1361 4417 'viri
1398 4358 1621 4432 triginta
1650 4362 1782 4437 duo,
1812 4361 1903 4432 qui
1937 4360 2093 4414 inco-

2189 1912 2466 1986 tricesimo
2497 1921 2652 1970 sexto
2705 1912 2841 1969 obiit
2882 1913 3096 1970 Kainan
3121 1953 3139 1981 ,
3195 1928 3379 1969 mense
3428 1915 3513 1969 Ah
3548 1916 3749 1985 (quiet

2188 2004 2385 2061 ltiesbri
2430 2005 2539 2074 est)
2584 2005 2793 2075 fuitque
2827 2006 2934 2060 vita
2974 1990 3147 2075 ipsius
3175 2019 3443 2059 annorum
3478 2005 3745 2075 quadrin-

2187 2105 2472 2166 gentorum
2509 2104 2564 2153 et
2593 2094 2835 2165 triginta.
2868 2094 3177 2165 Totumque
3205 2098 3351 2163 quod
3386 2095 3520 2150 vixit
3554 2094 3775 2150 Phalek-

2187 2187 2312 2240 anni
2353 2194 2654 2240 tercentum
2690 2185 2915 2256 triginta
2940 2200 3167 2241 novem.
3195 2186 3371 2255 Ragu,
3405 2195 3528 2255 post
3563 2202 3741 2241 annos

2187 2284 2404 2331 centum
2436 2274 2655 2346 triginta
2678 2275 2840 2341 duos,
2869 2284 3029 2330 natus
3055 2283 3140 2330 est
3164 2274 3397 2339 Sharna,
3423 2260 3587 2346 cujus
3617 2284 3754 2331 tem-

2188 2365 2409 2435 poribus
2440 2358 2731 2421 coi'uerunt
2763 2364 3016 2421 homines
3046 2363 3211 2427 idola,
3243 2378 3578 2434 unoquoque
3603 2365 3751 2435 quod
3796 2411 3803 2416 .

2188 2456 2290 2510 sibi
2322 2454 2572 2511 atiiberet
2599 2454 2816 2511 colente
2838 2467 2905 2530 iet
2936 2454 3221 2514 adorante.
3256 2452 3501 2509 Fuerunt
3531 2469 3663 2524 ergo
3687 2441 3753 2509 ex

2189 2545 2327 2612 ipsis
2352 2544 2441 2600 alii
2470 2545 2565 2615 qui
2598 2542 2827 2609 omium,"
2848 2545 2943 2600 alii
2968 2544 3062 2615 qui
3084 2544 3282 2607 solem,
3312 2543 3402 2599 alii
3424 2545 3517 2613 qui
3544 2544 3753 2609 lunam,

2187 2637 2277 2690 alii
2316 2635 2409 2706 qui
2442 2634 2632 2691 stellas
2657 2675 2673 2701 ,
2706 2634 2797 2691 alii
2827 2634 2921 2705 qui
2953 2634 3227 2697 volucres,
3255 2629 3346 2688 alii
3378 2633 3471 2702 qui
3511 2642 3754 2700 terram,

2189 2725 2282 2780 alii
2316 2725 2407 2796 qui
2428 2725 2609 2790 ‘i'eras,
2641 2725 2732 2781 alii
2770 2725 2863 2796 qui
2911 2724 3106 2782 ﬂuvios
3142 2765 3158 2790 ,
3203 2724 3296 2780 alii
3347 2725 3439 2794 qui
3475 2723 3751 2791 arbores.

2188 2816 2278 2892 alii
2312 2817 2405 2886 qui
2434 2824 2647 2873 montes
2674 2816 2950 2884 colerent;
2976 2814 3076 2870 alii
3105 2815 3198 2887 qui
3230 2816 3298 2871 ad
3327 2815 3751 2874 similitudinem

2188 2907 2359 2977 patris
2393 2915 2488 2962 aut
2521 2908 2715 2964 matris
2742 2907 2850 2974 sui,
2885 2917 2981 2963 aut
3006 2907 3125 2977 ejus
3151 2923 3313 2977 quem
3342 2923 3408 2962 ea
3440 2906 3544 2962 sibi
3574 2905 3760 2962 charis

2189 2998 2396 3056 honore
2430 3007 2911 3069 prosequerentur,
2946 3013 3070 3053 cum
3119 3005 3371 3053 mortuus
3416 3004 3589 3060 esset,
3627 2998 3763 3053 ima.

2149 3093 2161 3164 ζ
2197 3093 2377 3161 ginem
2410 3090 2712 3146 conﬂarem
2739 3104 2901 3160 quam
2938 3090 3213 3171 colerent,
3253 3104 3318 3144 ac
3350 3087 3452 3144 sibi
3494 3089 3548 3142 in
3589 3087 3758 3142 Deum
3801 3160 3808 3171 _

2195 3190 2579 3246 assumercnt;
2624 3180 2717 3236 alii
2750 3181 2843 3251 qui
2892 3180 3183 3250 imaginem
3219 3194 3283 3235 ex
3317 3174 3474 3244 auro.
3506 3186 3765 3247 argento.

2193 3267 2395 3338 lapide,
2436 3278 2529 3321 ant
2559 3268 2707 3339 ligno
2749 3268 3104 3325 conficerent.
3129 3268 3294 3322 Primi
3324 3277 3502 3341 autem
3536 3269 3644 3323 hoc
3677 3266 3758 3322 [ες

2194 3365 2391 3413 cernat
2441 3358 2713 3430 Egyptii,
2758 3356 3064 3430 Babylonii.
3114 3354 3448 3423 Franci,.et
3506 3358 3757 3412 locorum

2199 3447 2619 3526 maritimorum,
2650 3448 2868 3504 incolat.
2900 3446 3109 3503 Dicitur
3154 3448 3317 3503 etiam
3351 3447 3535 3503 cultus
3578 3448 3757 3506 idolo-

2196 3556 2316 3594 rum
2348 3539 2615 3610 originem
2667 3539 2805 3595 hauc
2846 3537 3042 3599 fuisse.
3084 3539 3227 3608 quod
3277 3552 3401 3594 cum
3450 3551 3761 3602 moreretur

2197 3632 2339 3701 apud
2370 3618 2797 3701 illosqulspiam
2834 3616 3123 3700 imaginem
3154 3630 3238 3686 'ad
3286 3631 3408 3700 ejus
3441 3631 3759 3689 similitudi-

2197 3738 2320 3778 nem
2353 3723 2597 3795 57-59
2623 3722 2912 3779 conﬂatam
2943 3723 3156 3780 tumulo
3185 3723 3355 3795 ipsius
3388 3725 3755 3795 imponerent,

2195 3832 2304 3885 quo
2349 3816 2529 3870 minus
2571 3815 2829 3872 oblivioni
2881 3816 3192 3873 traderetur
3234 3816 3495 3872 memoria
3543 3816 3759 3887 ipsius,

2198 3909 2326 3979 (qua
2355 3908 2589 3976 ratione)
2619 3907 2836 3979 impleta
2865 3918 2950 3965 est
2980 3918 3123 3964 terra
3152 3908 3347 3966 idolis:
3374 3909 3620 3965 virorum
3650 3910 3758 3967 sci-

2198 4002 2346 4066 licet,
2388 3999 2714 4055 ieminarum
2739 4007 2795 4055 et
2822 4013 3113 4069 puerorum
3148 3999 3480 4056 simulacris.

2268 4090 2467 4147 Eodem
2497 4102 2736 4162 tempore
2768 4107 2891 4148 cum
2923 4101 3174 4147 mortuus
3222 4098 3370 4147 esset
3415 4093 3499 4147 vir
3533 4090 3757 4162 quidam

2199 4182 2371 4247 dives.
2407 4182 2550 4237 illius
2583 4183 2777 4253 ipsius.
2795 4192 3029 4238 statuam
3065 4184 3205 4249 sibi,
3254 4183 3321 4238 ad
3351 4183 3639 4275 patris/sui
3690 4185 3763 4241 si-

2201 4272 2560 4328 militudinem
2618 4272 2945 4339 confectam,
2987 4275 3199 4330 tumqu
3235 4274 3408 4346 ipsius
3455 4272 3756 4346 imposuit.

2198 4366 2468 4421 collocato
2489 4365 2648 4421 etiam
2678 4364 2749 4420 ibi
2776 4380 2935 4422 servo
2954 4366 3049 4438 qui
3078 4366 3253 4435 ipsam
3277 4366 3600 4424 custodiret.
3624 4366 3757 4425 Cum

450 4497 459 4508 .
525 4456 744 4511 luerunt
772 4453 1007 4523 Syriam,
1042 4467 1160 4521 quae
1190 4459 1245 4505 et
1273 4452 1795 4531 terraChauaantea
1842 4450 1986 4507 dicta
2013 4461 2096 4503 (εει
2129 4461 2171 4515 ι)
2200 4456 2550 4509 advenientes
2598 4454 2795 4511 deinde
2829 4446 3272 4528 fures'quidquid
3310 4456 3435 4526 ﬂiio_
3457 4456 3602 4512 domi
3650 4471 3757 4512 sua

527 4548 688 4615 (quod
721 4554 867 4599 esset
896 4544 1067 4597 llamo
1090 4542 1233 4597 illius
1261 4543 1348 4597 cui
1388 4524 1585 4597 nomen
1608 4524 1886 4607 Chanaan)
1920 4554 2094 4609 usque

525 4640 589 4691 ml
619 4645 896 4692 extremos
933 4634 1244 4689 Occidentis
1269 4634 1533 4688 terminos
1555 4650 1570 4687 :
1596 4642 1833 4702 suntque
1863 4647 1928 4685 ex
1961 4630 2095 4698 ipsis

524 4728 847 4785 Chanaauzei
870 4768 885 4791 ,
923 4726 1180 4781 Pliilistmi
1209 4765 1223 4788 ,
1258 4726 1449 4781 incolis
1478 4725 1691 4796 Egypti
1716 4764 1731 4789 ,
1760 4724 2033 4792 Kophtitte
2063 4763 2079 4786 ,

527 4820 988 4879 iii.n'isii.diversa
1021 4817 1354 4885 Nigritarum
1387 4832 1608 4887 genera,
1642 4815 1954 4885 Ethiopes,
1985 4812 2097 4869 Nu-

528 4914 764 4973 hieuscs,
814 4909 1149 4975 Al-Bajaitm,
1201 4908 1473 4975 Al-Zenii,
1520 4906 1783 4970 Al~Zotti,
1818 4900 2046 4961 Karraui
2078 4945 2093 4968 ,

530 5003 833 5064 Saumritm.
868 4999 1176 5061 Al—Zabeii,
1210 5000 1622 5070 Al-Mogrebini,
1660 4998 1905 5053 Barbari.
1933 4996 2099 5053 Sunt-'-

528 5110 633 5160 que
688 5093 793 5145 illis
844 5092 1037 5146 iusuLe
1084 5091 1273 5157 viginti
1320 5106 1439 5153 sex,
1476 5107 1505 5145 c
1544 5090 1741 5159 quibus
1796 5088 2048 5143 Sardinia
2078 5129 2093 5152 ,

528 5184 953 5246 M.ilta.Creta,
996 5194 1049 5237 et
1082 5199 1208 5253 pars
1256 5184 1451 5237 insuize
1501 5182 1700 5253 Gypri.
1752 5196 1875 5235 cum
1932 5181 2098 5247 aliis;

532 5278 812 5344 scriptura:
839 5284 1019 5329 autem
1054 5277 1296 5345 (genera)
1331 5292 1423 5352 sex
1452 5293 1465 5328 ε
1499 5275 1727 5331 scilicet
1752 5268 2097 5345 Egyptiaca.

540 5368 859 5433 Nubiensis,
890 5368 1224 5438 fEihinpit‘ﬂ,
1260 5366 1522 5423 Francica
1559 5408 1574 5431 ,
1613 5367 1839 5431 Punica,
1882 5366 2102 5422 Kauke-

2202 4546 2302 4600 fuit
2330 4546 2758 4615 subripuissent,
2777 4546 3056 4617 profectus
3080 4547 3257 4619 illejad
3280 4548 3451 4619 patris
3475 4546 3558 4603 sui
3581 4546 3760 4603 tunc.

2198 4620 2309 4692 lum
2350 4637 2477 4692 ﬂere
2504 4648 2559 4692 et
2594 4640 2857 4709 conqueri
2884 4638 3026 4709 apud
3059 4648 3295 4695 statuam
3320 4640 3479 4694 istam
3516 4652 3756 4702 auream.

2199 4729 2355 4796 quasi
2403 4727 2545 4798 apud
2590 4738 2815 4797 patrem-
2850 4743 3037 4785 suum.
3074 4729 3356 4785 Allocutus
3403 4744 3533 4801 ergo
3585 4731 3758 4800 ipsum

2202 4820 2449 4875 diabolus
2480 4834 2510 4874 c
2536 4828 2723 4874 ventre
2759 4828 2950 4875 statua:
2975 4835 2992 4874 :
3018 4817 3094 4875 Ne
3120 4819 3270 4885 ﬂeas.
3304 4820 3500 4893 inquit,
3525 4820 3612 4874 abi
3645 4831 3763 4875 tan-

2204 4917 2339 4971 tum,
2370 4917 2424 4964 et
2452 4910 2613 4964 allato
2638 4908 2745 4965 tilio
2770 4918 2867 4965 tuo
2898 4917 3028 4963 natu
3062 4909 3286 4964 minimo
3317 4911 3492 4979 ipsum
3519 4910 3651 4964 mihi
3697 4909 3749 4963 in

2170 5053 2176 5064 ,
2205 5001 2531 5057 sacriﬁcium
2556 5010 2802 5055 mactans
2825 4991 3224 5070 sanguineejus
3249 4999 3445 5055 calenti
3472 5010 3525 5056 te
3548 5000 3757 5060 abluas.

2205 5093 2278 5145 ita
2341 5093 2454 5159 (ﬂet
2496 5093 2573 5160 ut)
2603 5108 2703 5159 ego
2740 5089 2924 5146 omnia
2968 5091 3065 5146 tibi
3102 5106 3225 5161 quae
3264 5091 3565 5162 perdideris
3611 5090 3763 5147 resti-

2207 5191 2376 5236 tuam.
2426 5181 2562 5237 Cum
2592 5196 2722 5250 ergo
2768 5180 2857 5235 ille
2902 5176 3075 5236 illium
3110 5195 3271 5236 suum
3316 5180 3536 5235 allatum
3583 5194 3757 5236 coram

2208 5273 2350 5328 idolo
2400 5280 2712 5337 mactasset,
2765 5272 2995 5342 ejusque
3047 5270 3320 5349 sanguine
3362 5286 3422 5327 se
3473 5271 3754 5349 ablu‘isset.

2207 5380 2459 5435 egressus
2492 5380 2555 5418 ex
2590 5363 3036 5428 idolo‘diaholus,
3072 5344 3460 5431 hominemque
3496 5344 3646 5417 iliuin
3676 5363 3756 5415 inc

542 5463 667 5515 lira.
709 5462 875 5514 l'urro
905 5460 1079 5514 ilamo
1106 5476 1135 5514 e
1163 5461 1342 5514 ﬂuviis
1371 5459 1751 5537 grandioribus
1781 5457 1977 5532 Nilus._
2000 5458 2106 5513 Eo-
2210 5470 2457 5526 gressus,
2479 5454 2988 5525 ipsumprzestigias
3010 5463 3063 5508 et
3084 5454 3484 5509 incantamenta
3509 5442 3748 5527 edocuit:

538 5571 660 5609 rum
709 5556 943 5622 denique
980 5570 1007 5607 c
1044 5554 1170 5607 iiiiis
1216 5552 1413 5622 .iaphet
1472 5552 1569 5607 viri
1621 5550 1957 5621 quindecim,
2010 5552 2103 5620 qui

540 5647 847 5699 habitarunt
880 5661 906 5696 a
932 5644 1080 5713 Tigri
1102 5659 1275 5713 usque
1294 5644 1360 5697 ad
1385 5630 1658 5701 extremas
1684 5643 1721 5697 S
1743 5641 2103 5711 eptcntrionis

542 5748 755 5805 partes;
799 5744 1036 5805 suntque
1070 5750 1133 5790 cx
1193 5735 1325 5806 ipsis
1377 5735 1569 5793 Turca:
1597 5777 1611 5802 ,
1666 5732 1970 5802 Al-Baitac,
2009 5733 2103 5789 Ai-

1568 6486 1607 6494 "‘
1638 6485 1967 6500 f-li"___‘_.4"‘

2213 5524 2375 5616 atque
2404 5546 2530 5601 hinc
2581 5524 3161 5616 cmperuntihomines
3194 5543 3335 5600 iiiios
3364 5558 3511 5601 .suos
3536 5524 3753 5597 diaboli;

2216 5649 2474 5701 mactare,
2503 5651 2557 5693 et
2588 5638 2875 5708 praestigiis
2900 5637 3026 5708 (uti)
3056 5636 3381 5693 didicerunt.

2284 5731 2453 5787 Porro
2479 5730 2668 5788 diebus
2694 5724 2844 5803 Ragu
2867 5729 3068 5788 multos
3097 5742 3273 5785 annos
3318 5727 3552 5799 regnavit
3578 5720 3750 5795 regias

3650 6268 3972 6500 ,Α

3592 6470 3627 6479 -γ-ι

3290 6484 3622 6500 κκκγή-Αιιι
