4038 6452
3272 355 3379 415 922

171 443 321 496 Saba:
346 482 359 502 ,
393 458 453 495 ea
490 457 607 510 quae
636 443 820 495 urbem
853 439 1049 495 Sabam
1086 445 1346 500 condidit.
1384 445 1512 501 Post
1550 461 1712 516 quam
1745 470 1790 523 Α
1819 453 2104 519 accedens,
2142 457 2316 525 ipsum
2356 458 2664 513 aduraverit
2693 477 2705 512 :
2738 461 2917 529 ibique
2951 465 3235 531 quemdam
3269 475 3379 518 sta-

166 535 277 587 urbi
310 533 484 597 Sabae,
522 548 691 602 usque
729 533 792 585 ad
826 548 1049 602 regnum
1078 532 1389 591 Salomonis
1417 535 1511 590 ﬁlii
1556 536 1715 591 Davi-

162 627 264 692 dis,
291 630 549 681 continue
576 630 907 696 imperarunt
933 630 1041 700 60
1072 629 1304 685 feminae.
1331 632 1526 688 Diebus
1552 635 1714 687 et'am

164 717 309 788 Ragu
352 719 600 788 regnavit
638 720 823 773 Karo‘n
856 722 946 790 qui
991 722 1178 777 urbem
1211 721 1713 797 Ukinincondidit.

162 810 351 863 Fertur
395 818 573 862 autem
605 811 777 879 ipsum
807 810 1065 869 lateribus
1097 830 1160 869 ex
1192 830 1326 869 auro
1364 818 1485 871 fuso
1509 818 1715 874 conﬂa-

162 903 229 955 tis
275 902 466 954 urbem
520 898 719 955 Ukinin
776 907 1137 961 exstruxisse.
1196 907 1355 961 Anno
1398 910 1516 969 vita:
1568 910 1715 981 lingu

160 994 502 1061 sexagesimo
560 1003 713 1048 sexto
776 1005 1024 1051 mortuus
1081 1006 1163 1052 est
1230 999 1482 1065 Shalech,
1533 1017 1718 1056 mense

161 1084 301 1138 Adar
322 1084 437 1152 (qui
472 1092 554 1138 est
582 1086 919 1157 Bormahut,)
959 1104 1081 1143 cum
1115 1090 1339 1151 vixisset
1370 1107 1545 1146 annos
1578 1109 1706 1161 qua-

162 1172 481 1242 dringentos
508 1185 561 1229 et
608 1177 907 1245 sexaginta.
940 1176 1137 1253 Totum
1172 1191 1349 1233 autem
1396 1180 1541 1250 quod
1589 1182 1749 1236 vixit‘

162 1265 305 1334 llagu
340 1279 608 1321 annorum
637 1277 751 1321 erat
790 1278 1089 1325 tercentum
1126 1271 1341 1338 triginta
1369 1287 1582 1326 novem.
1618 1273 1719 1325 Sa-

162 1373 314 1425 rugo,
346 1371 469 1429 post
496 1374 669 1415 annos
696 1370 912 1414 centum
944 1371 998 1415 et
1033 1362 1276 1433 triginta,
1302 1371 1462 1417 natus
1499 1373 1582 1418 est
1611 1363 1720 1418 Na-

160 1450 320 1515 cbor;
351 1465 495 1507 anno
525 1461 703 1507 autem
737 1453 862 1506 vitae
897 1450 1088 1522 Sarugi
1144 1454 1479 1521 sexagesimo
1520 1466 1715 1510 octavo

157 1541 287 1594 obiit
332 1540 476 1597 Eber
519 1557 703 1598 mense
752 1542 946 1597 Canun
981 1544 1248 1611 secundo,
1287 1544 1401 1615 (qui
1441 1552 1493 1599 et
1534 1543 1717 1599 Tubah

157 1633 324 1704 audit)
359 1650 485 1689 cum
520 1635 745 1689 vixisset
771 1648 942 1689 annos
973 1635 1410 1704 quadringentos
1439 1637 1719 1707 sexaginta
1762 1690 1767 1707 ,

155 1736 407 1797 quatuor.
444 1727 712 1796 Annoque
756 1727 879 1781 vita:
909 1725 1102 1797 Saru’gi
1141 1728 1545 1798 septuagesimo
1580 1743 1713 1797 sep-

1824 542 1987 594 tuerit
2019 546 2110 611 qui
2146 547 2252 615 igni
2285 549 2587 614 inserviret,
2624 551 2779 618 eique
2815 550 2939 606 thus
2971 553 3214 627 injiceret
3246 573 3257 608 :
3288 564 3378 609 at-

1822 648 1927 701 que
1968 647 2030 687 ex
2062 649 2125 688 eo
2159 646 2396 705 tempore
2441 643 2722 707 cmperunt
2777 642 2919 712 magi
2962 643 3136 712 ignem
3178 646 3377 712 colere,

1817 738 2053 794 eumque
2101 727 2347 784 adorare.
2389 729 2519 785 Fuit
2553 742 2733 787 autem
2768 733 2900 799 viri,
2943 751 3100 804 quem
3152 737 3218 790 ad
3270 740 3378 807 igni

1819 815 2190 872 famulandum
2222 824 2503 877 constituit
2531 823 2773 889 Nimrod,
2803 843 2999 881 nomen
3038 827 3328 884 Andeshan
3360 848 3377 896 ;

1819 908 1926 972 cui,
1955 922 1984 962 e
2019 909 2195 963 medio
2236 911 2381 979 ignis
2418 914 2593 982 ipsum
2627 916 2918 981 allocutus,
2945 919 3196 975 diabolus
3222 921 3379 975 dixit:

1820 996 1937 1053 Non
2003 1010 2185 1067 potest
2237 1002 2358 1070 quis
2410 1003 2517 1071 igni
2570 1005 2857 1077 inservire,
2913 1016 3005 1061 aut
3069 1011 3382 1077 religionem

1822 1104 1997 1143 meam
2029 1091 2332 1155 addiscere,
2368 1094 2469 1147 nisi
2508 1095 2657 1163 prius
2684 1076 2828 1149 cum‘
2858 1108 3031 1153 matre
3077 1116 3196 1164 sua,
3229 1116 3383 1156 soro-

1822 1194 1986 1250 reque
2015 1191 2069 1237 et
2103 1183 2209 1239 (ilia
2261 1199 2373 1239 rem
2428 1186 2699 1241 habuerit.
2732 1185 2884 1244 Fecit
2916 1205 3045 1258 ergo
3096 1193 3385 1247 Andesban

1822 1260 1965 1329 sicut
1991 1276 2130 1330 dixit
2156 1277 2260 1346 ipsi
2294 1277 2543 1334 diabolus
2565 1288 2594 1345 ;‘
2615 1289 2779 1349 atque
2809 1282 3003 1336 exinde
3037 1282 3205 1347 (soliti
3236 1284 3382 1347 sunt)

1824 1380 2102 1433 magorum
2142 1370 2448 1423 sacerdotes
2479 1384 2599 1423 cum
2658 1373 2945 1437 matribus,
2980 1375 3297 1437 sororibus,
3333 1380 3386 1427 et

1808 1440 2035 1507 'filiabus
2073 1456 2183 1507 suis
2218 1470 2323 1507 rem
2356 1458 2571 1511 habere.
2601 1459 2813 1533 Primus
2843 1469 3024 1515 autem
3064 1461 3227 1532 hujus
3260 1478 3381 1517 seu-
3468 1527 3472 1533 η

1826 1543 2227 1615 tentiaeauctor
2264 1544 2363 1597 fuit
2397 1530 2863 1604 Andeshanhiste.
2900 1552 3069 1608 Porro
3121 1530 3387 1608 exstruxit

1824 1631 2012 1687 Nimro
2034 1634 2070 1697 l,
2098 1634 2408 1704 Aderbijan,
2442 1636 2713 1698 Babelem,
2750 1636 2987 1693 Nineven
3011 1678 3026 1700 ,
3066 1640 3262 1705 RJSCII,
3296 1659 3386 1695 ur-

1825 1725 2028 1794 besque
2076 1740 2234 1793 quam
2288 1726 2578 1795 plurimas.
2614 1725 2812 1782 Totum
2842 1737 3040 1801 autem
3077 1732 3218 1799 quod
3253 1731 3385 1786 vixit

159 1819 303 1881 timo,
341 1818 481 1873 obiit
505 1816 767 1883 Phaleeh,
802 1834 989 1875 mense
1023 1818 1124 1873 llul
1156 1820 1269 1889 (qui
1301 1830 1352 1875 et
1398 1819 1565 1884 Thut)
1591 1834 1715 1873 cum
1753 1815 1794 1871 Β
1823 1814 2068 1869 Tharech
2125 1816 2253 1868 anni
2308 1828 2436 1870 sunt
2489 1818 2703 1873 ducenti
2769 1820 3054 1890 sexaginta
3107 1824 3343 1890 quinque.
3368 1862 3384 1887 ,

156 1910 377 1964 vixisset
422 1924 596 1964 annos
652 1917 923 1964 trecentos
972 1909 1195 1978 triginta
1254 1924 1470 1966 novem.
1525 1909 1721 1964 Totum

163 2007 331 2053 autem
363 1998 509 2067 quod
530 1998 678 2051 vixit
720 1997 895 2067 Sarug
930 2000 1057 2059 anni
1105 2004 1235 2053 sunt
1276 2001 1502 2054 trecenti
1539 2006 1594 2054 et
1625 1999 1723 2053 tri-

156 2090 319 2159 ginta.
361 2088 613 2143 Nachoro
644 2098 763 2157 post
810 2105 986 2144 annos
1013 2089 1355 2160 septuaginta
1394 2106 1586 2146 novem
1618 2107 1724 2145 na-

156 2193 235 2237 tus
266 2191 351 2236 est
382 2181 633 2236 Thareeh
661 2198 676 2247 ;
707 2182 934 2251 ejusque
977 2181 1169 2237 diebus
1203 2183 1556 2252 multiplicati
1590 2191 1722 2239 sunt

156 2274 419 2343 gigantes.
477 2259 854 2343 Fuitque'Aad
907 2274 1049 2331 Illius
1088 2276 1298 2344 Arami,
1351 2276 1492 2331 illius
1533 2276 1717 2342 Semi‘,

156 2364 291 2418 filius
330 2362 461 2419 Noae
497 2381 511 2417 :
555 2364 656 2418 sub
681 2364 869 2418 eodem
906 2364 1167 2419 institutae
1195 2374 1324 2419 sunt
1369 2376 1642 2421 mensura!
1665 2373 1723 2419 et

155 2456 413 2523 pondera.
464 2455 598 2525 Ejus
639 2458 803 2512 etiam
845 2466 1089 2527 tempore
1120 2457 1326 2513 accidit
1379 2468 1720 2521 terrmmotus

154 2547 405 2618 insignis,
435 2546 753 2611 vehemens,
785 2562 909 2613 cum
960 2548 1141 2603 nullus
1172 2530 1330 2603 aniea
1379 2556 1720 2603 terraemotus

155 2638 367 2701 fuisset,
396 2638 559 2707 quue
584 2638 729 2705 quod
755 2637 858 2716 ubi_
878 2638 1227 2706 multiplicati
1255 2636 1748 2695 essentidololatraa

154 2731 239 2797 qui
271 2731 413 2785 illius
442 2744 572 2790 suos
620 2741 673 2785 et
717 2728 865 2785 fllias'
899 2720 1586 2796 daamoniis'lmmolarent,
1614 2734 1717 2786 im-

152 2824 467 2877 mitteret'in
523 2826 671 2893 ipsos
724 2810 945 2879 ventum
1004 2826 1409 2895 procellosum,
1460 2832 1715 2901 essetque

134 2914 304 2968 turbo
330 2915 423 2983 qui
460 2914 598 2969 idola
645 2918 827 2970 omnia
861 2918 1245 2986 contingeret,
1281 2928 1584 2983 eorumque
1616 2913 1713 2966 de-

153 3004 302 3059 luhra
336 3007 613 3073 dirueret;
645 3006 891 3079 61-63
918 3009 1053 3062 adeo
1100 3016 1160 3061 ut
1205 3006 1447 3076 pulveris
1495 3004 1717 3060 tumulis

148 3097 534 3161 obruerentur;
566 3098 657 3167 qtti
687 3100 981 3152 etiamnum
1013 3099 1308 3153 exsistunt.
1555 3112 1558 3114 ‘

216 3189 371 3241 Auno
398 3195 575 3243 autem
596 3190 731 3242 vitae
753 3189 989 3243 Nachori
1022 3192 1423 3259 septuagesimo
1459 3192 1700 3260 septimo

153 3288 397 3333 mortuus
436 3291 523 3335 est
544 3280 719 3350 Ragu,
754 3297 939 3336 mense
969 3281 1134 3337 Nisan
1167 3285 1280 3352 (qui
1313 3282 1452 3338 idem
1482 3290 1563 3339 est
1592 3283 1719 3337 Bar-

152 3371 372 3440 mudah)
403 3384 528 3427 cum
562 3388 736 3428 annos
766 3383 1042 3429 trecentos
1079 3376 1299 3445 triginta
1331 3390 1523 3447 novem
1547 3375 1719 3429 vixis-

150 3468 244 3513 set.
282 3459 538 3531 Ejusdem
589 3472 830 3533 tempore
878 3464 1057 3519 ﬂoruit
1090 3466 1171 3519 vir
1209 3466 1428 3533 quidam
1461 3466 1714 3534 (origine)

150 3550 330 3615 Persa,
365 3557 585 3609 nomine
614 3555 917 3611 Zorodasbt
942 3596 957 3617 ,
987 3556 1079 3623 qui
1115 3555 1392 3625 religionis
1424 3554 1713 3609 Sabiorum

158 3653 345 3699 auctor
386 3646 531 3709 fuit,
590 3657 847 3715 regnante
903 3649 956 3701 in
1008 3647 1188 3711 Persia
1243 3664 1367 3719 rege
1420 3647 1718 3701 Tachmurt

150 3729 438 3796 appellato.
503 3734 801 3789 Autumant
838 3750 966 3791 vero
1016 3737 1258 3790 nonnulli
1309 3740 1539 3804 primum
1585 3736 1715 3791 reli-

151 3822 326 3890 gionis
363 3826 649 3881 Sabiorum
684 3837 961 3881 auctorem
1002 3828 1173 3882 fuisse
1221 3828 1477 3883 Graecum
1518 3810 1717 3899 quem-

150 3910 270 3981 dam
301 3918 523 3971 nomine
553 3916 754 3979 Junan,
790 3915 1111 3974 Jearakliusi
1149 3919 1342 3981 lilium,
1375 3920 1533 3989 cujus
1556 3920 1717 3976 sedes

150 4000 250 4059 fuit
275 4009 439 4079 Alyas
470 4025 485 4063 :
514 4018 569 4064 at
592 4009 743 4076 juxta
766 4010 902 4075 alios
936 4010 1035 4063 fuit
1064 4025 1125 4064 ex
1160 4010 1291 4063 urbe
1316 4009 1712 4075 AloZaitunah,
1750 4026 1751 4031 ‘

146 4105 267 4160 quae
287 4100 506 4155 condita
534 4110 615 4154 est
647 4100 698 4153 in
726 4099 1058 4153 Athenarum
1094 4102 1383 4170 (regione.)
1411 4100 1580 4157 Graeci
1611 4119 1714 4158 au~

175 4206 257 4246 om
296 4193 457 4261 primi
510 4192 652 4247 hanc
704 4192 1029 4247 sententiam
1068 4193 1298 4261 amplexi
1337 4204 1507 4258 sunt,
1541 4193 1716 4264 deque

154 4292 421 4337 astrorum
483 4283 741 4346 scientia,
794 4298 857 4335 ac
914 4284 1127 4337 orbiutu
1204 4284 1508 4339 caelestium
1562 4294 1713 4341 motu

155 4368 314 4428 libros
346 4373 543 4426 multos
580 4375 1045 4441 conscripserunt.
1089 4374 1285 4429 Fertur
1337 4377 1501 4431 etiam
1557 4378 1706 4432 illurn

1825 1904 2017 1977 deinde
2049 1904 2204 1961 obiit.
2235 1904 2353 1960 Jam
2388 1922 2417 1960 a
2446 1909 2682 1965 Phaleko
2729 1910 2793 1963 ad
2845 1911 3210 1965 Abrahamum
3261 1914 3385 1966 anni

1825 2007 1953 2051 sunt
1998 1996 2281 2067 quingenti
2313 1999 2670 2069 quadraginta
2706 2010 2759 2057 et
2794 2016 2967 2065 unus;
3005 2018 3032 2055 a
3080 2001 3284 2056 diluvio
3318 2004 3385 2057 ad

1822 2085 2186 2158 Abrahamum
2219 2087 2365 2143 mille
2407 2091 2748 2158 septuaginta
2779 2090 2927 2157 duo;
2965 2092 3033 2145 ab
3078 2092 3282 2146 Adamo
3314 2093 3383 2145 ad

1822 2178 2190 2234 Abrahamum
2247 2189 2329 2234 ter
2384 2182 2531 2235 mille
2581 2190 2665 2235 ter
2710 2192 2926 2242 centum
2988 2182 3179 2252 viginti
3236 2192 3381 2238 octo.

1821 2270 2155 2336 Abrahamo,
2184 2286 2308 2325 cum
2344 2287 2609 2328 annorum
2656 2285 2798 2329 esset
2840 2260 3179 2344 septuaginta
3218 2276 3382 2343 quit}-

1822 2359 1947 2429 que,
1984 2362 2239 2431 praecepit
2275 2360 2417 2416 Deus
2449 2371 2506 2417 ut
2532 2379 2561 2418 e
2591 2372 2733 2418 terra
2760 2366 2931 2434 patria
2966 2365 3171 2421 Harran
3195 2382 3385 2437 egres-

1822 2467 1919 2507 sus
1954 2453 2005 2507 in
2040 2460 2184 2507 terra
2216 2451 2519 2507 Cbananaea
2554 2454 2695 2523 (qua:
2722 2454 2940 2509 Alsham
2965 2454 3069 2521 est)
3094 2456 3383 2511 habitaret.

1820 2545 2044 2615 Accepit
2071 2560 2199 2615 ergo
2228 2544 2501 2600 Abraham
2548 2560 2769 2601 uxorem
2812 2545 3055 2616 65-67
3100 2561 3255 2602 suam
3284 2546 3385 2601 Sa-

1821 2653 1960 2703 ram,
1987 2640 2106 2707 quae
2136 2648 2188 2693 et
2214 2639 2315 2707 ipsi
2348 2653 2413 2692 ex
2447 2646 2604 2707 patre
2623 2654 2781 2693 soror
2812 2640 2924 2691 erat
2944 2635 3219 2701 ;Tharech
3238 2639 3381 2694 enim

1819 2727 2111 2782 Abrahami
2139 2736 2310 2795 pater,
2346 2737 2556 2782 mortua
2596 2725 2810 2790 Yuana,
2848 2728 3142 2781 Abrahami
3174 2736 3378 2793 matre,

1819 2819 1979 2874 aliam
2011 2818 2166 2872 duxit
2200 2834 2419 2873 uxorem
2452 2820 2665 2873 nomine
2695 2819 2961 2882 Tohwait,
2996 2834 3064 2873 ex
3114 2834 3221 2887 qua
3256 2829 3383 2874 nata

1818 2921 1901 2968 est
1940 2914 2037 2982 ipsi
2072 2913 2266 2975 Sarah,
2298 2928 2459 2982 quam
2489 2912 2643 2967 duxit
2672 2913 2986 2979 Abraham;
3020 2920 3186 2990 atque
3238 2914 3379 2968 hanc

1817 3007 1887 3060 ob
1918 3020 2136 3060 causam
2170 3004 2305 3058 dixit
2346 3004 2617 3059 Abraham
2649 3022 2662 3057 :
2696 3002 2859 3059 Soror
2905 3021 3018 3059 mea
3059 3014 3141 3059 est
3164 3044 3180 3066 ,
3214 3006 3383 3073 patris

1819 3098 1919 3150 mei
1948 3137 1962 3160 ,
2004 3107 2057 3149 at
2098 3113 2200 3150 non
2246 3098 2429 3150 matris
2465 3112 2594 3149 mea:
2646 3096 2761 3164 ﬁlia
2792 3096 2833 3148 ⁸.
2867 3095 3176 3165 Assumpsit
3221 3098 3384 3150 etiam

1830 3184 2098 3251 Ιιοῐιιιιιιι,
2136 3188 2320 3242 fratris
2352 3188 2431 3243 sui
2457 3186 2624 3241 filium
2650 3227 2664 3249 ,
2702 3196 2757 3241 et
2789 3187 2841 3239 in
2875 3195 3073 3242 terram
3107 3185 3387 3240 Al-Mana-

1822 3279 2083 3333 riensium
2141 3278 2539 3332 Amorrzorum
2601 3277 2876 3345 profectus
2933 3283 3055 3339 est,
3123 3275 3210 3329 ubi
3262 3290 3384 3329 cum

1820 3370 2023 3438 egressi
2049 3378 2234 3423 contra
2257 3370 2429 3437 ipsum
2459 3369 2705 3423 nonnulli
2735 3368 2964 3421 Lotbum
2988 3367 3256 3438 captivum
3290 3368 3383 3420 ab-

1800 3506 1807 3511 .
1832 3458 2135 3523 duxissent,
2168 3459 2448 3513 insecutus
2475 3459 2621 3527 ipsos
2646 3457 2943 3522 Abraham,
2973 3456 3208 3511 Lothum
3228 3471 3257 3511 e
3276 3470 3389 3508 ma-

1822 3553 1980 3607 nibus
2016 3552 2258 3631 ipsorum
2290 3551 2559 3609 liberavit.
2596 3549 2835 3605 Reverso
2862 3556 3041 3603 autem
3069 3548 3136 3601 ad
3169 3554 3385 3600 montes

1817 3645 2186 3707 Jebttsteorum
2224 3645 2463 3701 occurrit
2501 3642 2883 3706 Melchisedek,
2918 3642 3021 3710 'qui
3049 3639 3198 3722 pacis
3232 3654 3323 3694 rex
3355 3677 3372 3703 ,

1822 3739 1913 3793 Dei
1956 3739 2243 3795 celsissimi
2296 3739 2555 3807 sacerdos
2576 3780 2591 3803 ,
2622 3738 2795 3793 audit.
2832 3736 3003 3803 Quem
3034 3750 3065 3790 e
3090 3734 3386 3805 longinquo

1820 3839 2172 3900 conspectum
2206 3830 2450 3884 adoravit
2475 3830 2769 3891 Abraham,
2798 3826 2995 3883 deinde
3027 3828 3204 3897 ipsum
3239 3824 3387 3879 com“-

1822 3923 2013 3991 plexus
2062 3930 2226 3993 atque
2271 3923 2646 3983 deosculatus,
2695 3921 3128 3977 benedictionem
3164 3918 3231 3974 ab
3265 3920 3384 3987 ipso

1818 4015 1989 4083 petiit.
2026 4014 2310 4069 Benedixit
2335 4017 2463 4081 ergo
2498 4014 2599 4085 ipsi
2628 4012 2993 4069 Melchisedek
3022 4052 3039 4076 ,
3077 4024 3384 4081 panemque

1816 4098 1871 4160 et
1898 4108 2077 4159 vinum
2114 4105 2215 4175 ipsi
2264 4107 2501 4171 obtulit;
2554 4102 2701 4161 dedit
2732 4112 2910 4160 autem
2941 4104 3215 4159 Abraham
3251 4103 3384 4161 Mel-

1816 4197 2109 4255 chisedeko
2143 4190 2385 4253 omnium
2416 4214 2534 4267 quae
2589 4198 2776 4254 habuit
2824 4195 3086 4251 decimas.
3117 4194 3255 4251 Tum
3290 4211 3385 4266 per

1818 4288 2201 4342 revelationem
2249 4290 2384 4342 dixit
2438 4289 2578 4343 Deus
2612 4288 2919 4344 Abraha'mo
2958 4308 2972 4344 :
3011 4290 3085 4343 Ab
3121 4290 3216 4341 hoc
3246 4296 3382 4342 temo

1819 4394 1941 4447 pore
1979 4395 2198 4447 magnus
2220 4378 2425 4443 evades,
2466 4379 2764 4433 benedicam
2806 4365 2943 4433 enini
2977 4379 3101 4443 tibi,
3134 4388 3181 4433 et
3212 4392 3384 4431 semen

156 4464 237 4528 qui
266 4466 472 4533 primus
495 4464 782 4518 Sabiorum
819 4464 1131 4534 religionem
1166 4466 1401 4529 instituit
1425 4484 1489 4522 ex
1516 4483 1705 4523 eorum
1742 4479 1783 4533 ι)
1814 4475 1961 4519 tuum
1984 4466 2358 4532 multiplicabo.
2396 4466 2635 4535 Cumque
2658 4467 2767 4535 jam
2804 4467 3131 4535 innotuisset
3162 4465 3383 4520 Melchi-

158 4567 373 4612 numero
408 4554 575 4611 fuisse
607 4556 697 4625 qui
740 4557 879 4609 turri
914 4556 1125 4610 Babelis
1156 4558 1495 4625 exstruendze
1520 4558 1713 4614 adfue-

156 4656 291 4701 runt.
338 4648 534 4726 Totum
568 4656 745 4703 autem
782 4648 923 4717 quod
964 4648 1096 4702 vixit
1148 4648 1381 4715 Nachor,
1432 4665 1699 4704 annorum

155 4736 246 4790 luit
275 4739 629 4811 ducentorum
669 4752 720 4794 et
748 4750 892 4797 octo.
928 4740 1210 4797 Thareeho
1245 4752 1366 4811 post
1399 4756 1573 4797 annos
1614 4756 1702 4800 se-

156 4833 419 4902 ptuaginta
462 4839 618 4887 natus
647 4843 732 4889 est
784 4835 1081 4890 Abraham.
1132 4834 1307 4905 Hujus
1340 4844 1579 4903 tempore
1610 4834 1714 4889 fuit

158 4916 365 4978 Nimrod
423 4925 594 4993 gigas,
642 4940 735 4980 rex
790 4924 1020 4993 Babelis,
1072 4924 1163 4979 ubi
1210 4925 1418 4995 primus
1468 4924 1708 4977 omnium

151 5010 400 5080 1'egnasse
432 5015 635 5081 fertur;
680 5023 913 5085 cum'que
944 5017 998 5070 in
1038 5017 1179 5077 coelo
1227 5030 1442 5071 corona:
1477 5016 1705 5070 formam

157 5112 182 5151 e
209 5103 344 5158 nube
378 5104 619 5165 vidisset,
664 5109 926 5161 accersito
958 5105 1347 5178 [metallorum]
1380 5105 1568 5160 fusore
1598 5118 1695 5156 co-

158 5180 345 5266 ronam;
364 5194 465 5247 sibi
499 5194 787 5258 conﬂasse,
816 5211 979 5263 quam
1012 5195 1176 5265 capiti
1205 5196 1531 5264 imponeret,
1565 5190 1707 5244 unde

158 5278 343 5339 factum
371 5298 431 5341 ut
456 5286 696 5342 dicerent
726 5288 974 5343 homines
1021 5304 1280 5345 coronam
1338 5289 1441 5357 ipsi
1488 5302 1516 5342 e
1562 5288 1703 5342 emlo

159 5369 420 5443 delapsam
452 5394 597 5432 esse.
630 5379 836 5433 Dicitur
864 5380 972 5451 64
1004 5391 1057 5433 et
1088 5380 1232 5435 hunc
1259 5379 1490 5448 primum
1523 5378 1699 5446 ignem

160 5464 393 5533 coluisse,
430 5470 575 5536 quod
609 5470 820 5525 scilicet
866 5470 933 5523 ad
974 5472 1168 5541 ignem,
1214 5485 1373 5540 quem
1424 5470 1608 5537 procul
1643 5468 1695 5519 in

158 5548 355 5614 Oriente
376 5577 404 5615 e
431 5571 570 5614 terra
597 5565 950 5631 prodeuntem
979 5564 1375 5634 conspexisset,
1402 5562 1692 5619 videndum

130 5724 133 5727 I
223 5730 392 5793 'Gen.
430 5756 517 5806 xx,
557 5740 635 5792 12.

1813 4556 1997 4620 sedek,
2030 4558 2122 4626 qui
2156 4559 2221 4611 de
2258 4571 2322 4610 eo
2358 4556 2707 4611 audivissent
2732 4570 2904 4625 reges,
2935 4556 3002 4611 ad
3026 4557 3205 4626 ipsum
3250 4568 3389 4609 cena

1807 4652 2021 4723 gregali
2053 4660 2216 4715 sunt;
2255 4666 2283 4704 e
2312 4650 2512 4719 quibus
2555 4658 2673 4704 erat
2716 4648 3027 4704 Abimelech
3059 4663 3152 4702 rex
3184 4646 3378 4709 Gerar,

1818 4741 2019 4797 Markal
2049 4748 2140 4797 rex
2172 4742 2332 4805 Zoar,
2364 4741 2562 4797 Ariush
2594 4756 2683 4795 rex
2710 4740 2921 4805 Destar,
2951 4739 3267 4817 Jardaomer
3287 4754 3380 4793 rex

1816 4834 1929 4889 llan
1957 4875 1971 4897 ,
2006 4833 2221 4903 Targali
2254 4850 2344 4889 rex
2395 4833 2577 4904 Za‘glai
2604 4872 2617 4895 ,
2650 4832 2788 4886 Baaz
2825 4826 3164 4905 rexﬁailath
3190 4868 3205 4893 ,
3240 4836 3379 4894 Yaez

1819 4943 1911 4983 rex
1942 4926 2184 4989 Sodomi,
2230 4925 2429 4979 Barsha
2477 4940 2568 4978 rex
2609 4923 2926 4980 Gomorrhaz
2952 4962 2967 4985 ,
2997 4912 3229 4977 Sebaath
3261 4922 3374 4991 68

1818 5034 1909 5073 rex
1941 5017 2131 5081 Edom,
2163 5017 2347 5070 Banbu
2382 5030 2474 5070 rex
2506 5013 2776 5077 Damasci,
2814 5012 3011 5066 Baktar
3046 5028 3137 5067 rex
3169 5011 3377 5091 AI-Ba-

1816 5110 1943 5167 bah.
1977 5108 2209 5163 Samaan
2242 5123 2333 5161 rex
2370 5106 2783 5161 Amorhazorum
2829 5121 2840 5157 :
2875 5119 3028 5170 reges
3060 5104 3146 5159 isti
3175 5103 3379 5157 duode-

1819 5204 1923 5257 cim
1952 5201 2017 5255 ad
2043 5198 2517 5262 Melchisedekum,
2538 5199 2627 5268 qui
2655 5208 2809 5253 etrex
2846 5196 2993 5265 pacis
3026 5195 3195 5257 audit,
3220 5208 3375 5247 acce-

1816 5294 2022 5354 dentes,
2064 5291 2153 5344 ubi
2200 5291 2373 5357 ipsum
2410 5288 2845 5358 conspexissent,
2883 5294 2938 5341 et
2970 5287 3138 5353 ipsius
3166 5296 3374 5338 sermo-

1814 5400 1909 5437 nes
1946 5383 2270 5444 audiisscnt,
2297 5382 2362 5435 ab
2414 5382 2506 5435 illo
2565 5389 2621 5433 ut
2648 5394 2751 5433 una
2770 5394 2891 5433 cum
2920 5377 3246 5447 ipsisjahiret
3280 5390 3373 5429 ro-

1809 5484 2004 5543 garunt
2034 5515 2045 5537 ,
2100 5476 2191 5542 qui
2257 5473 2575 5541 respondit:
2610 5469 2727 5526 Non
2765 5485 2982 5541 possum
3018 5482 3115 5538 ego
3144 5468 3213 5520 ab
3266 5466 3365 5519 hoc

1804 5565 1921 5619 l0(0
1942 5566 2077 5619 disu
2090 5564 2234 5619 dere.
2249 5564 2543 5619 Consilium
2569 5563 2853 5633 ergozintcr
2873 5574 2936 5615 se
2954 5558 3019 5615 de
3042 5554 3365 5615 cxstruenda
