4138 6462
621 256 723 319 993

621 367 720 435 ipsi
777 370 908 419 urbe
961 379 1260 436 ceperunt,
1301 369 1544 423 dicentes
1582 389 1593 422 ε

619 470 773 511 teme
800 476 887 511 rex
922 473 1021 520 est,
1057 479 1349 530 regumque
1375 466 1615 517 ontuium
1682 479 1854 535 pater.
1893 468 2175 523 Exstructa

619 567 745 617 ergo
786 552 887 619 ipsi
931 554 1082 614 urbe,
1123 569 1295 620 regem
1352 557 1403 608 in
1437 572 1495 608 ea
1530 557 1702 624 ipsum
1753 562 2170 614 Constituerunt.

618 645 919 711 Appe'lavit
948 657 1126 698 autem
1167 645 1530 702 Melchisedek
1575 666 1774 708 nomen
1823 653 1970 706 urbis
2019 653 2177 708 istius

614 734 939 790 Jeiusalem.
972 735 1138 792 Porro
1173 739 1293 791 com
1329 745 1394 792 de
1427 758 1590 809 regno
1633 743 2007 798 Melchisedeki
2048 763 2172 814 per-

615 829 852 880 venisset
892 827 1030 879 fama
1085 829 1149 881 ad
1209 829 1518 884 Machulum
1573 831 1908 887 Al-Taiu:ani
1954 853 2172 904 regem,

618 918 884 973 aeecdeus
917 921 1002 974 ille
1029 922 1095 975 ad
1138 923 1313 990 ipsum
1345 926 1792 993 conspiciendum
1833 938 1995 996 atque
2033 931 2171 982 allo-

615 1012 925 1077 QIlt'liliUl“._
945 1028 1190 1080 magnam
1227 1015 1328 1082 ipsi
1374 1033 1534 1085 opum
1571 1019 1782 1086 copiam
1817 1019 1982 1073 dedit.
2021 1017 2172 1074 Fuit-

613 1116 718 1166 quc
748 1100 1101 1175 Melchisedek
1137 1105 1279 1172 apud
1313 1121 1502 1158 omnes
1535 1123 1687 1177 reges
1724 1110 1774 1160 in
1805 1110 2009 1164 honore
2041 1110 2170 1162 dum

615 1190 788 1258 ipsum
820 1209 1004 1260 regum
1050 1205 1252 1264 patrem
1285 1199 1634 1265 appellarent.
1675 1198 1792 1253 Jam
1843 1204 1931 1269 qui
1986 1203 2170 1256 dicunt

613 1284 1011 1340 Melchisedeko
1040 1303 1140 1340 nec
1176 1289 1629 1344 initium-dierum
1658 1332 1670 1353 ,
1705 1309 1801 1347 nec
1845 1295 1965 1347 vitm
2010 1297 2167 1348 linem

615 1375 782 1429 fuisse
811 1419 824 1439 ,
863 1379 1100 1432 adducto
1130 1379 1194 1432 ad
1227 1375 1330 1434 ho’c
1363 1382 1791 1438 conﬁrmandum
1842 1383 1992 1436 Pauli
2041 1402 2170 1454 apo-

611 1468 732 1520 stoli
764 1470 929 1532 dicto,
961 1470 1048 1522 ubi
1084 1473 1156 1524 ait
1200 1489 1212 1525 :
1248 1471 1412 1540 Cujus
1447 1475 1625 1545 diebus
1650 1492 1740 1528 nec
1786 1476 1992 1531 initium
2025 1478 2127 1547 fuit
2153 1519 2166 1542 ,

611 1577 700 1613 nec
732 1563 848 1613 vita:
873 1563 1036 1630 ipsius
1075 1565 1322 1628 termjnus
1345 1565 1389 1629 δ,
1419 1566 1595 1619 locum
1623 1567 1771 1620 Pauli
1799 1571 2025 1633 apostoli
2063 1587 2166 1624 non

607 1652 926 1720 intelligunt.
967 1652 1097 1706 Nam
1125 1671 1245 1708 cum
1272 1655 1417 1717 Setn,
1445 1657 1614 1711 Noahi
1641 1657 1800 1723 illius,
1823 1660 2172 1716 Melchisede-

609 1742 734 1796 bum
775 1735 1111 1806 assumptum
1148 1761 1177 1798 a
1215 1744 1530 1814 parentibus
1566 1752 1678 1804 suis
1707 1751 2013 1817 abduxerit,
2056 1768 2162 1806 non

607 1835 925 1904 inscriptum
953 1844 1034 1889 est
1060 1836 1198 1890 libro
1228 1836 1430 1908 [sacro]
1457 1850 1588 1906 quot
1618 1855 1789 1895 annos
1815 1849 1974 1895 natus
2000 1853 2164 1906 esset,

607 1927 823 1993 (plaudo
855 1942 916 1979 ex
952 1925 1180 1982 Oriente
1210 1930 1668 1995 proﬁcisceretur,
1700 1947 1795 1986 nec
1832 1943 1965 2001 quot
1992 1949 2167 1989 annos

605 2029 764 2070 natus
795 2018 935 2071 diem
980 2021 1194 2073 obierit.
1241 2021 1483 2087 Cumque
1524 2022 1878 2078 Melchiscdek
1922 2023 2160 2095 69-71

609 2113 747 2161 titius
779 2121 922 2164 esset
957 2110 1194 2174 Phaleki,
1225 2111 1316 2165 ﬁlii
1350 2114 1506 2166 Eberi
1537 2154 1550 2176 ,
1589 2115 1681 2168 ﬁlii
1737 2116 1990 2171 Shalechi
2018 2156 2031 2179 .
2067 2120 2161 2171 lilii

609 2200 854 2261 liain-mi,
893 2203 985 2254 ﬁlii
1027 2202 1576 2271 Arphachshadi,tilii
1623 2206 1791 2269 Semi,
1844 2209 1934 2262 ﬁlii
1966 2209 2162 2272 Noahi,

605 2295 787 2348 nullus
817 2294 1013 2348 horum
1043 2305 1277 2365 patrum,
1320 2299 1493 2366 ipsius
1535 2309 1690 2367 pater
1734 2311 1981 2356 νος-λων.
2030 2304 2165 2357 Dicit

601 2387 741 2437 enim
778 2384 975 2442 Paulus
1009 2404 1024 2442 :
1061 2387 1228 2442 Nemo
1256 2389 1321 2442 de
1348 2392 1511 2456 ipsius
1558 2408 1741 2459 genere
1788 2397 1974 2461 templo
2005 2398 2164 2450 servi-

600 2474 671 2522 vit
702 2474 760 2536 ';
797 2490 970 2542 neque
1006 2487 1211 2542 patrem
1253 2479 1354 2546 ipsi
1394 2481 1528 2533 inter
1559 2483 1732 2536 tribus
1766 2471 2160 2552 ascripseiunt.

604 2562 887 2618 lliatthaeus
932 2567 1076 2619 enim
1133 2575 1187 2622 et
1242 2567 1419 2624 Lucas
1478 2573 1840 2640 evangilistte.
1893 2579 2163 2644 principes

600 2662 810 2706 tantum
844 2656 1086 2710 tribuum
1121 2659 1569 2728 descripserunt;
1599 2663 1828 2732 ideoque
1865 2683 1963 2720 nec
1992 2670 2162 2735 patris

598 2759 700 2798 neu
748 2749 937 2800 matris
972 2750 1144 2817 ipsius
1177 2767 1376 2806 nomen
1411 2755 1662 2822 ascripsit
1710 2756 1907 2812 Paulus
1940 2771 2160 2826 aposto~

597 2834 702 2891 lvzs.
731 2837 844 2891 Non
875 2849 1051 2893 autem
1082 2843 1214 2896 dicit
1241 2842 1438 2896 Paulus
1470 2861 1575 2898 non
1606 2843 1772 2899 fuisse
1801 2848 1900 2916 ipsi
1929 2861 2157 2916 patrem;

595 2947 820 2994 verum,
858 2946 961 2984 non
997 2934 1292 3001 ascriptum
1331 2934 1498 2990 fuisse
1546 2937 1722 3001 ipsum
1761 2939 1907 2992 inter
1953 2943 2153 2996 tribus.

1641 262 1997 320 EU'l'YUlli
2039 262 2572 326 ALEXANDBINI
2606 269 2818 327 PATIL

1636 371 1840 426 Revera
1895 376 1976 426 hie.
2007 375 2174 427 totius
2207 377 2246 426 A
2281 377 2393 435 bih,
2430 395 2561 432 uxor
2593 380 2708 434 Silii
2744 383 3038 437 saeerdmis
3094 387 3315 450 montis,
3364 403 3481 454 qum.
3528 387 3735 445 Nisibin
3779 409 3834 451 et

3730 289 3834 350 924

2283 467 2488 521 ltoham
2534 475 2800 524 exstruxit
2855 491 3114 542 nutroptc
3163 479 3330 545 cinxit
3371 496 3382 529 :
3419 481 3548 548 quin
3597 493 3647 534 ct
3703 494 3835 538 lem-

2278 559 2420 628 plum
2477 577 2725 626 maguum
2783 561 2832 612 in
2893 564 3138 618 llarrano
3171 570 3442 633 condidit,
3483 571 3712 623 conﬂato
3767 590 3832 628 ex

2278 664 2409 702 auro
2443 650 2587 703 idolo
2626 653 2712 704 cui
2769 669 2966 708 nomen
3019 657 3111 708 Sin
3167 657 3398 722 indidit,
3441 662 3726 730 ipsumque
3779 663 3832 717 in

2279 739 2456 793 medio
2495 743 2676 811 templi
2726 745 2957 811 positum
2990 761 3177 801 omnes
3223 747 3446 802 llarraui
3485 751 3658 805 ineola
3705 755 3836 806 ado-

2278 845 2398 883 rare
2425 833 2604 900 jussit.
2654 833 2767 886 Non
2817 835 3095 890 desEerunt
3149 853 3274 908 ergo
3324 839 3691 897 llarranenses
3735 860 3834 913 per

2277 935 2450 974 annos
2500 923 2889 991 quinquaginta
2949 925 3150 978 idolum
3215 929 3424 981 colere.
3461 929 3648 985 Postea
3708 950 3834 988 vero

2275 1011 2398 1064 Baal
2446 1013 2659 1076 Samin,
2701 1015 2934 1068 Al-lraki
2986 1028 3131 1084 rage.
3162 1017 3378 1082 Talbin,
3415 1019 3706 1092 Thamurm
3747 1041 3835 1076 re-

2273 1104 2361 1182 gis
2389 1099 2568 1159 .‘lusal'
2590 1122 2812 1160 uxorem
2842 1149 2856 1170 ,
2889 1109 3234 1175 dcpereunte,
3279 1109 3490 1177 fugiens
3538 1127 3657 1163 eum
3711 1115 3828 1183 ipsa

2277 1195 2518 1250 Harrano
2545 1197 2717 1265 ignem
2755 1197 2941 1265 injecit
2984 1214 3090 1266 quo
3132 1201 3304 1265 arsit,
3363 1217 3576 1270 unaque
3608 1213 3660 1256 ct
3693 1215 3831 1257 temo

2273 1290 2418 1357 plum
2451 1297 2502 1343 et
2532 1289 2755 1341 idolum.
2792 1290 2950 1343 Anno
3004 1290 3127 1344 vitae
3163 1291 3455 1344 Abrahami
3491 1293 3830 1362 quinquage-

2273 1381 2411 1433 simo
2466 1395 2628 1444 nono,
2662 1390 2909 1434 mortuus
2953 1389 3035 1433 cst
3086 1380 3301 1436 Nachor
3351 1399 3536 1437 mense
3569 1382 3829 1439 Tauunuz

2275 1473 2386 1538 (qui
2433 1481 2513 1525 est
2557 1471 2717 1540 Abib)
2757 1486 2880 1524 cum
2940 1487 3111 1525 annos
3148 1473 3412 1526 ducentos
3451 1485 3501 1526 et
3542 1485 3665 1528 octo
3716 1478 3833 1528 vix-

2275 1561 2423 1613 issi-t.
2471 1563 2627 1614 Anno
2673 1561 2834 1612 etiam
2881 1562 3002 1614 vita:
3054 1562 3286 1632 73-75
3330 1566 3599 1616 Abraham
3649 1575 3832 1617 cente-

2223 1703 2240 1751 3
2272 1652 2407 1706 simu
2440 1652 2716 1705 tricesimo
2753 1652 2986 1720 septimo
3017 1653 3176 1723 jussit
3231 1656 3407 1722 ipsum
3465 1652 3616 1708 Deus
3648 1655 3817 1709 lilium

2275 1742 2519 1795 lsaacum
2557 1753 2852 1794 mactatum
2886 1744 2938 1797 in
2977 1745 3351 1796 holocaustum
3388 1747 3509 1813 igne
3541 1746 3830 1800 assumen-

2272 1835 2400 1887 dum
2443 1835 2676 1896 tradere,
2710 1851 2886 1889 aunos
2937 1847 3046 1889 tum
3099 1836 3318 1902 triginta
3373 1848 3576 1905 Septem
3615 1847 3826 1891 natum.

2341 1926 2494 1991 Quod
2524 1926 2567 1978 si
2603 1926 2800 1978 dixerit
2848 1926 3004 1994 quis:
3053 1925 3335 1991 Quomodo
3372 1928 3628 1995 probatur
3678 1929 3829 1983 lsaa—

2270 2031 2392 2070 cum
2442 2033 2614 2068 annos
2663 2016 2886 2083 triginta
2926 2026 3130 2084 septem
3177 2018 3433 2072 habuisse
3482 2034 3602 2071 cum
3650 2019 3827 2084 ipsum

2269 2095 2509 2158 tiiactare
2551 2108 2601 2158 in
2651 2106 2833 2159 animo
2882 2106 3068 2160 lialulit
3120 2119 3266 2178 pater
3303 2107 3496 2177 ipsms?
3544 2121 3833 2179 regeretur

2270 2197 2369 2260 illi,
2406 2198 2679 2266 peperisse
2707 2198 2880 2266 ipsum
2911 2207 3137 2253 matrem
3162 2198 3483 2268 Saram'jam
3520 2217 3831 2271 nooagena-

2268 2291 2428 2353 riam,
2483 2289 2652 2358 ipsam
2685 2300 2862 2344 autem
2922 2290 3110 2352 audito
3150 2273 3516 2368 Abrahamum
3585 2293 3826 2356 Isaacutn

2267 2383 2436 2434 tilium
2468 2398 2624 2436 suum
2672 2392 3010 2451 assumptum
3048 2381 3101 2435 in
3139 2391 3374 2440 montem
3403 2383 3726 2446 sustulisse.
3767 2392 3831 2438 ut

2227 2494 2230 2497 ·
2266 2487 2388 2525 cum
2433 2465 2763 2536 immolaret,
2796 2488 2988 2542 magna
3033 2472 3279 2527 ali'ectam
3324 2475 3546 2527 tristitia
3575 2514 3591 2537 ,
3627 2483 3682 2529 et
3715 2489 3828 2543 pra:

2266 2561 2472 2614 doloris
2523 2578 2680 2630 quem
2713 2564 2965 2632 concepit
2995 2562 3332 2630 vehementia
3369 2562 3421 2617 in
3462 2564 3708 2617 morbum
3737 2563 3829 2617 in-

2269 2653 2497 2717 cidisse,
2529 2669 2592 2707 ex
2650 2669 2759 2721 quo
2811 2665 3028 2714 mortua,
3063 2662 3167 2717 est,
3235 2668 3409 2707 annos
3444 2637 3824 2706 nata‘centum

2263 2746 2450 2814 viginti
2488 2755 2732 2812 septem;
2763 2761 2986 2800 necesse
3026 2727 3111 2800 est
3149 2746 3278 2815 ergo
3319 2745 3487 2800 fuisse
3525 2739 3653 2800 tunc
3686 2754 3829 2801 tem-

2273 2837 2419 2902 poris
2462 2835 2648 2890 lsaaco
2700 2851 2874 2891 annos
2920 2836 3137 2907 triginta
3195 2845 3422 2905 septem.
3471 2829 3824 2906 Assuniptm‘n

2261 2942 2388 2994 ergo
2427 2927 2668 2981 Isaacum
2700 2929 2867 3008 lilium
2913 2943 3073 3000 suum
3129 2943 3254 2994 cum
3298 2929 3348 2981 in
3385 2937 3622 2982 montem
3652 2928 3821 2982 addu-

596 3020 785 3084 l'orro,
833 3038 976 3075 anno
1017 3025 1138 3077 vitae
1170 3025 1455 3079 Δια-λικιυηί
1487 3028 1933 3098 quinquagesimo
1989 3036 2158 3100 prium

2267 3021 2437 3073 xisset
2468 3018 2763 3084 Abraham,
2788 3019 2950 3088 lignis
2968 3033 3022 3073 et
3051 3020 3173 3089 igne
3203 3019 3300 3088 ipsi
3325 3019 3613 3088 impositis.
3640 3033 3705 3072 ac
3737 3018 3826 3073 fu-

594 3124 841 3168 mortuus
868 3122 951 3168 est
971 3115 1164 3186 Sarug,
1189 3120 1544 3172 menseAAdar
1569 3123 1685 3190 (qui
1717 3137 1797 3178 est
1831 3125 2152 3198 Bormahat)

593 3222 714 3260 cum
752 3223 925 3261 annos
957 3218 1229 3262 trecentos
1251 3217 1305 3263 et
1327 3213 1544 3280 triginta
1576 3215 1817 3268 vixisset.
1853 3216 2147 3272 Abrahami

592 3299 755 3350 etiam
807 3305 1050 3372 tempore
1096 3300 1298 3354 scelera
1357 3307 1752 3372 patraruntqui
1802 3323 1923 3360 cum
1978 3308 2155 3362 Lotho

590 3387 754 3440 Arani
794 3387 902 3441 ﬁlio
929 3400 1102 3462 erant,
1124 3391 1341 3445 urbium
1371 3395 1580 3449 scilicet
1611 3397 1828 3451 Sodomi
1855 3410 1907 3453 et
1930 3403 2157 3458 Gomor-

592 3482 940 3560 rhaeincola'.
982 3480 1222 3539 Perdidit
1268 3483 1398 3556 ergo
1449 3486 1597 3554 ipsos
1632 3489 1892 3548 Dominus
1935 3505 2153 3547 servato

597 3572 796 3628 Letho.
831 3574 966 3628 Cum
1004 3587 1180 3630 autem
1229 3580 1429 3634 sterilis
1469 3589 1610 3635 esset
1638 3580 1808 3653 Sarah
1859 3585 2152 3640 Abrahami

593 3683 730 3723 uxor
759 3669 828 3723 ita
861 3679 918 3722 ut
948 3685 1052 3722 non
1105 3671 1440 3739 conciperet.
1487 3674 1760 3726 Abraham
1814 3692 1946 3730 vero
1987 3693 2149 3746 apum

592 3756 763 3824 dives,
805 3761 1023 3814 tradidit
1056 3760 1226 3816 Sarah
1282 3764 1592 3820 Abrahamo‘
1638 3768 1890 3820 ancillam
1927 3775 2147 3824 nomine

592 3853 807 3922 "agar,
840 3869 960 3921 qua:
1001 3855 1220 3922 gravida
1258 3871 1321 3910 ex
1370 3857 1683 3912 Ahrahamo
1750 3863 1891 3914 facta
1941 3864 2152 3930 peperit

592 3945 926 4011 ipsililiu'm,
957 3958 1115 4012 quem
1158 3943 1438 4000 lsmaelem
1487 3948 1809 4013 nominavit,
1860 3959 1986 4003 nato
2039 3954 2171 4004 tum'

591 4037 900 4088 Abrahamo
929 4050 1102 4090 annos
1165 4021 1437 4105 Octogihta
1471 4052 1586 4090 sex.
1615 4039 1870 4106 Cumque
1914 4042 2023 4106 jam
2056 4058 2153 4093 an-

591 4142 691 4178 nos
721 4126 1012 4193 nonaginta
1048 4141 1240 4179 novem
1283 4128 1572 4194 attingeret
1609 4128 1878 4181 Abraham
1915 4132 2151 4184 circum--

591 4220 740 4272 cisus
770 4227 873 4282 est,
907 4219 1183 4288 liliumque
1213 4235 1370 4273 suum
1409 4219 1711 4281 lsmaelem,
1747 4206 2011 4275 anmirum
2039 4225 2148 4291 jam

591 4310 875 4372 tredecim,
904 4310 1260 4364 circumcidit.
1293 4311 1427 4364 Cum
1466 4322 1643 4364 autem
1676 4300 1842 4379 'plen'e
1880 4313 1989 4381 jam
2031 4331 2154 4368 cen-

593 4402 843 4454 tonarius
870 4412 1013 4454 esset
1042 4402 1339 4466 Abraham,
1379 4405 1583 4470 peperit
1607 4405 1713 4471 ipsi
1747 4422 1880 4458 uxor
1913 4406 2017 4474 72
2050 4409 2152 4460 Sa-

593 4494 688 4546 rah
735 4510 959 4561 puerum
990 4493 1148 4560 quem
1197 4495 1441 4549 lsaacum
1480 4499 1788 4565 appellavit,
1819 4498 1988 4553 Sarah
2035 4510 2147 4554 tum

592 4589 973 4654 nonagenaria.
1015 4588 1080 4640 Et
1120 4587 1479 4643 circumcisus
1519 4599 1603 4644 est
1640 4589 1787 4644 Isaac
1818 4594 1904 4645 die
1929 4609 1957 4646 a
1994 4605 2146 4662 partu

588 4689 803 4731 octavo.
835 4679 1006 4731 Sarah
1047 4690 1228 4731 autem
1265 4697 1388 4734 cum
1414 4681 1522 4749 jam
1555 4682 1798 4736 lsaacum
1832 4668 2150 4752 peperisset,

588 4771 722 4824 dixit
769 4766 1149 4824 Abrahamo’:
1189 4770 1332 4838 Ejice
1383 4787 1414 4826 e
1459 4783 1751 4843 conspectu
1804 4790 1924 4828 meo
1977 4775 2154 4844 llagar

586 4878 707 4915 cum
754 4864 861 4916 lilio
896 4862 1157 4952 lsmaele.‘
1184 4863 1454 4918 Abraham
1501 4882 1634 4936 ergo
1678 4866 1843 4920 lilium
1883 4883 2041 4921 suum
2075 4849 2152 4921 is.

588 4953 812 5008 maciem
840 4955 1033 5022 opibus
1061 4963 1112 5007 et
1140 4956 1340 5009 viatico
1375 4957 1699 5010 instructum
1735 4973 1840 5010 una
1873 4974 1995 5011 cum
2032 4973 2151 5010 ma-

587 5050 672 5099 tre
696 5047 807 5098 'sua
839 5045 1047 5112 expulit
1079 5045 1131 5096 in
1161 5053 1358 5098 terram
1410 5043 1643 5098 Yathreb
1673 5057 1724 5100 et
1751 5047 1954 5100 Yaman
1983 5090 1996 5110 ,
2034 5047 2124 5100 ubi

587 5137 850 5192 habitavit
877 5147 950 5202 et,
975 5154 1142 5192 uxore
1165 5139 1351 5203 ducta,
1370 5139 1505 5192 lilios
1519 5140 1719 5208 gemuit.
1743 5138 1936 5193 Totum
1967 5151 2146 5192 antem

587 5230 726 5297 quod
757 5229 889 5280 vixit
922 5229 1116 5283 Ismacl
1170 5246 1438 5302 annorum
1486 5239 1601 5283 erat
1651 5238 1864 5283 centum
1921 5228 2140 5295 triginta

584 5332 813 5389 septem.
859 5323 1045 5384 Porro,
1085 5332 1326 5391 tempore
1357 5324 1667 5376 Ahrahami
1702 5324 1801 5376 fuit
1835 5324 1886 5375 in
1920 5321 2142 5374 Oriente

590 5426 678 5461 rex
719 5413 936 5463 nomine
967 5411 1162 5478 Cyrus,
1203 5413 1276 5464 illi
1315 5413 1404 5476 qui
1455 5413 1747 5475 Soipaisat,
1783 5411 2058 5466 Claudiam
2093 5419 2146 5462 et

587 5502 796 5557 Al‘lrak
831 5504 1072 5558 condidit
1105 5519 1118 5556 :
1148 5504 1266 5573 ejus
1297 5505 1458 5559 etiam
1494 5506 1685 5560 diebus
1717 5503 1963 5574 regnavit
1999 5503 2145 5556 Cha-

659 5683 683 5728 i.
707 5680 870 5733 uim.
907 5697 1000 5739 vn,
1034 5660 1083 5733 ὁ.
1164 5683 1180 5710 δ
1216 5681 1346 5734 ibid.
1380 5683 1431 5735 6.

2275 3129 2340 3164 uc
2365 3113 2680 3180 colligatum
2708 3120 2764 3164 et
2799 3127 2961 3181 super
2995 3111 3138 3178 ligna
3177 3112 3526 3176 collocatum,
3562 3126 3822 3181 procum-

2258 3182 2622 3256 berefecisset
2647 3210 2704 3256 ut
2744 3203 2916 3272 ipsum
2960 3203 3257 3264 mactaret‘,
3287 3202 3597 3257 inclamavit
3629 3216 3660 3257 e
3702 3216 3819 3256 cm-

2255 3294 2308 3346 lo
2332 3293 2590 3363 angelus:
2628 3291 2775 3348 lleus
2808 3293 3101 3357 Abraham,
3137 3294 3303 3347 tilium
3338 3302 3486 3350 turrim
3507 3291 3820 3369 nejugules:

2259 3385 2574 3454 patientiam
2606 3386 2748 3462 enim
2773 3393 2828 3438 et
2856 3383 3216 3438 obedientiam
3257 3395 3403 3438 tuam
3431 3386 3662 3453 experti,
3697 3384 3826 3436 inti-

2257 3494 2484 3546 mosque
2504 3479 2675 3532 animi
2704 3477 2927 3532 aﬂ‘ectus
2948 3477 3249 3545 explorati,
3280 3477 3477 3544 ipsum,
3509 3478 3584 3530 tui
3612 3474 3822 3530 miserti

2255 3569 2604 3622 redemimus.
2649 3569 2831 3622 Ariete
2889 3583 3018 3635 ergo
3065 3584 3260 3636 magno
3297 3566 3537 3621 Isaacum
3587 3566 3821 3620 redemit

2253 3658 2535 3713 Dominus.
2569 3659 2701 3713 Sara
2755 3669 2970 3722 autem,
3003 3659 3190 3711 audito
3229 3653 3626 3721 Abrabantutn,
3673 3655 3824 3708 Isaa-

2258 3765 2380 3807 cum
2411 3762 2748 3818 assumptum
2781 3751 2837 3802 in
2863 3760 3099 3804 montem
3127 3750 3470 3804 mactandum
3498 3737 3818 3817 abduxisse,
3892 3822 3894 3824 ν

2256 3842 2570 3896 exclamans
2597 3881 2612 3904 ,
2640 3851 2800 3908 atque
2825 3840 3197 3908 ejulans,~prae
3232 3851 3460 3904 summa,
3491 3855 3599 3909 qua
3626 3839 3818 3910 aliecta

2255 3946 2354 4000 est,
2375 3934 2592 3988 tristitia
2615 3934 2800 3994 morbo
2820 3934 2927 4004 76
2947 3943 3218 4002 correpta,
3232 3935 3418 3988 eodem
3436 3940 3838 4016 annomortua'

2255 4037 2356 4091 est,
2398 4043 2518 4081 cum
2566 4041 2741 4080 annos
2790 4034 3010 4080 centum
3069 4026 3256 4093 viginti
3311 4036 3514 4093 septem
3561 4025 3812 4080 vixisset.

2257 4119 2526 4185 Duxitque
2562 4117 2853 4180 Abraham,
2894 4125 3015 4184 post
3054 4125 3278 4168 mortem
3315 4115 3485 4179 Sam,
3520 4117 3803 4170 mulierem
3839 4164 3849 4172 ,

2265 4204 2485 4264 nomine
2521 4207 2784 4271 Keturab,
2811 4206 3027 4260 Bactari
3074 4208 3217 4276 regis
3258 4207 3458 4261 Rabbaa
3484 4209 3668 4273 ﬁliam;
3695 4225 3816 4278 qua:

2261 4305 2357 4372 ipsi
2405 4306 2543 4356 ﬁlios
2578 4303 2762 4372 plures
2789 4304 3015 4370 peperit,
3035 4315 3172 4368 quos
3199 4299 3398 4352 viatico
3425 4301 3722 4355 instructos
3745 4299 3814 4355 ab

2262 4396 2424 4448 Isaaci
2464 4396 2748 4464 praesentia
2793 4394 2990 4459 abegit.
3037 4391 3232 4444 Totum
3268 4391 3640 4459 autemquod
3679 4385 3816 4464 viiit

2261 4487 2555 4548 Abraham,
2595 4486 2717 4536 anui
2751 4492 2877 4537 sunt
2907 4492 3122 4536 centum
3178 4484 3516 4550 septuaginta
3551 4483 3811 4550 quinque.

2257 4575 2427 4629 Porro
2473 4591 2615 4629 anno
2647 4576 2767 4628 \‘ilm
2793 4575 2958 4628 lsaaci
3009 4561 3286 4627 tricesimo
3327 4574 3516 4640 quinto
3565 4582 3815 4628 mortuus

2256 4679 2338 4720 est
2365 4667 2542 4721 Tarab
2568 4681 2748 4721 mense
2796 4665 2931 4725 llul.
2971 4663 3097 4732 (qui
3129 4671 3210 4716 est
3259 4660 3426 4733 Tut,)
3470 4676 3593 4714 cum
3641 4675 3816 4715 annos

2255 4759 2524 4811 ducentos
2547 4764 2598 4809 et
2628 4755 2869 4824 quinque
2903 4753 3150 4812 vixisset.
3185 4762 3237 4805 et
3287 4753 3338 4803 in
3382 4751 3591 4804 liarran
3621 4752 3805 4819 sepul-

2256 4859 2366 4904 tus.
2419 4848 2572 4902 Isaac
2623 4858 2804 4900 antem
2850 4845 3313 4914 quadragenarius
3365 4857 3585 4895 uxorem
3631 4842 3808 4910 duxit,

2253 4940 2340 4993 cui
2371 4954 2563 5016 pqnien
2587 4936 2851 5000 Rebecca,
2879 4936 3044 4988 ﬁliam
3066 4933 3369 4990 Bathuelis.
3403 4931 3498 4986 ﬁlii
3520 4931 3814 4994 Nachoris.

2253 5033 2440 5086 fratris
2469 5031 2787 5085 Abraliami.
2842 5030 2998 5084 Anno
3026 5030 3151 5080 vero
3181 5029 3301 5080 vitae
3337 5025 3503 5079 lsaaci
3538 5026 3815 5096 sexagesi-

2255 5140 2343 5179 mo
2381 5124 2662 5192 gravidata
2696 5119 2832 5175 uxor
2860 5119 3029 5187 ipsius
3062 5116 3322 5185 Rebecca,
3353 5116 3730 5184 angustiisque
3761 5121 3816 5170 et

2255 5219 2442 5272 dolore
2471 5231 2657 5284 pressa
2695 5230 2816 5267 cum
2849 5211 3335 5265 Melchisedechum
3391 5208 3813 5273 adiisset,com-

2257 5318 2510 5379 precatus
2535 5307 2659 5375 ipsi,
2687 5305 2822 5359 dixit
2847 5305 2970 5358 illc:
3003 5303 3116 5355 Duo
3165 5308 3291 5355 sunt
3324 5300 3376 5352 in
3409 5308 3564 5353 utero
3590 5308 3684 5351 tuo
3714 5313 3811 5365 po-

2256 5404 2390 5472 puli,
2435 5403 2678 5470 duasque
2705 5401 2943 5468 paritura
2969 5413 3027 5452 es
3062 5399 3257 5455 tribus.
3313 5394 3481 5463 major
3505 5403 3683 5448 autem
3706 5393 3812 5445 mi-

2256 5496 2377 5552 nori
2424 5495 2765 5565 subjicietur.
2803 5493 3014 5563 Peperit
3056 5506 3182 5561 ergo
3230 5487 3473 5543 Rebecca
3515 5500 3625 5541 uno
3656 5492 3812 5554 partu
