4138 6520
341 344 445 403 925

1757 348 2116 409 ΛΝΝΜιΕὲ.

3439 356 3545 420 996

344 459 628 526 gemellos;
664 472 889 524 quorum
926 456 1153 524 primum
1178 456 1461 524 appellavit
1492 455 1635 509 isaae
1670 454 1886 521 Esanm;
1920 463 1962 519 Α
1991 461 2096 529 33
2145 460 2297 515 Mane
2320 477 2447 530 ergo
2494 462 2633 517 dixit
2656 461 2825 517 Jacob
2850 462 3113 519 avunculo
3151 482 3249 519 suo
3281 487 3284 491 ’
3328 468 3545 535 Septem

338 548 663 609 secumlum,
692 545 973 608 Jacobum,
993 545 1078 595 cui
1114 545 1234 625 ideo
1259 544 1443 597 Jacobi
1480 560 1673 597 nomen
1699 546 1890 601 indidit

341 638 486 705 quod
517 654 637 692 cum
666 656 727 690 ex
772 646 923 689 utero
978 646 1215 690 materno
1248 638 1505 706 prodiret,
1531 653 1689 690 manu
1728 636 1888 689 Esaui

336 727 652 779 cal'ca‘neum
711 732 928 777 teneret.
989 724 1154 776 Porro
1207 724 1354 779 isaac
1410 726 1603 779 Esaum
1668 726 1889 790 amavit,

336 818 585 871 Rebecca
628 830 754 869 vero
787 814 1069 869 Jacobum.
1118 817 1237 869 Fuit
1296 827 1471 871 autem
1522 818 1676 871 Esau'
1713 819 1892 871 hirsu«

334 923 446 977 tus,
476 910 707 979 pilosus,
766 908 1073 964 subolidu's.
1102 910 1283 962 [Etate
1314 925 1439 962 vero
1463 912 1569 979 jam
1600 921 1889 986 provectus

332 1003 483 1057 Isaac
518 1003 626 1054 tilio
684 1017 782 1055 suo
835 1002 1013 1057 Esauo
1063 1005 1324 1057 accersito
1357 1003 1525 1056 dixit:
1573 1004 1753 1056 Armis
1781 1004 1887 1057 tuis

331 1096 662 1160 assumptis,
707 1094 763 1146 in
795 1110 1042 1163 campum
1068 1110 1386 1164 progressus
1423 1095 1667 1165 77-79
1698 1109 1893 1149 venare

330 1185 463 1236 mihi
490 1187 725 1251 praedam
763 1202 791 1239 e
817 1201 921 1255 qua
953 1187 1131 1239 cibum
1168 1187 1296 1238 mihi
1324 1202 1482 1254 pares
1514 1200 1672 1253 quem
1700 1200 1889 1241 come-

328 1276 488 1333 dens.
524 1277 622 1329 tibi
655 1285 935 1346 antequam
966 1280 1166 1330 moriar
1212 1276 1552 1329 benedicam.
1582 1275 1731 1338 Quod
1763 1291 1885 1328 cum

329 1366 631 1421 audivisset
675 1367 942 1430 Rebecca,
988 1376 1264 1435 acceptum
1294 1367 1554 1446 Jacobnm
1590 1366 1751 1418 Esaui
1800 1383 1889 1419 ve-

326 1461 509 1515 stibus
537 1460 1021 1530 induit,‘ha‘,dique
1060 1462 1193 1530 pelle
1222 1462 1486 1528 prehensa
1539 1469 1741 1526 partem
1775 1461 1893 1525 ejus

330 1556 567 1619 pectori,
609 1545 879 1614 humeris,
914 1563 967 1605 et
1002 1523 1237 1605 braribiis
1264 1553 1436 1619 ipsius
1469 1552 1896 1619 superimposuit

324 1657 633 1715 parathue
662 1646 785 1699 cibo
811 1645 945 1698 dixit
972 1645 1105 1712 ipsi:
1134 1647 1205 1697 Ad
1235 1652 1438 1713 patrem
1472 1655 1618 1697 tuum
1646 1644 1888 1698 lsaacum

1996 568 2165 605 annos
2192 552 2282 604 tibi
2309 556 2471 607 sevivi
2490 565 2541 607 ut
2568 556 2697 608 milii
2726 555 3010 609 Rachelcm
3033 557 3084 608 in
3113 574 3326 611 uxorem
3354 562 3542 621 dares;

1994 642 2263 707 quomodo
2287 658 2411 710 ergo
2442 646 2504 695 ad
2536 660 2619 697 me
2660 630 2900 699 sororem
2958 646 3074 709 ejus
3110 645 3267 698 Leam
3300 650 3547 700 intromi—

1999 732 2158 786 sisti?
2194 729 2487 799 Respondit
2515 736 2601 788 illi
2622 733 2838 790 Laban:
2894 735 2946 787 Si
2979 732 3105 787 mibi
3138 753 3307 789 annos
3342 749 3543 806 septem

1969 820 2131 893 alios
2166 821 2535 884 inserviveris,
2576 825 2735 876 etiam
2766 825 3055 878 Racbclem
3084 828 3175 878 tibi
3214 826 3373 879 dabo.
3422 827 3548 890 Sep-

1994 922 2101 964 tem
2124 927 2252 979 ergo
2283 927 2454 966 annos
2486 915 2624 969 alios
2656 932 2778 967 cnm
2808 917 2901 982 ipsi
2933 919 3234 979 serviissct,
3259 919 3545 970 Rachelem

1996 1005 2094 1073 ipsi
2136 1020 2355 1057 uxorem
2398 1005 2566 1067 dedit,
2594 1014 2749 1074 atque
2781 1008 2849 1058 ita
2885 1008 3017 1078 duas
3054 1010 3206 1062 duxit
3238 1024 3471 1062 sorores.

2066 1098 2276 1166 Peperit
2310 1107 2487 1161 autem
2519 1095 2622 1151 Lca
2650 1099 2870 1159 Jacobo,
2896 1098 3190 1163 llubeuem,
3214 1101 3544 1162 Simeonem,

1997 1191 2200 1255 chim,
2234 1191 2450 1254 Judam,
2480 1194 2846 1256 issacliarum,
2885 1193 3235 1253 Zabulonetn,
3262 1210 3381 1247 cum
3406 1209 3546 1245 non-

1993 1283 2118 1335 dttm
2154 1283 2699 1350 peperissetRachcl.
2749 1282 2889 1335 Dixit
2918 1298 3044 1351 ergo
3078 1281 3272 1335 Rachel
3312 1279 3543 1337 Jacobo:

1996 1374 2243 1439 Accipias
2274 1375 2519 1427 ancillam
2555 1390 2727 1428 meam
2762 1377 2993 1437 Bilbam,
3037 1385 3115 1439 ut,
3144 1377 3232 1429 illa
3258 1391 3320 1427 ex
3351 1384 3399 1429 te
3429 1389 3548 1443 gra-

1999 1463 2117 1513 vida
2160 1462 2328 1526 facta,
2365 1466 2433 1517 sit
2463 1466 2591 1517 mihi
2628 1466 2823 1533 proles.
2855 1466 3067 1535 Peperit
3104 1466 3264 1535 igitur
3290 1466 3416 1517 llilla
3442 1464 3547 1517 Ra-

1998 1556 2170 1610 clielis
2211 1556 2407 1610 ancilla
2452 1556 2652 1610 Jacobo
2694 1574 2889 1625 pueros
2941 1560 3098 1623 duos,
3140 1558 3250 1611 Dan
3284 1564 3335 1611 et
3366 1556 3546 1623 Naph-

2000 1647 2170 1710 talim;
2209 1657 2317 1697 tum
2348 1646 2486 1699 dixit
2514 1646 2616 1701 bea
2642 1647 2864 1702 Jacobo:
2897 1650 3038 1716 Cape
3073 1650 3234 1701 etiam
3289 1646 3545 1700 ancillam

324 1738 617 1806 ingressus
660 1737 841 1789 dicas:
891 1736 996 1804 Ego
1043 1751 1161 1790 sum
1212 1735 1353 1789 Esau
1404 1733 1546 1789 filius
1586 1744 1733 1801 tuus,
1785 1751 1892 1805 quo
1921 1777 1967 1835 Β
1996 1751 2166 1789 meam
2196 1734 2371 1800 utilia
2404 1752 2469 1789 ex
2526 1747 2576 1791 te
2600 1738 2937 1807 concipiente
2970 1740 3077 1793 sint
3110 1739 3241 1790 mihi
3280 1738 3419 1790 ultra
3453 1752 3547 1789 na-

324 1829 420 1881 tibi
461 1838 594 1882 ante
630 1838 854 1880 mortem
893 1842 1045 1883 suam
1077 1828 1382 1879 benedicat.

394 1920 647 1987 Ingresso
673 1915 799 1989 c'rgo
833 1922 895 1975 az!
922 1920 1160 1972 lsaacum
1183 1918 1407 1982 Jacobo,
1431 1920 1566 1971 dixit
1595 1919 1695 1985 ipsi
1719 1919 1889 1972 Isaac:

323 2012 575 2066 Accedas
604 2012 668 2065 ad
706 2028 813 2063 me.
848 2010 1313 2077 Accedentémque
1340 2025 1459 2063 cum
1500 2020 1891 2065 contrectasset

324 2105 499 2157 dixit:
553 2104 744 2156 Sermo
780 2112 924 2155 certe
958 2100 1144 2154 Jacobi
1182 2116 1360 2155 sermo
1394 2111 1498 2164 est,
1532 2114 1583 2154 at
1612 2114 1889 2156 contuens

324 2193 491 2248 Esaui
524 2202 826 2247 contactus.
851 2191 1149 2246 Comctlens
1172 2172 1302 2259 ergo
1329 2190 1475 2245 Isaac
1504 2188 1706 2245 Jacobo
1730 2194 1893 2248 ben"-

323 2286 485 2348 dixit,
506 2299 741 2351 eumque
780 2283 932 2336 fratri
969 2298 1068 2337 suo
1101 2284 1397 2352 principem
1427 2284 1729 2338 constituit.
1751 2282 1887 2336 Tum

323 2392 584 2432 reversus
616 2375 756 2427 Esau
795 2378 1053 2429 avenatu
1091 2376 1297 2443 paravit
1332 2376 1492 2429 etiam
1520 2376 1698 2429 cilmm
1729 2392 1887 2445 quem

325 2468 491 2536 patri'
518 2482 619 2521 suo
658 2468 843 2521 lsaaco
887 2466 1105 2520 obtulit.
1151 2462 1251 2520 Cui
1311 2466 1447 2519 dixit
1490 2474 1641 2535 pater
1676 2467 1887 2535 ipsius:

324 2557 463 2623 Quis
515 2544 598 2611 est
644 2573 736 2625 qui
785 2568 835 2611 te
867 2556 1121 2628 praevenit
1170 2564 1229 2610 ut
1274 2556 1702 2611 benedictionem
1750 2557 1890 2609 acci—

324 2650 516 2718 peret?
543 2648 702 2704 Fleus
723 2664 851 2716 ergo
878 2648 1053 2704 Esau:
1085 2648 1128 2703 Ο
1148 2649 1215 2701 mi
1250 2659 1420 2716 pater,
1446 2703 1449 2713 ,
1471 2648 1663 2715 inquit,
1710 2662 1888 2700 annon

323 2749 409 2795 est
435 2740 535 2794 tibi
574 2748 768 2809 praeter
798 2754 958 2793 unam
994 2737 1465 2792 benedictionem?
1516 2736 1657 2803 Dixit
1702 2736 1886 2790 Isaac:

326 2824 462 2885 Eum
488 2831 587 2884 tibi
614 2831 908 2901 principem
942 2829 1244 2896 constituiL
1275 2839 1327 2883 et
1357 2829 1486 2895 quid
1520 2829 1615 2881 tibi
1657 2828 1891 2882 faciam?

324 2922 644 2977 Accedente
690 2930 872 2975 autem
916 2921 1122 2983 Esauo,
1159 2920 1434 2973 benedixit
1473 2920 1574 2989 ipsi
1626 2919 1799 2984 lsaac,
1835 2924 1889 2973 at

321 3007 589 3069 Jacbbum
617 3014 717 3081 ipsi
770 3013 1064 3081 principem
1110 3013 1425 3076 constituit;
1481 3007 1650 3082 quare
1708 3001 1890 3065 animo

1996 1835 2079 1877 tos
2114 1842 2262 1880 meos
2290 1828 2425 1889 tiati,
2471 1825 2687 1896 Peperit
2732 1845 2860 1897 ergo
2909 1830 3069 1882 etiam
3118 1827 3305 1895 Zilpha
3353 1828 3548 1880 ancilia

1995 1916 2115 1971 Lcae
2148 1917 2284 1971 duos
2306 1915 2506 1971 Jacobo
2532 1919 2689 1979 illius.
2722 1918 2835 1972 Gad
2858 1927 2911 1973 et
2938 1918 3134 1974 Asber.
3158 1918 3403 1971 Posthmc
3432 1931 3553 1985 gra-

1995 2009 2170 2060 vidata
2220 2006 2416 2061 Rachel
2467 2012 2674 2076 peperit
2722 2008 3015 2077 Josepbum
3059 2020 3110 2063 et
3155 2009 3548 2077 Benjaminum,

1996 2097 2238 2163 Suntque
2262 2099 2349 2152 isti
2374 2100 2653 2153 duodecim
2673 2100 2853 2153 Jacobi
2874 2100 2987 2163 lilii,
3016 2115 3045 2152 e
3067 2096 3262 2168 quibus
3304 2100 3407 2151 orti
3429 2108 3553 2152 sunt

1958 2192 1959 2195 “
1994 2204 2182 2243 omnes
2210 2188 2299 2242 lilii
2327 2186 2560 2245 lsraelis.
2590 2190 2723 2243 Tum
2765 2206 3013 2244 reversus
3045 2198 3126 2243 est
3159 2188 3326 2243 Jacob
3363 2189 3418 2243 in
3446 2197 3553 2242 ter-

1995 2298 2103 2335 ram
2120 2283 2405 2347 Chanaan;
2424 2282 2672 2350 Israelem
2702 2295 2873 2336 autem
2896 2284 3065 2351 ipsum
3081 2283 3365 2353 appellavit
3390 2282 3550 2334 Dens.

1995 2376 2148 2427 Anno
2168 2375 2351 2429 Jacobi
2383 2376 2715 2443 octogesimo
2735 2380 2960 2443 septimo
2986 2377 3188 2443 peperit
3214 2376 3316 2429 Lea
3342 2375 3548 2437 Levitn,

1984 2450 2210 2519 {tertium
2273 2466 2444 2532 ipsius
2486 2466 2676 2520 filium.
2730 2466 2901 2521 Porro
2952 2469 3283 2537 descriptum
3310 2477 3391 2521 cst
3421 2476 3554 2520 tem-

1993 2573 2093 2625 pus
2126 2559 2234 2611 nati
2267 2556 2390 2609 Levi
2432 2572 2543 2625 pra:
2596 2562 2805 2612 caeteris
2858 2559 3144 2623 fratribus,
3196 2576 3259 2613 eo
3304 2559 3446 2628 quod
3486 2574 3555 2615 ex

1995 2646 2168 2713 ipsius
2207 2647 2373 2713 stirpe
2421 2648 2584 2702 fuerit
2634 2650 2829 2703 Moses.
2879 2648 3208 2706 Prosecutus
3260 2660 3342 2705 cst
3371 2658 3552 2703 autem

1992 2738 2157 2797 Jacob
2210 2740 2505 2808 Josepbum
2563 2755 2745 2795 amore
2797 2740 3123 2805 vehementi,
3169 2741 3281 2812 84.
3318 2754 3551 2809 eumque

1995 2830 2253 2885 fratribus
2294 2832 2406 2887 suis
2437 2832 2694 2900 prcctnlit,
2749 2834 2891 2887 unde
2933 2833 3008 2885 illi
3041 2832 3254 2899 invidia-
3279 2834 3331 2886 in
3364 2835 3543 2901 ipsum

1992 2924 2247 2991 commoti
2285 2924 2348 2976 de
2382 2924 2745 2992 lpsoemedio
2779 2925 3013 2979 tollendo
3056 2926 3383 2993 cogitarunt.
3411 2926 3547 2977 Dum

1996 3016 2159 3083 igitur
2194 3016 2292 3085 ipsi
2334 3011 2463 3070 o‘vcs
2496 3032 2623 3071 suas
2661 3022 2717 3071 et
2772 3018 3008 3073 camelos
3044 3027 3350 3087 pascerent,
3416 3018 3543 3071 ecc’e

325 3105 523 3159 statuit
568 3103 708 3157 Esau
747 3101 1013 3155 Jacobum
1045 3101 1367 3157 interficere.
1398 3102 1620 3171 Aufugit
1650 3116 1776 3171 ergo
1803 3098 1885 3156 Ja-
1917 3107 1959 3163 C
1997 3105 2209 3159 transiit
2262 3104 2415 3173 juxta
2463 3105 2609 3172 ipsos
2665 3118 3028 3160 mercatorum
3076 3105 3549 3176 Madayenitarum

325 3196 500 3251 cobus
529 3212 557 3249 a
591 3195 753 3249 fratre
780 3210 881 3249 suo
901 3194 1077 3250 Esauo
1106 3195 1434 3261 Harranum,
1468 3196 1531 3249 ad
1564 3194 1888 3247 avunculum

327 3304 485 3343 suum
516 3286 819 3342 Labanum.
848 3285 1025 3341 Porro
1054 3277 1295 3355 tempore
1323 3283 1486 3338 lsaaci
1508 3326 1522 3349 ,
1564 3286 1777 3337 condita
1813 3292 1893 3338 est

327 3378 576 3441 Jericbo,
612 3377 1021 3433 exstruentibus
1052 3378 1224 3444 ipsam
1267 3384 1470 3443 septem
1510 3374 1729 3442 regibus
1756 3388 1893 3441 quo-

328 3488 449 3527 rttm
478 3470 849 3539 unusquisque
889 3469 999 3539 80
1026 3482 1247 3521 murum
1279 3466 1355 3520 illi
1398 3467 1708 3529 exstruxit.
1739 3449 1892 3518 A‘nno

329 3572 511 3619 autem
542 3560 858 3629 vitaelsaaci
885 3560 1285 3629 septuagesimo
1322 3559 1512 3625 quinto
1544 3563 1788 3609 mortuus
1810 3562 1893 3609 est

327 3657 601 3710 Abraham
621 3636 805 3706 mense
836 3650 999 3703 Nisau
1026 3648 1235 3718 (quiest
1254 3636 1584 3711 Barinudah)
1612 3642 1689 3715 [at
1716 3643 1894 3698 in‘alio

328 3745 627 3817 exemplari
658 3732 871 3812 legitur,
932 3756 1115 3798 mense
1164 3740 1350 3800 Adar,
1410 3739 1502 3817 qui
1546 3748 1631 3790 est
1675 3736 1903 3795 Borma-l

330 3836 458 3908 hat]
495 3826 618 3890 cum
660 3822 900 3888 vixisset-
922 3820 1342 3886 annos‘centu'm
1370 3813 1712 3897 sept‘uaginta
1735 3827 1895 3896 quin-

332 3944 459 4005 que.
509 3930 667 3983 Anno
704 3926 830 3979 vitae
881 3923 1046 3979 lsaaci
1093 3921 1391 3977 centesimo
1439 3920 1701 3975 vicesimo
1736 3919 1894 3972 tertio

334 4031 583 4087 mortuus
616 4028 703 4073 est
724 4017 938 4082 lsmael,
960 4031 1156 4071 mense
1186 4015 1351 4075 Nisan
1393 4014 1526 4081 (qui
1556 4019 1641 4065 εει
1668 4011 1895 4062 Barmu-

318 4113 471 4185 ,dah)
517 4128 640 4167 cum
689 4112 914 4165 vixisset
952 4124 1125 4163 annos
1165 4112 1379 4161 centum
1422 4105 1632 4174 triginta
1662 4111 1893 4171 septem.

336 4197 531 4260 Totum
559 4208 746 4257 autem
763 4203 923 4271 quod
950 4203 1085 4255 vixit
1112 4201 1261 4253 Isaac
1290 4197 1417 4251 anni
1445 4203 1571 4251 sunt
1604 4204 1817 4248 centum
1842 4197 1897 4245 et

335 4297 631 4366 octoginta.
702 4295 843 4351 Esau
883 4292 1055 4347 annos
1124 4301 1283 4346 natus
1346 4287 1702 4359 quadraginta
1762 4298 1896 4338 uxo-

336 4404 448 4443 rem
498 4375 650 4443 duxit
692 4403 722 4441 e
759 4386 1175 4464 filiabuspatrni
1226 4384 1309 4439 sui
1353 4382 1619 4442 Ismaelis,
1677 4378 1897 4433 nomine

1995 3196 2118 3265 (qui
2174 3194 2452 3251 lsmaelitae
2502 3209 2649 3262 sunt,
2677 3206 2731 3251 et
2768 3197 3051 3267 Arabes),
3080 3213 3311 3267 quorum
3348 3211 3553 3250 merces

1994 3295 2147 3340 crant
2170 3303 2335 3342 nnccs
2363 3288 2553 3357 pinem,
2576 3288 2973 3352 terebinthinae,
3000 3298 3052 3341 et
3081 3289 3280 3349 oleum,
3307 3288 3357 3340 in
3387 3284 3553 3356 Egy-

1995 3389 2144 3449 ptum
2179 3379 2513 3433 tendentium
2548 3390 2793 3443 caterva,
2831 3382 3028 3448 quibus
3058 3380 3382 3449 prehensum
3398 3377 3553 3433 Josc-

1996 3473 2158 3540 pbum
2191 3470 2559 3525 vendiderunt
2609 3469 2805 3524 fratres
2856 3470 3026 3539 ipsius
3056 3470 3245 3537 viginti
3292 3468 3550 3530 nummis,

1996 3578 2168 3615 annos
2214 3568 2398 3615 natum
2440 3561 2848 3630 septemdecim.
2870 3559 3004 3613 Tum
3066 3568 3285 3628 accepto
3329 3555 3552 3625 Joseplti

1996 3654 2212 3708 indusio
2240 3652 2577 3721 manicisque
2618 3655 2741 3724 ejus
2804 3651 3065 3721 sanguine
3093 3650 3357 3721 impletis,
3399 3649 3554 3702 dixe-

1997 3742 2392 3800 runtJacobo:
2441 3741 3025 3811 DevoravitJosepbum
3043 3742 3224 3810 lupus.
3260 3738 3554 3810 Joscphum

1998 3844 2174 3889 autem
2204 3827 2256 3887 in
2288 3830 2581 3906 [Egyptum
2626 3842 2660 3889 a‘
2705 3835 3098 3890 mercatoribus
3148 3834 3438 3887 abductum
3488 3834 3555 3886 ab

1999 3926 2104 3981 illis
2145 3926 2276 3979 emit
2306 3926 2608 3980 Pharaonis
2655 3938 2886 3988 servus,
2939 3925 3233 3980 satellitum
3277 3926 3555 3995 princeps:

1996 4017 2153 4087 cujus
2182 4022 2321 4071 uxor
2345 4032 2466 4072 cum
2496 4018 2643 4071 illum
2678 4016 2967 4086 deperiret,
2994 4020 3060 4073 ab
3094 4032 3154 4072 ea
3193 4016 3251 4071 se
3285 4016 3554 4080 cohibuit;

1998 4124 2166 4179 quare
2192 4109 2281 4163 illa
2309 4108 2375 4164 de
2404 4110 2520 4178 ipso
2540 4110 2675 4177 apud
2702 4111 2955 4164 maritum
2990 4124 3147 4164 suum
3177 4100 3398 4163 mentifa
3430 4094 3567 4161 cum.

2008 4202 2243 4256 diceret:
2278 4199 2421 4254 Puer
2445 4202 2546 4254 iste
2584 4200 2839 4255 llebrtcus
2870 4216 2960 4253 me
2993 4202 3165 4270 petiit,
3196 4200 3428 4269 conjecit
3469 4200 3557 4253 ille

2000 4294 2174 4363 ipsum
2213 4294 2267 4345 in
2304 4307 2598 4347 carcerem.
2646 4297 2802 4346 Anno
2843 4284 3029 4347 Jacobi
3072 4293 3374 4345 centesimo
3412 4291 3556 4345 vice-

2002 4384 2145 4438 simo
2194 4383 2326 4436 obiit
2369 4383 2519 4435 Isaac
2568 4397 2754 4435 mense
2785 4382 2948 4460 Aiyar
2986 4381 3112 4451 (qui
3163 4393 3243 4436 est
3277 4382 3556 4449 Basbnes)

336 4481 599 4547 Nabalat,
638 4496 757 4547 quae
794 4480 930 4533 filios
964 4478 1064 4548 ipsi
1098 4478 1442 4546 quamplures
1466 4475 1691 4544 peperit.
1730 4470 1891 4526 Duxit
1928 4469 1970 4524 D
2001 4491 2122 4528 cum
2160 4490 2331 4527 annos
2354 4482 2571 4526 centum
2605 4481 2656 4527 et
2690 4473 2963 4541 octoginta
2998 4471 3243 4526 vixisset.
3279 4474 3435 4526 Anno
3462 4488 3560 4525 an-

336 4577 497 4630 etiam
552 4591 582 4628 e
644 4573 856 4643 filiabus
912 4571 1132 4626 Canaan
1186 4570 1439 4623 feminam
1493 4567 1712 4621 nomine
1759 4564 1893 4628 Atla,

338 4652 499 4721 filiam
545 4667 678 4721 Elon
715 4663 930 4723 iiittmi:
983 4678 1083 4719 nec
1120 4679 1223 4717 non
1265 4680 1293 4715 e
1334 4661 1545 4713 filiabus
1581 4657 1894 4711 Graecorum

338 4764 480 4816 unde
512 4761 586 4815 illi
619 4761 759 4812 inter
785 4759 934 4827 ipsos
961 4757 1269 4825 progenies.
1302 4753 1591 4820 Progenies
1620 4762 1799 4803 autem
1814 4754 1897 4802 est

342 4853 416 4909 illi
443 4853 887 4920 cbpiosiorquam
923 4860 978 4903 ut
1002 4848 1272 4911 numerari
1308 4846 1497 4915 possit.
1536 4829 1734 4898 Suntne
1760 4840 1895 4895 stir-

344 4962 405 5015 pe
431 4946 551 5015 ejus
590 4943 901 4997 Amalekitae
931 4954 984 4996 et
1020 4940 1217 4993 Korazi.
1270 4937 1577 5005 'Totuinque
1618 4933 1763 5003 quod
1810 4932 1892 4985 vi-

344 5038 580 5093 xit.Esau
602 5051 867 5091 annorum
897 5036 1248 5090 eratcentu'm
1272 5030 1461 5099 viginti
1492 5044 1706 5083 novem.
1730 5025 1896 5080 Jacoh

282 5180 290 5189 ,
342 5144 468 5183 vero
516 5128 581 5182 ad
610 5127 937 5180 avunculum
980 5139 1137 5177 suum
1164 5122 1345 5175 Laban
1374 5120 1673 5174 i‘larranum
1704 5132 1897 5187 perve-

346 5222 462 5285 nit,
491 5222 578 5275 cui
614 5202 760 5273 binae
788 5226 942 5272 erant
992 5216 1391 5284 filice,,quaruin
1425 5220 1550 5264 natu
1578 5210 1768 5279 majori
1798 5224 1897 5261 no-

346 5312 767 5379 nienjfuitLeah
802 5308 1194 5379 (eaqueoculis
1223 5304 1420 5373 lippa),
1444 5304 1636 5357 minori
1674 5300 1894 5353 Rachel.

346 5404 555 5457 Amavit
590 5408 773 5455 autem
794 5400 961 5453 Jacob
980 5398 1291 5458 Ruchclcm,
1323 5410 1550 5461 eamque
1570 5394 1639 5447 ab
1660 5406 1898 5444 avuncu-

350 5495 397 5549 lo
426 5512 524 5551 suo
556 5495 610 5547 in
644 5508 867 5547 uxorem
904 5490 1081 5560 petiit;
1134 5490 1218 5543 cui
1257 5488 1472 5541 illcz'Si
1510 5486 1663 5545 mihi.
1697 5485 1893 5551 inquit,

349 5600 544 5654 septem
589 5602 760 5639 annos
790 5585 1163 5648 inserviveris,
1206 5581 1502 5636 Rachelem
1538 5581 1629 5632 tibi
1654 5594 1893 5645 ,uxorem

350 5675 504 5740 dabo;
530 5685 584 5729 at
609 5690 729 5730 cum
754 5685 956 5743 septem
991 5688 1162 5727 annos
1194 5673 1293 5742 ipsi
1328 5671 1607 5726 scrviissct
1637 5676 1795 5721 noctu
1827 5668 1893 5720 ad

351 5766 521 5840 ipsum
576 5764 763 5833 Lcam,
810 5765 1060 5822 llacbclis
1100 5781 1340 5821 sororem
1390 5760 1710 5817 introduxit.
1757 5760 1895 5828 81-

2002 4575 2106 4620 tem
2146 4567 2267 4618 vita:
2305 4564 2488 4619 Jacobi
2517 4565 2812 4617 centesimo
2842 4562 3098 4617 vicesimo
3131 4579 3276 4617 nono
3307 4574 3555 4616 mortuus

2002 4667 2085 4710 cst
2126 4656 2291 4721 Esau,
2334 4671 2519 4710 mense
2549 4656 2765 4711 Tishrin
2808 4656 2985 4724 primo
3038 4630 3168 4724 («iui
3213 4668 3268 4710 et
3319 4656 3555 4719 Babab),

2000 4760 2170 4800 annos
2196 4754 2351 4800 natus
2374 4758 2583 4801 centum
2616 4746 2799 4816 viginti
2822 4764 3037 4802 novem.
3086 4747 3255 4813 Porro
3287 4748 3337 4800 in
3368 4762 3556 4800 carceo

2000 4854 2110 4892 rem
2144 4854 2249 4893 una
2276 4854 2408 4893 cum
2430 4831 2686 4907 Josepho,
2714 4840 2948 4909 conjecit
2984 4836 3234 4893 Pbaraoh
3288 4840 3555 4907 pistorum

1998 4941 2048 4987 et
2083 4933 2459 5000 pocillatorum
2496 4932 2794 5001 principes,
2830 4934 2921 4992 ubi
2954 4932 3337 4987 dormientium
3385 4945 3555 4993 more,

1999 5024 2131 5079 vidit
2160 5025 2302 5093 quia
2332 5024 2541 5093 poculis
2574 5033 2691 5078 erat
2728 5041 2785 5079 se
2807 5026 2963 5093 quasi
2998 5026 3248 5079 manibus
3280 5032 3556 5077 tenentem

2000 5131 2219 5172 nvarnm
2248 5131 2545 5179 racemum,
2568 5132 2597 5170 e
2621 5106 2849 5186 (“1635
2879 5110 2986 5185 87
3011 5131 3231 5169 succum
3250 5131 3367 5183 exp:
3385 5116 3555 5167 iniens

2000 5206 2265 5265 Pharaoni
2307 5210 2595 5263 bibendum
2644 5210 2922 5277 praeberet;
2979 5209 3064 5261 cui
3122 5205 3422 5275 Joscphus:
3477 5204 3555 5256 Ita

2000 5302 2247 5370 (inquit)
2280 5303 2382 5355 erit
2414 5302 2559 5355 sient
2592 5299 2794 5362 vidisti;
2826 5299 2922 5351 mei
2971 5310 3150 5351 autem
3193 5298 3330 5363 apud
3380 5296 3555 5349 domin

2001 5410 2123 5445 num
2163 5404 2311 5447 tuum
2342 5390 3010 5465 memoriamfacias.\’itlit
3038 5392 3193 5443 etiam
3226 5388 3395 5456 pistor
3419 5402 3554 5453 qua-

1997 5488 2041 5539 si
2062 5486 2353 5539 canistrnm
2390 5486 2540 5553 panis
2560 5498 2723 5553 super
2746 5482 2923 5551 capite
2955 5495 3073 5543 SttO,
3109 5494 3138 5533 e
3173 5494 3280 5547 quo
3304 5477 3555 5532 comede-

2002 5586 2123 5631 rent
2151 5578 2443 5631 volucres:
2479 5576 2565 5630 cui
2594 5575 2896 5645 Joscphus:
2930 5572 3110 5637 Cruci,
3150 5570 3344 5638 inquit,
3379 5568 3554 5632 allige-

2000 5672 2096 5733 ris,
2133 5656 2526 5738 comedentque
2558 5683 2774 5724 carnem
2810 5675 2958 5721 tuam
2996 5664 3281 5719 volucres:
3314 5660 3456 5727 quo-l
3500 5665 3550 5707 rt

2002 5763 2198 5817 factum
2240 5770 2342 5815 cst.
