4038 6456
591 308 690 369 927

1605 318 1974 383 EUTYLHll
2016 325 2319 389 ALEXAN
2335 331 2548 392 DRiNl
2597 333 2815 396 PATR.

3695 348 3792 410 9‘28

681 418 877 472 Deinde
907 435 1027 474 eum
1063 422 1284 480 vidisset
1317 425 1476 480 etiam
1510 428 1756 487 Pliaraoh
1795 435 2144 503 insomnium,
2183 443 2220 498 Α
2255 448 2429 500 dixit:
2471 445 2525 500 Si
2553 463 2771 510 veraces
2786 447 3023 507 sitis'ncc
3043 451 3433 516 exploratores,
3464 452 3652 507 relicto
3671 458 3802 521 apud

587 511 724 588 dixit
769 511 843 564 illi
879 513 969 581 qni
1019 529 1048 574 a
1101 518 1311 584 poculis
1358 519 1456 589 ipsi
1487 537 1626 590 erat,
1673 540 1796 581 esse
1844 529 1898 582 in
1933 529 2152 586 carc‘ere

590 617 817 668 puerum
855 605 1136 662 liebrteum
1171 609 1263 679 qui
1295 613 1507 668 somnia
1556 605 2029 688 interpretaretur;
2055 625 2147 692 cui

587 709 721 763 ergo
749 695 944 751 adduci
969 698 1126 768 jusso
1152 697 1286 755 dixit
1318 701 1595 779 Pharaoh,
1625 708 1828 770 vidisse
1850 726 1910 766 se
1941 724 2146 782 septem

584 799 781 840 vaccas
805 829 818 851 ,
853 789 1079 858 pingues
1112 795 1310 873 emari
1345 797 1692 868 prodeuntes,
1721 809 1774 856 et
1809 813 1930 872 post
1954 819 2046 859 eas
2067 821 2152 862 se-

589 886 732 946 ptem
751 880 1211 954 macilentas,qum
1230 887 1455 956 pingues
1477 890 1830 949 devorarent:
1855 906 1966 951 tum
1986 899 2148 953 etiam

588 969 790 1023 vidisse
821 985 881 1026 se
909 982 1115 1042 septem
1148 978 1326 1044 spicas
1351 994 1564 1036 crassas
1593 998 1623 1038 e
1655 995 1793 1039 terra
1820 989 2149 1056 prodeuntes

587 1059 785 1115 deinde
821 1073 1027 1133 septem
1058 1067 1312 1136 graciles,
1345 1070 1544 1135 aridas,
1597 1089 1717 1142 quas
1765 1091 1980 1134 crassas
2028 1081 2149 1136 illas

588 1151 952 1220 deglutirent;
987 1157 1126 1211 dixit
1162 1173 1291 1229 ergo
1335 1161 1412 1216 illi
1447 1160 1677 1234 Jeseph:
1719 1165 1909 1224 Futuri
1940 1184 2067 1226 sunt
2092 1173 2147 1228 in

587 1257 752 1311 regno
781 1253 871 1299 tuo
898 1255 1103 1316 septem
1139 1252 1264 1305 anni
1291 1252 1499 1311 feraces
1521 1294 1537 1320 ,
1563 1257 1758 1314 deinde
1777 1269 1904 1330 post
1922 1278 2016 1320 eos
2057 1279 2147 1321 se-

583 1344 727 1402 ptem
780 1338 908 1390 anni
963 1341 1163 1407 quibus
1190 1344 1292 1396 erit
1327 1359 1555 1402 annonae
1603 1351 1830 1419 penuria
1886 1365 1941 1407 et
1980 1353 2148 1414 fames

585 1425 841 1516 insignis.
873 1429 1008 1482 Tum
1042 1431 1298 1501 imposuit
1334 1435 1580 1508 Pbaraon
1612 1437 1852 1513 Jo‘sepbo
1883 1436 2032 1516 regni
2061 1450 2147 1504 sui

585 1514 1008 1575 administrandi
1040 1537 1251 1590 curam,
1292 1529 1493 1584 tradito
1512 1526 1611 1600 ipsi
1633 1535 1836 1590 annulo
1858 1514 2145 1595 suo.'Cou-

581 1605 719 1659 didit
750 1623 879 1678 ergo
909 1607 1179 1683 Josephus
1205 1625 1408 1685 septem
1441 1620 1606 1678 aunis
1623 1623 1882 1681 uberibus
1907 1625 2148 1685 frumen,

581 1705 695 1751 tum
737 1699 790 1753 in
825 1701 992 1769 spicis
1021 1705 1172 1769 s'uis,
1206 1707 1381 1764 donec
1409 1710 1764 1782 implerentur
1789 1733 1909 1786 qua:
1955 1736 2144 1775 nume-

582 1802 700 1841 rum
742 1802 1004 1861 superant
1058 1798 1331 1864 granaria.
1369 1801 1512 1858 Anni
1556 1814 1684 1861 tunc
1711 1817 1865 1864 erant
1904 1809 2142 1884 .lnsepho

583 1880 803 1948 triginta
830 1919 844 1944 ,
896 1886 989 1953 qui
1020 1901 1240 1943 uxorem
1269 1889 1425 1946 duxit
1453 1896 1670 1953 nomine
1716 1898 1941 1956 Asinatb
1990 1880 2142 1962 urbis

583 1968 902 2046 Einshemes
921 1976 1223 2036 sacerdotis
1241 1981 1429 2050 tiliam,
1462 2001 1582 2056 quae
1615 1989 1772 2046 binos
1802 1995 1903 2063 ipsi
1934 1999 2140 2067 peperit

582 2062 741 2128 ﬁlios,
774 2081 1000 2136 quorum
1024 2072 1306 2143 majorem,
1333 2077 1750 2150 primogenitum
1775 2062 2145 2152 scilicet,—Ma-

579 2157 924 2226 nassen'ss
947 2162 1258 2243 appellavit,
1288 2165 1517 2222 alterum
1551 2152 1938 2248 Ephr'aimum.‘
1964 2174 2139 2234 Porro

576 2251 852 2327 exstruxit
883 2251 1157 2320 Joscphus
1204 2257 1488 2316 columnas
1540 2264 1862 2332 mensorias,
1935 2270 2139 2336 quibus

577 2349 750 2412 aqua,
780 2353 1060 2419 crescente
1091 2344 1231 2414 Nilo,
1259 2364 1512 2407 mensura
1550 2356 1764 2426 capitur
1788 2357 1840 2412 in
1878 2358 2138 2433 Egypto,

584 2429 703 2489 loco
724 2446 884 2501 quem
919 2437 1186 2508 Memphin
1222 2451 1436 2499 vocant.
1466 2463 1473 2476 ·
1498 2447 1686 2504 Sinum
1739 2451 1899 2506 etiam
1932 2429 2141 2521 eii’odit,

583 2522 674 2586 qui
702 2522 892 2578 Menba
924 2528 1074 2581 audit
1104 2545 1129 2594 ;λ
1173 2531 1302 2600 quin
1340 2543 1394 2588 et
1429 2534 1645 2611 lapides'
1674 2523 1883 2594 viarum
1934 2517 2146 2613 iudices

579 2614 770 2672 erexit.
796 2613 963 2670 Natus
985 2628 1069 2674 est
1091 2630 1272 2677 autem
1301 2622 1450 2690 Levi,
1481 2626 1665 2683 Jacobi
1691 2630 1824 2694 ﬁlio.
1857 2641 1977 2702 post
2007 2649 2145 2704 quae

576 2701 823 2782 draginta
861 2723 1035 2763 annos
1069 2705 1270 2777 Kahat,
1303 2715 1354 2769 in
1383 2725 1522 2771 terra
1541 2701 1928 2787 Chananitiea,‘
1968 2701 2143 2780 tribus

576 2803 869 2866 antequam
902 2799 1198 2872 Egyptum
1222 2807 1852 2886 ingrederenturannis.
1885 2813 1994 2869 Illis
2027 2817 2142 2872 die-

577 2887 683 2941 bus
709 2888 908 2945 accidit
939 2892 990 2945 in
1032 2893 1266 2964 Egypto
1292 2908 1345 2951 et
1372 2900 1524 2968 Syria
1549 2901 1718 2957 fames
1749 2903 1996 2973 insignis;
2022 2921 2144 2963 coe-

580 2989 796 3034 merunt
830 2996 957 3053 ergo
979 2999 1010 3038 a
1045 2983 1280 3058 Josepho
1311 2987 1551 3061 Egyptii
1588 2990 1943 3061 frumentum,
1970 2995 2143 3053 donec

2255 553 2340 590 me
2377 547 2610 592 vestrum
2644 554 2771 604 uno,
2806 541 2870 593 ad
2908 552 3111 609 patrem
3149 553 3387 596 vestrum
3425 543 3760 598 revertimini
3789 587 3804 610 ,

2253 643 2314 681 ac
2345 630 2562 682 fratrem
2597 637 2836 684 vestrum
2873 631 3177 697 minimum,
3216 633 3375 702 cujus
3400 632 3627 687 fratrem
3658 635 3809 687 devo-

2256 719 2394 772 ravit
2423 720 2607 790 lupus,
2641 720 3046 789 adducite,fquo
3072 721 3339 777 dictorum
3371 733 3682 780 vestrorum
3721 738 3805 778 re-

2253 809 2465 864 ritatem
2498 821 2831 881 perspectam
2870 814 3116 870 habeam.

2359 899 2493 956 Cum
2541 917 2673 971 ergo
2740 901 2958 958 fratrem
3015 903 3255 971 ipsorum
3281 903 3591 961 Simeonem
3670 903 3809 974 apud

2219 993 2431 1062 .ipsum
2498 995 2884 1064 reliquissent,
2914 996 3058 1050 sacci
3106 997 3348 1066 ipsorum
3385 995 3609 1066 Josephi
3652 1001 3810 1066 jussu

2253 1082 2526 1138 frumento
2574 1083 2781 1154 impleti
2813 1093 2972 1146 sunt,
3013 1083 3445 1154 uniuscujusque
3496 1084 3731 1154 pecunia
3762 1086 3814 1137 in

2251 1186 2413 1229 sacco
2458 1187 2560 1227 suo
2607 1173 2869 1242 reposita.
2906 1173 3038 1244 cum
3071 1173 3236 1242 igitur
3268 1173 3345 1227 -ad
3392 1183 3601 1242 patrem
3655 1188 3814 1228 suum

2249 1263 2511 1318 Iacobum
2563 1247 2970 1332 pervenientes,
3013 1278 3077 1318 ac
3119 1264 3249 1333 quid
3294 1263 3634 1336 [accidisset]
3689 1279 3818 1328 nar-

2253 1363 2435 1410 rantes
2474 1355 2763 1424 pecuniam
2818 1370 2971 1410 suam
3020 1357 3073 1410 in
3117 1358 3295 1411 saccis
3329 1357 3708 1425 reperissent,
3751 1359 3816 1410 ad

2252 1445 2579 1502 frumentum
2624 1461 2690 1504 ex
2724 1445 2959 1518 Egypto
2993 1449 3346 1504 coemendum
3383 1449 3609 1508 reversi.
3649 1463 3816 1517 pecu-

2249 1538 2393 1597 niam
2427 1524 2610 1602 istam,
2660 1553 2733 1593 ac
2765 1553 3008 1599 summas
3041 1539 3176 1604 istas
3219 1547 3568 1608 acceperunt,
3595 1553 3819 1607 unaque

2247 1612 2661 1698 Benjaminum,
2685 1624 2687 1626 ’
2711 1630 2820 1704 92
2856 1629 3074 1699 Josephi
3116 1629 3338 1686 fratrem
3385 1629 3685 1696 uterinum,
3716 1627 3816 1681 ad-
3854 1701 3857 1703 _

2248 1720 2552 1776 duxerunt.
2577 1720 2698 1788 Quo
2740 1723 2856 1778 viso
2892 1722 3197 1777 honorifice
3224 1721 3372 1792 ipsos
3392 1722 3616 1776 tractari
3647 1719 3819 1789 jussit

2247 1810 2446 1882 .ioseph
2477 1811 2856 1882 misericordia
2893 1827 3018 1881 erga
3052 1811 3202 1880 ipsos
3232 1811 3816 1879 commotus.lmplcta

2249 1880 2392 1959 sunt
2424 1880 2581 1973 ergo,
2607 1918 2735 1958 vasa
2772 1903 3013 1972 ipsorum
3044 1901 3318 1958 frumento
3339 1941 3355 1965 ,
3405 1911 3461 1957 et
3547 1901 3820 1955 uniuscu-

2240 1997 2442 2066 jusque
2473 1994 2588 2049 vasi
2623 1996 2847 2065 pecunia
2873 1994 3049 2065 ipsius
3077 1994 3375 2068 imposita_;
3399 2000 3452 2047 at
3475 1995 3591 2048 vasi
3623 1993 3820 2048 fratris

2248 2085 2331 2141 sui
2362 2083 2659 2154 Benjamini
2713 2082 2965 2153 poculum
3019 2094 3270 2144 aureum,
3318 2083 3464 2150 quod
3505 2077 3818 2134 Pharaonis

2250 2176 2446 2238 fuerat,
2502 2173 2784 2244 imposuit.
2834 2164 3079 2242 Cumque
3113 2186 3145 2227 a
3183 2170 3420 2241 Joseplio
3458 2173 3667 2241 egressi
3721 2185 3818 2226 es-

2248 2275 2392 2331 sent,
2418 2267 2629 2339 Syriam
2663 2281 2851 2321 versus
2878 2263 3181 2327 tendentes,
3215 2263 3444 2325 insecuti
3473 2260 3624 2332 ipsos
3653 2261 3819 2317 .lose-

2249 2359 2341 2432 phi
2400 2358 2542 2415 servi
2589 2347 2849 2432 dixerunt
2907 2352 3438 2427 ipsis:0mnimode
3483 2352 3817 2432 bepnxvobis

2231 2425 2376 2505 fecit
2428 2441 2682 2504 dominus
2709 2425 2943 2513 noster,
2971 2441 3085 2500 vos
3115 2458 3249 2498 vero
3279 2425 3593 2498 omniinod'e
3646 2425 3813 2502 male,

2247 2541 2506 2612 poculum
2532 2539 2676 2615 regis
2725 2532 3608 2614 aureumfurati.-ilesponderunt
3637 2532 3815 2603 ipsis:

2247 2631 2402 2701 Apud
2427 2642 2809 2707 quemcunque
2834 2627 3007 2697 ipsum
3022 2625 3354 2695 repereritis,
3379 2624 3630 2680 abducite
3657 2623 3814 2696 illum

2251 2733 2308 2777 ut
2328 2723 2400 2779 sit
2437 2721 2663 2776 domino
2692 2726 2876 2775 vestro
2913 2733 3124 2774 servus.
3157 2716 3356 2792 saccos
3390 2729 3520 2785 ergo
3543 2715 3814 2785 ipsorum

2250 2811 2601 2883 pcrscrutati,
2655 2813 2910 2884 poculum
2944 2811 2998 2876 in
3035 2807 3336 2878 Benjamini
3382 2820 3541 2862 sacco
3576 2807 3814 2863 invene-

2248 2912 2417 2959 runt:
2473 2912 2649 2973 quem.
2683 2916 2813 2972 ergo
2857 2901 3187 2972 prehensum
3234 2898 3298 2952 ad
3354 2897 3655 2968 Josepbum
3722 2912 3816 2952 re-

2250 2999 2543 3059 duxerunt,
2580 2994 2938 3051 redeuntibus
2987 3008 3095 3047 una
3143 2991 3405 3056 fratribus
3441 2991 3655 3059 ipsius,
3717 2988 3810 3059 qni

569 3070 714 3138 ipsis
747 3083 851 3127 non
881 3087 1188 3145 superesset
1212 3095 1464 3135 nummus
1492 3098 1692 3138 aureus
1723 3085 1807 3140 vel
1831 3095 2141 3156 argenteus.
2174 3119 2217 3177 ο
2248 3087 2483 3157 Josepho
2534 3084 2790 3139 dixerunt
2821 3100 2836 3138 :
2899 3081 3145 3144 Domine,
3190 3090 3348 3177 pater:
3397 3091 3583 3135 noster
3636 3093 3813 3177 senex

583 3162 727 3229 quod
757 3164 949 3221 deinde
972 3169 1116 3238 agris
1141 3169 1451 3238 ,.jumeutis
1477 3181 1532 3228 et
1581 3175 1788 3232 aedibus
1833 3179 1948 3232 suis
1993 3193 2143 3234 eme-

583 3259 828 3317 runt,;ac
879 3267 1088 3326 postea,
1135 3275 1253 3315 cum
1297 3263 1428 3317 nihil
1476 3264 1609 3335 ipsis
1639 3265 1907 3337 reliquum
1954 3281 2139 3338 esset,

581 3345 832 3399 dixerunt
858 3345 1094 3418 Josepho
1135 3349 1286 3407 :Nos
1346 3355 1492 3423 ipsos
1545 3353 1810 3429 Pharaoni
1852 3360 1903 3413 in
1958 3376 2144 3418 servos

579 3435 898 3501 vendemus,
925 3439 1084 3494 modo
1109 3443 1267 3498 nobis
1300 3444 1632 3501 frumentum
1665 3450 1731 3501 ad
1754 3451 2141 3518 comedendum

574 3534 631 3575 et
661 3525 946 3580 serendum
984 3529 1262 3599 largiatur.
1329 3534 1474 3590 Emit
1518 3551 1647 3606 ergo
1699 3537 1970 3610 Joseplius
2006 3543 2144 3598 Pha-

579 3617 732 3670 raoni
767 3632 794 3670 a
828 3621 1018 3690 scipsis
1055 3621 1356 3695 Egyptios,
1391 3627 1638 3683 datoillis
1675 3629 2132 3704 frumento,quod

578 3708 805 3764 ederunt
829 3721 882 3766 et
905 3724 1059 3770 terra:
1080 3716 1427 3782 mandarunt,
1461 3720 1761 3789 accipiente
1795 3724 1863 3776 ab
1894 3725 2027 3795 ipsis
2049 3725 2140 3780 Jo-

581 3803 749 3869 sepho
782 3802 1045 3858 decimam
1091 3814 1317 3874 partem,
1349 3809 1492 3877 quod
1525 3810 1591 3863 ad
1615 3811 1715 3864 hoc
1737 3827 1906 3880 usque
1937 3823 2144 3885 tempus

582 3895 634 3944 in
670 3898 837 3962 legem
870 3894 1022 3960 abiit,
1056 3895 1292 3966 faetique
1316 3908 1442 3953 sunt
1467 3898 1703 3972 Egyptii
1730 3901 2005 3974 Pharaoni
2026 3921 2141 3960 ser-

581 3987 653 4039 ιί.
693 3985 822 4054 Ejus
846 3986 1040 4043 diebus
1089 3987 1273 4044 floruit
1301 3974 1512 4046 Jobille
1549 3993 1755 4061 justus,
1803 3997 2008 4053 scilicet
2038 3997 2141 4054 Job

583 4079 722 4155 filius
768 4081 951 4142 Amosi
986 4121 1001 4145 ,
1065 4080 1159 4135 ﬁlii
1225 4081 1492 4149 Zarachi,
1547 4087 1638 4140 lilii
1690 4085 1986 4156 llaguelis,
2047 4090 2140 4145 ﬁlii

583 4170 768 4234 lismii,
793 4171 882 4225 ﬁlii
910 4172 1105 4237 lsaaki,
1123 4173 1539 4239 tiliiAbraliami,
1565 4192 1725 4244 opum
1745 4178 1917 4241 dives,
1942 4181 2144 4248 quique

579 4257 848 4323 ailligente
874 4261 1047 4328 ipsum
1079 4261 1322 4327 Domino,
1356 4265 1558 4332 gratias
1581 4267 1688 4333 egit
1710 4275 1762 4319 et
1784 4262 2051 4333 patienter
2086 4285 2144 4324 se

580 4348 769 4415 gessit,
799 4363 967 4416 quare
1001 4359 1177 4404 amota
1207 4351 1273 4404 ab
1298 4353 1413 4421 ipso
1456 4352 1746 4409 atllictione
1776 4357 2010 4410 restituit
2040 4358 2140 4423 ipsi

583 4439 722 4494 Deus
761 4454 890 4508 epes
919 4456 1070 4496 suas.

656 4531 866 4583 Accidit
883 4515 1042 4584 etiam
1065 4532 1117 4585 in
1138 4533 1353 4601 regione
1376 4533 1544 4604 Syriae
1562 4535 1728 4590 fames
1750 4537 1990 4607 89-91
2016 4555 2142 4607 gra-

587 4623 690 4687 vis,
719 4622 852 4676 adeo
895 4631 950 4676 ut
982 4623 1184 4677 diceret
1213 4622 1444 4690 Iacobus
1477 4627 1600 4682 ﬁliis
1630 4643 1691 4682 su
1718 4643 1743 4682 s
1779 4646 1794 4685 :
1823 4629 2055 4686 Profecti
2088 4634 2143 4686 in

585 4713 874 4783 Egyptum
898 4714 1058 4767 emite
1089 4715 1242 4768 nobis
1271 4715 1620 4770 frumentum:
1649 4716 1923 4772 Venerunt
1947 4722 2141 4787 ergoin

581 4801 872 4872 Egyplum
895 4801 1112 4871 Josephi
1163 4803 1374 4868 fratres,
1398 4820 1531 4874 quos
1581 4807 1722 4861 visos
1746 4808 1924 4861 statim
1947 4824 2146 4879 cogno-

582 4897 658 4948 vit
683 4893 972 4962 Joscphns,
1003 4897 1118 4964 ipse
1141 4895 1207 4951 ab
1230 4895 1333 4950 illis
1363 4897 1688 4966 incognitus,
1712 4915 1816 4953 non
1838 4909 2014 4956 autem
2043 4905 2144 4959 fuit

582 5001 703 5042 Cum
741 4988 869 5058 ipsis
890 4987 1055 5042 frater
1084 4989 1201 5059 ejus
1235 4989 1478 5045 nterinus
1505 4991 1782 5059 Benjamin
1807 5008 1820 5044 :
1853 4993 1988 5047 dixit
2015 5010 2143 5065 ergo

586 5079 718 5147 ipsis
765 5077 1031 5148 Josephus
1089 5097 1102 5132 :
1153 5080 1380 5147 Quinam
1437 5083 1570 5136 cstis
1615 5083 1760 5139 vos?
1796 5085 1939 5140 unde
1988 5088 2141 5140 veni—

587 5169 711 5223 stis?
743 5179 792 5223 et
827 5171 954 5239 quid
979 5171 1294 5228 vultis?Cui
1331 5173 1406 5227 illi
1436 5173 1678 5229 :‘Sunius
1702 5174 2140 5242 nosJacobi;lilii;

587 5262 875 5316 duodecim
910 5262 1014 5332 ipsi
1046 5279 1168 5318 cum
1206 5265 1315 5317 nati
1363 5281 1634 5329 essemus,
1686 5281 1854 5320 unum
1910 5268 2144 5323 comedit

590 5357 768 5423 lupus,
801 5355 958 5423 cujus
1008 5355 1170 5410 etiam
1215 5357 1382 5411 frater
1441 5359 1689 5412 nterinus
1740 5343 1878 5428 apud
1935 5367 2138 5428 patrem

590 5461 747 5501 suum
782 5455 901 5509 est;
933 5430 1081 5515 pater
1102 5457 1246 5501 entm
1271 5456 1476 5510 noster,
1512 5463 1632 5502 cum
1663 5463 1826 5504 senex
1855 5449 2141 5503 admodum

593 5541 686 5600 sit,
715 5547 875 5592 noctu
906 5541 1318 5609 atqueintcrdiu
1369 5541 1536 5594 filium
1575 5555 1731 5595 suum
1758 5555 1786 5592 a
1821 5541 1948 5609 lupo
1975 5540 2142 5594 devo-

599 5639 773 5682 ratum
818 5631 983 5695 luget.
1055 5631 1348 5700 Respondit
1415 5631 1518 5684 illis
1568 5629 1803 5699 Josepb:
1847 5629 1963 5684 Non
2011 5631 2144 5687 estis

601 5736 695 5774 vos
725 5721 809 5773 alii
842 5737 999 5790 quam
1028 5725 1415 5793 exploratores.
1446 5723 1506 5777 Et
1535 5723 1845 5794 jurantibus
1877 5721 1977 5792 ipsi
2010 5723 2141 5790 illis,

2249 3186 2332 3231 est
2373 3183 2530 3230 aetate
2562 3183 2870 3244 provectus,
2905 3173 3068 3242 hujus
3107 3182 3284 3226 autem
3323 3172 3542 3227 fratrem
3587 3188 3616 3224 a
3653 3171 3808 3240 lupo,

2248 3269 2326 3323 uti
2362 3267 2461 3322 tibi
2499 3266 2863 3331 narravimus,
2905 3256 3219 3322 deveratum
3261 3264 3361 3318 hoc
3385 3278 3556 3333 usque
3590 3258 3813 3344 tempus

2245 3359 2439 3426 deﬁet;
2501 3359 2548 3414 si
2595 3373 2724 3430 ergo
2769 3359 2914 3412 hunc
2960 3372 2990 3410 a
3025 3357 3196 3411 nobis
3243 3354 3551 3419 abstuleris,
3600 3369 3812 3424 nequa-

2245 3469 2407 3523 quam
2439 3442 2596 3508 nobis
2635 3461 2721 3506 est
2746 3450 2810 3503 ad
2846 3458 3050 3519 patrem
3083 3447 3662 3515 redeundum,‘utpnte
3684 3440 3808 3516 qui,

2244 3544 2348 3599 nisi
2410 3543 2693 3597 nobiscum
2747 3539 2982 3596 adfuerit
3043 3554 3200 3608 puer,
3247 3537 3432 3592 dolore
3500 3539 3808 3605 moriturus

2241 3643 2355 3687 est:
2380 3627 2607 3682 dimisso
2640 3641 2770 3694 ergo
2800 3624 3004 3694 ipsout
3033 3623 3098 3677 ad
3129 3633 3333 3691 patrem
3362 3623 3561 3686 redeat,
3589 3640 3619 3676 e
3645 3626 3805 3677 nobis

2244 3732 2622 3791 quemcunque
2655 3714 2893 3769 volueris
2936 3712 3032 3767 tibi
3081 3713 3132 3767 in
3172 3728 3388 3766 servum
3431 3711 3651 3766 habeas.
3693 3713 3802 3766 Re-

2245 3812 2461 3881 spondit
2479 3810 2676 3878 Joseph
2702 3826 2714 3861 :
2731 3806 2884 3862 Absit
2901 3817 2956 3858 ut
2975 3805 3140 3858 alium
3163 3819 3322 3872 quam
3341 3816 3463 3855 eum
3480 3803 3622 3871 apud
3637 3817 3803 3870 quem

2248 3920 2336 3958 res
2368 3911 2582 3957 nostras
2607 3897 2974 3969 invenerimus
3005 3896 3360 3957 detineamus.
3387 3891 3523 3946 Tum
3552 3892 3801 3983 ipsorum

2250 4001 2509 4054 misertus
2546 4013 2560 4047 :
2597 3994 2728 4062 Ego,
2772 3975 3232 4059 inquit,’93-95
3263 3986 3428 4070 frater
3464 4003 3582 4041 sum
3618 3975 3802 4041 vester

2251 4090 2473 4156 Joseph,
2510 4101 2577 4140 ne
2619 4083 2757 4138 male
2788 4098 2893 4135 vos
2913 4082 3122 4144 habeat,
3154 4093 3328 4147 neque
3369 4077 3622 4132 timentis.

2313 4173 2491 4235 Missis
2533 4192 2664 4245 ergo
2716 4175 2779 4227 ad
2823 4172 3090 4228 Jacobum
3127 4171 3376 4225 tentoriis
3427 4179 3480 4223 et
3510 4170 3800 4239 plaustris,

2247 4269 2417 4336 ipsum
2474 4284 2598 4322 cum
2661 4272 2769 4318 tota
2819 4263 3071 4331 progenie
3109 4277 3205 4316 sua
3257 4275 3297 4314 a~
3335 4257 3476 4315 terra
3537 4261 3797 4315 Chanaan

2249 4362 2300 4413 in
2354 4357 2642 4426 Egyptum
2694 4355 2954 4408 traduxit.
3012 4351 3406 4420 Ingressusque
3468 4358 3552 4403 est
3630 4348 3800 4406 Jacob

2179 4446 2220 4500 D
2251 4449 2540 4524 Egyptum
2596 4456 2740 4498 anno
2799 4445 2958 4497 famis
3007 4440 3245 4496 secundo
3304 4439 3603 4512 [vel‘jnxta
3651 4440 3797 4494 aliud

2245 4539 2537 4607 exemplar,
2569 4533 2770 4606 tertio],
2830 4549 3042 4600 unaque
3072 4549 3194 4586 cum
3216 4533 3334 4602 ipso
3379 4534 3491 4586 nati
3526 4529 3722 4602 ipsius,
3745 4541 3800 4586 et

2243 4626 2464 4697 nepotes
2493 4641 2558 4682 ex
2592 4627 2765 4695 ipsius
2806 4625 3005 4678 lumbis
3033 4623 3302 4694 prognati,
3336 4629 3529 4691 praeter
3560 4623 3795 4675 ﬁliorum

2245 4735 2438 4773 uxores
2483 4719 2550 4772 ab
2601 4719 2719 4786 ipso
2769 4733 2874 4770 non
2926 4726 3242 4785 prognatus.
3287 4730 3407 4768 eum
3450 4711 3687 4782 Joscphn
3734 4715 3820 4766 ac‘

2243 4809 2643 4876 duobusipsius
2693 4807 2817 4861 filiis
2873 4798 3121 4861 hominés
3169 4804 3508 4874 septuaginta
3539 4844 3554 4869 ,
3606 4801 3804 4857 Jacolio

2248 4913 2376 4958 tunc
2413 4902 2672 4970 temporis
2704 4913 2879 4952 annos
2908 4906 3121 4950 centum
3144 4905 3198 4948 et
3229 4896 3448 4963 triginta
3475 4904 3619 4948 nato.
3654 4894 3794 4949 Sub-

2243 4993 2376 5048 stitit
2407 5000 2584 5044 autem
2611 4989 2778 5043 Jaeob
2813 4991 2864 5040 in
2886 4985 3115 5056 Aigypto
3162 4999 3334 5039 annos
3369 4982 3789 5053 septemdecim;

2244 5086 2332 5139 ubi
2395 5100 2535 5147 anno
2567 5084 2687 5136 vita:
2723 5080 2848 5134 Levi
2879 5077 3212 5142 octogesimo
3254 5077 3392 5130 diem
3435 5076 3567 5130 obiit
3591 5094 3622 5130 :»
3651 5077 3789 5130 unde

2242 5179 2295 5232 in
2331 5173 2531 5231 terram
2578 5171 3191 5239 Chanaanreportatum
3224 5168 3552 5237 sepelierunt
3581 5167 3778 5236 Joseph

2243 5267 2530 5334 caeterique
2585 5265 2701 5332 (jus
2739 5261 2828 5314 ﬁlii
2876 5260 3026 5329 juxta
3065 5258 3300 5312 Isaacum
3348 5266 3550 5327 patrem
3598 5272 3773 5312 suum.

2242 5362 2436 5413 Totum
2467 5366 2642 5410 autem
2683 5354 2824 5424 quod
2867 5353 2997 5404 vixit
3039 5349 3206 5404 Jacob
3232 5349 3356 5403 anni
3394 5358 3520 5404 sunt
3559 5359 3769 5403 centum

2243 5450 2595 5522 quadraginta
2635 5450 2863 5513 rseptem.
2897 5443 3105 5496 Kahato
3143 5450 3262 5510 post
3286 5440 3567 5509 sexaginta
3601 5453 3769 5493 annos

2247 5553 2408 5596 natus
2453 5551 2533 5593 est
2581 5538 2655 5590 iu-
2687 5535 2919 5605 Aigypto
2961 5533 3201 5587 Amram.
3244 5534 3400 5586 Anno
3440 5538 3617 5584 autem
3663 5532 3778 5584 vitae

2249 5629 2436 5685 Kahati
2484 5627 2695 5681 decimo
2726 5627 2934 5694 quinto,
2981 5622 3114 5676 obiit
3159 5620 3396 5690 J05eph,
3442 5635 3599 5689 quem
3649 5635 3780 5674 arcte

2252 5720 2562 5794 impositum
2597 5698 2927 5786 sepelierunt
2997 5714 3188 5769 fratres
3237 5710 3408 5795 ipsjus
3449 5711 3500 5766 in
3530 5707 3776 5782 Egypto,
