4038 6494
220 349 344 411 929

1668 357 2028 421 ANNAHZS.

3346 379 3450 439 930

217 483 354 520 cum
393 483 566 523 annos
606 479 822 524 centum
859 478 909 522 ct
946 471 1126 522 decem
1175 468 1415 523 vixisset.
1464 467 1662 523 Ferunt
1706 473 1791 524 :ilii
1825 475 1866 531 Α
1899 474 2108 540 gioucm
2143 474 2323 544 llcjazi
2364 475 2609 548 aufugit,
2646 479 2734 533 ubi
2783 481 2834 533 in
2879 482 3009 538 urbe
3040 485 3260 556 Madyau
3300 491 3450 545 habi-

214 554 457 626 Jusephi
489 574 690 629 corpus
737 573 877 611 arcae
924 571 1236 610 marmorea:
1267 556 1574 624 impositum
1611 555 1664 621 iu
1701 557 1789 609 Ni-
1834 589 1838 593 ρ

216 650 337 703 lum
380 653 713 720 projectum.
744 650 931 704 fuisse.
975 648 1143 702 Porro
1181 649 1417 700 Amrano
1451 657 1573 713 post
1613 659 1790 721 annos

212 745 585 812 septuaginta
629 725 742 794 ti'es
789 747 952 795 natus
989 747 1072 794 est
1109 738 1356 804 Miriam;
1410 745 1531 805 post
1572 745 1788 806 septuav

211 834 378 901 ginta
438 843 641 902 septem
680 831 915 886 Ahron:
970 839 1092 899 post
1133 832 1408 899 octoginta
1452 826 1648 893 Moses,
1698 830 1784 883 cui

209 937 349 990 pax.
393 922 540 976 Vixit
572 931 752 975 autem
786 921 840 974 in
872 929 1045 974 totum
1093 918 1301 972 Amran'
1350 933 1520 973 annos
1566 930 1783 973 centum

208 1011 453 1082 triginta
502 1019 619 1066 ‘sex.
657 1012 813 1065 Auno
841 1011 962 1065 vitae
991 1010 1212 1064 Amr-aui
1261 1011 1534 1064 tricesimo
1557 1009 1787 1078 septimo

209 1114 488 1157 mortuus
517 1091 602 1156 est
629 1102 740 1172 96
767 1098 921 1165 levi,
955 1115 1078 1155 cum
1113 1115 1286 1155 annos
1315 1108 1531 1154 centum
1569 1100 1786 1168 triginta

207 1201 443 1259 septem
487 1193 734 1247 vixisset.
781 1192 940 1246 Auno
979 1193 1103 1246 vita:
1156 1179 1787 1259 ejusdcm'sexa'gesimo

209 1284 468 1349 septimo
497 1284 633 1336 obiit
673 1281 874 1349 Kahat,
925 1296 1097 1336 annos
1127 1291 1288 1334 natus
1335 1289 1555 1334 centum
1598 1277 1783 1346 viginti

207 1384 463 1437 septem.
521 1359 744 1428 Mo‘ttuis
771 1383 948 1429 autem
977 1372 1214 1441 Josepho
1242 1380 1297 1425 et
1329 1369 1592 1424 fratribus
1615 1369 1786 1437 ipsius

208 1463 560 1530 exterisque
611 1464 727 1532 ejus
762 1464 948 1518 seculi
975 1462 1249 1524 omnibus,
1287 1474 1413 1513 cum
1449 1457 1784 1527 multiplicati

205 1563 413 1604 essent
468 1551 565 1606 filii
616 1553 830 1607 lsraells
898 1551 1148 1620 ﬁliosque
1221 1551 1540 1619 genuissent
1591 1550 1827 1616 quibus.

205 1639 547 1709 impleretur
595 1654 738 1698 terra
785 1629 1028 1712 Λεπρεῖ.
1077 1641 1366 1710 praefectus
1413 1639 1648 1713 Egypto
1696 1658 1787 1698 rex

205 1734 309 1798 qut
365 1733 668 1804 Josephum
723 1750 830 1789 non
865 1742 1046 1796 norat,
1089 1733 1227 1786 dixit
1267 1733 1604 1788 consiliariis
1637 1737 1783 1790 suis:

1902 568 2079 632 tavit,
2139 568 2318 636 ibique
2361 585 2585 624 uxorem
2629 570 2818 636 duxit,
2885 577 3107 638 nomine,
3155 579 3447 648 Siphuraut

1897 655 2064 709 ﬁliam
2114 656 2303 714 Jethro
2366 666 2546 733 (quem
2595 663 2798 718 Arabes
2849 664 3059 722 Sltoatb
3112 671 3447 740 appellant),

1896 744 2146 810 lsmaelc,
2192 748 2482 803 Abraliatui
2537 750 2666 815 lilio,
2714 751 2954 818 oriundi,
2990 758 3171 825 templi
3205 759 3256 812 in
3315 761 3450 814 urbe

1896 837 2136 908 lladyan
2206 843 2521 898 sacerdotis.
2578 843 2905 915 Peperitque
2960 845 3229 918 Siphurah
3289 852 3448 908 ilosis

1895 928 2030 982 duos
2062 929 2222 992 filios,
2255 930 2476 986 Gersom
2527 943 2580 989 et
2621 934 2862 1005 Elyazer.
2893 934 3026 991 Dum
3049 949 3237 1002 autem
3261 956 3450 1009 pasce-

1892 1027 1974 1073 ret
2011 1019 2166 1088 100
2198 1018 2370 1076 Moses
2406 1037 2535 1077 oves
2574 1026 2750 1080 soceri
2790 1028 2872 1082 sui
2911 1026 3120 1098 Jethro,
3157 1045 3283 1086 ecce
3317 1046 3449 1086 con-

1893 1111 2071 1180 spexit
2107 1112 2159 1163 in
2195 1121 2377 1166 monte
2403 1112 2595 1166 rubum
2627 1115 2770 1184 igne,
2803 1117 2981 1171 medio
3012 1118 3121 1179 die,
3159 1118 3450 1174 flamman-

1892 1213 2020 1267 tem,
2054 1202 2252 1256 arbore
2298 1203 2419 1272 igne
2451 1219 2558 1257 non
2594 1200 2935 1274 consumpta.
2966 1208 3119 1272 Quod
3150 1219 3206 1262 ut
3241 1212 3448 1266 videret

1892 1294 2571 1362 accedentemjinclamavit
2595 1294 2855 1349 Dominus
2878 1298 3097 1365 ejrubo:
3126 1296 3199 1352 Ne
3225 1302 3445 1364 timeas,

1893 1383 2084 1449 Moses,
2133 1400 2233 1454 ego
2285 1385 2552 1455 siquidem
2597 1387 2854 1442 Dominus
2886 1404 3028 1442 sum.
3069 1389 3149 1442 Ad
3201 1390 3446 1443 Pharao-

1893 1489 2013 1528 nem
2061 1475 2250 1529 abiens
2283 1477 2479 1546 jubeas
2512 1477 2684 1546 ipsum
2728 1478 2866 1532 filios
2921 1478 3149 1535 Israelis'
3174 1479 3448 1535 dimittere

1891 1581 2002 1635 quo
2050 1565 2190 1618 tnihi
2239 1568 2499 1621 serviant.
2534 1570 2678 1623 Abiit
2718 1584 2848 1639 ergo
2883 1569 3060 1626 Moses
3103 1572 3168 1626 ad
3206 1570 3445 1626 Plant-ao-

1894 1668 2036 1720 nem,
2069 1670 2263 1721 annos,
2295 1671 2404 1726 quo
2436 1667 2672 1726 tempore
2714 1659 2984 1716 allocutus
3014 1673 3097 1715 est
3124 1661 3300 1730 ipsum
3347 1662 3446 1714 Do-

1893 1748 2112 1811 minus,
2177 1755 2337 1812 natus
2390 1738 2689 1817 octoginta,
2728 1748 2946 1802 Ahroue
2997 1751 3266 1820 octoginta
3331 1759 3445 1805 tres

209 1823 384 1878 Iulti
410 1833 705 1880 evaserunt
735 1824 1010 1889 Israelita,
1044 1840 1220 1895 neque
1243 1826 1414 1880 securi
1447 1839 1570 1879 esse
1596 1839 1782 1893 possu-

1893 1848 2041 1904 uato,
2077 1836 2326 1892 Miriamn
2374 1852 2562 1891 sorore
2606 1837 2846 1908 ipsorum
2886 1840 3156 1907 octoginta
3209 1853 3438 1911 septem.

206 1931 372 1993 mus,
401 1915 534 1984 quin
571 1917 619 1969 si
643 1916 865 1984 prodeat
897 1917 952 1971 in
985 1931 1084 1970 nos
1125 1916 1344 1970 rebellis
1389 1915 1589 1984 aliquis
1628 1930 1785 1984 opem

205 2004 320 2074 ipsi
360 2007 668 2060 laturi‘sint
697 2007 760 2061 ad
796 2022 893 2062 nos
934 2022 999 2063 ex
1028 2007 1264 2078 Egypto
1288 2007 1591 2076 pellendus.
1642 2007 1790 2059 Prte-

208 2099 357 2152 feeit
385 2113 516 2168 ergo
551 2098 685 2167 ipsis
729 2098 1013 2168 Egyptios
1052 2100 1143 2166 qui
1177 2098 1324 2166 ipsos
1358 2096 1413 2150 in
1464 2096 1785 2151 servitutem

207 2187 554 2257 redigentes,
592 2189 727 2243 dure
771 2188 976 2243 servire
1022 2196 1317 2257 coegerunt
1375 2187 1521 2241 circa
1579 2186 1785 2252 lutum,

210 2277 453 2337 lateres.
487 2285 542 2332 et
586 2277 789 2347 lapides
831 2286 1152 2350 montesque
1189 2277 1556 2340 excavandos,
1604 2273 1791 2332 caver-

213 2385 323 2424 nas
385 2367 771 2441 [etl'odiendas]
823 2378 877 2423 et
914 2379 1115 2424 terram
1165 2369 1490 2425 colendam:
1563 2373 1701 2440 quin
1733 2379 1786 2424 et

214 2461 548 2513 mandatum
577 2459 971 2514 obstetricibus
1001 2458 1147 2514 dedit
1173 2473 1364 2527 omnes
1392 2460 1482 2528 qui
1520 2458 1784 2514 lsraelitis

213 2557 592 2604 mscerentur
621 2564 798 2624 mares
830 2565 862 2604 .e
891 2548 1072 2604 medio
1120 2549 1370 2615 tollendi,
1398 2551 1561 2619 atque
1591 2551 1644 2623 in
1685 2548 1786 2602 ilu-

213 2643 376 2698 vium
440 2640 761 2711 projiciendi
816 2662 829 2698 :
895 2640 1030 2696 adeo
1079 2649 1135 2694 ut
1191 2641 1356 2696 occisi
1406 2649 1462 2696 et
1525 2642 1579 2695 in
1621 2624 1785 2694 ﬂuvie

215 2731 504 2785 submersi
564 2729 768 2785 fuerint
829 2730 1061 2786 infantes
1110 2731 1202 2801 qui
1267 2745 1553 2786 numerum
1619 2747 1782 2788 exce-

647 2804 659 2812 .

214 2820 382 2876 dant.
432 2863 446 2873 .
578 2823 592 2838 ’

291 2912 438 2968 Cum
489 2928 620 2984 ergo
671 2920 833 2968 natus
882 2920 1027 2978 esset
1066 2911 1263 2979 Moses.
1311 2917 1559 2970 metuens
1609 2923 1782 2969 mater

201 3002 405 3075 ipsius
435 3020 501 3059 ne
529 3021 560 3060 e
598 3004 776 3059 medio
815 3003 1121 3069 tolleretur,
1151 3003 1540 3073 ipsumtribus
1581 3007 1784 3060 mensi-

217 3092 331 3149 bus
377 3095 706 3150 abscondit:
757 3093 949 3149 deinde
983 3094 1087 3150 sibi
1135 3103 1380 3151 metuens
1413 3094 1633 3166 (nomen
1676 3097 1783 3168 ipsi

214 3195 346 3242 erat
376 3185 679 3265 Jocltabad)
728 3195 963 3244 arcam‘e
984 3187 1166 3257 juncis
1191 3186 1430 3242 confecit
1474 3188 1552 3258 (iu
1589 3190 1725 3258 lege,
1754 3207 1784 3245 e

219 3275 402 3347 limis
429 3277 602 3346 pineis
630 3275 875 3332 confecta
906 3276 1131 3346 dicitur)
1179 3292 1243 3332 ac
1269 3278 1388 3348 pice
1419 3278 1586 3344 intus,
1619 3289 1784 3352 atque

219 3377 383 3424 extra
406 3367 632 3430 oblevit,
671 3368 759 3422 cui
790 3382 1013 3437 puerum
1047 3368 1361 3438 impositum
1398 3371 1452 3424 in
1501 3371 1694 3426 breviat
1717 3370 1783 3426 ad

217 3457 334 3514 Nili
368 3457 523 3513 littus
555 3456 806 3527 projecit,
841 3459 894 3525 in
925 3459 1059 3514 urbe
1094 3456 1244 3513 Dhan
1273 3461 1535 3530 appellata
1562 3503 1577 3526 ,
1620 3465 1783 3518 ditio-

219 3549 313 3607 nis
363 3547 712 3618 Egyptiaeas,
750 3562 863 3616 quo
899 3547 1143 3601 sublatus
1171 3546 1458 3611 ﬂuetibus.
1513 3552 1626 3620 ipsa
1665 3554 1783 3609 non

213 3637 448 3702 sidente
476 3639 941 3710 submergeretur.
978 3636 1228 3707 97-99
1280 3638 1429 3695 Sedit
1461 3653 1646 3695 autem
1692 3642 1783 3696 Mi-

219 3729 366 3782 riam
410 3743 570 3784 soror
619 3727 788 3782 Hosis
820 3742 851 3782 θ
886 3728 1183 3799 luugiuquo
1231 3741 1288 3782 ut
1337 3730 1470 3800 quid
1518 3732 1583 3787 de
1615 3749 1782 3802 puero

221 3817 384 3872 ﬂeret
424 3817 652 3871 videret.
713 3815 1055 3873 Descendens
1095 3834 1227 3888 ergo
1269 3817 1574 3877 Pharaonis
1635 3824 1738 3875 tilia
1762 3862 1778 3888 ,

187 3907 193 3910 ’
221 3910 447 3964 nomine
479 3906 673 3977 Siyun,
704 3915 762 3961 ut
789 3921 847 3962 se
876 3908 928 3961 In
950 3906 1072 3961 Nilo
1113 3897 1373 3974 ablueret,
1407 3913 1591 3966 audito
1626 3913 1776 3981 pueri

221 4000 278 4054 in
311 4012 441 4056 arca
475 4000 679 4068 vagitu,
711 4009 766 4053 et
797 3999 1191 4066 misericordia,
1245 3993 1541 4074 teneroque
1577 4005 1777 4060 aﬂectu

178 4073 182 4078 ’
220 4080 357 4158 erga
388 4090 566 4159 ipsum
595 4098 892 4154 commota,
928 4091 1105 4160 ipsum
1131 4091 1195 4145 ad
1225 4107 1284 4148 se
1311 4073 1535 4163 recepit,
1563 4095 1779 4164 jubeus

222 4181 399 4250 quari
444 4182 709 4235 nutricem
755 4196 876 4250 qua:
921 4181 1097 4250 ipsum
1131 4182 1359 4238 lactaret
1387 4193 1553 4254 atque
1580 4187 1776 4242 educa-

224 4276 337 4324 ret.‘
369 4270 677 4325 Accurreus
721 4284 851 4339 ergo
880 4271 946 4324 ad
991 4272 1170 4340 ipsum
1202 4275 1441 4338 Miriam,
1492 4275 1657 4332 Mosis
1682 4292 1776 4332 so-

213 4350 343 4423 ror,
395 4359 553 4424 dixit,
592 4361 952 4428 ‘quaeslturaiu
999 4377 1058 4415 se
1109 4365 1375 4419 nutricem
1409 4380 1476 4420 ex
1511 4364 1774 4423 lsraelitis

1891 1926 2059 1981 Porro
2092 1942 2237 1981 anno
2263 1927 2387 1982 vita:
2419 1925 2583 1983 Mosis
2619 1923 3070 1998 quinquagesimo
3101 1941 3256 1986 sexto
3299 1948 3444 1986 mor-

1889 2029 2016 2072 tuus
2037 2027 2122 2072 est
2152 2025 2315 2087 pater
2339 2017 2509 2088 ipsius
2543 2021 2767 2082 Amrau,
2798 2021 2956 2090 cujus
2981 2024 3088 2076 vita
3127 2032 3243 2076 erat
3275 2038 3444 2078 anno-

1891 2119 2004 2160 rum
2033 2117 2252 2162 ceutum
2294 2109 2512 2179 triginta
2557 2123 2674 2164 sex.
2724 2109 3122 2180 Pmphetarnnt
3163 2122 3340 2167 autem
3373 2116 3441 2168 'in
3511 2173 3515 2175 _

1887 2194 2120 2266 Egypto
2160 2197 2212 2250 in
2241 2197 2500 2253 lsraelitis
2528 2196 2761 2263 Zaracb,
2797 2214 2826 2254 e
2864 2200 2984 2256 filiis
3013 2200 3184 2266 Iudae,
3215 2200 3393 2255 Zamri
3419 2241 3434 2262 ,

1887 2285 2166 2352 Abiathar,
2207 2285 2456 2352 Haiman,
2507 2285 2729 2354 Haleuc,
2775 2289 2972 2355 Darda,
3008 2300 3063 2346 et
3098 2291 3292 2346 deinde
3327 2293 3441 2347 Mo-

1887 2391 1997 2431 ses.
2041 2375 2470 2432 Fuit-numerus'
2495 2377 2730 2432 ﬁliorum
2782 2378 2949 2452 lsrael
2986 2396 3106 2436 cum
3138 2381 3437 2453 Egyptum

1886 2468 2294 2538 ingrederentur
2316 2467 2595 2522 hominum
2621 2470 2982 2539 septuaginta,
3020 2470 3467 2542 habitaruntqne-

1884 2559 1943 2613 in
1964 2555 2400 2629 Egypto‘annos
2422 2559 2688 2614 ducentos
2718 2569 2774 2614 et
2795 2561 3201 2630 septemdecim,
3240 2579 3268 2616 a
3305 2563 3440 2618 Pha-

1875 2652 2282 2708 raonib‘ussibi
2315 2651 2546 2705 invicem
2580 2651 3001 2726 succedentibus
3038 2655 3091 2708 in
3119 2655 3437 2708 servitutem

1883 2740 2111 2794 redacti.
2133 2738 2288 2806 Quod
2317 2737 2367 2799 si
2392 2738 2592 2793 dixerit
2611 2739 2756 2808 quis,
2780 2741 3043 2810 scriptum
3070 2742 3262 2796 essein
3298 2743 3437 2812 lege,

1884 2816 2021 2878 [illos
2073 2813 2368 2879 Abrahami
2419 2823 2474 2878 in
2509 2824 2792 2880 servitute
2837 2827 3113 2882 detentum
3161 2829 3224 2882 iri
3265 2845 3438 2885 annos

1882 2912 2331 2983 quadringentos,
2382 2912 2458 2985 [in
2511 2914 2620 2969 alio
2671 2917 3155 2986 exemplarl,-tllios
3203 2920 3436 2993 lsraelis]

1883 3001 2160 3068 quomodo
2185 3013 2315 3070 ergo
2344 2999 2494 3056 dicas
2519 3000 2672 3071 ipsos
2703 3003 2959 3060 serviisse
2977 3001 3150 3063 annos
3169 3010 3435 3070 ducentos

1885 3098 1939 3144 et
1973 3089 2396 3158 septemdecim?
2429 3081 2832 3164 respondemus
2859 3089 2997 3165 ipsi,
3019 3102 3230 3155 nescire
3257 3105 3432 3175 ipsum

1884 3194 1913 3233 a
1943 3193 2054 3248 quo
2078 3189 2317 3247 tempore
2349 3187 2646 3249 supputare
2685 3181 2876 3237 debeat
2912 3194 2971 3238 ut
3001 3200 3263 3246 annorum
3300 3212 3434 3266 qua-

1883 3271 2292 3339 dringentorum
2333 3272 2564 3340 spatium
2605 3271 2877 3331 conficiat.
2931 3276 3085 3333 Scias
3119 3282 3433 3357 libro‘legis

1883 3366 2058 3433 primo
2108 3363 2448 3433 101-103
2500 3363 2664 3418 Deum
2717 3367 3050 3434 (cujus'laus
3089 3374 3431 3450 celebranda)

1883 3455 2087 3509 dixisse
2115 3455 2425 3510 Abrahamo
2456 3475 2469 3510 :
2499 3456 2685 3524 Aspice
2713 3459 2897 3512 calum
2938 3472 2984 3514 et
3028 3465 3312 3545 steltnsgs’i
3342 3487 3436 3537 po-

1841 3536 1843 3538 ’
1883 3548 2027 3606 teris.
2058 3562 2348 3614 enumeres,
2394 3549 2468 3600 ita
2511 3545 2662 3614 sitim
2691 3566 2745 3604 se
2796 3551 2999 3626 habebit
3044 3571 3213 3611 semen
3242 3536 3432 3626 tuum,

1887 3637 2029 3692 Dixit
2061 3638 2227 3692 etiam
2261 3637 2363 3706 ipsi
2399 3635 2658 3692 Dominus
2685 3655 2698 3691 :
2729 3638 2848 3708 Ego
2896 3624 3013 3692 s'nm
3065 3641 3314 3696 Dominus
3347 3624 3436 3713 qni

1882 3743 1930 3785 te
1957 3730 2115 3784 eduxi
2147 3745 2174 3781 e
2204 3727 2381 3782 Karra
2403 3719 2768 3782 Chaldawrum
2818 3731 2871 3782 in
2899 3733 3052 3792 hanc,
3073 3749 3228 3800 quant
3259 3735 3351 3787 tibi
3382 3737 3434 3788 in

1881 3819 2235 3887 hereditatem
2287 3807 2407 3870 dedi
2455 3827 2668 3871 terram.
2741 3818 2799 3872 Et
2849 3807 3074 3873 dicenti
3111 3823 3430 3887 Abrahamo,

1880 3908 2101 3963 Domine
2140 3911 2231 3974 mi,
2275 3908 2533 3978 quomodo
2592 3911 2755 3962 sciam
2801 3927 2878 3964 me
2918 3928 3035 3965 eant
3089 3913 3432 3967 Ita'reditatu-

1880 4017 1996 4052 rum
2021 4001 2046 4053 7
2095 4000 2231 4054 dixit
2263 3999 2521 4053 Dominus
2551 4018 2564 4052 :
2597 4000 3122 4071 Acceptis,juoenco,
3155 3988 3338 4071 ariete,
3385 4017 3434 4059 et

1880 4108 2038 4159 capra
2069 4091 2374 4151 triennibus,
2424 4106 2628 4160 unaque
2655 4101 2858 4144 turture
2886 4094 3229 4161 etcolumba,
3273 4097 3434 4163 ipsis-

1877 4200 1972 4253 que
1997 4183 2267 4252 wqualiter'
2293 4182 2496 4246 divisis,
2532 4185 2714 4236 omnia
2740 4185 2972 4251 ipsorum
2998 4188 3229 4240 membra
3271 4204 3308 4246 ο,
3342 4205 3428 4242 νει

1878 4277 2024 4343 gione
2066 4276 2277 4342 parium
2325 4290 2540 4327 suorum
2573 4281 2802 4340 statuas,
2850 4278 3031 4331 avibus
3085 4289 3287 4332 tantum
3330 4296 3374 4332 ne
3400 4297 3432 4334 ιι

1877 4366 2122 4420 divisis’.
2186 4367 2337 4431 Quod
2416 4381 2535 4420 cum
2604 4366 2860 4441 fecisset:
2908 4357 3204 4434 Abraham,
3264 4386 3431 4440 prope

223 4451 481 4523 qua‘ipsi
505 4452 671 4505 ubera
701 4451 965 4520 praeberet
988 4463 1042 4506 et
1070 4451 1294 4508 foveret.
1331 4455 1645 4526 Abiensque
1670 4473 1772 4511 ma-
1808 4448 2061 4514 Deberet
2110 4466 2168 4513 ut
2223 4457 2525 4513 involarent
2561 4473 2688 4514 aves
2753 4459 2806 4513 in
2851 4467 3031 4528 partes
3068 4461 3155 4531 ita
3201 4461 3426 4529 divisas,

226 4551 364 4597 treat
399 4556 552 4595 suam
591 4544 732 4610 (qua:
761 4540 933 4596 Mosls
962 4542 1121 4596 etiam
1161 4547 1351 4614 mater)
1399 4546 1644 4612 adduxit,
1675 4565 1770 4603 ne-

225 4635 433 4690 sciente
472 4631 766 4688 Pharaonis
795 4631 904 4686 illia
935 4633 1106 4704 ipsam
1144 4646 1375 4694 tuatrem.
1409 4638 1526 4705 ejus
1560 4638 1729 4693 fuisse
1755 4681 1770 4705 ,

224 4741 349 4794 qua:
411 4741 632 4796 puerum
697 4727 817 4795 ipsi-
849 4729 1156 4782 lactandum
1208 4736 1372 4797 atque
1425 4729 1765 4783 educandum

230 4818 472 4872 tradidit.

297 4909 430 4964 Cum
481 4920 659 4963 autem
702 4909 1006 4964 aid-aetatem
1038 4909 1146 4978 jam
1185 4909 1396 4986 virilem
1436 4912 1768 4978 pervenisset

232 5000 429 5067 Moses,
458 5014 748 5070 conspecw
791 4993 1032 5055 lsraelita
1071 5000 1305 5069 quodam
1333 5002 1423 5067 qui
1459 4992 1580 5054 cum
1609 5001 1772 5072 Egy-

231 5094 342 5161 ptiu
370 5093 741 5153 c0ntenderet,
777 5092 892 5159 ipse
921 5089 1235 5167 [Egyptium
1269 5088 1472 5143 inﬂicto
1520 5092 1625 5144 ietu
1676 5107 1769 5144 oc-

231 5184 380 5246 cidit,
408 5193 568 5253 atque
597 5184 649 5236 in
689 5197 853 5235 arena
884 5181 1167 5250 sepelivit;
1197 5189 1361 5250 atque
1401 5177 1605 5248 aliquot
1656 5190 1772 5249 post

233 5277 441 5339 diebus,
493 5291 611 5328 cum
646 5276 787 5332 inter
820 5290 878 5327 se
902 5275 1240 5328 certantibus
1267 5273 1527 5328 lsraelitis
1556 5275 1769 5326 duobus

233 5380 569 5436 sequestrum
598 5381 656 5420 se
685 5367 968 5433 ingereret,
1013 5367 1268 5419 dixerunt
1303 5367 1374 5418 illi
1415 5383 1427 5417 :
1478 5366 1680 5419 Forsan
1718 5375 1769 5418 et

236 5445 474 5516 nostrum
502 5461 729 5511 alterunt
783 5457 1166 5512 interfecturus
1222 5474 1280 5511 es
1330 5460 1401 5510 uti
1459 5457 1569 5510 heri
1605 5457 1768 5526 Αἰθι-

237 5554 399 5631 ptium
420 5549 755 5602 interfecisti.
785 5545 960 5610 Quare
988 5561 1234 5602 metuens
1267 5550 1364 5602 sibi
1400 5547 1572 5603 Moses
1599 5549 1652 5601 in
1690 5564 1764 5602 re-

305 5724 565 5791 ‘Gen.xv,
590 5725 704 5778 5-9.
784 5725 956 5783 “ibid.
991 5725 1075 5787 l3,
1111 5727 1196 5779 15.

1879 4564 2168 4620 quassum
2200 4556 2450 4605 vocasset
2496 4547 2795 4614 Abraham,
2831 4550 2931 4604 illa:
2959 4553 3023 4602 ad
3057 4550 3231 4620 ip‘sutu
3266 4567 3428 4607 vene-

1882 4650 2026 4695 runt.
2061 4639 2286 4695 Factum
2311 4651 2398 4695 est
2429 4641 2532 4694 hoc
2555 4644 2618 4693 ad
2649 4655 2902 4696 oceasum
2931 4640 3103 4708 solis;
3148 4650 3430 4712 occupavit

1877 4739 2054 4784 auten
2100 4729 2467 4785 Ahrahamum
2524 4730 2700 4799 quies,
2743 4738 2796 4783 et
2822 4728 2982 4793 timor
3007 4745 3252 4800 magnus,
3303 4749 3430 4799 ομιτ-

1875 4823 2141 4874 rieutibus
2173 4823 2348 4894 ipsum
2386 4820 2624 4876 tenebris
2677 4819 2892 4888 spissis.
2939 4816 3190 4890 Dixitque
3250 4820 3428 4875 Domi-

1875 4895 2298 4964 nus‘Abrahamo
2325 4925 2339 4962 :
2370 4908 2529 4962 Certo
2548 4908 2689 4962 scias
2707 4917 3050 4962 semen-tuum
3067 4899 3425 4976 dubitaturum

1871 5003 1923 5053 in
1978 5011 2115 5068 terra
2161 5001 2461 5069 peregrina,
2496 5001 2550 5052 in
2570 5016 2674 5070 qua
2706 4997 3022 5054 laborabunt
3051 4997 3104 5073 in
3129 5003 3423 5055 servitutem

1873 5091 2070 5143 redacti
2101 5072 2267 5143 xannis
2319 5076 2735 5158 quadringentis.
2762 5091 2870 5157 Ego
2913 5103 3030 5142 vero
3075 5089 3419 5156 judicaturus

1872 5197 1984 5234 sum
2007 5189 2208 5248 gentem
2227 5196 2344 5248 gum
2368 5196 2453 5233 eos
2485 5181 2536 5233 in
2557 5180 2856 5234 servitutem
2881 5178 3076 5250 rediget
3114 5182 3426 5250 exibuntqne

1877 5271 2080 5323 tondent
2130 5274 2181 5324 in
2222 5271 2356 5325 Itutic
2379 5275 2550 5327 locum
2581 5292 2695 5328 cum
2732 5277 2911 5344 opibus
2951 5278 3176 5346 magnis.
3219 5279 3292 5331 Tu
3320 5298 3419 5330 an-

1878 5375 1977 5416 tem
2025 5365 2090 5414 ad
2130 5375 2305 5431 patres
2353 5361 2478 5419 tuas
2525 5369 2575 5419 in
2625 5383 2754 5434 pace
2802 5367 3120 5432 translatus,
3163 5383 3423 5424 senectute

1878 5457 1998 5507 bene
2024 5467 2143 5506 acta
2176 5458 2431 5521 sepelieris
2457 5460 2493 5511 ⁸.
2529 5457 2641 5510 Jnm
2667 5461 2732 5511 ab
2757 5460 2862 5512 isto
2887 5469 3124 5528 tempore
3151 5477 3256 5528 quo
3286 5466 3420 5516 ditit

1880 5546 2130 5599 Dutttitttts
2191 5547 2513 5611 Abrahatno,
2540 5548 2721 5613 Semen
2747 5561 2892 5605 suum
2922 5552 3107 5604 servire
3137 5553 3324 5618 [ocimi
3350 5572 3415 5605 an
