4138 6468
590 281 689 346 931

1602 289 1966 348 EUTYCIIH
1999 285 2402 346 ALEXAND“
2420 289 2524 346 IN!
2560 285 2777 345 PATR.

3691 293 3793 356 939.

587 399 667 449 ttt's
707 397 1124 468 quaaringcntis,
1154 398 1555 466 supputandnnt
1582 409 1662 452 est
1694 401 1760 453 ad
1798 408 2009 468 tempus
2027 399 2140 449 exi-
2172 392 2210 458 Α
2245 397 2423 467 fregit,
2471 398 2664 456 deinde
2718 400 2910 452 iterum
2959 399 3212 454 collectas
3260 402 3310 454 in
3360 415 3483 455 arca
3538 408 3792 470 reposuit.

585 503 674 545 tus
717 492 1079 545 lsraelitarnm
1115 507 1178 543 ex
1214 491 1469 562 Egypto,
1497 494 1637 560 quod
1665 493 1929 560 intelligas
1954 493 2132 544 velim.

587 584 874 637 Dimitteus
899 584 1058 654 igitur
1079 582 1289 638 Pharao
1308 581 1464 653 104
1487 583 1931 649 lsraelitas,dixit
1960 583 2092 650 ipsis
2122 600 2134 634 :

583 676 718 730 Cum
775 675 924 731 Mosc
969 675 1198 744 profecti
1231 691 1354 729 cum
1386 673 1617 729 Domino
1646 682 1829 729 vestro
1868 674 1920 726 itt
1961 682 2140 726 tnonte

583 777 775 824 sancto
809 769 1127 829 servieritis,
1159 776 1278 837 post
1309 768 1550 823 triduum
1607 766 1659 820 in
1694 767 1872 820 locum
1903 777 2139 819 vestrum

585 861 942 915 revertimini.
973 859 1144 935 Jusstt
1170 870 1352 916 autem
1393 858 1568 914 Moses
1613 857 1840 912 feminas
1886 855 2139 910 Israeliti-

582 967 676 1006 cas
716 961 894 1006 vestes
925 935 979 1004 et
1025 949 1343 1005 ornamenta
1397 949 1466 1003 ab
1513 947 1786 1018 £gyptiis
1831 952 2022 1000 mutuo
2051 958 2143 996 ac-

584 1053 743 1112 cepta
791 1043 1038 1102 induere.
1083 1043 1226 1111 quod
1272 1051 1324 1095 et
1375 1041 1646 1096 fecerunt.
1691 1040 1844 1108 Ipsos
1874 1038 2047 1108 igitur.
2075 1050 2139 1090 ex

585 1135 822 1204 Algyjuo
872 1135 1058 1188 eduxit
1110 1133 1303 1197 Moses,
1357 1146 1582 1186 numero
1630 1129 1940 1186 sexcenties
1974 1127 2138 1181 tnille.

584 1227 722 1289 Quin
771 1234 823 1276 et
868 1223 1021 1291 jussu
1052 1222 1214 1275 Mosis
1238 1222 1473 1276 divisum
1506 1230 1591 1275 est
1621 1220 1754 1290 ipsis
1795 1218 2133 1285 mare,zadeo

585 1317 1099 1382 utntedittntipsum
1129 1315 1546 1383 pertransirent.
1594 1311 1922 1367 l'tenitentia
1959 1319 2139 1363 autent

584 1418 763 1463 motus
794 1409 1006 1460 Pharao
1041 1407 1187 1474 quod
1224 1407 1499 1460 lsraelitas
1539 1396 1836 1459 dimisisset
1874 1401 2003 1472 (fuit
2043 1416 2141 1455 au-

585 1510 691 1552 tem
746 1499 1016 1552 Pharaoni
1079 1497 1145 1550 de
1196 1512 1304 1564 quo
1348 1481 1592 1564 loquitur
1660 1493 1876 1557 lloses,
1946 1509 2140 1547 nomen

584 1587 796 1656 Antius)
833 1602 953 1641 cum
998 1588 1267 1641 sexcentis
1310 1601 1533 1639 suorum
1568 1583 1807 1639 millibus
1849 1599 2103 1656 egressus
2127 1624 2141 1646 ,

585 1681 864 1734 insecutus
891 1689 973 1733 est
999 1680 1190 1746 ipsos;
1226 1685 1276 1731 at
1323 1677 1682 1748 reﬂuentibus
1719 1679 1773 1732 in
1810 1680 1956 1744 ipsos
1988 1682 2144 1748 aquis

583 1770 902 1826 snbttterStis
946 1780 1029 1823 est
1076 1785 1199 1824 cum
1244 1768 1396 1836 suis,
1443 1769 1579 1823 adeo
1623 1777 1680 1822 ut
1732 1771 1833 1823 nec
1890 1758 2030 1822 unus
2080 1786 2143 1822 ex
2180 1745 2219 1799 Β

585 1862 719 1930 ipsis
749 1863 932 1916 salvus
959 1861 1232 1916 evaderet.
1265 1861 1383 1915 .lam
1411 1863 1479 1915 ab
1496 1863 1807 1917 Abraltatno
1836 1863 1900 1916 ad
1929 1863 2147 1918 Israeli-

588 1963 762 2007 tarutu
802 1969 867 2006 ex
917 1952 1149 2022 Egypto
1195 1954 1401 2007 exitum
1437 1955 1563 2007 anui
1611 1963 1736 2007 sunt
1777 1955 2053 2023 quingenti
2096 1963 2149 2008 et

584 2056 810 2113 septem.
846 2042 889 2096 A
921 2043 1156 2097 Phaleko
1179 2043 1248 2097 ad
1285 2044 1532 2112 ipsorum
1559 2044 1763 2098 exitum
1789 2083 1802 2106 ,
1845 2044 1971 2097 anni
2005 2045 2149 2098 mille

587 2135 946 2203 quadraginta
989 2143 1131 2186 octo.
1175 2133 1219 2186 Α
1283 2134 1486 2188 diluvio
1537 2134 1683 2189 mille
1717 2134 1996 2204 quingenti
2060 2149 2148 2186 se-

589 2229 867 2298 ptuaginta
900 2242 1096 2279 novent
1152 2245 1165 2279 :
1216 2226 1285 2279 ab
1321 2225 1529 2280 Adamn
1557 2238 1637 2280 ter
1679 2227 1822 2287 mille
1853 2226 2147 2295 octingenti

587 2319 807 2387 triginta
854 2318 1116 2385 quinque.
1153 2315 1608 2372 Permaneutibus
1656 2326 1836 2368 autem
1882 2313 2148 2369 lsraelitis

588 2412 641 2463 itt
674 2410 890 2464 deserto
914 2394 1470 2478 qttadraginta‘annis
1510 2408 1722 2476 depluit
1755 2407 1822 2460 ad
1869 2407 2017 2476 ipsos
2039 2405 2149 2459 Do-

590 2504 768 2555 minus
800 2514 1052 2552 mannaut
1085 2509 1136 2555 et
1169 2503 1495 2558 coturnices.
1534 2498 1702 2553 Porro
1737 2501 1790 2554 in
1814 2500 2028 2554 deserto
2050 2504 2146 2568 dp-

589 2600 893 2661 pugnaruut
930 2591 1055 2644 illos
1081 2590 1398 2644 Atualrkitrc
1427 2601 1480 2644 et
1519 2589 1785 2651 l’Jtilisttei
1805 2632 1819 2653 ,
1857 2592 1992 2644 adeo
2020 2597 2077 2643 ut
2105 2590 2147 2643 si

589 2672 806 2752 quando
850 2680 1180 2734 Palestinam
1246 2689 1508 2749 peterent,
1565 2681 1656 2743 ab,
1688 2699 1748 2736 ea
1793 2689 2147 2744 arcerentur;

591 2778 747 2829 atttsi
786 2775 1211 2828 Amalekitarutn
1247 2778 1495 2842 plagam,
1532 2775 1670 2827 bello
1701 2776 1771 2827 ab
1801 2775 1933 2843 ipsis
1979 2775 2152 2826 laces-

598 2868 710 2926 siti.
767 2878 929 2935 atque
979 2848 1222 2936 impediti
1257 2865 1494 2928 fuerint;
1530 2865 1672 2933 quod
1712 2866 1756 2917 si
1822 2865 2053 2917 reditum
2097 2864 2148 2916 in

585 2958 880 3028 Egyptum
935 2958 1355 3018 meditarentur,
1427 2956 1494 3009 ab
1563 2956 1684 3022 ejus
1716 2956 1912 3009 incolis
1952 2949 2158 3008 timuei

2238 491 2494 546 Confecto
2515 491 2671 543 etiam
2693 494 3040 565 tabernaculo
3067 494 3345 562 Temporis
3360 511 3423 549 ex
3450 495 3797 566 Israelitidttin

2241 594 2394 647 neto,
2430 583 2610 650 posuit
2642 582 2696 635 itt
2735 582 2850 650 ipso
2872 581 3050 638 Moses
3089 589 3387 640 sacrarium
3420 625 3438 649 ,
3475 587 3526 638 itt
3570 603 3675 656 quo
3716 605 3800 642 sa-
3834 646 3838 650 ,

2242 674 2480 728 certlotis
2511 688 2707 727 munus
2741 674 2906 728 obivit
2949 674 3112 729 frater
3145 678 3312 746 ipsius
3367 679 3573 746 Aitl'OJl.
3635 677 3802 733 Cunt-

2242 781 2348 835 que
2380 781 2407 818 a
2441 766 2809 834 serpentibus,
2837 781 3077 835 quorum
3107 784 3303 838 magna
3330 772 3430 837 fuit
3478 773 3532 824 itt
3587 773 3802 824 deserto

2242 859 2421 927 copia,
2455 859 2544 913 icti
2573 867 2734 928 atque
2789 858 3058 914 interfecti
3109 859 3368 915 Israelita:
3407 876 3562 931 opem
3587 876 3615 914 a
3660 860 3805 914 Mose

2245 950 2822 1020 implorarent,jussit
2870 953 3042 1022 ipsum
3102 941 3362 1007 Dominus
3404 955 3692 1008 conflatum
3737 969 3803 1006 ex

2233 1057 2346 1095 are
2371 1054 2675 1112 serpentem
2705 1045 2922 1108 vexillo,
2952 1045 3095 1112 quod
3129 1045 3182 1097 in
3211 1045 3403 1098 mediis
3437 1047 3802 1100 Israelitarnm

2245 1134 2443 1187 castris
2469 1135 2715 1202 erigeret,
2747 1144 3113 1190 transversmn
3147 1136 3402 1204 inﬁgere;
3432 1153 3539 1205 quo
3565 1177 3579 1199 ,
3603 1138 3646 1191 si
3683 1137 3807 1204 quis

2243 1242 2309 1281 ex
2346 1227 2479 1296 ipsis
2511 1243 2538 1280 a
2569 1235 2822 1296 serpente
2860 1243 3077 1281 morsus
3122 1211 3427 1296 serpentem
3477 1245 3676 1283 aereum
3725 1246 3810 1282 re-

2246 1310 2497 1389 spiceret,
2532 1320 2736 1372 nullam
2769 1335 2797 1371 a
2833 1335 3041 1373 veneno
3069 1335 3264 1372 noxam
3313 1323 3556 1376 sentiret.
3609 1321 3804 1374 .‘llorttti

2247 1420 2374 1486 sunt
2399 1421 2575 1465 autem
2610 1409 2809 1474 Moses,
2844 1412 3026 1465 Altron
3060 1421 3112 1466 et
3140 1411 3347 1464 Miriam
3383 1427 3535 1466 soror
3564 1414 3804 1479 ipsorum

2247 1502 2436 1556 eodem
2470 1518 2611 1555 anno
2641 1491 2956 1567 ittdeserto,
2997 1516 3115 1572 post
3166 1520 3341 1557 annos
3392 1505 3446 1556 itt
3496 1503 3614 1570 ipso
3676 1518 3812 1571 qua-

2247 1595 2494 1662 draginta
2552 1596 2863 1663 insuutptos
2914 1596 3188 1664 :obeuttte
3248 1583 3421 1663 primo
3470 1593 3676 1646 Blir'taut
3723 1593 3812 1645 die

2248 1696 2405 1737 sexto
2444 1684 2608 1738 Nisan
2639 1685 2768 1755 (qui
2804 1695 2888 1740 est
2919 1685 3261 1755 Barmudalt)
3315 1700 3486 1739 annos
3531 1682 3651 1736 nata
3686 1699 3815 1737 ca-tz-

2250 1784 2362 1827 tum
2398 1777 2582 1843 viginti
2625 1792 2682 1830 se
2697 1787 2839 1852 ptem
2871 1797 2885 1841 ;
2918 1778 3111 1831 deinde
3137 1778 3372 1838 Altrone,
3400 1777 3574 1842 primo
3611 1775 3814 1826 mensis

2249 1869 2330 1921 Ab
2359 1868 2468 1937 (qui
2497 1878 2579 1922 est
2603 1868 2863 1934 Mesltra),
2901 1869 2992 1937 qtti
3020 1879 3075 1921 et
3104 1868 3352 1936 sepultus
3411 1878 3493 1920 est
3540 1870 3590 1918 itt
3632 1875 3816 1918 mente

2249 1962 2362 2015 Hor
2385 2003 2400 2025 ,
2434 1977 2605 2016 annos
2653 1971 2811 2033 natus
2860 1971 3074 2015 centum
3105 1960 3290 2029 viginti
3335 1972 3477 2022 tres;
3537 1957 3766 2028 (ultimo
3796 1954 3815 2026 ]

2247 2053 2393 2107 Mose
2419 2053 2491 2121 (ρ.
2525 2053 2605 2121 p.)
2642 2054 2728 2107 die
2757 2053 2988 2121 septimo
3028 2054 3190 2104 Adari
3225 2051 3338 2119 (qui
3391 2060 3470 2103 est
3501 2045 3815 2116 Bortnaltat]

2248 2147 2302 2199 in
2331 2149 2544 2214 regione
2577 2145 2751 2207 Moab,
2787 2145 2874 2199 ttbi
2907 2146 3039 2198 etin
3097 2143 3234 2196 valle
3282 2143 3516 2210 quodam
3567 2140 3819 2208 sepultus

2247 2247 2352 2299 est,
2389 2252 2509 2290 cum
2567 2251 2834 2289 annorum
2889 2243 3034 2290 esset
3076 2246 3291 2289 centum
3355 2234 3562 2302 viginti.
3605 2231 3818 2284 Mortuo

2248 2331 2414 2389 Mose,
2449 2329 2648 2396 populo
2685 2328 2915 2396 regendo
2964 2325 3252 2395 praefectus
3295 2334 3379 2379 est
3421 2323 3624 2386 Josua,
3670 2320 3815 2375 Noui

2251 2418 2415 2482 filius,
2447 2434 2622 2472 annos
2651 2421 2868 2485 triginta
2897 2427 2946 2473 et
2983 2432 3149 2470 unum
3184 2433 3200 2470 :
3228 2417 3319 2485 qui
3347 2431 3470 2470 cum
3521 2413 3814 2468 Jordancm

2250 2509 2576 2576 transiisset,
2617 2517 2818 2578 septem
2884 2510 3002 2561 dies
3060 2508 3125 2561 ad
3178 2507 3530 2561 obsidendam
3598 2503 3816 2558 J‘ericlto

2252 2600 2609 2668 109-111
2649 2589 2911 2654 substitit.
2944 2598 3036 2652 Die
3065 2600 3315 2668 septimo.
3337 2612 3458 2653 cum
3481 2597 3626 2651 tubis
3670 2595 3813 2647 circa

2251 2694 2434 2745 urbem
2465 2692 2840 2760 clangentibns
2872 2731 2887 2750 .
2912 2699 3077 2760 atque
3126 2690 3553 2744 vociferantibus
3603 2688 3820 2741 Israeli-

2251 2786 2346 2846 tis,
2389 2798 2496 2850 prae
2524 2783 2782 2837 clamoris
2815 2792 2867 2836 et
2898 2783 3172 2853 clangoris
3202 2783 3545 2836 vehementia
3580 2780 3812 2834 cecidis-

2251 2885 2331 2929 set
2361 2858 2511 2930 urbis
2542 2866 2846 2939 munimen,
2873 2883 3137 2945 quotquot
3173 2875 3225 2928 in
3254 2874 3384 2927 urbe
3407 2874 3623 2929 fuerant
3643 2871 3815 2936 viros,

2251 2982 2473 3036 pueros,
2508 2965 2761 3030 feminas,
2793 2968 2908 3020 neci
2939 2965 3108 3020 dedit.

588 3064 735 3103 ιὐηίο
767 3050 832 3126 Ei
868 3050 1257 3118 Prophcmm'“
1315 3045 1661 3136 105'107
1705 3046 1754 3096 i"
1797 3045 2026 3136 defﬁl‘:
2052 3042 2146 3136 mli
2175 3077 2222 3136 ο
2323 3060 2492 3128 Capta
2525 3056 2841 3125 Jericltente
2886 3060 2939 3112 in
2992 3058 3112 3127 ejus
3160 3057 3556 3127 campestribus
3608 3058 3817 3114 Pascha

588 3140 788 3194 Koralti
820 3154 981 3207 quem
1011 3138 1280 3204 absorpsit
1306 3147 1468 3200 terra,
1493 3134 1750 3187 videlicet
1783 3134 1963 3198 Asbir,
1990 3131 2148 3186 Elka-

590 3234 721 3296 nali,
744 3230 1079 3299 etAttisaph.
1105 3230 1406 3296 Absorptus
1427 3240 1604 3278 autem
1623 3238 1705 3279 est
1728 3225 1904 3278 Koralt
1923 3224 2065 3293 quod
2091 3240 2148 3279 se

589 3338 753 3391 supra
805 3319 988 3374 Mosen
1043 3319 1328 3374 extolleret
1381 3319 1541 3385 eique
1585 3315 1914 3369 convitiatus
1980 3323 2144 3379 esset,

589 3433 707 3484 quze
741 3424 792 3467 ct
815 3415 1137 3482 (imperante
1187 3421 1346 3463 terrm
1401 3409 1564 3474 Mosc)
1594 3408 1767 3475 ipsunt
1802 3422 1924 3459 cum
1967 3409 2148 3460 ta‘ber-

592 3510 783 3561 naculo
830 3520 1227 3573 suo,.qu:eque
1274 3504 1376 3572 ipsi
1424 3512 1578 3555 erasit
1634 3503 1887 3556 omnibus
1918 3505 2145 3555 devora-

591 3604 687 3653 vit.

661 3696 826 3746 Porro
858 3689 1267 3744 uumerautibus
1311 3688 1456 3742 Mosc
1499 3697 1553 3742 et
1600 3689 1818 3743 Altrone
1877 3689 2147 3746 lsraelitas

588 3801 709 3847 cum
737 3785 788 3836 in
817 3783 1032 3836 deserto
1064 3790 1269 3845 essent,
1307 3795 1494 3834 omnes
1523 3782 1692 3834 armis
1728 3783 2003 3850 gestaudis
2036 3780 2150 3833 ido-

593 3891 743 3937 tteos,
769 3874 954 3942 viginti
997 3884 1051 3927 et
1081 3874 1223 3941 quod
1252 3872 1495 3935 exettrrit
1527 3886 1699 3926 annos
1729 3880 1901 3937 natos,
1926 3887 2148 3942 excep'a

599 3969 738 4019 tribu
775 3966 923 4027 Levi,
966 3966 1184 4034 fuerunt
1214 3965 1492 4018 hominum
1517 3964 1653 4018 ultra
1687 3965 1986 4017 sexcenties
2007 3965 2150 4017 mille

597 4060 696 4111 tria
741 4058 905 4109 millia
939 4058 1219 4126 quingenti
1255 4068 1305 4109 et
1361 4057 1773 4126 quinquaginta.
1818 4057 2014 4109 chitre
2059 4073 2152 4108 :tu-

591 4158 718 4211 tetu,
747 4165 868 4200 eum
901 4150 1160 4216 ipsorum,
1186 4129 1451 4216 quotquot
1476 4163 1709 4199 mensem
1739 4163 1905 4200 unum
1931 4148 2148 4214 etquod

591 4244 728 4294 ultra
764 4245 975 4299 estnati
1009 4253 1208 4307 essent,
1236 4257 1515 4294 numerum
1552 4241 1848 4308 cepissent,
1882 4244 2045 4296 vicies
2069 4241 2151 4295 bis

592 4335 738 4387 tuille
771 4334 989 4386 ducenti
1021 4335 1362 4402 septuaginta
1395 4342 1504 4386 tres
1543 4333 1781 4387 fuerunt.
1812 4334 1882 4386 Ita
1934 4334 2152 4386 fuerunt

2253 3150 2568 3206 celebravit.
2598 3148 2806 3202 Deinde
2839 3150 3139 3203 exercitum
3169 3149 3234 3204 ad
3273 3152 3461 3205 urbem
3509 3151 3609 3204 Ani
3630 3159 3687 3205 ct
3720 3151 3820 3205 Bc.

2257 3241 2364 3294 tltel
2401 3241 2682 3310 praemisit,
2715 3242 2805 3310 qui
2841 3241 2991 3295 urbis
3016 3249 3216 3296 statum
3242 3227 3606 3311 explorarent.
3646 3242 3818 3297 Cum-

2255 3349 2360 3402 que
2390 3336 2664 3402 congressi
2710 3333 2810 3386 Ani
2890 3333 3079 3386 incolae
3131 3348 3161 3387 e
3213 3330 3395 3387 Josua:
3449 3326 3612 3406 sociis
3669 3333 3816 3387 viros

2258 3421 2475 3489 triginta
2515 3436 2608 3474 sex
2651 3421 3071 3485 interfecissent,
3109 3421 3275 3475 Josua
3311 3431 3501 3476 centra
3544 3438 3660 3476 eam
3713 3425 3814 3475 Iri-

2259 3513 2370 3566 eirs
2403 3513 2546 3566 mille
2573 3514 2772 3578 emisit,
2819 3528 2955 3582 quos
2988 3525 3205 3568 secutus
3249 3524 3332 3568 est
3383 3513 3493 3581 ipse
3522 3528 3644 3567 cum
3681 3513 3818 3567 insi.

2257 3606 2381 3658 diis.
2416 3605 2713 3673 Pt-ogrcsso
2736 3620 2864 3674 ergo
2906 3619 3030 3674 rege
3058 3605 3156 3658 Ani
3190 3603 3253 3659 ad
3279 3620 3437 3659 exere
3464 3614 3572 3658 t-tut
3613 3602 3653 3656 .l.
3677 3620 3704 3659 ε
3733 3622 3815 3669 -εν,

2255 3707 2535 3750 cchcrttnt
2565 3696 2697 3762 ipsis
2726 3695 2980 3750 lsraclitze
3014 3696 3184 3765 donec
3212 3694 3278 3747 ab
3307 3695 3439 3747 urbe
3490 3695 3700 3762 longius
3727 3693 3810 3744 di.

2257 3788 2601 3851 scessissent,
2631 3801 2790 3856 quam
2821 3788 3098 3856 ingressus
3136 3784 3301 3840 Josua
3355 3801 3476 3839 cum
3527 3784 3816 3839 insidiato-

2259 3878 2408 3932 ribus
2440 3878 2612 3946 ipsam
2650 3885 2912 3930 vastatam
2960 3877 3081 3946 igne
3143 3875 3466 3943 absumpsit,
3516 3873 3817 3928 interfectis

2257 3967 2348 4035 qtti
2378 3968 2429 4020 itt
2454 3981 2516 4020 ea
2552 3966 2765 4020 fuerant
2796 3975 2904 4018 tam
2949 3966 3078 4020 vit-is
3113 3981 3275 4034 quam
3326 3966 3563 4038 feminis.
3614 3963 3813 4035 Regem

2259 4059 2455 4113 deinde
2479 4059 2597 4126 ejus
2622 4059 2921 4122 insecutus,
2952 4057 3129 4111 socios
3164 4057 3337 4125 ipsius
3360 4057 3579 4120 octidit,
3617 4057 3817 4123 ipsum,

2257 4151 2351 4216 qui
2389 4149 2544 4200 vivus
2588 4156 2779 4215 captus
2831 4156 2947 4211 est,
3006 4146 3163 4199 morti
3213 4144 3467 4216 traditum
3512 4147 3816 4213 suspendit.

2262 4242 2625 4307 Ascettditque
2709 4237 2875 4292 Josua
2960 4251 3080 4290 cum
3143 4236 3402 4292 lsraelitis
3460 4240 3512 4290 in
3578 4247 3812 4305 montem

2261 4330 2464 4401 [terrae]
2491 4332 2912 4385 Chanaaniticm.
2942 4328 3112 4383 Porro
3139 4345 3259 4382 cum
3289 4329 3541 4383 Israelita:
3568 4328 3819 4398 quadra-

591 4441 948 4494 omnes,quos
981 4435 1338 4479 numerarunt
1371 4425 1545 4488 Moses
1580 4435 1630 4480 et
1663 4427 1868 4489 Ahron,
1895 4425 2146 4480 lsmelita:
2185 4430 2226 4484 υ
2257 4426 2422 4492 ginta,
2453 4423 2651 4491 quibus
2687 4425 2735 4476 in
2786 4423 3005 4477 deserto
3065 4431 3240 4487 erant,
3294 4422 3452 4476 annis
3506 4423 3817 4476 CerIIIIIclSl

594 4534 819 4573 numero
851 4521 989 4571 ultra
1015 4521 1318 4571 sexcenties
1338 4519 1482 4571 mille
1506 4521 1673 4572 vicies
1695 4519 1980 4587 quinquies
2009 4520 2152 4572 mille

591 4611 883 4679 octingenti
921 4610 1103 4678 viginti
1141 4620 1268 4664 tres.
1302 4609 1471 4662 Porro
1510 4610 1781 4665 interfecit
1822 4613 1995 4665 Moses
2026 4615 2148 4666 tlttttt

593 4705 642 4757 itt
676 4706 890 4757 deserto
918 4713 1084 4764 esset,
1123 4701 1381 4755 Slltoucm
1418 4719 1592 4772 regem
1623 4702 1916 4766 Ilesltboni,
1942 4715 1992 4757 et
2022 4707 2151 4760 viris

590 4796 805 4856 occisis,
845 4794 1172 4862 feminisque
1201 4795 1427 4861 captivis
1462 4795 1617 4847 factis
1658 4834 1670 4855 ,
1724 4796 1960 4862 ipsorum
1978 4790 2151 4864 pagos

592 4885 844 4938 vastavit.
875 4887 1036 4938 Caeso
1065 4884 1224 4937 etiam
1258 4901 1377 4951 rege.
1418 4885 1610 4937 Midian
1645 4926 1656 4944 .
1686 4894 1844 4954 atque
1875 4888 2003 4940 urbe
2049 4903 2153 4939 ex-

590 4978 705 5030 cisa
744 4978 890 5029 viros
925 4989 1231 5042 puerosque
1268 4975 1381 5026 neci
1424 4974 1569 5025 dedit
1601 5013 1612 5032 ,
1653 4973 1879 5028 feminas
1906 4975 2151 5043 captivas

591 5068 835 5120 abduxit.
875 5068 1183 5133 Eodemque
1215 5065 1374 5118 tnodo
1400 5080 1575 5132 regem
1596 5064 1675 5132 0g
1699 5080 1728 5116 e
1759 5066 1935 5119 medio
1965 5075 2151 5118 sustu-

590 5160 672 5222 lit,
716 5161 848 5212 urbe
887 5159 1058 5225 ipsius
1098 5159 1364 5221 dcsolata,
1408 5157 1708 5210 interfectis
1743 5157 1874 5210 viris
1926 5173 1985 5211 ac
2019 5174 2152 5227 puev

588 5254 686 5312 ris,
725 5250 938 5303 feminis
962 5249 1158 5318 captis.
1183 5247 1593 5302 Conscendente
1621 5257 1800 5300 autem
1827 5248 1970 5302 Mose
1999 5265 2150 5302 mon-

590 5356 692 5397 tem
726 5344 867 5397 Sina:
889 5342 1112 5396 tradidit
1148 5343 1250 5411 ipsi
1301 5341 1562 5393 Dominus
1603 5340 1767 5409 legem
1821 5342 2014 5395 tabulis
2067 5344 2149 5394 in-

587 5438 839 5502 scriptam
876 5454 887 5485 :
923 5444 973 5485 at
1011 5449 1129 5487 cum
1167 5434 1231 5486 de
1292 5440 1473 5483 monte
1519 5431 1889 5484 descendisset
1945 5433 2147 5486 invenit

587 5527 878 5588 lsrariilas,
907 5527 1048 5592 quod
1080 5540 1141 5577 ex
1181 5523 1338 5592 108
1388 5522 1522 5576 fusis
1579 5524 1865 5574 mulierum
1923 5538 2146 5578 suarum

586 5619 916 5671 oruuucutis
947 5619 1258 5684 prodierat,
1289 5615 1438 5667 vituli
1490 5623 1655 5683 caput
1714 5615 1974 5670 colentes.
2017 5615 2144 5679 Qui-

588 5715 685 5766 bus
718 5710 1024 5778 conspectis
1053 5710 1266 5765 tabulas
1296 5724 1323 5762 c
1354 5723 1513 5760 manu
1555 5724 1650 5762 sua
1716 5708 1953 5777 abjectas
2009 5722 2134 5761 con-

2257 4530 2364 4568 nau
2401 4514 2651 4577 fuissent,
2684 4516 2794 4574 ubi.
2822 4513 3056 4567 Jordaue
3090 4495 3291 4582 εἶηυίυ
3345 4515 3730 4580 circumjacrnt
3764 4530 3818 4567 tn

2258 4617 2575 4675 potestatem
2612 4607 2862 4669 redactis,
2894 4621 3013 4658 cum
3054 4607 3303 4673 gentibus
3335 4591 3815 4674 pertnisrercutnr,

2252 4699 2414 4766 jussit
2442 4699 2696 4749 Dominus
2725 4697 2973 4760 Josuam,
3014 4699 3205 4750 ettltrts
3240 4713 3268 4750 c
3302 4698 3478 4768 lapide
3517 4699 3654 4749 duro
3688 4714 3820 4750 cnn-

2257 4791 2412 4842 fectis
2444 4792 2588 4857 ipsos
2615 4792 3031 4851 circumcidere,
3066 4790 3206 4857 quod
3233 4801 3283 4842 et
3313 4791 3455 4843 fecit.
3485 4789 3599 4858 (Est
3633 4801 3812 4844 autem

2257 4883 2574 4951 [Ethinputu
2608 4900 2739 4952 gens
2766 4890 3006 4952 quedam
3041 4883 3298 4951 Al-Najab
3348 4885 3487 4937 dicta
3522 4901 3641 4954 qua?
3675 4887 3814 4939 itlt-tn

2263 4978 2436 5029 adhuc
2469 4976 2657 5043 facit.)
2687 4977 2843 5044 112
2881 4975 3173 5044 Descripsit
3194 4979 3350 5030 etiam
3387 4977 3817 5032 lsraelitis-Deu-

2257 5066 2649 5127 tcronomiutn,
2686 5079 2911 5133 quaeque
2945 5066 2994 5117 itt
3026 5080 3087 5118 ea
3118 5067 3462 5119 continentur
3485 5067 3731 5119 benedtct
3756 5086 3820 5122 0-

2260 5173 2354 5209 ncs
2379 5166 2431 5210 et
2474 5158 2904 5210 maledic-tiones.

2329 5249 2427 5303 Ubi
2457 5258 2633 5302 autem
2673 5251 2737 5300 ad
2771 5265 2946 5316 regem
2975 5249 3233 5304 Gibeonis
3263 5251 3596 5320 pervenisset
3638 5251 3818 5305 .losu:e

2255 5340 2414 5403 fama,
2449 5340 2535 5392 ille
2561 5356 2653 5406 per
2698 5342 2903 5395 litteras
2967 5343 3206 5410 ab_ipso
3262 5345 3608 5398 securitatem
3663 5345 3816 5412 petiit

2254 5432 2436 5483 multis
2468 5430 2562 5497 ipsi
2597 5429 2776 5484 missis
2803 5434 3146 5499 muneribus;
3178 5449 3347 5501 quare
3372 5435 3548 5503 ipsum
3578 5437 3630 5488 in
3653 5437 3811 5490 fidem

2233 5532 2524 5589 ‘I‘CCcplum
2574 5523 2693 5577 loco
2746 5539 2844 5577 suo
2909 5540 3220 5593 permanere
3274 5529 3542 5595 permisit.
3602 5515 3669 5582 At
3721 5545 3812 5584 rex
3874 5567 3879 5576 -

2251 5614 2577 5682 Jerusalem,
2612 5617 2700 5669 cui
2736 5632 2928 5670 nomen
2958 5617 3188 5672 Niscdck
3215 5660 3229 5684 ,
3271 5634 3366 5673 rex
3418 5620 3634 5674 lleltron
3661 5665 3676 5686 ,
3719 5636 3814 5676 rex

2248 5707 2532 5773 Yarmutlt,
2566 5722 2656 5763 rex
2692 5705 2924 5763 Lacltish
2972 5718 3021 5763 ct
3059 5722 3146 5762 res
3186 5708 3419 5766 Askclon
3447 5749 3463 5777 ,
3499 5711 3683 5766 audito
3725 5725 3814 5766 re-
