4038 6472
177 386 291 449 933

1629 368 1999 444 ANNALES.

3316 384 3420 445 934

158 518 284 569 go‘ttl
316 502 588 558 Gibeonis
621 519 676 557 sc
709 504 759 554 in
798 500 973 554 losum,
999 500 1089 554 ﬁlii
1140 499 1259 554 Nun
1298 489 1454 554 tidem
1500 501 1717 554 dedisse
1739 543 1752 563 ,
1786 507 1828 560 Α
1858 503 1958 558 cim
1988 518 2160 555 annos
2196 502 2485 569 insumpsit
2521 499 2715 570 [tutu]
2751 502 3003 570 populum
3057 503 3110 554 in
3153 504 3420 569 tranquil-

158 594 432 647 collectis
458 595 654 663 copiis,
696 593 880 646 urbem
905 590 1074 645 Gilien
1109 592 1346 660 aggressi
1370 602 1486 644 eam
1530 591 1754 646 obsede-

157 694 318 748 runt,
347 687 519 754 cujus
573 687 646 738 rei
697 664 914 737 Jbsuam
978 684 1198 750 scriptis
1233 682 1298 736 ad
1337 681 1511 751 ipsum
1560 682 1755 737 litteris

150 779 472 832 certiorem
506 777 629 831 fecit
660 791 748 829 rex
781 772 1014 828 Gibeon.
1053 775 1218 838 Josua
1271 783 1569 828 convocato
1599 788 1755 828 exer-

149 866 271 920 citu
303 867 380 921 ad
419 870 567 937 ipsos
616 863 1010 933 oppugnandos
1061 864 1350 934 profectus
1403 865 1629 932 victoria
1687 867 1742 919 iu

145 959 311 1026 ipsos
341 960 590 1011 donatus
617 965 717 1016 est.
755 947 1223 1024 fugientibusillis
1249 972 1431 1011 coram
1495 958 1612 1027 ipso
1655 973 1746 1010 us-

145 1042 261 1116 que
293 1049 476 1101 urbes
501 1046 678 1100 Azeka
703 1057 756 1099 et
783 1037 1000 1100 ll‘lakeda
1027 1087 1042 1110 ,
1117 1048 1247 1116 quin
1306 1056 1360 1102 ct
1431 1049 1748 1118 grandinem

147 1137 448 1206 lapideum
476 1152 640 1206 super
676 1140 821 1206 ipsos
852 1139 983 1205 pluit
1030 1138 1317 1204 Dominus,
1347 1140 1546 1208 quibus
1581 1140 1750 1210 occisi

145 1237 282 1281 sunt
327 1245 340 1279 :
375 1230 718 1284 subsistente
754 1231 916 1284 etiam
959 1230 1010 1284 iu
1046 1229 1232 1285 Josua:
1265 1231 1496 1298 gratiam
1528 1230 1640 1284 sole
1675 1230 1748 1282 ita

147 1329 204 1371 ut
245 1335 356 1374 nec
393 1323 668 1410 \orientem
734 1338 835 1377 nec
891 1339 1143 1378 occasum
1194 1338 1387 1378 versus
1447 1333 1750 1376 moveretur

143 1410 330 1462 donec
367 1413 658 1485 victoriam
684 1414 736 1467 in
774 1414 894 1468 illos
918 1415 1020 1484 ipsi
1061 1417 1435 1469 concessisset
1468 1414 1745 1468 Dominus.

144 1501 468 1570 Fugientes
497 1513 673 1559 autem
700 1495 947 1575 quinque
981 1521 1133 1576 reges
1182 1507 1273 1560 isti
1303 1509 1558 1574 spelunca
1583 1521 1742 1558 mou-

144 1592 218 1643 tis
255 1607 442 1658 quam
477 1593 714 1662 ingressi
746 1606 877 1648 sunt
912 1611 970 1648 se
998 1595 1330 1649 abdiderunt
1361 1613 1372 1647 :
1403 1594 1545 1647 unde
1571 1601 1750 1646 extra-

145 1687 272 1732 ctos
305 1687 364 1732 et
403 1665 848 1737 nierte'affectos'
870 1683 1160 1751 suspendit
1188 1681 1379 1735 Josua.
1434 1679 1634 1734 Deinde
1681 1680 1750 1734 ab

146 1771 288 1824 urbe
321 1770 579 1826 Maltkida
617 1775 682 1825 ad
711 1775 898 1827 urbem
938 1772 1108 1828 Libua
1139 1773 1418 1842 profectus
1449 1780 1554 1836 est,
1582 1788 1742 1846 quam

145 1862 450 1917 obsessam
474 1863 637 1932 cepit,
666 1880 788 1934 rege
812 1865 1040 1934 aliisque
1060 1867 1148 1934 qui
1173 1866 1224 1918 in
1245 1879 1305 1919 ea
1323 1875 1476 1932 erant
1496 1866 1747 1920 omnibus

145 1953 488 2008 interfectis.
514 1956 594 2009 Ab
635 1957 766 2010 urbe
792 1955 963 2010 Libna
995 1956 1060 2009 ad
1089 1957 1280 2011 urbem
1310 1954 1542 2009 Lachish
1570 1953 1746 2024 profe-

146 2054 269 2115 ctus
296 2054 415 2104 est,
438 2046 595 2112 cujus
613 2047 774 2099 etiam
796 2057 965 2113 capta:
985 2061 1157 2116 regem
1179 2060 1474 2114 omnesque
1495 2046 1748 2112 incolase

147 2135 338 2188 medio
359 2199 364 2202 _
386 2135 741 2205 113-115
766 2138 1000 2192 sustulit.
1041 2135 1160 2202 Quo
1210 2136 1396 2205 audito
1424 2135 1634 2190 scilicet
1662 2134 1745 2188 Jo~

149 2238 364 2292 suamgu
374 2228 526 2280 rbem
551 2227 1443 2298 Lachisblobscdisse,egressusest
1461 2244 1551 2282 rex
1567 2227 1743 2293 Gazm,

147 2318 554 2379 cumexencitu
595 2333 696 2373 suo
733 2323 841 2389 regi
875 2321 1107 2374 La‘cliisli
1129 2330 1318 2373 contra
1338 2317 1580 2378 Josuam.
1603 2317 1743 2374 Noui

151 2405 352 2475 lilium,
385 2424 549 2478 opem
603 2412 809 2466 laturus
837 2450 853 2475 ,
893 2413 962 2465 ‘in
1017 2427 1176 2480 quem
1202 2413 1365 2465 etiam
1391 2413 1616 2465 victoria
1646 2427 1743 2481 po-

151 2501 292 2562 titus
312 2497 509 2567 Josua,
536 2503 709 2572 ipsmn
733 2518 855 2557 cum
884 2503 1209 2572 sequacibus
1230 2504 1346 2557 suis
1377 2501 1675 2558 interfecit.

221 2594 268 2646 Α
298 2595 544 2649 Lacbisb
569 2595 634 2648 ad
661 2597 847 2650 urbem
871 2595 1104 2652 Askelon
1132 2593 1413 2664 profectus
1438 2610 1556 2648 eam
1581 2597 1741 2649 etiam

153 2698 284 2754 cum
319 2685 615 2740 obsidione
640 2685 898 2755 cepisset,
932 2671 1116 2756 regem
1151 2701 1272 2740 cum
1303 2685 1518 2739 cretcris
1571 2686 1742 2754 ipsius

153 2774 360 2830 incolis
395 2777 621 2831 occidit.
658 2776 860 2831 Deinde
879 2777 944 2830 ad
979 2778 1167 2832 urbem
1202 2777 1416 2832 llebron
1441 2778 1738 2844 profectus,

157 2865 281 2934 ejus
314 2866 487 2920 etiam
513 2854 750 2921 obsessae
765 2883 825 2919 ac
857 2879 1025 2934 capue
1051 2883 1228 2937 regem
1254 2877 1306 2922 et
1330 2868 1534 2923 incolas
1554 2885 1742 2925 oumes

157 2955 436 3023 perdidit.
463 2956 596 3009 inde
621 2957 685 3009 ad
720 2958 906 3010 urbem
935 2957 1093 3012 Debir
1115 2958 1413 3027 profectus,
1435 2973 1556 3030 eam.
1575 2959 1738 3012 etiam

158 3045 462 3100 obsidione
493 3049 656 3114 cepit,
696 3063 983 3118 regemque
1018 3063 1078 3102 ac
1109 3057 1332 3104 ceeteros
1372 3051 1491 3119 ejus
1537 3051 1740 3103 incolas

157 3136 466 3211 interfecit.
495 3137 596 3203 His
629 3139 831 3192 auditis
856 3141 1008 3214 misit
1043 3139 1206 3193 Gabir
1249 3139 1437 3196 “usuri
1490 3157 1577 3193 rex
1609 3183 1622 3204 ,
1674 3143 1738 3195 ad

159 3233 345 3299 regem
375 3231 584 3292 Maron,
623 3231 1090 3300 regemShimron
1121 3276 1136 3298 ,
1171 3249 1351 3308 regem
1404 3233 1694 3300 A'chsbaph
1726 3278 1737 3296 ,

159 3335 348 3384 regem
385 3319 629 3394 Sidonis,
658 3337 837 3391 regem
875 3321 1082 3386 Ramai,
1116 3339 1213 3376 nec
1242 3339 1348 3377 non
1374 3324 1438 3375 ad
1459 3323 1741 3385 Moabitas,

162 3409 518 3474 llarranitas,
560 3411 856 3476 Awabitas,
891 3411 1180 3467 Kararmos
1208 3456 1223 3478 ,
1257 3415 1538 3470 Jebuszeos
1561 3457 1576 3480 ,
1606 3415 1743 3470 Sbao

161 3504 388 3557 nabreos
413 3542 428 3566 ,
465 3511 519 3556 et
546 3503 856 3572 quicunque
905 3518 1032 3558 oras
1069 3505 1370 3557 maritimas
1405 3505 1739 3566 incolerent,

163 3609 275 3663 quo
312 3595 368 3650 in
404 3611 570 3648 unum
605 3597 984 3650 convenirent.
1032 3595 1358 3664 Congregati
1410 3587 1574 3664 igitur
1615 3612 1740 3651 cum

164 3688 340 3753 capiis
375 3687 491 3742 suis
525 3702 695 3754 reges,
731 3687 864 3740 adeo
909 3695 967 3740 ut
989 3702 1213 3740 numero
1241 3688 1416 3740 instar
1446 3703 1625 3741 arente
1655 3703 1742 3740 es.

166 3789 312 3840 sent,
356 3777 426 3831 ad
460 3776 708 3842 Josuam,
745 3776 880 3830 Num
915 3765 1106 3840 tilium,
1141 3778 1560 3846 oppugnandum
1613 3794 1738 3847 pro-

167 3870 291 3923 fecti
332 3879 483 3924 sunt.
513 3857 724 3934 Quibus
764 3884 1062 3923 occurrens
1091 3866 1254 3922 Josua
1294 3878 1346 3922 et
1389 3869 1617 3940 victoria
1648 3886 1742 3939 po-

169 3961 322 4024 titus,
348 3963 488 4030 ipsis
535 3963 715 4023 caesis,
749 3963 980 4015 tentoria
1007 3962 1244 4026 ipsorum
1275 3963 1394 4029 igne
1420 3962 1740 4026 combussit,

168 4063 219 4105 et
244 4051 514 4120 jumentis
567 4052 891 4122 suﬂragines
945 4051 1162 4104 incidit.
1233 4049 1344 4105 Nec
1393 4050 1600 4105 deetitit
1650 4068 1743 4106 eos

173 4145 427 4214 persequi
455 4144 666 4213 gladius
693 4160 864 4212 usque
890 4144 964 4198 ad.
987 4143 1152 4196 urbes
1177 4141 1362 4196 Maron
1389 4153 1442 4195 et
1465 4141 1740 4209 Sidouem,

172 4233 308 4286 adeo
338 4244 398 4287 ut
422 4249 528 4287 non
558 4234 813 4290 evaderet
844 4248 906 4292 ex
943 4233 1078 4302 ipsis
1126 4233 1439 4300 quispiam;
1496 4232 1624 4300 quin
1690 4241 1741 4286 et

174 4338 330 4393 reges
382 4337 570 4392 captos
624 4326 840 4380 occidit.
897 4317 1065 4379 Porro
1136 4339 1324 4378 omnes
1371 4339 1507 4392 quos
1544 4323 1743 4377 occidit

175 4413 360 4477 .iosua,
388 4414 525 4468 Νοιιί
561 4416 721 4485 116
750 4417 910 4478 tilius,
959 4429 1131 4485 reges,
1160 4430 1462 4483 eorumque
1491 4417 1742 4484 regiones

1861 595 2010 647 litate
2066 610 2126 649 ac
2189 609 2318 663 pace
2386 592 2543 645 annis
2601 591 2856 646 undecim
2911 594 3070 647 rexit.
3105 594 3424 662 l‘roplictieo

1861 699 2084 738 munere
2127 685 2298 753 ipsius
2325 685 2533 737 diebus
2557 683 2730 738 iuncti
2766 692 2896 738 sunt
2925 685 3144 737 Eleazar
3190 685 3422 738 Alirotiis

1858 775 2048 837 ﬁlius,
2094 785 2145 828 et
2200 775 2432 829 Phineas
2483 776 2624 830 filius
2680 776 2960 839 Eleazari,
3014 777 3106 828 lilii
3163 776 3417 829 Alironis.

1858 865 2103 920 MOrqus
2127 874 2305 916 autem
2339 863 2498 918 Josua
2529 866 2670 920 Νωιὶ
2706 865 2850 920 ﬁlius
2904 881 3028 919 cum
3085 881 3255 920 annos
3298 882 3424 919 ren-

1857 965 1968 1007 tum
2003 953 2187 1006 decem
2223 960 2384 1009 natus
2417 965 2582 1020 esset,
2615 959 2863 1026 sepultus
2897 970 2981 1011 est
3017 957 3073 1032 in
3103 968 3284 1009 moutc
3333 955 3423 1007 Gi-

1864 1046 2004 1108 lead,
2034 1060 2250 1112 unaque
2288 1059 2408 1098 cum
2439 1045 2556 1112 ipso
2587 1046 2744 1097 cultri
2786 1046 2986 1114 quibus
3045 1047 3316 1099 lsraelitas
3368 1045 3424 1097 in

1853 1133 2026 1202 Gilgal
2052 1133 2515 1189 eircumcidisset.
2561 1134 2798 1188 Mortuo'
2825 1134 2986 1189 Josua
3013 1178 3026 1198 ,
3083 1135 3222 1188 Νιιηὶ
3273 1136 3378 1188 lilio
3405 1174 3420 1197 ,

1855 1226 2052 1293 p0pulo
2081 1218 2298 1295 prtefuit
2327 1225 2559 1294 Pltineas
2593 1225 2882 1280 sacerdos:
2921 1217 3418 1279 vidcl‘icctl’niueas

1855 1318 1994 1370 ﬁlius
2033 1317 2269 1372 Eleazari
2306 1317 2398 1371 filii
2428 1318 2692 1378 Aln'onis;
2758 1317 2913 1385 117
2955 1317 3112 1384 119
3141 1317 3422 1384 quianuos

1855 1409 2036 1476 viginti
2071 1411 2310 1477 quinque
2343 1409 2657 1462 sacerdotio
2691 1408 2910 1461 functus
2966 1417 3084 1465 est;
3141 1401 3422 1459 autumant

1852 1514 1980 1551 vero
2013 1498 2183 1552 Judaei
2212 1502 2538 1553 l’liineasum
2572 1503 2902 1553 sacerdotem
2927 1539 2941 1558 ,
2990 1499 3237 1551 emudcm
3299 1514 3423 1552 esse

1833 1592 2162 1659 ,proldictam
2192 1591 2357 1643 liliam
2385 1607 2543 1658 quem
2576 1603 2769 1645 vocant
2790 1592 2996 1645 Arabes
3026 1590 3326 1643 Al-Cliadr.

1922 1683 2058 1736 Tum
2103 1683 2193 1736 ubi
2235 1683 2488 1751 permisti
2540 1698 2660 1736 cum
2710 1678 2962 1750 gentibus
3017 1681 3420 1735 cirrumviciuis

1851 1774 2126 1838 lsraelitze,
2165 1773 2514 1828 matrimonia
2554 1789 2674 1827 cum
2705 1774 2839 1841 ipsis
2886 1775 3268 1850 contrahentes
3302 1811 3316 1834 ,
3355 1771 3418 1822 li-

1855 1866 2065 1934 liasque
2094 1882 2222 1920 suas
2254 1866 2389 1933 ipsis
2421 1865 2672 1934 nuptum'
2701 1864 2898 1918 dantes
2923 1901 2939 1927 ,
2991 1860 3129 1917 idola
3177 1867 3415 1934 ipsorum

1853 1957 2157 2011 coluissent
2191 1956 2427 2026 (quibus
2459 1957 2674 2009 nomina
2711 1954 2940 2018 Baalim,
2988 1963 3040 2008 et
3084 1955 3337 2006 Aibtarut
3367 1963 3420 2005 et

1853 2049 2021 2116 Baal)
2074 2049 2372 2118 praevalens
2430 2049 2560 2116 ipsis
2605 2047 2833 2101 Cuslianv
2871 2045 3230 2115 Risbyatbain
3263 2086 3276 2107 ,
3327 2060 3419 2097 rex

1852 2142 2042 2205 Aram,
2084 2141 2174 2208 qui
2207 2150 2260 2191 et
2288 2137 2438 2209 Tyri,
2480 2129 2532 2192 et
2571 2138 2788 2191 Sidonis
2841 2153 2932 2192 rex
2960 2177 2975 2201 ,
3007 2137 3304 2206 appellatus
3336 2144 3418 2189 est

1853 2246 1946 2285 rex
2007 2232 2244 2284 Baliraiu
2295 2229 2394 2301 [id
2432 2239 2515 2283 est
2560 2230 2788 2283 duorum
2842 2228 3112 2298 marium]
3161 2229 3416 2298 populum

1850 2332 1973 2378 octo
2004 2338 2176 2375 annos
2208 2322 2339 2375 dure
2379 2331 2432 2374 et
2465 2321 2759 2374 crudeliter
2793 2323 2952 2376 rexit.
2985 2321 3054 2373 At
3099 2337 3222 2373 cum
3259 2361 3273 2386 ,
3307 2333 3418 2389 pra:

1850 2415 2100 2484 angustia
2130 2415 2252 2481 ejus
2283 2429 2446 2482 quam
2481 2394 2629 2482 passi
2667 2425 2789 2466 sunt
2821 2412 3127 2466 alnictionis
3148 2452 3163 2476 ,
3195 2411 3259 2465 ad
3319 2414 3417 2464 Do-

1850 2507 1980 2560 mini
2013 2506 2218 2559 cultum
2256 2505 2461 2558 reversi
2487 2511 2673 2558 essent
2705 2503 2910 2556 relictis
2934 2503 3115 2568 idolis,
3140 2502 3415 2570 profectus

1847 2597 2094 2653 Othaulel
2128 2597 2271 2650 filius
2298 2596 2534 2660 Kenani,
2561 2595 2729 2649 frater
2750 2594 2957 2659 Calebi,
2979 2594 3196 2662 juvenis
3217 2611 3246 2649 c
3271 2595 3412 2648 tribu

1845 2690 2049 2750 Juda-b,
2087 2700 2140 2742 ct
2169 2688 2386 2743 (iusban
2419 2685 2744 2740 Risliatbain
2799 2685 2938 2740 bello
2968 2701 3255 2754 aggressus
3280 2727 3294 2747 ,
3331 2688 3413 2754 ip-

1849 2795 1968 2835 sum
2000 2778 2302 2842 interfecit,
2337 2792 2398 2830 ac
2431 2777 2686 2844 pepulum
2720 2791 2895 2832 annos
2942 2777 3301 2845 quadraginta
3336 2792 3417 2829 re-

1849 2871 1945 2924 xit.
1981 2851 2196 2924 Mortuo,
2238 2880 2416 2924 autem
2454 2868 2774 2931 Otlianiele,
2829 2883 2954 2923 cum
3011 2871 3076 2923 ad
3108 2884 3112 2889 ·
3145 2869 3412 2921 idolorum

1822 2953 2051 3018 icultnm
2096 2963 2297 3016 reversi
2354 2969 2538 3015 essent
2587 2960 2881 3025 Israelita,
2934 2957 3218 3036 prasvaluit
3281 2961 3413 3022 ips‘z

1849 3055 2017 3108 Eklon
2050 3070 2137 3107 rex
2177 3053 2355 3114 Moab,
2400 3055 2486 3121 qui
2521 3051 2786 3115 collectis,
2814 3061 3079 3122 quotquot
3100 3041 3411 3105 erantAm-

1848 3146 2066 3199 mooitis
2086 3154 2139 3198 et
2169 3142 2510 3207 Autalekitis,
2530 3159 2806 3212 egressus,
2836 3144 3402 3212 superatisquc'lsrae

1845 3239 1954 3290 litis
1985 3240 2167 3289 urbem
2202 3234 2334 3288 Pliik
2364 3250 2393 3289 e
2426 3250 2587 3287 manu
2639 3235 2882 3303 ip~orum
2937 3233 3154 3302 eripuit.
3207 3234 3416 3286 Servie-

1846 3338 1971 3382 runt
2009 3343 2136 3398 ergo
2163 3327 2242 3381 illi
2278 3318 2572 3388 Israeiitze;
2593 3339 2731 3406 quos
2766 3340 2940 3377 annos
2961 3325 3254 3378 octodecim
3282 3322 3413 3376 dure

1845 3429 1898 3471 et
1957 3418 2260 3472 crudeliter
2318 3417 2480 3470 rexit.
2539 3407 2825 3484 Eligcntes.
2883 3423 3060 3468 autem
3096 3415 3415 3467 Israelitico

1844 3511 1958 3565 suis
1989 3504 2275 3578 que’mdam
2316 3509 2536 3562 nomine
2570 3505 2719 3559 Ebud
2758 3506 3112 3561 ﬁliumGerte
3139 3549 3158 3576 ,η
3185 3523 3215 3560 e
3271 3507 3412 3560 tribu

1844 3600 2126 3669 Epitraim,
2168 3600 2341 3651 vitum
2370 3613 2636 3661 screvum,
2667 3597 2960 3651 robore‘et
3006 3599 3228 3651 audacia
3281 3599 3415 3651 insi-

1842 3707 2023 3759 gnem,
2050 3690 2223 3755 ipsum
2251 3687 2317 3761 ad
2350 3689 2604 3756 Egloneii’t
2640 3687 2993 3742 Moabitarum
3025 3704 3205 3757 regem
3239 3704 3392 3743 ‘cum

1847 3781 2005 3850 120
2027 3780 2339 3833 muneribus
2374 3781 2656 3832 miserunt.
2692 3779 2792 3843 Qui
2825 3780 2888 3830 al
2931 3791 3106 3848 regem
3132 3773 3255 3832 cum
3280 3795 3407 3850 imu-

1845 3875 2065 3926 neribus
2096 3874 2403 3942 ingressus,
2457 3872 2636 3924 dixit:
2688 3871 2778 3922 Est
2833 3870 2961 3921 mihi
3006 3871 3149 3936 quod
3193 3849 3406 3922 secreto

1843 3979 1968 4017 cum
1997 3979 2118 4032 rege
2162 3975 2604 4032 peragam,'rogo
2643 3962 2808 4029 igitur
2837 3970 3044 4013 ut'cum
3094 3962 3212 4029 ipso
3259 3976 3408 4013 Seec-

1844 4057 2004 4120 dam;
2041 4056 2130 4107 ubi
2163 4054 2342 4106 autem
2368 4068 2488 4106 cum
2520 4067 2648 4120 rege
2680 4053 3003 4107 secessisset
3032 4052 3206 4121 ipsum
3233 4054 3410 4105 cultro

1844 4146 2162 4200 transfixum
2194 4146 2500 4217 interiecit;
2540 4155 2652 4198 tum
2695 4145 2882 4196 clauso
2937 4146 3204 4198 (miraculi
3266 4147 3406 4214 regis

1845 4242 1989 4294 ostio
2023 4244 2280 4306 egressus
2316 4235 2545 4302 asseclis
2572 4237 2690 4305 ejus
2716 4259 2720 4262 ·
2745 4237 2882 4291 dixit
2916 4253 2929 4291 :
2962 4236 3133 4290 Jussit
3186 4253 3276 4290 rex
3343 4253 3411 4292 ne

1843 4329 1966 4397 quis
1990 4329 2053 4380 ad
2079 4328 2252 4395 ipsum
2271 4327 2609 4395 ingrediatur
2630 4343 2642 4391 ;
2667 4325 2983 4394 fugiensque
3002 4328 3172 4381 donec
3194 4329 3253 4378 ad
3279 4344 3408 4382 suos

1844 4421 2197 4489 pervenisset,
2232 4420 2421 4498 copias.
2451 4419 2695 4497 collegit,
2739 4420 3062 4485 tltflitllit'um
3113 4419 3179 4471 ad
3219 4422 3402 4474 urbem

175 4509 439 4570 possedit,
469 4522 696 4560 numero
743 4515 870 4560 sunt
912 4507 1131 4572 triginta
1167 4509 1408 4576 quinque
1441 4524 1452 4558 :
1486 4522 1516 4558 e
1546 4507 1740 4573 quibus
1773 4503 1816 4558 υ
1845 4510 2001 4564 Moab
2033 4513 2302 4577 prolectus
2325 4512 2498 4578 ipsam
2529 4521 2765 4575 captam,
2794 4513 2951 4564 ca-sis
2981 4514 3071 4578 qui
3093 4511 3142 4562 iu
3173 4527 3231 4562 ea
3256 4522 3409 4564 erant

181 4613 266 4650 rex
299 4596 708 4657 Sanabzeorum,
734 4585 819 4650 rex
842 4597 1218 4659 Moabitartttn,
1253 4613 1345 4651 rex
1368 4596 1736 4652 Clianaanita-

180 4704 318 4752 rum,
353 4706 445 4744 rex
487 4689 889 4751 Kararrcorum.
915 4705 1006 4743 rex
1030 4689 1423 4752 Jebusaeoruui,
1450 4704 1538 4740 rex
1570 4687 1739 4742 Eveo-

183 4796 321 4841 rum,
347 4796 439 4835 rex
475 4778 883 4848 Gergesazorum
915 4819 930 4840 ,
963 4795 1059 4831 rex
1091 4778 1426 4841 Jerusalem,
1471 4793 1560 4830 rex
1593 4777 1691 4830 Ani
1721 4817 1735 4839 ,

184 4888 270 4924 rex
302 4875 478 4929 διήιξε.
504 4886 624 4937 quae
657 4887 818 4940 prope
849 4870 1051 4933 Betliel,
1089 4886 1179 4923 rex
1207 4869 1446 4933 Hebrou,
1491 4885 1579 4922 rex
1615 4868 1737 4921 Jaro

186 4975 336 5027 mut,
372 4980 462 5018 rex
506 4965 738 5018 Lacbisb
771 5004 786 5029 ,
831 4979 922 5017 rex
953 4963 1201 5016 Adullam
1228 5002 1242 5023 ,
1282 4978 1373 5014 rex
1404 4961 1578 5013 Geder
1601 4999 1614 5017 .
1647 4976 1738 5013 rex

187 5053 367 5119 Debir,
402 5072 490 5111 rex
523 5054 703 5116 llasir,
739 5070 828 5107 rex
867 5053 1097 5116 llorma,
1119 5070 1209 5123 rex
1232 5053 1396 5115 Arad,
1427 5050 1736 5114 rchebna,

191 5159 278 5196 rex
305 5146 509 5209 Lalam,
554 5161 645 5198 rex
683 5145 898 5207 Abdad,
940 5159 1027 5197 rex
1065 5142 1305 5212 llaplier,
1345 5157 1434 5194 rex
1468 5129 1735 5200 l’liik,rex

191 5235 424 5297 Sidam,
462 5253 557 5290 rex
588 5238 860 5289 Sliamrun
888 5239 1025 5297 ,‘rex
1064 5234 1316 5296 Barmut,
1367 5247 1454 5286 rex
1492 5230 1694 5300 llapliir
1723 5270 1737 5296 ,

196 5339 278 5378 rex
301 5325 498 5392 Kades,
543 5343 634 5381 rex
668 5328 874 5388 llabeb,
904 5343 994 5380 rex
1030 5327 1259 5390 Mardut,
1294 5342 1384 5378 rex
1414 5324 1619 5387 Sikom,
1648 5342 1738 5378 rex

196 5414 492 5482 Balendun,
522 5436 613 5473 rex
643 5421 843 5473 montis
868 5419 1093 5482 Glliiitl’i,
1120 5433 1209 5470 rex
1244 5418 1424 5470 Carsm
1450 5457 1462 5481 ,
1497 5415 1587 5484 qui
1615 5425 1740 5469 sunt

199 5521 339 5576 reges
368 5513 584 5580 triginta
621 5514 880 5580 quinque.

251 5584 570 5670 ’Occupatus
601 5619 728 5670 ergo
757 5603 851 5654 t'uit
884 5599 1049 5653 .losua
1095 5615 1183 5652 sex
1227 5599 1380 5651 anuis
1422 5603 1473 5651 in
1526 5601 1738 5666 regibus

203 5704 249 5742 ει
273 5697 517 5761 gentibus
553 5695 906 5763 debellandis,
938 5693 1108 5744 donec
1164 5693 1406 5760 regiones
1456 5695 1686 5760 cep’ssct
1725 5709 1736 5743 :

207 5785 389 5842 deinde
421 5787 710 5857 partiendis
742 5787 868 5838 inter
923 5784 1188 5838 lsraelitas
1229 5785 1385 5835 terris
1408 5784 1737 5850 qu.ituor..lc-

1820 4599 2113 4677 omnibus,
2142 4599 2365 4659 delevit,
2431 4592 2738 4666 populoque
2790 4616 2966 4651 annos
3017 4602 3405 4669 quinquaginta

1839 4694 2080 4762 qttiuque
2121 4694 2355 4759 pneluit.
2401 4691 2527 4744 Post
2555 4693 2728 4758 ipsum
2759 4731 2771 4752 ,
2826 4693 3077 4760 populum
3127 4699 3263 4744 rexit
3306 4696 3404 4745 Sa-

1842 4798 2018 4836 ruaan.
2043 4783 2241 4834 Anathi
2283 4783 2424 4834 lilius
2450 4823 2462 4844 ,
2521 4800 2690 4835 annos
2725 4785 2929 4850 viginti
2982 4787 3262 4850 quinque,
3309 4787 3400 4851 qui

1840 4873 2264 4936 ΡΙιίΙὶειωοι-ωιιι,
2303 4876 2392 4940 qui
2431 4876 2604 4942 ipsum
2637 4886 3038 4941 oppugnarunt,
3087 4877 3232 4925 viros
3280 4891 3403 4926 sex-

1840 4975 2026 5018 centos
2098 4964 2389 5017 interfecit.
2450 4963 2661 5015 Mortuo
2723 4963 2992 5015 Samaauo
3041 4979 3282 5016 reversm
3337 4965 3401 5015 ad

1843 5054 2204 5108 idololatriam
2235 5052 2510 5140 [Israelitas
2543 5051 2754 5120 subegit
2783 5050 2944 5102 Jabin
2983 5066 3073 5102 rex
3112 5050 3396 5113 Chanaan,

1842 5146 1977 5200 urbe
2010 5145 2189 5198 Ilazur
2230 5144 2371 5197 dicta
2409 5141 2744 5214 [oriundus]
2777 5141 2931 5209 cujus
2961 5144 3230 5194 exercitus
3264 5159 3400 5204 pra--

1845 5233 2018 5289 lucius
2049 5237 2131 5287 vir
2160 5244 2275 5287 erat
2305 5237 2519 5286 nomine
2550 5234 2752 5295 Siscra,
2781 5234 2869 5301 qui
2905 5233 3158 5299 populum
3213 5232 3400 5294 viginti

1843 5343 2015 5383 annos
2049 5342 2170 5380 cum
2205 5325 2455 5394 angustia
2488 5337 2540 5378 ct
2569 5325 2788 5376 tristitia
2828 5326 2984 5375 rexit.
3025 5321 3154 5390 Ejus
3185 5323 3398 5385 diebus,

1845 5420 2184 5487 propin-lavit
2207 5417 2453 5470 Deborah
2481 5431 2616 5468 uxor
2643 5414 2914 5467 Alkitiduu
2935 5413 3115 5464 etribu
3141 5412 3394 5478 ['Ipliraim

1842 5525 1960 5575 qua:
2015 5510 2152 5560 inter
2184 5507 2385 5558 [iatnali
2427 5517 2481 5559 et
2510 5506 2694 5556 Bctltcl
2735 5505 3009 5559 habitatis.
3045 5505 3182 5554 inter
3228 5504 3400 5555 lsrae-

1845 5603 1966 5654 litas
1990 5600 2254 5665 judicium
2287 5597 2554 5651 exercuit.
2587 5597 2739 5663 Apud
2768 5597 2938 5664 ipSam
2987 5609 3113 5660 ergo
3171 5608 3394 5659 congre-

1842 5694 1972 5761 gati,
2007 5704 2198 5758 magno
2229 5703 2453 5742 numero
2494 5688 2748 5740 Israelita:
2777 5688 3031 5738 dixerunt
3055 5703 3066 5738 :
3093 5672 3248 5738 Vides
3268 5683 3391 5747 quid

1845 5786 2112 5851 patiamur
2139 5776 2400 5850 angustia:
2431 5788 2482 5835 et
2509 5778 2839 5841 alllictionis,
2891 5793 3095 5845 nosque
3139 5778 3183 5830 in
3232 5775 3398 5826 servi-
