4038 6466
615 484 783 529 tutcm
815 474 1092 542 redegisse
1116 474 1371 530 Jabinuni
1409 476 1688 533 Gitananni
1723 495 1901 548 regem
1931 496 1945 538 ;
1998 477 2187 545 praesis
2220 487 2261 531 Α

617 579 748 634 ergo
782 565 1046 622 lsmelitis
1082 582 1345 642 eosque‘e
1379 585 1541 624 manu
1592 570 1765 640 ipsius
1816 570 2036 639 eripias.
2087 570 2189 623 De-

616 655 786 710 bornli
875 673 1006 728 ergo
1081 654 1419 728 asstunptum
1500 660 1786 726 Baraitum,
1853 659 2189 735 ,ΑΜ-Νοειηί

616 748 977 819 121-123
1029 748 1198 805 lilium
1229 789 1245 814 ,
1314 765 1345 807 e
1384 752 1528 806 tribu
1575 736 1924 823 'Ncpbtalim,
1994 742 2203 821 populo,

615 839 802 912 [juxta
850 842 999 905 aliud
1049 844 1347 915 exemplar,
1419 842 1709 916 exercitui]
1770 844 2008 913 regendo
2051 857 2191 912 pra:-

601 929 769 987 ‘fecit.
824 931 1003 987 Barak’
1074 949 1207 1004 ergo
1272 933 1460 1011 a'scitis
1560 934 1664 989 sibi
1753 931 1936 989 decies
2044 931 2193 987 mille

615 1023 898 1092 lsraelitis,
921 1040 957 1085 ,e
986 1025 1112 1082 liliis
1141 1020 1454 1097 Nepbtalim
1484 1036 1539 1087 et
1569 1026 1813 1100 Zabulon
1834 1063 1852 1090 ,
1896 1024 2193 1081 comitante

616 1113 867 1171 Deborali
906 1126 1145 1172 montem
1178 1115 1361 1174 'l'abor
1394 1116 1755 1188 conscendit,
1796 1130 2032 1186 quorum
2063 1128 2200 1173 cum.

616 1204 685 1259 ad
739 1194 979 1262 Siseram
1014 1206 1196 1263 Jabini
1221 1208 1480 1270 vicarium
1512 1208 1854 1279 pervenisset
1880 1207 2021 1261 fama
2052 1245 2067 1271 ,
2102 1207 2193 1261 ille

613 1296 682 1349 ad
717 1298 867 1368 ipsos
899 1299 1119 1368 movit;
1163 1300 1232 1356 ad
1291 1305 1452 1373 quem
1495 1318 1526 1357 e
1577 1312 1762 1356 monte
1800 1298 2191 1375 descendentes

573 1459 579 1465 ι
615 1387 841 1448 victoria
872 1391 924 1444 in
956 1390 1135 1461 ipsum
1163 1392 1352 1447 donati
1407 1403 1533 1449 sunt
1561 1433 1579 1459 ,
1607 1406 1613 1411 '
1643 1393 1778 1447 adeo
1814 1398 1873 1445 ut
1929 1393 2020 1462 qui
2066 1405 2189 1445 cum

571 1528 577 1538 .
615 1478 807 1536 Si’sera
829 1480 1011 1537 labini
1041 1482 1257 1540 vicario
1275 1494 1459 1541 essent
1487 1500 1703 1549 omnes,
1730 1483 2016 1561 ogcidione
2041 1483 2193 1556 dele-

572 1582 575 1589 '
613 1584 846 1635 rentur;
879 1574 994 1655 ipse
1022 1584 1154 1631 vero
1188 1574 1426 1646 fugiens
1456 1577 1841 1647 ingrederetur
1884 1575 2225 1655 tentorium,

564 1692 568 1695 Α
611 1661 779 1731 Jaelis
811 1666 1000 1722 uxoris
1032 1656 1444 1724 ﬂeberi‘Keuaai
1468 1667 1557 1738 (id
1585 1676 1667 1723 est
1697 1669 1965 1741 eposteris
2003 1666 2188 1734 Kalnl,

612 1756 704 1858 Sitti
725 1752 892 1847 socer
922 1742 1031 1858 fuit
1058 1757 1269 1858 Hosis,
1301 1758 1437 1858 alias
1464 1757 1653 1815 Jetliro
1678 1758 1986 1858 appellatus
2010 1757 2030 1827 )
2059 1772 2182 1827 quas
2227 1796 2272 1858 Β

613 1844 821 1916 ipsum,
840 1845 982 1917 apud
1014 1862 1076 1905 se
1101 1844 1488 1907 abscOndiium
1510 1887 1527 1912 ,
1555 1846 1701 1918 quod
1756 1848 1964 1903 biberet
1995 1849 2189 1916 rpeten’.

613 1945 745 2001 tem,
778 1937 915 1993 lacte
941 1938 1146 2007 potavit
1168 1924 1201 2005 ,1
1233 1938 1323 1993 'ad’
1352 1938 1526 2009 ipsum
1576 1938 1916 2008 probandtnu
1952 1976 1969 2002 ,
2024 1946 2193 2008 utque

616 2027 957 2097 perspiceret
996 2043 1126 2084 num
1172 2021 1320 2103 'sano
1381 2038 1525 2085 esset
1580 2030 1859 2105 intellectu
1884 2067 1900 2093 ,
1934 2050 1936 2053 τ
1970 2044 2141 2085 necne
2177 2044 2222 2100 εχ

613 2118 760 2190 quod
816 2119 907 2175 ille
953 2127 1185 2191 epotum
1245 2134 1441 2190 aquam
1483 2113 1606 2175 esse
1655 2120 2009 2175 existimavit.
2058 2120 2194 2176 Cum

596 2222 746 2281 ergo
772 2195 1312 2279 ipsumdecumbere
1330 2208 1571 2275 fecisset,
1598 2218 1842 2280 tempora
1873 2211 1973 2280 ipsi
1992 2212 2194 2280 paxillo

568 2306 571 2309 ’
618 2300 1153 2370 tentoriltransllxit
1186 2300 1322 2358 adeo
1353 2309 1411 2356 ut
1439 2301 1680 2371 paxillus
1718 2313 1875 2356 terrm
1917 2304 2192 2371 ligeretnr,

614 2391 837 2472 ipseque
866 2399 1169 2446 moreretur
1192 2405 1208 2458 ;
1232 2390 1396 2446 illum
1420 2404 1551 2460 ergo
1596 2401 1871 2445 mortuum
1914 2406 2038 2445 cum
2066 2404 2183 2445 ‘re-

618 2468 847 2554 perisset
886 2482 1160 2548 Dehorah,
1196 2485 1312 2555 ipsa
1342 2498 1406 2545 ac
1440 2484 1612 2539 Barac
1662 2484 1728 2537 ad
1750 2484 2017 2539 'Jabinum
2050 2482 2195 2538 Cha-

617 2574 787 2628 naani
821 2586 999 2645 regem
1032 2574 1261 2644 profecti
1289 2615 1304 2641 ,
1334 2575 1486 2642 illum
1536 2583 1850 2644 superatum
1903 2589 2010 2650 una
2069 2587 2193 2629 cum

615 2665 845 2721 asseclls
880 2666 1056 2735 ipsius
1092 2666 1348 2721 omnibus
1372 2665 1784 2721 interfecerunt.
1819 2664 2043 2719 Praefuit
2095 2679 2193 2718 au-

616 2766 726 2813 tem
750 2757 952 2827 popqu
990 2756 1240 2811 Deborab
1266 2770 1454 2812 annos
1488 2757 1874 2827 quadraginta.

687 2845 802 2923 Qua
829 2853 1053 2923 mortua,
1075 2853 1327 2902 reversos
1357 2848 1424 2902 ad
1450 2846 1813 2901 ldololatriam
1868 2846 2148 2903 Israelitas
2177 2886 2192 2908 .

574 3000 579 3005 _
616 2940 672 2995 in
706 2943 1033 3008 potestatem
1064 2950 1218 2992 suam
1247 2938 1575 3007 redegerunt
1604 2936 1911 3003 Madianita:
1970 2937 2110 2993 Oreb
2144 2945 2196 2991 et

617 3030 753 3098 Zeb,
788 3031 883 3101 qui
917 3030 1043 3094 illos
1079 3038 1287 3099 septem
1314 3029 1472 3083 annis
1498 3027 1635 3084 dure
1665 3037 1722 3083 et
1757 3028 2052 3084 crudeliter
2109 3044 2195 3083 re-

621 3132 845 3186 xerunt,
869 3122 939 3178 ab
962 3122 1094 3189 ipsis
1121 3136 1313 3193 pecora
1339 3159 1357 3187 ,
1390 3119 1549 3192 124
1575 3122 1737 3177 boves
1781 3128 1835 3175 et
1880 3136 2011 3191 opes
2054 3113 2195 3176 ecci-

601 3214 879 3286 .pientes.r
900 3214 1105 3269 Contra
1135 3228 1275 3283 quos
1306 3228 1565 3282 egressus
1592 3211 1801 3267 Gideon
1845 3211 1994 3268 Joasi
2027 3212 2192 3275 ﬁlius,

615 3321 647 3361 e
681 3306 824 3361 tribu
857 3304 1146 3370 Manassis,
1174 3304 1474 3374 assumptis
1508 3319 1695 3363 secum
1728 3311 1892 3360 noctu
1949 3319 1979 3359 e
2011 3304 2186 3377 servis

624 3396 744 3451 suis
780 3397 971 3452 decem
1003 3395 1159 3461 viris,
1196 3393 1372 3451 Baetis
1402 3394 1533 3449 idoli
1559 3394 1818 3465 templum
1841 3394 2029 3460 diruit,
2047 3395 2193 3465 quod

621 3502 749 3542 cum
778 3484 1090 3541 Madianitis
1131 3486 1366 3540 innotuit
1398 3521 1416 3552 ,
1450 3484 1527 3539 ab
1562 3485 1697 3554 ipsis
1721 3484 1866 3555 fuga]
1905 3499 1965 3541 se
2025 3486 2196 3554 prori-

626 3577 785 3647 puit;
823 3577 1019 3632 deinde
1042 3565 1387 3647 congregatis
1420 3591 1480 3630 ex
1512 3574 1775 3630 lsraelitis
1814 3575 1946 3631 viris
1980 3582 2191 3630 trecen-

615 3668 689 3723 tis
712 3667 834 3723 illos
860 3654 1024 3735 noctu
1048 3667 1339 3728 accedens,
1370 3664 1457 3719 ubi
1492 3664 1557 3718 ad
1585 3664 1997 3737 Madianitarum
2026 3678 2191 3720 exer-

615 3758 786 3814 citum
839 3761 1190 3829 pervenisset,
1244 3758 1376 3813 viris
1442 3757 1557 3811 suis
1621 3757 1845 3811 circum‘
1892 3758 2193 3823 exercitum

617 3850 899 3919 dispersis,
938 3858 1193 3920 tympana
1225 3848 1488 3920 pulsavit,
1525 3847 1782 3917 tubisque
1816 3842 2021 3901 clanxit
2043 3849 2062 3918 (
2088 3847 2195 3915 quo

618 3939 820 4009 pacto)
854 3932 1009 3995 fracti
1045 3940 1351 3996 Madianitae
1375 3978 1393 4006 ,
1457 3938 1688 4009 aliisque
1748 3938 1883 3991 alios
1928 3938 2219 3993 caedentes

616 4048 799 4087 coram
826 4032 1094 4088 lsraelitis
1156 4014 1436 4106 fugerunt.
1478 4027 1714 4099 Scripsit
1770 4040 1952 4083 autem
1988 4026 2192 4082 Gideun

618 4122 685 4177 ai
713 4120 1053 4176 israelitase
1084 4120 1231 4175 tribu
1257 4118 1553 4189 Epitraim,
1590 4119 1682 4187 qui
1714 4118 1767 4171 in
1793 4116 2196 4186 purtibusJor-

619 4214 745 4267 dani
776 4212 1155 4283 adiacentibus
1182 4211 1467 4280 degerent,
1500 4216 1560 4285 ut
1589 4209 1793 4280 egreséi
1842 4209 2153 4285 Hadiauitis
2179 4250 2193 4273 ,

621 4294 806 4373 utpote
839 4306 890 4357 iu
917 4303 1103 4372 fugam
1125 4301 1428 4366 conrersis,
1458 4284 1852 4355 occurrerent:
1878 4284 2197 4369 qui’egressi

621 4410 817 4465 magna
844 4394 966 4448 illos
997 4401 1178 4465 strage
1223 4396 1613 4463 peremerunt,
1675 4392 1962 4461 captisque
2016 4390 2196 4445 Orebo

620 4495 677 4539 et
708 4484 897 4548 Zeibo,
929 4482 1346 4536 Madianitarum
1372 4483 1613 4549 regibus,
1641 4481 1782 4536 Oreb
1809 4483 1861 4535 in
1892 4483 2005 4551 ripa
2030 4484 2190 4546 Oreb,
2223 4480 2271 4541 Ῑ)

620 4573 755 4630 Zeib
791 4575 844 4629 in
880 4588 1006 4628 area
1040 4571 1533 4627 Zeibioccisorutn
1580 4572 1764 4640 capita
1796 4572 1865 4627 ad
1890 4570 2185 4627 Gideonem

623 4668 691 4722 ad
724 4666 911 4723 urbem
948 4665 1194 4720 Sbuccut
1241 4663 1554 4730 miserunr;
1610 4662 1765 4733 cujus
1819 4658 2097 4735 [incolas]
2140 4674 2195 4717 ut

625 4760 887 4816 exercitui
922 4773 1028 4814 suo
1060 4758 1242 4812 cibum
1276 4757 1580 4826 praeberent
1606 4768 1809 4827 eosque
1837 4757 2073 4827 hospitio
2104 4774 2197 4811 ex-

626 4853 871 4922 ciperent
900 4866 1023 4905 cum
1057 4858 1298 4919 rogaret.
1359 4850 1761 4919 responderunt
1816 4850 1889 4903 illi
1924 4866 1938 4903 :
1987 4850 2100 4902 imo
2138 4849 2196 4903 si

627 4927 814 5002 essent
856 4955 1037 5002 tecum
1063 4946 1259 5015 capita
1280 4942 1443 4998 Zabai
1478 4954 1533 4999 et
1566 4944 2047 5018 Salmanaieegum
2082 4944 2200 4997 Mn-

633 5038 993 5102 tlianitarum,
1019 5046 1133 5091 tum
1158 5038 1458 5091 exercitum
1486 5047 1636 5089 tuum
1664 5038 1863 5092 ciboet
1891 5052 2197 5092 coimnealtt

632 5132 999 5185 reﬁceremus.
1035 5130 1256 5185 ltelictis
1288 5144 1418 5200 ergo
1448 5130 1556 5184 illis
1596 5138 1785 5185 contra
1846 5130 2083 5184 Zabaum
2142 5142 2202 5186 et

634 5225 1022 5289 Salmanaum,
1060 5222 1475 5277 Madianitarum
1576 5238 1726 5293 reges
1761 5223 2039 5293 prolectus
2063 5239 2076 5276 :
2101 5224 2193 5292 qui

634 5334 760 5373 cum
798 5319 1087 5386 quinquies
1127 5317 1271 5369 mille
1300 5316 1443 5369 bello
1489 5316 1698 5371 idoneis
1738 5316 1992 5379 fuerunt,
2037 5328 2093 5370 ct
2142 5318 2194 5369 in

640 5410 786 5475 ipsos
816 5407 1043 5459 victoria
1084 5407 1311 5471 potitus,
1337 5405 1485 5472 ipsos
1520 5421 1639 5459 cum
1688 5406 1917 5460 asseclis
1965 5406 2079 5459 suis
2110 5407 2197 5459 in-

636 5500 867 5552 teremit.
901 5498 1102 5550 Deinde
1134 5498 1197 5549 ad
1231 5498 1473 5550 Situccut
1499 5512 1749 5550 reversus
1770 5512 1908 5560 eam,
1943 5498 2194 5551 omnibus

635 5592 724 5659 qui
762 5588 1109 5657 125127
1147 5588 1198 5641 in
1234 5589 1347 5655 ipsa
1375 5602 1534 5641 erant
1599 5604 1629 5643 e
1695 5590 1872 5644 medio
1920 5590 2148 5643 sublatis
2182 5629 2195 5648 .

635 5682 849 5735 delevit.
886 5678 1126 5734 Fuerunt
1164 5692 1337 5733 autem
1365 5679 1595 5733 Gideoni
1652 5682 1743 5733 lilii
1812 5682 2148 5749 septuaginta
2179 5700 2192 5744 ;

639 5776 736 5831 fuit
768 5779 926 5829 etiam
967 5776 1064 5844 ipsi
1099 5777 1395 5830 concubina
1432 5791 1487 5829 ex
1530 5774 1745 5846 [urbe]
1802 5775 2026 5832 Nabelcs
2074 5792 2189 5848 quae

1504 6462 1513 6466 ι
1528 6452 1589 6466 -ῖ
1616 6449 1669 6463 ἴ·-
1686 6447 2029 6466 γε’-.ἉΑῘἎ

1637 366 2002 459 EUTYCIIH
2042 360 2574 427 ALEXANDRINI
2623 362 2844 428 l'ATR.
2890 372 2899 431 ί

3694 64 3991 475 τι

3976 475 3991 699 i

2293 479 2500 545 peperit
2540 480 2643 549 ipsi
2677 482 2867 547 lilium,
2900 498 3057 553 quem
3094 486 3491 542 Abimmecbum
3546 485 3832 558 appellarit.

2295 567 2589 639 Postquam
2630 587 2759 643 ergo
2787 576 3044 644 populum
3098 580 3450 650 quadraginta
3489 580 3655 635 annis
3686 584 3838 638 rexis-

2293 670 2374 716 set
2408 662 2615 717 Gideon
2640 703 2657 729 ,
2697 676 2947 723 mortuus
2982 676 3188 733 est,‘ac
3210 670 3362 737 juxta
3396 672 3718 741 sepulcrum
3760 690 3841 745 p1-

2294 754 2395 809 tris
2421 755 2505 810 sui
2529 753 2695 813 Joasb
2716 758 2779 833 in
2820 758 3001 829 Ophra
3029 759 3237 817 Azariaa
3261 763 3525 835 sepultus.

2365 846 2468 901 Mm
2483 855 2575 902 tuo
2599 858 2778 903 autem
2810 849 3051 906 Gideone
3078 866 3200 907 cum
3230 856 3433 911 reversi
3470 863 3660 912 essent
3697 857 3851 914 israe-

2294 939 2404 995 litat
2446 938 2513 993 ad
2547 940 2755 995 cultum
2788 940 3063 997 idolorum
3116 943 3325 999 Baalim
3370 956 3425 1001 et
3470 947 3771 1004 Asbtaroth
3808 960 3855 1005 et

2293 1031 2444 1095 Bavl,
2493 1030 2777 1102 profectus
2816 1034 3137 1106 Abimelecb
3178 1033 3649 1111 Nabelesumtad
3693 1054 3853 1095 avun-

2293 1125 2450 1193 culus
2488 1139 2644 1193 suos,
2692 1126 2829 1182 dixit
2880 1128 3050 1199 ipsis:
3082 1127 3301 1185 Fratres
3358 1134 3459 1187 mei
3512 1138 3853 1203 septuag‘nta

2295 1217 2497 1286 populo
2529 1220 2799 1287 imperare
2824 1219 3071 1289 cupiunt,
3105 1234 3200 1292 vos
3220 1230 3401 1275 autem
3429 1232 3682 1279 vestrum
3715 1225 3857 1278 auxi-

2294 1308 2426 1364 lium
2463 1310 2592 1364 milti
2632 1311 2888 1379 praebete,
2917 1326 3027 1382 quo
3052 1303 3212 1368 solus
3246 1314 3350 1369 illis
3392 1314 3689 1382 imperem,
3734 1331 3860 1370 unus

2294 1400 2437 1456 enim
2464 1401 2660 1456 melius
2683 1412 2843 1472 quam
2873 1406 3217 1474 septuaginta
3242 1405 3500 1474 populum
3529 1415 3707 1475 reget.
3733 1406 3855 1461 Cum

2292 1506 2424 1563 ergo
2458 1493 2799 1563 septuaginta
2837 1495 3049 1571 talenta
3091 1496 3301 1565 argenti
3334 1496 3436 1566 ipsi
3468 1501 3511 1552 e‘
3533 1496 3707 1550 domo
3736 1498 3857 1550 idoli

2294 1581 2422 1638 Bael
2459 1582 2848 1649 tradidissent,
2877 1574 3118 1655 acceptis
3153 1587 3243 1641 ille
3271 1601 3458 1643 secum
3505 1587 3671 1649 viris,
3723 1595 3775 1641 et
3801 1586 3858 1640 ad

2281 1673 2514 1727 'domum
2566 1672 2740 1742 patris
2781 1672 2867 1727 sui
2916 1672 3099 1743 Ophra
3147 1673 3453 1742 profectus,
3512 1675 3860 1742 septuaginta

2299 1763 2500 1835 fratres
2530 1766 2662 1820 suos
2707 1763 3005 1830 interfecit,
3037 1776 3145 1822 uno
3196 1772 3409 1820 tantum
3440 1780 3505 1821 ex
3558 1764 3700 1833 ipsis
3749 1778 3838 1816 eva

2299 1853 2488 1919 dente,
2528 1857 2781 1908 omnium
2829 1854 3209 1921 minimo,.cui
3248 1870 3442 1910 nomen
3492 1853 3748 1916 Jotham,
3778 1855 3858 1922 qui

2298 1943 2534 2011 Beeram.
2587 1941 2923 2019 fugiebatibi
2984 1947 3307 2014 permansit.
3352 1945 3489 1999 Cum
3539 1947 3862 2014 imperasset

2298 2043 2479 2090 autem
2505 2034 2818 2091 Abimelecb
2839 2034 3014 2088 tribus
3036 2036 3214 2098 annis,
3234 2036 3581 2103 insurgentes
3611 2036 3670 2087 in
3696 2037 3859 2104 ipsum

2300 2127 2497 2183 incolae
2530 2124 2764 2181 Nabeles
2798 2124 2975 2194 ipsum
3009 2122 3211 2201 pellere
3254 2124 3568 2178 voluerunt.
3616 2124 3714 2176 Ille
3736 2137 3858 2192 ergo

2299 2219 2544 2275 collectis
2572 2217 2747 2292 sociis
2778 2202 2904 2271 suis
2926 2228 3122 2284 magna
3170 2214 3321 2290 ipsos
3349 2223 3534 2282 strage"
3568 2214 3859 2275 interemit,

2298 2324 2663 2381 egressusque
2709 2321 2776 2363 ex
2828 2306 2967 2361 urbe
3026 2305 3299 2375 congestis
3346 2303 3490 2359 circa
3543 2316 3672 2361 eam
3717 2300 3865 2369 Iiga'n

2299 2404 2475 2475 ignem
2509 2402 2616 2473 ipsi
2651 2400 2862 2470 injecit,
2894 2397 3030 2453 adeo
3057 2408 3137 2461 nt,
3182 2410 3287 2450 una
3320 2411 3444 2450 eum
3484 2394 3752 2459 omnibus
3778 2391 3862 2462 qui

2300 2495 2354 2549 in
2397 2495 2513 2563 ipsa
2543 2500 2747 2556 essent,
2775 2488 3157 2561 conﬂagraret.
3188 2484 3326 2541 Tum
3358 2488 3428 2541 ad
3470 2493 3719 2541 montem
3762 2483 3865 2537 Ne-

2266 2650 2267 2653 η
2299 2586 2457 2640 belest'
2488 2598 2748 2653 egressus
2784 2581 2959 2653 ipsum
2991 2580 3281 2637 obsidione
3324 2579 3517 2643 cinxit,
3555 2578 3724 2645 cujus
3769 2588 3855 2629 arx

2297 2676 2520 2749 grandis
2552 2674 2713 2744 123
2738 2673 3033 2729 admodum
3072 2674 3191 2736 fuit,
3239 2686 3269 2727 a
3298 2672 3459 2749 cujus
3490 2670 3716 2740 fastigio
3754 2682 3865 2719 tutt-

2297 2746 2399 2824 lier
2436 2767 2685 2838 quasdam
2731 2764 2965 2835 lapidem
3016 2763 3247 2836 deiecit,
3283 2746 3386 2834 qui
3431 2762 3487 2816 in
3524 2757 3858 2841 nbitueiecbi

2299 2870 2464 2931 caput
2489 2859 2714 2915 decidit.
2740 2856 2838 2914 Ille
2863 2866 3046 2911 autem
3080 2854 3172 2909 ubi
3217 2861 3446 2925 mortem
3476 2844 3863 2923 [ingruentem]

2298 2955 2493 3019 sensit,
2523 2964 2689 3020 puero
2716 2948 2807 3021 qui
2844 2948 2947 3018 ipsi
2966 2960 3143 3018 .prope
3178 2943 3350 2999 astitit
3396 2936 3577 2997 dixit:
3612 2939 3861 3011 Jugulum

2298 3045 2433 3102 mihi
2446 3043 2624 3116 gladio
2640 3040 2807 3097 ferito
2818 3030 2931 3111 quo
2948 3039 3173 3101 moriar,
3198 3052 3267 3091 ne
3277 3035 3493 3090 dicatur
3506 3033 3779 3087 occidisse
3789 3043 3866 3083 me

2221 3147 2265 3209 C
2298 3140 2606 3201 mulierem;
2619 3134 2712 3204 qui
2735 3132 2909 3203 ipsum
2924 3129 3101 3209 gladio
3118 3142 3433 3199 percussum
3455 3125 3757 3180 interfecit.

2366 3232 2489 3303 Ipso
2528 3235 2743 3282 mortuo
2779 3222 2977 3295 populo
2998 3205 3295 3291 imperavit
3330 3216 3459 3273 Joas
3480 3216 3627 3272 titius
3648 3213 3858 3276 Pbu’da.

2302 3323 2397 3381 lilii
2421 3320 2582 3376 Halat
2601 3317 2792 3374 etribu
2811 3313 3243 3381 isachar,.annos
3262 3309 3447 3379 viginti
3464 3318 3598 3376 tres;
3615 3306 3709 3379 qui
3722 3306 3865 3371 dein-

2296 3407 2364 3471 de
2384 3423 2635 3470 mortuus
2654 3412 2707 3465 in
2742 3407 2921 3464 Samir
2940 3405 3184 3476 sepultus
3206 3411 3309 3459 est.
3347 3401 3672 3469 Postipsum
3704 3413 3863 3471 popu-

2281 3505 2348 3561 'lo
2377 3501 2724 3577 praefuitiair
2758 3500 2945 3570 Algadi
2967 3481 3590 3553 liliusetribuManassis
3607 3509 3781 3548 annos
3796 3490 3864 3543 vi-

2304 3597 2445 3668 ginti
2470 3595 2639 3661 duos;
2658 3592 2747 3668 cui
2763 3591 2857 3646 lilii
2878 3577 3031 3645 erant
3051 3586 3267 3658 triginta
3291 3586 3397 3640 duo
3409 3585 3500 3656 qui
3519 3586 3697 3655 ipsum
3718 3578 3859 3652 equis

2298 3665 2437 3745 vecti
2503 3665 2907 3757 sequebantur;
2966 3679 3162 3735 deinde
3221 3686 3468 3766 lII’OI'lllils
3525 3676 3575 3729 in
3638 3673 3856 3728 Kamara

2297 3778 2553 3847 sepultus‘
2578 3781 2683 3831 est.
2718 3774 2815 3829 illo
2841 3779 3059 3839 mortuo
3082 3784 3204 3824 cum
3242 3764 3446 3824 reversi
3477 3776 3663 3822 essent
3695 3764 3853 3819 lsrae-

2296 3867 2407 3925 lita»
2435 3867 2504 3922 ad
2540 3867 2754 3922 cultum
2804 3864 3070 3918 idolorum
3109 3860 3336 3922 Baalim,
3375 3867 3429 3913 et
3475 3857 3772 3912 Asbtarotb
3808 3859 3858 3907 et

2301 3958 2457 4024 Bael,
2509 3970 2611 4012 nec
2658 3970 2769 4010 non
2822 3956 3062 4023 deorum~
3096 3950 3302 4022 Syriae,
3351 3947 3614 4009 Sidonis.
3679 3942 3848 4002 Moab.

2298 4051 2557 4115 Ammon,
2583 4056 2638 4103 et
2663 4045 2994 4110 Palaestina),
3021 4042 3379 4119 pmvalentes
3411 4039 3606 4109 populo
3640 4038 3852 4092 Ammo-

2300 4140 2612 4207 uitae,.ipsis
2638 4150 2761 4193 cum
2795 4136 3040 4200 tristitia,
3067 4132 3267 4188 duritie
3290 4140 3342 4186 et
3365 4129 3686 4186 crudelitate
3712 4126 3854 4181 annis

2298 4230 2599 4288 octodecim
2653 4228 3043 4296 imperarunt:
3091 4224 3223 4293 quin
3278 4228 3331 4275 et
3376 4217 3671 4298 Iordanem
3722 4226 3857 4270 trano

2299 4314 2517 4377 sierunt‘
2540 4317 2610 4373 od
2633 4314 3043 4387 oppugnandos
3074 4311 3371 4372 lsraelitas.
3401 4308 3556 4364 Iudae
3591 4321 3779 4379 nempe
3806 4312 3852 4357 et

2301 4401 2638 4481 Benjaminis
2688 4407 2847 4469 ﬁlios,
2885 4404 2976 4475 qui
3012 4403 3276 4473 obipsos
3311 4415 3506 4472 magno
3552 4410 3703 4455 metu
3734 4413 3851 4452 cou-

2306 4501 2535 4558 sternati
2568 4508 2720 4554 sunt.
2746 4495 2885 4553 Cum
2928 4509 3058 4564 ergo
3083 4508 3253 4563 usque
3281 4491 3491 4546 Gileadi
3532 4491 3721 4546 urbem
3748 4502 3853 4559 pcr-

2301 4593 2582 4648 venissent
2606 4580 2951 4661 AmmOnitae,
2986 4584 3301 4653 congregati
3353 4583 3630 4651 principes
3660 4581 3849 4651 populi,

2305 4684 2561 4739 dixerunt
2597 4700 2612 4737 :
2646 4680 2700 4735 Si
2751 4680 2877 4748 quis
2927 4677 3282 4730 Amnionitas
3318 4690 3492 4744 pugna
3528 4673 3852 4744 aggredietur

2302 4777 2407 4830 erit
2450 4774 2608 4828 nobis
2653 4773 2705 4825 in
2744 4771 3063 4839 principem.
3101 4766 3222 4822 Fuit
3284 4778 3461 4821 autem
3509 4764 3740 4834 Jepbtali
3768 4761 3847 4816 Gi-

2307 4867 2447 4922 leadi
2485 4862 2650 4927 (ilius,
2694 4879 2725 4917 e
2754 4864 2898 4917 tribu
2943 4862 3229 4921 Manassis,
3275 4861 3359 4913 vir
3399 4859 3563 4914 fortis
3590 4868 3642 4913 et
3676 4858 3848 4912 robore

2307 4967 2610 5026 praestans;
2639 4968 2912 5023 quemque
2935 4966 3060 5005 cum
3099 4951 3242 5005 titius
3270 4959 3415 5004 esset
3438 4950 3689 5004 mulieris
3722 4948 3848 5002 fura-

2307 5048 2409 5113 cis,
2440 5048 2759 5117 repulerunt
2809 5037 3006 5098 fratres
3039 5042 3379 5112 129-131
3424 5041 3598 5115 ipsius
3646 5039 3847 5094 abdica-

2308 5150 2533 5219 tumque
2579 5138 2647 5192 ad
2679 5136 3048 5191 btereditatem
3092 5150 3195 5189 non
3228 5134 3569 5188 admiserunt
3591 5171 3607 5194 ,
3644 5132 3775 5185 adeo
3798 5133 3845 5178 ut

2307 5232 2363 5285 in
2400 5239 2599 5283 terram
2634 5225 2745 5281 Tob
2781 5227 2848 5281 ab
2892 5226 3025 5297 ipsis
3058 5226 3281 5295 fugeret.
3318 5222 3398 5276 Ad
3444 5223 3593 5277 illum
3639 5232 3846 5291 congre-

2306 5320 2415 5390 gati
2443 5320 2543 5373 viri
2580 5332 2846 5390 pauperes
2885 5318 3224 5371 Ammonitas
3259 5324 3657 5383 oppugnarunt.

2384 5413 2568 5479 Quare
2599 5412 2804 5481 egressi
2851 5412 2914 5463 ad
2942 5408 3266 5479 Jepbtahum
3299 5410 3561 5477 primores
3592 5406 3740 5462 urbis
3764 5402 3842 5459 Gi-

2311 5506 2468 5565 lead,
2502 5504 2681 5571 ipsum
2733 5509 2991 5569 rogarunt
3037 5509 3094 5554 ut
3133 5514 3290 5552 manu
3340 5494 3439 5551 sua
3484 5498 3695 5551 lirmata
3742 5504 3839 5549 cum

2310 5593 2639 5648 Ammonitis
2688 5601 2977 5662 pugnaret,
3040 5592 3279 5661 ipsisque
3332 5590 3581 5657 princeps
3644 5602 3705 5641 ac
3756 5594 3841 5638 oux

2312 5695 2477 5739 esset.
2515 5682 2728 5748 Quibus
2772 5698 3018 5735 annuens
3056 5682 3165 5744 ille,
3189 5678 3434 5733 collectis
3468 5678 3640 5747 copiis
3694 5670 3843 5744 proie-

2316 5788 2438 5832 (:le
2468 5787 2545 5831 est
2576 5774 2641 5830 ad
2671 5774 2871 5831 bellum
2894 5789 3013 5828 cum
3046 5771 3364 5826 Ammonitis
3399 5768 3710 5838 gerendum,
3742 5768 3842 5821 volo
