4038 6488
216 381 310 439 9'37

1621 373 1981 430 AXNALES.

3304 362 3401 423 938

219 487 271 522 se
301 472 505 523 interim
546 473 649 524 ltro
679 470 934 534 obstring.
961 484 1043 525 ns,
1068 480 1188 516 rum
1219 466 1316 531 ipsi
1350 470 1398 514 in
1434 465 1554 514 illos
1581 464 1749 515 victn-
1772 469 1819 525 Α
1850 466 2219 532 imposuerunt
2253 462 2481 514 Samson
2502 502 2513 512 .
2561 460 2657 511 llic
2689 463 2792 526 jam
2824 461 3077 527 gramlior
3112 459 3304 518 fartus,
3342 460 3403 508 :ul

221 563 343 615 riam
388 562 704 615 concederet
752 558 1029 618 Dominus,
1073 558 1305 623 primum
1358 570 1415 607 sc
1465 554 1552 619 qui
1589 552 1684 619 ipsi
1717 568 1747 605 e

218 654 369 705 domo
396 668 490 706 sua
520 658 831 705 ocrurret‘et
864 649 915 700 in
960 647 1231 699 victimam
1287 644 1392 698 Deo
1419 644 1745 697 oblaturunt.

223 742 503 798 Victoriam
548 751 729 793 autem
758 740 1028 793 concessit
1066 737 1168 805 ipsi
1220 736 1497 798 Dominus,
1528 736 1660 789 adeo
1692 742 1750 788 ιιι

218 834 545 890 Ammonitas
592 842 771 897 strage
824 845 1009 897 magna
1055 818 1305 890 aiiiecret,
1351 837 1403 877 et.
1445 827 1632 895 viginti
1683 825 1750 877 ab

203 927 343 994 ipsis
393 925 553 976 urbes
600 923 878 989 eriperet:
916 936 1023 987 quo
1081 920 1262 971 audito
1312 933 1528 987 egressa
1578 916 1749 977 ipsius

166 1023 169 1028 '
219 1012 319 1064 lilia
359 1010 424 1062 ad
464 1018 675 1077 portant
711 1023 831 1060 cum
880 1008 1131 1060 omnibus
1186 1008 1335 1060 lusus
1379 1004 1754 1057 instrumentis

217 1098 418 1173 [veluti]
457 1100 722 1168 tympanis
753 1105 806 1150 et
849 1098 1125 1166 cymbalis,
1169 1096 1221 1149 in
1272 1108 1557 1148 occursmn
1589 1094 1758 1161 patris

217 1194 292 1246 sui
325 1193 489 1251 stetit.
522 1194 656 1243 adeo
691 1200 748 1242 ut
798 1191 967 1257 primo
997 1190 1098 1257 ipsi
1146 1188 1211 1240 ad
1252 1190 1446 1241 domus
1498 1200 1608 1239 sua:
1638 1197 1761 1251 por-

218 1292 319 1334 tam
350 1280 560 1332 obviam
606 1279 752 1332 ﬁeret
788 1280 895 1334 ﬁlia
936 1279 1124 1347 ipsius,
1176 1290 1372 1346 praeter
1404 1289 1570 1344 quam
1615 1273 1756 1325 nulla

218 1371 311 1438 ipsi
349 1373 526 1439 proles
572 1370 688 1424 fuit.
726 1369 846 1423 Visa
878 1385 1004 1437 ergo
1051 1368 1164 1428 illa,
1198 1378 1374 1419 vestes
1418 1378 1546 1418 suas
1573 1362 1759 1439 scidit,

218 1462 416 1527 ingenti
450 1459 670 1515 aﬂectus
694 1461 900 1513 dolore.
933 1458 1024 1510 Illa
1064 1466 1241 1508 autem
1272 1472 1285 1507 :
1325 1454 1399 1507 Ne
1426 1454 1633 1511 doleas.
1677 1452 1760 1505 in-

216 1553 345 1619 quit,
382 1567 415 1604 o
459 1562 630 1619 pater,
675 1540 767 1604 sed
801 1549 944 1618 quod
980 1549 1164 1601 vovisti
1203 1547 1402 1609 facias;
1440 1544 1650 1596 dimitte
1681 1560 1764 1597 me

216 1653 440 1705 tantum,
471 1652 547 1707 ut,
576 1642 913 1711 congregatis
933 1640 1119 1705 puellas
1139 1640 1269 1692 meis
1293 1638 1612 1706 virginibus,
1640 1651 1762 1690 cum

217 1730 344 1797 ipsis
382 1741 616 1783 montem
663 1732 1033 1782 conscendens
1087 1729 1345 1794 meipsant
1400 1727 1646 1794 lugeam,
1710 1735 1764 1777 et

214 1821 545 1888 iuventutem
578 1835 751 1872 meam
800 1817 1042 1871 deﬂeam.
1076 1817 1131 1870 in
1158 1826 1348 1869 monte
1374 1831 1503 1884 ergo
1532 1815 1767 1881 seipsam
1804 1804 1843 1835 "

218 1912 475 1979 plangi-ns
507 1911 642 1962 duos
679 1924 888 1962 menses
917 1908 1231 1977 permansit.
1263 1906 1515 1974 Jeplttahi
1550 1905 1768 1957 interim

218 2004 370 2053 amici
402 2001 505 2068 ipsi
536 2001 822 2054 consilium
851 1999 1140 2063 dederunt,
1184 2006 1242 2051 ut
1289 1996 1621 2051 Phineasum
1652 2010 1775 2063 pro-

221 2093 453 2157 plu-tam,
498 2091 649 2158 132
680 2090 845 2141 tilittnt
883 2088 1146 2152 Eleazari,
1181 2088 1276 2141 ﬁlii
1307 2087 1567 2151 Ahronis,
1598 2087 1772 2153 ipsum

219 2183 569 2239 consulturus
626 2184 825 2241 adiret,
882 2181 975 2249 qui
1034 2181 1135 2249 ipsi
1191 2178 1372 2233 forsan
1452 2193 1772 2247 responsum

223 2273 371 2327 daret
420 2288 526 2340 quo
580 2272 901 2325 liberaretur
960 2271 1129 2340 ipsius
1188 2270 1315 2322 lilia.
1374 2268 1537 2321 Movit
1595 2277 1774 2320 autem

228 2366 397 2431 ipsum
449 2366 703 2430 maiestas
747 2363 888 2430 regia
938 2378 1005 2416 ne
1040 2361 1187 2414 illum
1235 2361 1426 2423 adiret,
1461 2369 1513 2412 et
1546 2359 1777 2415 Phinea-

226 2470 338 2507 sutn
385 2454 625 2523 dignitas
669 2454 984 2523 prophetica
1034 2468 1100 2505 ne
1141 2452 1205 2504 ad
1260 2454 1433 2519 ipsum
1469 2453 1775 2503 accederet.

226 2545 346 2599 Post
374 2547 514 2599 duos
554 2562 679 2615 ergo
715 2560 924 2599 menses
955 2545 1297 2598 constituens
1327 2541 1553 2611 Jcphtab
1579 2543 1778 2597 Judmis

227 2644 415 2688 testam
452 2651 725 2702 magnum,
760 2635 942 2687 eodem
976 2633 1062 2686 die
1088 2633 1251 2685 ﬁliam
1281 2648 1428 2685 suam
1462 2632 1776 2691 immolavit,

226 2730 533 2797 festumque
591 2728 722 2780 illttd
772 2727 963 2780 festum
992 2726 1239 2793 planctus
1293 2722 1596 2791 appellavit.
1635 2723 1768 2772 'l‘um

227 2819 289 2871 ad
316 2818 560 2887 ,Jepbtait
594 2820 900 2887 congregati
940 2814 1285 2883 prraimitaa
1335 2816 1387 2866 in
1418 2812 1548 2864 urbe
1575 2811 1779 2872 Sckitn,

229 2911 483 2963 dixerunt
513 2910 588 2961 illi
623 2928 636 2962 :
676 2910 852 2971 Quare
884 2907 949 2959 ad
980 2905 1173 2959 bellant
1205 2914 1392 2957 contra
1444 2903 1781 2954 Amntonitas

230 3002 499 3071 ριοῐυριιιε
527 3016 585 3054 es
622 2999 776 3053 nobis
810 2996 1127 3051 inconsultis
1157 3035 1172 3059 ,
1203 3010 1299 3049 nec
1330 3013 1359 3048 e
1408 2994 1562 3047 nobis
1588 3008 1777 3063 quem-

1855 558 2039 608 urbem
2094 557 2464 609 Tltentnanaat
2521 554 2817 620 profectus.
2852 553 3141 616 quamdam
3196 566 3259 602 cx
3310 551 3406 601 tti-

1858 649 2019 699 lnntm
2069 647 2489 717 alienigenarum
2540 645 2754 699 liliabus
2784 645 3081 710 conspexit.
3108 657 3266 710 quam
3308 642 3409 693 sibi

1846 748 2077 791 uxorem
2104 739 2276 796 duxit.
2307 748 2359 789 et
2388 738 2526 806 apud
2551 737 2721 802 ipsam
2749 734 2928 801 aliquo
2954 736 3206 797 temporis
3238 732 3413 797 spatio

1860 829 2173 897 permansit.
2232 826 2430 880 Deinde
2455 826 2641 879 relicta
2679 840 2763 886 ea,
2792 824 2855 875 ad
2904 822 3184 876 Askelonis
3236 833 3411 888 partes

1858 917 2152 984 proiectus,
2184 916 2255 969 ibi
2302 916 2644 969 latrocinium
2710 915 2954 969 exercuit
3005 932 3017 965 :
3072 921 3413 965 transeuntes

1858 1025 1987 1076 ergo
2016 1009 2140 1060 illac
2169 1008 2311 1077 viros
2340 1007 2578 1075 triginta.
2620 1022 2743 1059 cum
2783 1008 2831 1060 vi
2865 1021 3151 1074 aggressus
3176 1004 3413 1056 veslibns

1864 1097 2272 1166 Spoliasset,‘ad
2324 1098 2508 1149 uxoris
2553 1111 2664 1148 sua:
2708 1098 2922 1149 domum
2956 1095 3325 1146 Themnanam
3362 1110 3417 1144 se

1866 1189 2113 1246 contulit.
2150 1187 2299 1239 lllnnt
2342 1201 2472 1238 vero
2507 1188 2576 1239 ab
2605 1187 2716 1253 ipsa
2760 1187 3003 1239 cohibuit
3038 1196 3187 1251 pater
3224 1185 3413 1252 ipsius,

1867 1279 2093 1332 dicens:
2134 1279 2281 1331 Illam
2338 1280 2427 1330 alii
2483 1279 2533 1330 in
2578 1293 2799 1329 uxorein
2852 1278 2997 1340 dedi,
3034 1287 3116 1329 est
3161 1292 3290 1329 vero
3321 1278 3417 1344 ipsi

1868 1384 2020 1421 soror
2050 1378 2178 1422 natu
2201 1374 2400 1429 minor.
2432 1384 2620 1435 quam,
2668 1372 2710 1421 si
2745 1369 2982 1424 libuerit.
3025 1370 3117 1421 tibi
3151 1369 3309 1421 dabo.
3343 1370 3418 1421 Ira

1868 1461 2030 1530 igitur
2061 1475 2363 1515 contmoms
2393 1460 2648 1524 Samson,
2672 1460 2942 1530 profectus
2973 1462 3158 1525 vulpes
3186 1470 3266 1512 ter
3301 1477 3424 1513 eet.-

1873 1560 1985 1600 tum
2039 1553 2200 1619 cepit,
2253 1567 2481 1618 quarunt
2530 1526 2886 1604 ('ztudtS.Cllltl
2930 1550 3075 1602 faces
3127 1552 3420 1618 alligass'ct,

1875 1644 2017 1709 ipsas
2046 1643 2101 1695 in
2136 1650 2371 1707 segetem
2598 1642 2823 1701 dimisit,
2860 1653 3020 1709 atque
3062 1644 3134 1695 ila
3178 1646 3296 1711 igne
3323 1644 3418 1693 ab-

1876 1742 2087 1799 sumpta
2140 1742 2224 1787 est
2264 1734 2441 1785 omnis
2492 1734 2733 1785 tribuum
2777 1734 3200 1801 alienigenarum
3270 1752 3421 1803 svgcs

1877 1838 2049 1893 usque
2073 1825 2137 1876 ad
2167 1822 2391 1877 arbores
2426 1824 2688 1891 ipsarum.
2734 1824 2835 1877 Ubi
2878 1827 3202 1879 inuotnissct
3246 1837 3419 1879 autem

1876 1914 2121 1968 tribubus
2155 1914 2274 1969 istis
2318 1914 2446 1981 quid
2482 1911 2700 1968 iecisset
2751 1914 3002 1980 Santsou,
3036 1916 3291 1983 profecta:
3324 1918 3426 1968 ilhc

1876 2002 1941 2055 ad
1993 2003 2174 2056 uxoris
2231 2003 2403 2069 ipsius
2454 2002 2631 2067 aedes,
2674 2018 2765 2057 eas
2818 2020 3032 2073 unaque
3083 1988 3254 2074 ipsam
3309 2007 3429 2073 igne

1877 2094 2321 2147 rmnbusserunt.
2358 2095 2560 2149 Deinde
2588 2088 3159 2164 congregati’prol‘ecti
3213 2108 3337 2149 sunt
3367 2100 3430 2149 ad

1879 2186 2075 2237 bellum
2110 2185 2233 2239 liliis
2267 2184 2416 2239 Indae
2458 2184 2822 2247 inferendam,
2856 2190 2947 2254 qui
2989 2188 3054 2238 ab
3077 2190 3206 2253 ipsis
3235 2189 3430 2240 tinnie-

1878 2286 2024 2329 l’llltl.
2059 2276 2321 2331 Samsone
2354 2287 2529 2331 autem
2561 2278 2615 2331 in
2652 2294 2783 2345 rupe
2809 2279 2978 2332 Eitam
3010 2281 3249 2340 Sedcttle,
3284 2282 3433 2333 dive-

1882 2378 2004 2419 runt
2031 2367 2197 2434 ipsis:
2237 2365 2291 2419 Si
2329 2368 2486 2421 nobis
2518 2365 2836 2422 Samsonem
2871 2371 3224 2431 tl‘adidcr.tis,
3254 2388 3432 2425 rever—

1881 2466 2059 2509 temur
2104 2473 2279 2525 neque
2329 2472 2425 2511 vos
2479 2459 2619 2511 bello
2666 2460 3018 2514 lacessemus.
3066 2462 3427 2516 Accesserant

1880 2564 2007 2613 ergo
2050 2550 2115 2602 ad
2171 2549 2489 2602 Santsonent
2546 2565 2715 2617 usque
2748 2551 2940 2613 Eitam,
2975 2568 3004 2605 e
3043 2552 3179 2605 Juda
3224 2555 3325 2607 viri
3357 2567 3438 2606 ter

1886 2641 2046 2698 ιιιὶΙΙὶι,
2081 2639 2279 2707 quibus
2323 2639 2463 2691 dixit
2503 2641 2631 2693 ille:
2665 2640 2968 2696 Promittite
3018 2645 3145 2695 mihi
3204 2660 3296 2697 vos
3350 2661 3432 2699 nte

1884 2745 1987 2781 non
2038 2729 2457 2793 interfecturos,
2505 2744 2679 2799 neque
2728 2732 3151 2800 aiienigenatmn
3197 2736 3441 2787 tribubus

1884 2822 2201 2877 tradituros.
2238 2819 2390 2882 Quod
2446 2835 2567 2873 cum
2606 2823 3008 2888 promisissent,
3038 2826 3225 2876 l'rmtde
3263 2834 3438 2877 tamen

1882 2922 2121 2980 captum,
2154 2914 2403 2967 tribubus
2443 2911 2865 2980 alienigenarum
2921 2916 3160 2966 vinctum
3201 2917 3439 2967 tradide—

1888 3014 2027 3058 runt.
2066 3006 2132 3057 At
2172 3005 2283 3069 ille,
2308 3006 2497 3059 solutis
2526 3005 2779 3067 vinculis,
2828 3006 3043 3058 maxilla
3093 3007 3230 3059 asini
3278 3023 3438 3076 quant

230 3095 367 3161 piam
397 3102 571 3147 tecum
604 3088 985 3157 assumpsisti?
1020 3084 1129 3141 Nos
1158 3086 1321 3155 igitur
1358 3094 1411 3139 te
1455 3085 1778 3152 domumque

1883 3098 2086 3151 invenit
2126 3098 2325 3149 mortui
2360 3104 2594 3163 arrepta,
2640 3097 2787 3148 viros
2839 3097 2960 3163 plus
3006 3112 3168 3164 quam
3208 3099 3350 3151 mille
3379 3113 3442 3151 ex

229 3194 373 3239 tuam
419 3184 539 3253 igne
590 3182 987 3235 cemitureinns.
1027 3176 1425 3245 Quarepugna
1496 3171 1641 3242 ipso's
1684 3188 1778 3241 ag-

228 3288 448 3343 gressus
472 3271 701 3340 Jephtah
725 3280 776 3323 et
798 3270 1019 3322 victoria
1050 3270 1100 3320 in
1126 3268 1271 3335 ipsos
1298 3268 1526 3335 potitus,
1551 3263 1783 3333 quadra-

230 3365 371 3434 ginta
403 3363 513 3416 duo
541 3361 702 3413 millia
726 3359 964 3427 ipsnrum
994 3358 1286 3411 interfecit.
1312 3354 1541 3424 Jephtalt
1576 3364 1780 3417 autem,

231 3472 352 3510 cum
410 3456 608 3525 populo
642 3467 732 3505 sex
792 3465 963 3503 annos
1014 3449 1355 3517 imperasset,
1395 3458 1661 3509 mortuus.
1701 3464 1787 3503 se-

232 3524 421 3615 pultus
459 3556 544 3601 est
591 3546 645 3598 in
690 3543 900 3598 Gilead.
950 3539 1145 3595 Eodem
1194 3552 1439 3606 tempore
1477 3539 1679 3592 accidit
1708 3524 1783 3591 ‘iu

233 3640 448 3708 regione
500 3635 807 3692 Graecorum
862 3631 1029 3687 [sines
1078 3646 1290 3701 magna,
1325 3646 1388 3683 ex
1426 3644 1530 3699 qua
1585 3629 1784 3683 mortui

233 3739 361 3783 sunt
410 3727 653 3781 homines
685 3724 818 3779 adeo
851 3734 908 3777 ιιι
939 3723 1164 3777 mortuis
1212 3724 1563 3791 implerentur
1597 3723 1695 3774 via:
1728 3730 1784 3773 et

235 3824 443 3895 plateae,
471 3821 643 3888 iisque
664 3829 1009 3876 vescerentur
1032 3830 1213 3870 canes.
1238 3819 1305 3868 At
1325 3830 1446 3867 cum
1469 3814 1788 3882 frequenter

238 3915 335 3969 hoc
364 3915 535 3974 ﬁeret,
572 3912 731 3966 fossis
762 3909 1027 3977 sepulcris
1062 3918 1306 3961 mortuos
1356 3900 1533 3959 terrae
1561 3907 1784 3960 manda-

235 4015 381 4070 runt,
414 4019 476 4057 ac
510 4013 618 4055 tum
653 4002 879 4071 primum
920 4003 1059 4053 l‘osSa
1084 4006 1212 4052 sunt
1244 4000 1513 4068 sepulcra.
1576 4010 1581 4016 '

304 4094 511 4146 Mortuo
560 4090 842 4170 Jephtalto,
892 4090 1092 4157 populo
1124 4092 1525 4156 septemaunis
1570 4092 1785 4159 przcl'uit

238 4183 450 4255 Epltsan
490 4200 518 4237 e
581 4183 718 4235 tribu
771 4178 922 4233 ludat
976 4178 1363 4246 Bethlactttita,
1419 4180 1507 4234 cui
1571 4182 1784 4251 triginta

236 4287 405 4355 erant_
436 4278 551 4339 lilii,
605 4278 820 4345 triginta
858 4277 998 4336 ﬁliae.
1035 4284 1086 4329 et
1137 4286 1330 4325 uxores
1380 4272 1640 4340 triginta;
1675 4272 1789 4340 qui-

237 4386 361 4437 que,
381 4386 502 4423 cum
538 4380 779 4421 utortuus
809 4375 971 4427 esset,
1005 4366 1058 4419 in
1083 4364 1390 4419 Bethlebent
1413 4364 1659 4434 sepultus
1684 4378 1784 4417 est.

240 4462 340 4529 Ipsi
373 4462 424 4515 in
454 4461 679 4529 imperio
705 4461 967 4515 successit
993 4456 1159 4511 Eblan
1192 4454 1565 4517 Zabulonites.
1597 4453 1785 4509 decem

241 4555 396 4608 armis
430 4570 443 4606 :
481 4551 843 4622 133-135
890 4550 978 4619 qui
1008 4564 1129 4605 cum
1174 4550 1419 4608 obiissct,
1451 4548 1503 4600 in
1540 4545 1782 4601 Zabulon

241 4647 482 4714 sepultus
506 4654 610 4699 est.
640 4644 764 4697 Post
787 4644 959 4712 ipsum
987 4642 1124 4695 rexit
1153 4642 1409 4709 populum
1426 4641 1617 4693 Abdou
1649 4639 1791 4692 lilius

244 4735 466 4799 lltllelis,
485 4754 511 4790 ε
532 4737 671 4789 tribu
697 4732 1107 4801 Epitraim,octo
1132 4747 1302 4787 annos
1325 4749 1339 4795 ;
1360 4732 1444 4783 cui
1464 4730 1554 4783 ﬁlii
1575 4730 1795 4785 fuerunt

242 4829 615 4896 quadraginta,
640 4834 856 4892 nepotes
882 4825 1124 4892 triginta,
1146 4824 1236 4892 qui
1260 4822 1413 4890 equis
1438 4824 1575 4876 vecti
1614 4824 1789 4890 ipsum
1828 4870 1831 4871 ν

244 4922 641 4987 sequebantur;
675 4920 762 4985 qui
790 4926 841 4969 et
874 4924 1149 4977 mortuus,
1176 4915 1421 4981 sepultus
1463 4920 1545 4966 est
1596 4913 1648 4965 itt
1690 4911 1793 4964 ΡΑ-

246 5017 455 5078 rathon,
487 5029 516 5067 e
556 5016 773 5081 regione
814 5011 1092 5080 Epitraint,
1122 5012 1174 5063 in
1214 5010 1491 5063 mentibus
1522 5008 1797 5062 Amaleki-

245 5093 445 5159 tarum;

316 5196 407 5249 lllo
437 5207 671 5261 mortuo,
708 5210 829 5247 cum
874 5196 937 5247 a.l
983 5191 1345 5246 idololatriam
1388 5190 1587 5245 reversi
1616 5199 1796 5245 essent

248 5286 516 5351 lsraelilte,
553 5288 744 5356 populo
786 5286 1179 5353 praevalueruut
1228 5285 1653 5350 alienigenarum
1693 5284 1795 5335 tri-

252 5379 368 5443 bus,
398 5396 518 5449 quae
549 5382 679 5447 ipsis
710 5380 1064 5445 quadraginta
1100 5378 1257 5429 annis
1289 5377 1645 5444 imperarunt.
1674 5372 1800 5427 Fuit

250 5486 421 5530 autem
451 5492 483 5531 e
510 5476 649 5529 tribu
683 5474 794 5527 Dan
828 5474 907 5526 vir
932 5475 1017 5527 cui
1060 5488 1253 5527 nomen
1286 5471 1539 5536 Manoah,
1569 5487 1636 5525 ex
1668 5470 1801 5524 urbe

252 5566 474 5627 Soraah.
521 5568 678 5635 cujus
716 5580 852 5618 uxor
892 5564 1098 5618 sterilis
1137 5574 1275 5627 erat,
1327 5563 1395 5617 ad
1428 5579 1589 5633 quam
1637 5578 1797 5617 acce-

252 5658 379 5714 dens
412 5660 464 5713 in
517 5674 704 5712 somno
731 5658 973 5722 angelus,
1012 5657 1303 5725 parituram
1342 5656 1511 5723 ipsam
1549 5671 1801 5725 premun-

254 5750 759 5806 tiavit.‘Gravidata
809 5763 939 5818 ergo
995 5750 1159 5802 ﬁlium
1214 5749 1561 5817 peperit,cui
1614 5762 1809 5805 nomen

517 5846 764 5904 Parant.
821 5845 936 5904 Gtt.
966 5844 1120 5909 CX].

1887 3187 2313 3255 alienigenarum
2363 3184 2612 3238 tribubus
2662 3184 2969 3249 interfecit;
3009 3186 3201 3238 deinde
3256 3188 3447 3241 sitiens

1890 3278 2175 3330 Dominum
2230 3286 2483 3344 precatus
2514 3285 2618 3337 est,
2665 3276 2759 3345 qui
2796 3277 2898 3344 ipsi
2932 3291 2997 3329 ex
3039 3277 3175 3329 asini
3234 3279 3445 3330 maxilla

1889 3383 2079 3437 aquam
2114 3368 2378 3421 scaturirc
2429 3366 2554 3420 fecit
2587 3384 2746 3435 quam
2784 3368 3017 3421 biberet.
3048 3368 3182 3419 Tum
3227 3369 3451 3423 devictis

1888 3460 2314 3527 alienigenarum
2350 3459 2623 3522 tribubus,
2666 3460 2865 3527 populo
2905 3461 3092 3527 viginti
3148 3463 3305 3515 annis
3352 3464 3452 3515 int-

1890 3555 2119 3619 peravit.
2171 3551 2370 3605 Deinde
2420 3553 2656 3605 mulieris
2704 3569 2732 3603 e
2771 3550 2926 3604 Gaza:
2975 3554 3208 3614 ineiilis.
3265 3568 3448 3607 amore

1890 3654 2101 3713 utptus,
2134 3644 2331 3697 Gazam
2366 3642 2641 3711 prolectus
2683 3655 2789 3706 est,
2816 3644 2972 3709 cujus
3009 3644 3200 3696 incola:
3229 3649 3295 3696 ab
3332 3646 3450 3712 ipso

1892 3737 2209 3789 timuerunt.
2244 3734 2334 3787 Ille
2358 3749 2484 3787 vero
2515 3735 2692 3786 media
2728 3747 2884 3787 nocte
2915 3741 3123 3802 purtaat
3160 3735 3299 3787 arcis
3332 3737 3451 3802 ejus

1891 3828 2097 3885 adiens.
2130 3826 2302 3894 ipsam
2338 3826 2455 3879 loco
2488 3825 2753 3879 revulsam
2783 3825 3026 3878 humeris
3058 3827 3168 3878 suis
3202 3829 3449 3893 gestavit,

1889 3904 2060 3968 donec
2113 3930 2230 3969 eam
2295 3914 2347 3965 in
2396 3913 2613 3982 fastigio
2673 3913 2874 3965 montis
2930 3927 3095 3981 prope
3149 3910 3450 3965 l’lebronem

1892 4007 2253 4074 relinqueret,
2294 4016 2349 4058 et
2393 4006 2671 4057 mulierem
2730 4004 2978 4056 abduxit.
3033 4004 3233 4056 Deinde
3286 4004 3445 4055 aliam

1895 4097 2246 4170 137-139
2281 4113 2441 4164 quam
2489 4097 2718 4164 deperiit
2778 4095 3093 4157 mulierem,
3143 4110 3207 4149 ex
3262 4095 3457 4148 incolis

1892 4192 2189 4256 Sechairat,
2254 4191 2441 4252 duxit,
2491 4174 2711 4243 nomine
2765 4186 3022 4251 Dalilam;
3075 4187 3160 4240 cui
3201 4188 3454 4239 dixerunt

1885 4283 2127 4351 tribuum
2158 4279 2582 4348 alienigenarum
2630 4278 2906 4346 principes
2941 4295 2955 4329 :
2995 4276 3191 4345 Dccipe
3250 4275 3448 4343 ipsum,

1894 4382 1953 4426 ut
1983 4371 2080 4443 tibi
2117 4370 2317 4424 indicet
2351 4383 2453 4437 qua
2490 4379 2638 4435 parte
2670 4368 2917 4434 corporis
2954 4368 3115 4417 situm
3175 4365 3246 4418 sit
3278 4365 3447 4432 ipsius

1892 4466 2076 4520 robur.

1962 4555 2052 4609 Illa
2087 4569 2215 4622 ergo
2246 4552 2533 4605 Satnsoui:
2567 4551 2660 4602 Dic
2694 4548 2846 4607 mihi,
2875 4546 3070 4614 inquit,
3095 4546 3138 4596 si
3169 4561 3250 4596 me
3281 4559 3451 4615 ames,

1895 4662 2001 4716 qua
2060 4628 2211 4714 parte
2255 4643 2500 4709 corporis
2542 4641 2620 4693 tui
2663 4642 2781 4693 sita-
2830 4641 2940 4691 sint
2993 4641 3132 4689 vires
3171 4645 3298 4687 ιιι-υ.
3352 4635 3450 4687 Cui

1897 4738 1986 4791 ille
2019 4754 2031 4788 :
2068 4736 2121 4788 Si
2152 4750 2238 4787 me
2272 4732 2490 4802 (inquit)
2520 4738 2725 4797 septem
2760 4730 2943 4781 nervis
2974 4728 3305 4783 recentibus.
3333 4742 3449 4792 qua:

1898 4826 2124 4880 necdum
2154 4822 2419 4886 aruerint,
2455 4818 2759 4888 ligaverint.
2787 4816 3030 4869 inﬁrmus
3055 4816 3265 4868 reddar.
3303 4822 3455 4866 Λιιυι

1900 4918 2079 4971 lerunt
2114 4929 2243 4984 ergo
2292 4924 2497 4981 septem
2549 4925 2745 4963 nervos
2780 4920 3042 4969 recentes,
3094 4905 3289 4973 quibus
3326 4917 3452 4956 cum

1900 5011 2013 5077 ipsa
2053 5008 2204 5059 illum
2240 5005 2483 5072 ligasset,
2506 5001 2604 5072 ille
2635 5002 2702 5055 iis
2735 4998 3059 5053 incumbens
3104 4997 3305 5063 dirupit
3337 5010 3452 5049 eos.

1899 5099 2035 5153 Tum
2064 5098 2152 5149 illa
2185 5114 2197 5148 :
2230 5093 2348 5149 Non
2378 5110 2461 5147 me
2494 5108 2669 5154 amas.
2708 5090 2916 5160 inquit;
2946 5090 2989 5143 si
3020 5089 3161 5141 enim
3192 5100 3276 5141 me
3306 5102 3457 5138 ama-

1902 5208 2007 5256 res,
2042 5190 2275 5244 dixisses
2318 5187 2446 5239 inibi
2500 5199 2608 5254 qua
2655 5182 2901 5251 corporis
2931 5188 3082 5249 parte
3116 5178 3456 5232 situm-esset

1902 5284 2067 5337 robur
2097 5291 2270 5334 tuttm.
2306 5277 2447 5331 Dixit
2478 5291 2605 5346 ergo
2636 5275 2711 5326 illi
2743 5289 2756 5325 ε
2791 5272 2846 5324 Si
2886 5285 2970 5324 me
3002 5278 3210 5339 septem
3239 5267 3455 5321 l'unibas

1902 5372 2261 5430 cannabaceis
2309 5369 2469 5423 novis
2520 5366 2825 5437 ligaverint,
2881 5362 3130 5417 inlirmns
3163 5362 3276 5414 cro.
3305 5362 3453 5424 Quod

1902 5486 2023 5525 cum
2059 5471 2148 5521 illa
2181 5466 2285 5535 ipsi
2316 5463 2558 5524 iecisset,
2599 5461 2714 5529 ipse
2747 5457 2902 5509 funes
2936 5457 3108 5508 instar
3131 5454 3203 5506 lili
3229 5454 3453 5520 dirupit.

1906 5565 2049 5618 Dixit
2076 5577 2207 5631 ergo
2240 5561 2327 5613 illa
2361 5577 2372 5610 :
2404 5554 2518 5608 Non
2569 5567 2655 5607 me
2691 5566 2867 5614 amas,
2916 5556 3063 5601 certe
3098 5548 3241 5600 enim
3279 5546 3321 5597 si
3367 5558 3449 5596 me

1906 5669 2169 5714 atuasses,
2202 5650 2501 5703 iudicasses
2534 5658 2639 5712 qua
2675 5643 2729 5696 in
2758 5649 2907 5709 parte
2930 5638 3175 5709 corporis
3212 5635 3283 5686 tui
3313 5644 3457 5688 esset

1914 5746 2079 5802 robur
2112 5756 2281 5797 tuum.
2315 5738 2449 5792 Tum
2483 5736 2571 5791 ille
2603 5749 2617 5789 :
2650 5733 2707 5790 Si
2742 5742 2972 5801 septem,
2999 5728 3193 5796 inquit,
3240 5726 3459 5795 capilla-

3103 5816 3177 5877 30
