4138 6490
626 348 723 404 939

1593 351 1950 409 EUTYCllll
2001 351 2521 408 ALEXANDRINI
2563 351 2774 409 PATR.

3663 363 3763 421 940

628 456 786 507 menti
857 472 954 506 met
1017 458 1293 510 ciucutnos
1355 460 1632 524 Spllilalltw
1668 461 1994 526 longitudine
2031 460 2150 510 lii-io
2177 485 2222 527 Α
2253 468 2394 518 runt,
2428 473 2586 524 quain
2608 460 2842 510 comitati
2865 469 2987 512 sunt
3013 461 3086 512 Eli
3112 463 3407 514 sacerdotis
3431 463 3540 522 lilii,
3565 462 3762 530 fioplni

625 543 876 603 texucris,
916 543 1162 597 infirmus
1187 545 1329 596 fiam.
1355 543 1505 609 Quod
1540 557 1716 598 tamen
1757 563 1875 597 cum
1927 547 2039 612 ipsa
2074 547 2147 597 illi

622 632 859 695 fecisset,
896 631 1094 702 [facile]
1132 635 1389 687 excussit.
1421 637 1596 698 Quare
1640 636 1726 686 illa
1759 653 1770 686 :
1804 635 2144 702 Nequaquam

622 720 836 788 (inquit)
871 736 953 772 me
984 736 1155 785 amas,
1182 722 1226 773 si
1257 723 1398 776 enim
1433 739 1690 786 amassivs,
1735 734 1878 776 certe
1911 724 2037 775 mihi
2072 724 2149 774 in-

619 807 850 859 dicasses
881 822 985 874 qua
1035 809 1087 860 in
1140 820 1287 876 parte
1332 811 1570 876 COI'put'is
1604 811 1865 862 fortitudo
1893 819 1981 860 tua
2015 825 2143 861 cou-

618 893 852 946 sisteret:
877 892 1009 947 Tum
1041 896 1125 948 ille
1162 897 1319 949 taedio
1365 900 1585 954 adactus
1613 915 1625 948 :
1655 897 1804 957 Mihi,
1846 895 2043 962 inquit,
2079 896 2144 946 ab

621 991 771 1033 utero
792 985 974 1058 matris
999 987 1368 1038 annnntiatum
1390 993 1471 1039 est
1499 999 1562 1036 ne
1580 992 1893 1052 potestatem
1915 987 1967 1036 in
1988 992 2144 1050 caput

619 1087 787 1122 meum
821 1073 1036 1126 haberet
1064 1072 1297 1138 ferrum;
1325 1074 1370 1127 si
1413 1087 1534 1139 ergo
1563 1074 1779 1125 radatur
1806 1073 1932 1124 mihi
1963 1083 2140 1140 caput,

613 1161 1027 1215 intirmabuntur
1057 1163 1198 1217 vires
1233 1161 1386 1233 ιω
1420 1179 1548 1216 mea:
1586 1180 1600 1218 :
1633 1164 1826 1216 deinde
1859 1164 1908 1216 in
1938 1163 2144 1231 gremio

609 1251 724 1316 ejus
755 1250 1094 1304 obdormivit.
1131 1252 1222 1304 llla
1251 1267 1374 1305 vero
1403 1253 1456 1305 in
1484 1253 1687 1319 gremio
1716 1262 1815 1306 suo
1835 1252 2142 1313 dormienti,

609 1351 807 1406 septem
839 1341 1066 1392 crinimn
1089 1341 1371 1394 cincinnos
1393 1343 1544 1395 rasit.
1574 1340 1706 1394 Cum
1738 1356 1866 1410 ergo
1893 1357 1922 1394 e
1953 1357 2141 1396 somno

606 1439 948 1494 experrectus
983 1441 1166 1493 esset,
1200 1431 1404 1484 viribus
1448 1431 1732 1484 imbecillis
1765 1431 1885 1484 fuit.
1917 1432 2008 1484 Illa
2042 1447 2140 1484 au-

607 1528 708 1570 tem
743 1517 806 1569 ad
837 1517 1070 1571 tribuum
1105 1515 1374 1587 principes
1401 1520 1561 1583 misit,
1591 1521 1679 1586 qui
1705 1517 1951 1575 Sumsoni
1987 1533 2142 1590 capto

604 1608 788 1660 oculos
845 1619 1120 1672 eruerunt,
1157 1609 1441 1679 ipsumque
1468 1619 1659 1663 catena
1706 1626 1842 1663 :erea
1879 1611 2136 1672 vinctum,

601 1707 654 1748 et
705 1697 898 1749 Gazam
945 1707 1315 1764 asportatum,
1373 1700 1577 1752 carceri
1631 1699 1996 1764 incluserunt,
2049 1701 2137 1752 ubi

2251 557 2303 600 et.
2330 546 2577 599 Phineas.
2615 549 2849 614 Egressre
2889 558 3062 602 autem
3107 559 3291 603 contra
3343 551 3486 615 ipsos
3522 551 3766 618 alienige-

2252 651 2438 687 narnnt
2474 635 2642 689 tribus
2678 636 2832 706 ιω
2859 637 3000 704 ipsos
3036 639 3085 688 iu
3133 639 3305 706 fugam
3335 639 3593 690 dedi-runt
3625 656 3637 688 :
3666 655 3765 691 (τευ-

2248 725 2402 791 siquc
2427 736 2550 778 sunt
2584 741 2647 777 ex
2698 726 2956 779 lsraelitis
2982 727 3161 777 tricies
3216 729 3377 788 mille,
3445 726 3765 792 fugientibus

2245 813 2337 880 qui
2373 812 2622 878 fugerunt
2657 828 2759 879 qua
2807 821 3069 880 poterant.
3122 813 3256 867 Caesi
3311 825 3437 867 sunt
3489 817 3644 866 etiam
3683 814 3763 864 Eli

2250 901 2343 952 filii
2419 898 2628 966 llophui
2683 907 2734 952 et
2787 899 3054 963 Phineas;
3097 915 3380 967 areamque
3443 910 3649 968 captam
3697 900 3762 951 ad

2250 988 2492 1041 Yazdodo
2520 986 2715 1052 Gazam
2749 996 3090 1054 portaverant
3128 989 3296 1040 tribus
3322 989 3762 1056 alienigenarum,

2244 1076 2423 1145 ibiq‘ue
2473 1077 2525 1128 in
2572 1077 2770 1140 templo
2816 1074 3044 1144 Dagonis
3097 1077 3224 1129 idoli
3265 1085 3584 1130 statuerunt.
3629 1076 3758 1127 Dum

2243 1179 2370 1233 ergo
2403 1165 2612 1218 sederet
2669 1165 2747 1217 Eli
2799 1167 3054 1217 sacerdos
3080 1167 3143 1217 ad
3181 1166 3378 1219 ostium
3442 1164 3659 1218 sacrarii
3706 1164 3762 1215 in

2243 1253 2646 1314 Sliilunte.ecr.e
2666 1254 2888 1306 accessit
2911 1255 2989 1307 vir
3011 1254 3222 1320 quidam
3243 1269 3273 1307 e
3291 1253 3430 1319 fuga.
3451 1253 3596 1304 vultu
3621 1251 3765 1304 deni-

2241 1351 2412 1410 grato.
2453 1343 2694 1395 vestibus
2743 1345 2963 1405 scissis:
2999 1343 3084 1396 cui
3141 1343 3217 1394 Eli
3270 1342 3567 1395 sacerdos:
3602 1341 3762 1404 Quid,

2243 1436 2435 1502 inquit,
2467 1434 2542 1487 rei
2573 1440 2751 1486 tecum
2781 1433 2906 1486 est?
2939 1432 3236 1500 Respondit
3282 1430 3369 1484 ille
3416 1449 3430 1484 :
3471 1433 3526 1487 In
3583 1431 3761 1496 fugam

2241 1526 2486 1576 conversi
2515 1529 2641 1573 sunt
2682 1521 2956 1581 lsraelitzc,
2994 1519 3148 1572 casis
3198 1517 3381 1571 eorum
3433 1516 3775 1584 quampluri-

2242 1612 2367 1676 mis,
2403 1626 2616 1678 unaque
2647 1611 2856 1666 duobus
2891 1611 3013 1663 filiis
3044 1612 3175 1674 tuis,
3206 1617 3477 1676 captaque
3499 1616 3581 1660 est
3611 1621 3755 1659 arca.

2241 1697 2341 1752 Ubi
2383 1706 2558 1750 autem
2604 1697 2899 1751 audivisset
2948 1696 3025 1750 Eli
3081 1696 3334 1751 sacerdos
3385 1701 3590 1762 captam
3639 1707 3761 1747 csse

603 1786 807 1839 renasci
832 1796 1107 1852 crepet-unt
1126 1788 1507 1856 capillicapitis
1529 1789 1718 1856 ipsius.
1741 1787 2135 1844 Contenientes
2168 1784 2207 1838 Β
2234 1801 2436 1850 arcam,
2471 1801 2670 1854 pronus
2698 1785 2750 1839 in
2775 1785 2964 1839 faciem
2997 1785 3190 1838 cadens
3225 1785 3365 1837 illico
3393 1793 3635 1835 mortttus
3654 1790 3760 1843 est,

599 1887 773 1927 autent
800 1877 1032 1927 tribuum
1063 1876 1482 1942 alienigenarum
1516 1877 1805 1945 principes,
1835 1877 1902 1929 ad
1931 1879 2132 1929 hostias

604 1965 775 2032 ltagon
807 1965 905 2017 de’o
929 1979 1028 2018 suo
1055 1965 1432 2028 inunolandas,
1455 1965 1766 2019 Samsonem
1818 1965 2135 2039 cdnscrunt,

602 2061 658 2104 ut
687 2054 783 2120 ipsi
821 2053 1104 2108 illudentes
1131 2056 1323 2108 deinde
1351 2064 1572 2108 mortem
1608 2053 1889 2119 inferrent.
1934 2054 2137 2124 Imple-

602 2151 820 2209 tumque
844 2152 924 2196 est
961 2143 1194 2212 Dagouis
1228 2145 1483 2211 templum
1517 2144 1845 2211 hominibus,
1871 2160 1978 2214 qua
2008 2147 2138 2200 viris

597 2245 702 2299 qua
731 2232 964 2292 feminis.
994 2248 1098 2285 una
1131 2246 1250 2284 cum
1283 2241 1423 2286 tecto
1455 2234 1645 2300 ipsius,
1670 2235 1802 2288 adeo
1829 2233 2131 2296 confertim,

599 2331 656 2374 ut
685 2339 786 2374 non
817 2332 1120 2390 superesset
1153 2323 1302 2376 locus
1327 2337 1435 2390 quo
1461 2335 1604 2376 stare
1633 2327 1752 2392 quis
1783 2333 1962 2392 posset
1983 2362 1998 2385 ,
2029 2339 2137 2392 quo

600 2412 910 2464 Samsonem
972 2413 1350 2480 con5piccrent
1404 2424 1456 2466 et
1517 2415 1644 2481 quid
1705 2415 1769 2467 de
1822 2415 1914 2467 illo
1965 2413 2132 2467 fleret.

599 2501 735 2554 Dixit
781 2517 908 2570 ergo
949 2501 1175 2556 Samson
1220 2521 1388 2573 puero
1436 2505 1607 2572 ipsum
1657 2505 1924 2558 ducenti:
1961 2492 2136 2571 Dirige

599 2605 806 2642 mamnn
849 2607 1018 2644 meam
1069 2593 1132 2645 ad
1183 2594 1488 2647 columnam
1520 2608 1637 2663 qum
1675 2595 1932 2662 templum
1967 2597 2133 2648 susti-

598 2693 706 2744 nct,
731 2692 1058 2752 extensaque
1089 2685 1275 2737 dextra
1306 2700 1464 2739 unam
1494 2685 1901 2754 apprehendens
1929 2686 2132 2738 colum-

594 2785 736 2832 nam,
785 2773 912 2826 laeva
958 2773 1204 2835 alteram,
1258 2789 1350 2828 eas
1403 2776 1473 2826 ita
1531 2774 1753 2827 attraxit
1787 2784 1844 2827 ut
1897 2784 2135 2843 utraeque

594 2877 696 2914 una
725 2876 844 2916 cum
877 2863 1073 2930 templo
1103 2862 1444 2927 deciderent;
1489 2865 1795 2931 mortuique
1824 2874 1949 2918 sunt
1979 2865 2132 2918 Sam-

593 2966 689 3004 son
744 2966 1035 3020 omnesque
1065 2954 1155 3020 qui
1190 2953 1242 3004 in
1297 2954 1495 3021 templo
1526 2952 1743 3007 fuerant
1776 2955 1870 3007 riri
1913 2964 1968 3008 et
2019 2972 2136 3007 mu-

591 3041 785 3106 lieres;
835 3042 1122 3112 pluresque
1175 3041 1394 3096 fuerunt
1431 3044 1594 3098 occisi
1626 3059 1766 3111 quos
1813 3055 1986 3098 tnurte
2033 3060 2128 3098 sua

591 3131 784 3184 occidit
820 3130 1073 3194 Samson,
1097 3146 1256 3199 quam
1285 3147 1420 3200 quos
1469 3133 1519 3184 in
1554 3131 1660 3184 vita
1694 3147 1790 3186 sua
1837 3133 2128 3187 occiderat.

590 3217 766 3286 Ipsum
807 3207 932 3271 vero
964 3219 1235 3272 sublatum
1285 3218 1609 3288 sepelierunt
1656 3221 1738 3272 sui
1793 3221 1933 3274 inter
1965 3220 2131 3273 Saata

589 3318 640 3359 et
673 3305 894 3359 Eshtaol
925 3323 1045 3361 cum
1095 3318 1244 3376 patre
1283 3322 1380 3361 suo
1429 3307 1682 3372 Manoab,
1731 3307 1944 3362 Mortuo
1975 3309 2129 3362 Sam-

588 3410 742 3453 sane.
781 3407 1038 3450 rexerunt
1065 3397 1322 3451 Israelita:
1355 3398 1441 3449 alii
1473 3397 1610 3451 alios
1656 3398 1710 3450 in
1740 3398 2133 3467 tranquillitate

587 3496 638 3539 ct
672 3501 801 3553 pace
833 3487 991 3540 annis
1024 3488 1398 3556 quadraginta.
1642 3481 1644 3484 ’
1746 3499 1761 3520 ί
1983 3465 1997 3480 χ

663 3575 1005 3647 141-143
1039 3577 1238 3632 Deinde
1264 3577 1474 3643 praefuit
1504 3579 1701 3645 populo
1747 3576 1824 3630 Eli
1855 3576 2128 3641 sacerdos,

594 3685 764 3722 annos
798 3670 1003 3737 viginti.
1040 3669 1112 3720 Eo
1141 3677 1382 3737 tempore
1427 3666 1524 3720 fuit
1572 3668 1868 3722 sacrarium
1909 3668 1964 3722 in
2007 3667 2127 3722 Shi-

592 3761 756 3811 lmno.
805 3757 1151 3827 Fueruutque
1188 3759 1264 3810 Eli
1301 3756 1566 3810 sacerdoti
1605 3758 1697 3810 filii
1727 3743 2128 3830 duosquor-um

596 3847 685 3898 uni
737 3864 928 3900 nomen
979 3847 1237 3914 llopbne,
1282 3849 1435 3901 alteri
1487 3846 1738 3900 Phineas.
1802 3845 1924 3900 Fuit
1971 3849 2127 3901 etiam

591 3935 831 4002 ejusdem
897 3945 1138 4004 tempore
1186 3938 1444 4005 propheta
1489 3952 1518 3990 e
1561 3935 1855 4000 Ramayain
1915 3939 2130 3989 nomine

589 4022 850 4086 lletltaua,
885 4026 1024 4078 filius
1065 4023 1370 4077 leroboatui
1404 4025 1470 4077 de
1510 4025 1650 4076 tribu
1684 4023 1832 4089 Levi,
1865 4025 1951 4077 cui
1993 4024 2129 4077 bina:

587 4121 740 4164 erant
786 4111 1060 4180 coniuges,
1094 4127 1318 4181 quarum
1351 4113 1445 4166 uni
1492 4127 1685 4166 nomen
1737 4112 1960 4166 llaunab
1991 4114 2131 4182 (quae

588 4201 788 4252 sterilis
822 4198 1126 4267 fuit),alteri
1165 4199 1406 4265 l-lenana,
1442 4201 1526 4254 cui
1575 4200 1665 4254 filii
1691 4202 2128 4257 erant.Profecta

587 4300 766 4343 autem
803 4289 1029 4342 llaunab
1061 4293 1125 4342 ait
1163 4291 1460 4343 sacrarium
1491 4289 1742 4363 Sbilumi,
1777 4301 1988 4359 precata
2049 4299 2168 4346 cst'

2238 1891 2410 1931 annos
2438 1885 2595 1930 natus
2641 1876 2946 1944 nonaginta.
2983 1875 3073 1928 Dic
3101 1885 3280 1928 autem
3331 1873 3566 1926 crastino
3601 1884 3759 1923 acce-

2237 1967 2425 2021 dentes
2445 1966 2604 2020 (ἔπιε
2632 1965 2818 2019 incol-.e
2863 1965 2927 2018 ad
2955 1966 3210 2030 templum
3254 1961 3504 2029 Dagonis.
3553 1960 3616 2012 ad
3675 1959 3757 2012 vi-

2237 2055 2465 2110 dendam
2491 2071 2694 2117 arcam,
2720 2055 2919 2108 idotum
2957 2055 3132 2121 Dagon
3173 2054 3225 2106 in
3264 2053 3450 2106 faciem
3477 2066 3625 2104 sua~n
3664 2063 3759 2103 co-

2236 2159 2349 2204 ram
2377 2159 2556 2198 arcam
2586 2153 2913 2213 prostratum
2967 2145 3306 2197 invenerunt.
3364 2143 3564 2193 Accidit
3598 2141 3757 2194 etiam

2237 2236 2290 2289 in
2324 2239 2456 2289 urbe
2503 2237 2643 2291 Gaza
2691 2236 2844 2305 plaga
2897 2233 3192 2298 mortifera,
3236 2234 3370 2301 ipsis
3420 2232 3761 2286 bxmorrluea

2235 2326 2519 2393 correptis,
2555 2326 2878 2394 impletaque
2914 2334 2999 2379 est
3030 2323 3179 2392 regio
3201 2323 3439 2391 ipsorum
3473 2320 3671 2374 muscis
3707 2329 3764 2372 rt

2235 2414 2598 2468 stellionibus.
2633 2415 2888 2467 Substitit
2917 2423 3094 2466 autem
3123 2413 3259 2479 apud
3307 2414 3455 2478 ipsos
3483 2425 3604 2464 area
3632 2425 3762 2478 qna-

2201 2514 2357 2556 ‘tuor
2405 2518 2618 2558 menses
2655 2503 2764 2574 [vel
2808 2506 2957 2572 juxta
3021 2504 3164 2556 aliud
3213 2501 3506 2570 exemplar,
3555 2511 3760 2567 septem

2236 2592 2488 2662 menses].
2526 2593 2782 2648 Dixerunt
2819 2611 2946 2662 ergo
2984 2593 3155 2646 Gauri
3188 2591 3341 2647 :Non
3371 2592 3562 2645 accidit
3607 2591 3763 2644 nobis

2237 2682 2575 2738 bmnierrlnca
2609 2685 2706 2736 ista
2735 2723 2750 2745 ,
2782 2699 2955 2750 neque
2999 2686 3195 2736 ntusc's
3222 2695 3271 2735 et
3305 2682 3638 2735 stellionibus
3669 2695 3760 2735 ve-

2234 2781 2424 2819 xamur
2446 2768 2547 2821 nisi
2574 2768 2642 2822 ob
2674 2784 2852 2823 arcam
2879 2753 3031 2822 istam
3067 2784 3082 2822 :
3110 2771 3436 2822 dimittamus
3461 2785 3586 2837 ergo
3613 2784 3642 2821 a
3666 2783 3762 2821 no-

2236 2854 2315 2907 bis
2342 2869 2562 2919 aream;
2597 2870 2752 2910 secus
2777 2858 2919 2909 enim
2955 2857 3262 2925 peririmus.
3302 2858 3758 2923 Dixeruntautcm

2233 2942 2447 3011 quidam
2489 2959 2555 2998 ex
2595 2945 2729 3014 ipsis
2763 2960 2777 2998 :
2818 2945 2927 2999 lloc
2951 2948 3313 3014 probabimus,
3339 2945 3680 3016 las-1&7
3713 2947 3762 2999 si

2235 3035 2473 3102 acceptis
2531 3035 2778 3102 iuvencis
2830 3037 3054 3093 ,duolius
3109 3036 3198 3102 qui
3251 3051 3522 3104 nunquam
3574 3038 3758 3105 jugum

2234 3123 2496 3185 tulerunt,
2528 3124 2633 3177 illis
2657 3126 2952 3192 plaustrum
2989 3140 3180 3178 norum
3218 3125 3573 3193 imponamus
3604 3127 3764 3193 eique

2232 3227 2435 3277 arcam,
2471 3205 2686 3282 unaque
2719 3229 2840 3267 eum
2873 3229 2996 3267 arca
3027 3213 3213 3266 cistam
3249 3228 3528 3282 ponamus,
3565 3214 3618 3266 in
3657 3229 3760 3278 qua

2230 3304 2299 3355 sit
2336 3317 2638 3356 muscarum
2677 3312 2724 3356 et
2756 3303 3066 3356 stellionum
3100 3317 3164 3355 ex
3192 3316 3323 3354 auro
3346 3285 3507 3372 atque
3537 3310 3764 3370 argento

2230 3389 2450 3459 efligics,
2492 3391 2736 3444 muneris
2790 3392 2982 3450 instar,
3032 3392 3101 3445 ab
3153 3407 3476 3460 unaquaque
3530 3394 3680 3454 urbe,
3730 3408 3762 3443 a

2230 3481 2394 3543 Gaza,
2447 3482 2515 3536 ab
2573 3481 2828 3547 Askelou,
2878 3497 2906 3533 a
2940 3480 3182 3550 Rapbab,
3237 3481 3306 3535 ab
3366 3479 3636 3539 Yazdodo.
3692 3483 3764 3534 ab

2230 3569 2464 3636 Epitron.
2513 3568 2570 3621 Si
2611 3570 2753 3622 enim
2789 3578 2933 3622 recta
2977 3569 3194 3622 tendant
3222 3568 3436 3637 iuvenci
3482 3569 3538 3623 in
3582 3569 3759 3636 regio-

2231 3672 2349 3708 nem
2382 3655 2755 3720 lsraelitieam,
2791 3672 2971 3712 arcam
3002 3660 3350 3723 dimittemus,
3395 3659 3623 3712 scientes
3662 3659 3760 3728 dy-

2229 3745 2514 3808 senteriam
2540 3745 2718 3810 istam,
2745 3762 2952 3801 necnon
2980 3762 3190 3802 inuscas
3222 3757 3272 3802 et
3295 3748 3591 3810 stelliones,
3623 3764 3762 3801 area:

2230 3849 2391 3887 causa
2418 3835 2680 3905 obtigisse
2709 3853 2724 3901 ;
2757 3836 2840 3890 sin
2877 3838 3052 3890 mimis
3083 3839 3137 3890 in
3169 3846 3365 3891 terram
3410 3838 3756 3890 Israeliticam

2231 3925 2458 3993 profecti
2511 3925 2731 3990 fuerint,
2778 3927 3010 3982 sciemus
3059 3928 3158 3982 hoc
3207 3929 3455 3982 accidens
3505 3928 3694 3991 fuisse,
3731 3943 3764 3980 e

2229 4017 2358 4069 vitio
2383 4016 2523 4070 aeris
2557 4026 2608 4070 et
2639 4018 2942 4084 pestilentia
2971 4028 3170 4071 Ortum.

2302 4105 2410 4160 Iloc
2437 4108 2598 4176 igitur
2630 4122 2750 4161 cum
2775 4107 3050 4172 fecissent,
3084 4119 3223 4161 recta
3251 4107 3496 4161 abierunt
3544 4106 3756 4173 juvrnci

2229 4195 2280 4248 in
2307 4196 2669 4249 lsraelitarum
2705 4198 2970 4268 regionem
2998 4214 3012 4256 ;
3049 4198 3250 4266 ipsique
3306 4198 3622 4266 dysenteria,
3654 4212 3755 4264 qua

2228 4283 2401 4338 affecti
2431 4284 2660 4350 fuerant,
2683 4287 2894 4340 liberati
2929 4294 3052 4339 sunt
3083 4285 3489 4349 ;recedentibus
3509 4287 3665 4338 etiam
3690 4287 3758 4337 ab

589 4381 870 4434 Dominum
907 4394 1102 4448 rogans
1136 4390 1191 4431 ut
1215 4380 1313 4448 ipsi
1352 4380 1516 4432 filium
1547 4381 1852 4447 largiretur,
1909 4383 2117 4449 pollici.
2161 4395 2202 4448 ι)
2231 4376 2362 4443 ipsis
2387 4376 2786 4440 stellionibusct
2809 4379 3024 4430 muscis.
3051 4375 3184 4428 Cu’m
3206 4386 3378 4430 autem
3396 4377 3759 4444 pCI‘VtIIiSSch

589 4483 750 4540 taque
782 4469 1008 4523 Domino
1033 4485 1089 4523 se
1126 4469 1299 4538 ipsum
1334 4469 1640 4522 ministrum
1687 4472 1883 4538 templo
1922 4473 2129 4524 dicatu~

585 4574 726 4614 ram.
754 4557 1044 4610 Gravidata
1072 4572 1196 4625 ergo
1229 4554 1529 4609 Samuelem
1553 4558 1862 4625 prophetam
1886 4561 2088 4636 peperit
2115 4577 2127 4622 ;

583 4660 761 4711 quem,
795 4658 918 4696 cum
954 4643 1064 4710 jam
1107 4651 1216 4696 tres
1245 4656 1417 4696 annos
1471 4652 1629 4695 natus
1680 4654 1841 4704 esset,
1893 4645 2127 4697 abduxe-

588 4745 708 4787 runt
745 4744 897 4801 palct‘
939 4733 1111 4800 ipsius
1164 4730 1435 4785 Helkanah
1486 4740 1538 4784 ct
1583 4743 1752 4783 mater
1802 4733 2025 4784 ilanuati
2060 4732 2124 4784 ad

586 4827 879 4877 sacrarium
922 4824 1262 4886 Sltilumunt,
1311 4823 1705 4889 inuuolattsque
1759 4823 1983 4873 Domino
2034 4828 2126 4873 lto-

585 4915 720 4974 stiis,
749 4915 911 4966 lilium
937 4929 1093 4966 suum
1121 4912 1424 4966 Samuelem
1471 4911 1544 4964 liii
1576 4912 1836 4982 sacerdoti
1896 4913 2127 4964 tradide-

586 5015 729 5058 runt.
765 5004 1102 5057 Itlinistrabat
1134 5019 1260 5073 ergo
1304 5003 1518 5057 Samuel
1573 5007 1624 5055 in
1676 5004 1936 5056 sacrario.
1990 5003 2121 5054 Cum

583 5107 758 5147 autem
787 5104 1120 5164 congregata:
1151 5096 1571 5162 alienigenarum
1605 5093 1776 5145 tribus
1821 5094 1884 5145 ad
1924 5092 2121 5144 bellum

585 5185 843 5238 Israelitis
868 5185 1226 5245 ιιιῑιειριιιιυιιι,
1264 5201 1448 5237 eorum
1474 5185 1621 5236 viros
1661 5195 1850 5250 quater
1894 5182 2036 5233 mille
2070 5181 2120 5232 in

585 5276 764 5342 pra-lio
791 5275 1136 5339 cecidiSsent,
1166 5275 1417 5326 dixerunt
1449 5275 1633 5341 populi
1661 5273 1941 5324 lsraelitici
1974 5271 2122 5339 ptin-

588 5382 731 5434 epes
790 5385 800 5418 :
856 5367 1210 5432 DeportCttttts
1265 5367 1542 5417 nobiscum
1603 5379 1779 5416 at‘catn
1827 5362 2043 5415 [ωίὶρτίε
2095 5381 2120 5411 ιι

596 5459 850 5519 iliilutno,
885 5468 941 5509 ut
972 5461 1023 5510 in
1066 5457 1238 5508 medio
1273 5457 1442 5508 nostri
1486 5443 1552 5506 sit
1583 5455 1724 5505 inter
1751 5452 2117 5518 lifaritﬂlttitlﬂl,

598 5561 687 5602 lno
730 5549 847 5614 ejus
899 5566 998 5615 ope
1047 5547 1236 5614 eripiat
1283 5562 1382 5599 nos
1435 5545 1692 5597 Dominus
1743 5557 1771 5593 e
1820 5558 1977 5592 manu
2028 5544 2121 5592 lto-

605 5650 736 5691 ttum
773 5651 1093 5690 lltlSll'UrUill.
1139 5639 1328 5688 Arcam
1363 5650 1486 5702 ergo
1522 5649 1548 5684 a
1601 5630 1843 5684 Siiilumo
1889 5634 2119 5683 sustule-

1493 6446 1940 6482 Lm.

2229 4463 2447 4531 juveuci
2482 4465 2544 4516 ad
2579 4463 2731 4519 Beitb
2766 4465 3007 4527 Sbemes,
3039 4465 3190 4532 cujus
3215 4464 3400 4519 incola:
3431 4481 3492 4518 eo
3527 4477 3760 4533 tempore

2233 4556 2501 4606 metebant
2529 4556 2579 4607 iu
2615 4571 2743 4624 agro
2776 4555 2936 4618 lisias,
2966 4556 3039 4607 illi
3063 4565 3268 4623 recepta
3302 4571 3425 4607 arca
3460 4557 3755 4624 plaustrum

2231 4648 2628 4713 conl’regerunt,
2661 4656 2710 4698 et
2737 4646 2997 4714 jurenens
3025 4646 3324 4698 immolatos
3361 4648 3409 4696 in
3437 4647 3756 4698 sacrificium

2231 4733 2585 4796 obtulerunt;
2639 4739 2909 4802 capsulam
2944 4745 3102 4787 etiam
3145 4735 3197 4787 in
3232 4750 3332 4799 qua
3392 4736 3604 4786 [ιιιϊιιιιι
3652 4751 3761 4787 tnu-

2229 4839 2438 4874 scarum
2484 4833 2535 4875 et
2571 4827 2876 4876 stellionum
2917 4826 3118 4893 (fingith
3157 4841 3328 4876 aurea:
3377 4834 3429 4876 et
3474 4835 3755 4892 argenteae,

2230 4924 2577 4980 acceperunt.
2621 4914 2811 4965 Arcam
2846 4927 3020 4965 autem
3052 4927 3312 4980 receptam
3347 4913 3757 4965 introduxerunt

2230 5005 2416 5055 incola
2441 5005 2542 5054 vici
2572 5005 2660 5070 qui
2713 5005 2886 5054 Kuiat
2915 5007 3061 5056 Anab
3096 5007 3260 5060 audit.
3289 5005 3339 5054 in
3370 5004 3582 5055 domum
3632 5004 3760 5054 Abi-

2231 5095 2424 5144 nadabi
2462 5095 2630 5160 patris
2666 5094 2862 5155 Gazai;
2902 5110 3124 5160 eamque
3150 5095 3200 5145 in
3238 5098 3352 5144 loco
3382 5095 3521 5146 dioto
3553 5092 3757 5152 Galtaa,

2228 5185 2317 5250 qui
2356 5199 2452 5235 arx
2481 5194 2616 5245 erat,
2639 5188 2924 5251 repositam
2957 5184 3130 5236 Gazao
3162 5192 3212 5235 et
3236 5185 3422 5235 Alinoo
3453 5184 3756 5235 custodien-

2225 5275 2348 5324 dam
2384 5275 2745 5325 tradiderunt.

2299 5365 2502 5414 Mortuo
2522 5365 2595 5415 lili
2616 5366 2909 5424 sacerdote,
2938 5366 3180 5430 populum
3208 5363 3340 5415 rexit
3359 5360 3570 5414 Samuel
3598 5359 3756 5430 148

2226 5457 2486 5522 propheta
2523 5457 2680 5506 annis
2711 5456 2916 5521 viginti.
2961 5455 3090 5506 Cum
3119 5466 3291 5504 autem
3326 5452 3595 5512 Israelita’,
3631 5455 3755 5503 reli-

2225 5549 2326 5596 ctis
2364 5545 2542 5607 idolis,
2588 5548 2650 5595 ad
2693 5548 2894 5596 cultum
2950 5545 3157 5594 Domini
3217 5548 3408 5594 reversi
3449 5553 3646 5601 essent,
3693 5543 3759 5592 ti-

2225 5647 2475 5688 muerunt
2511 5652 2654 5703 ipsos
2688 5636 2858 5688 tribus
2900 5637 3246 5701 alienigrnze;
3284 5649 3309 5684 a
3349 5636 3538 5700 quibus
3576 5637 3757 5682 abstu-
