4038 6452
166 394 256 455 9i!
1562 393 1916 450 ANNAIES.

164 508 335 558 lerunt
380 506 627 559 lsraclitm
658 521 845 557 omnes
876 523 1008 572 quas
1042 515 1393 572 superassent
1452 507 1609 559 iubes
1646 508 1707 557 ad
1738 513 1780 568 Α
1813 507 1945 559 dixit
1974 504 2189 558 Samuel
2221 504 2476 573 propheta
2514 504 2659 557 Sauli
2699 510 2803 575 regi

165 595 375 661 liphron
427 612 592 663 usque
635 595 908 662 Iiapbaelt.
949 594 1184 646 Fuerunt
1240 604 1416 645 autem
1456 596 1689 648 Samttcli

163 686 250 738 liiii
290 687 420 747 duo,
460 701 687 752 quorum
724 696 852 737 natu
897 687 1083 753 majori
1114 700 1306 737 nomen
1336 684 1470 748 Joel,
1496 688 1688 739 minori

161 775 310 833 Abin,
342 776 431 842 qui
466 774 718 841 populum
771 776 1055 843 tranquille
1086 784 1137 825 iet
1170 775 1387 841 pacifice
1436 785 1692 829 texerunt

160 864 208 916 in
242 865 565 917 Beersheha.

222 957 288 1008 At
316 974 440 1009 cum
491 961 758 1013 senuisset
792 960 1030 1023 Samuel,
1068 961 1371 1027 congregati
1412 960 1476 1012 ad
1520 960 1691 1025 ipsum

157 1043 413 1097 israclitze
445 1046 495 1097 iu
534 1047 1027 1102 Ramah‘dixerunt
1061 1067 1073 1102 :
1106 1050 1387 1103 Censtitue
1422 1050 1577 1103 nobis
1609 1063 1694 1101 re-

156 1148 267 1198 gem
301 1133 391 1200 qui
421 1150 518 1187 nos
547 1148 712 1204 regat,
750 1137 890 1189 s‘icut
934 1136 1149 1203 reliquie
1182 1147 1369 1205 gentes
1402 1152 1555 1205 rcges
1598 1136 1692 1187 ha-

156 1226 301 1276 bent.
349 1224 489 1277 Dixit
530 1240 657 1293 ergo
690 1226 793 1279 illis
833 1228 1045 1280 Samuel
1091 1230 1349 1296 prOphcta
1394 1245 1408 1281 :
1442 1228 1575 1279 Cum
1610 1242 1696 1277 re-

157 1329 269 1380 gem
322 1315 480 1367 vobis
529 1314 897 1383 prcheeeritis,
954 1317 1062 1376 ille,
1094 1318 1241 1368 vobis
1294 1317 1344 1366 iu
1387 1314 1695 1367 servitutem

156 1404 409 1467 redactis,
454 1405 509 1457 in
548 1419 676 1473 opes
703 1414 911 1458 vestras
944 1412 1260 1470 potestatem
1293 1404 1392 1457 sibi
1418 1410 1610 1463 sumet,
1646 1410 1696 1452 et

153 1494 391 1546 omnium
420 1510 540 1562 qua:
588 1494 873 1561 possidetis
905 1494 1140 1546 decimas
1171 1492 1413 1559 accipiet.
1464 1493 1699 1560 Respon-

152 1583 411 1636 dentibus
444 1584 547 1637 illis
582 1601 596 1636 :
633 1581 742 1635 Hoc
814 1583 969 1635 nobis
1016 1583 1207 1649 placet,
1254 1584 1385 1635 dixit
1437 1583 1693 1635 Samuel:

154 1671 279 1726 Novi
330 1688 432 1740 ego
486 1672 656 1725 virum
713 1688 742 1725 e
802 1672 940 1725 tribu
1001 1672 1276 1739 Beniamin
1328 1673 1544 1727 nomine
1580 1673 1695 1734 Cis.

154 1763 393 1816 Anbiclis
450 1744 638 1827 filium,
702 1764 788 1815 cui
838 1762 979 1816 filius
1039 1772 1119 1815 est
1175 1763 1391 1815 nomine
1429 1762 1576 1825 Saul,
1619 1765 1699 1815 vir

3236 392 3339 455 ΜΞ
3398 424 3404 432 -

2838 525 2852 560 ι
2892 509 2968 560 Λι]
3014 508 3306 561 Amalekila

1800 613 1914 649 rum
1948 596 2131 648 urbem
2164 596 2459 663 profectus,
2504 600 2695 663 Ipsam,
2727 600 2875 651 i-a-sis
2906 600 2995 667 qui
3040 600 3091 651 in
3126 615 3185 652 ca
3216 608 3333 651 sunt

1798 685 2046 737 omnibus
2076 684 2223 748 viris,
2245 683 2478 745 feminis,
2518 686 2717 751 pueris,
2745 686 3081 747 animalibus,
3113 687 3337 739 cxsvin-

1799 774 1914 827 das.
1950 772 2077 824 Saul
2120 788 2268 839 ergo,
2302 774 2593 837 assumptis
2646 788 2827 826 secum
2878 790 2908 827 e
2965 774 3143 843 Calgal
3208 776 3337 828 viris

1799 875 2031 932 quatuor
2059 862 2221 925 mille,
2252 862 2613 932 lsraelitisqne
2643 879 2673 917 e
2704 864 2845 917 tribu
2883 863 3032 917 lube
3064 877 3140 918 ter
3171 867 3335 926 mille,

1801 963 1988 1007 contra
2012 953 2323 1007 Amaleltum
2378 956 2669 1021 profectus,
2724 955 3052 1009 Amalekitas
3102 960 3167 1007 ab
3210 959 3338 1008 urbe

1804 1039 1957 1093 lliula
1991 1056 2159 1108 usque
2190 1041 2375 1095 urbem
2410 1041 2515 1094 Sur
2545 1044 2777 1107 credens,
2832 1048 3036 1111 Aagum
3098 1045 3336 1111 ipsorum

1804 1145 1980 1198 regem
1999 1132 2178 1183 vivum
2208 1131 2381 1198 cepit;
2409 1145 2570 1199 agros
2604 1144 2781 1185 autem
2807 1142 2858 1185 et
2884 1135 3065 1187 vincas
3101 1136 3337 1201 ipsorum

1805 1233 1909 1271 non
1944 1218 2191 1282 vastavit,
2225 1218 2399 1287 neque
2429 1220 2629 1273 bestias
2680 1223 2883 1288 aliquas
2921 1223 3165 1288 peremit,
3200 1224 3335 1275 'tilllll

1804 1308 2060 1376 pecudes,
2094 1310 2259 1362 boves
2300 1319 2352 1362 ct
2415 1311 2659 1379 jumenta
2728 1327 2914 1365 eorum
2975 1315 3341 1381 prtcdareutur

1802 1399 2027 1452 cernites
2054 1399 2245 1465 ipéius.
2275 1398 2409 1453 Cum
2449 1392 2576 1469 ergo
2604 1415 2633 1452 a
2670 1401 2812 1453 bello
2842 1400 3116 1469 Galgalum
3153 1404 3342 1455 rediis-

1803 1497 1902 1547 set,
1943 1488 2081 1541 dixit
2120 1488 2194 1542 illi
2247 1489 2462 1543 Samuel
2516 1491 2772 1558 prepheta
2814 1508 2841 1543 :.
2867 1491 3057 1543 Annon
3102 1481 3236 1556 iussi
3293 1499 3342 1544 te

1805 1592 2017 1646 pecora,
2046 1579 2233 1641 boves,
2260 1585 2313 1631 et
2338 1577 2577 1643 iumenta
2621 1594 2806 1632 eorum
2846 1580 3071 1641 exedere,
3119 1587 3345 1632 terram-

1803 1684 1907 1734 que
1944 1676 2153 1721 vastare
2179 1669 2201 1720 ?
2230 1669 2371 1737 quod
2399 1682 2522 1721 cum
2561 1684 2686 1727 non.
2708 1668 2899 1723 feceris
2931 1685 3125 1738 nngam
3160 1686 3259 1739 ego
3289 1668 3341 1722 in

1806 1760 2074 1814 lsraelitas
2104 1775 2282 1827 regem
2341 1776 2370 1813 a
2419 1771 2471 1816 te
2514 1762 2699 1815 alium.
2760 1761 2892 1814 Tum
2948 1762 3339 1831 apprehensum

154 1854 284 1906 facie
318 1854 535 1914 decora,
568 1868 839 1919 procerus,
872 1853 1183 1908 fortitudine
1238 1854 1505 1922 insignis;
1545 1854 1692 1908 illum
1731 1854 1769 1907 Β
1804 1853 2034 1919 Aagum,
2069 1852 2499 1913 Amalckitarum
2542 1868 2742 1923 regem,
2794 1854 3077 1908 decollavit
3124 1853 3339 1906 Samuel

156 1944 301 1995 vobis
344 1957 522 2008 regem
586 1946 929 1996 constituam.
993 1944 1125 1997 Cum
1197 1942 1455 2009 deperditi
1521 1956 1696 1997 autem

155 2015 333 2083 essent
405 2032 551 2096 Ciso,
609 2032 786 2086 Saulis
842 2034 1001 2101 patri,
1046 2033 1202 2096 asini,
1241 2032 1377 2085 dixit
1442 2033 1528 2086 ille
1593 2034 1699 2087 filio

154 2138 245 2176 suo
276 2124 427 2175 Sauli
466 2124 781 2190 :Assuiupto
809 2118 1043 2176 tecuiue
1075 2124 1246 2177 servis
1271 2124 1375 2177 tuis
1400 2114 1605 2192 aliquo,
1635 2126 1699 2176 ad

155 2199 474 2281 quaerendos
499 2213 688 2266 asinos
720 2214 1103 2279 proficiscaris.
1139 2212 1422 2267 Profectus
1451 2229 1579 2283 ergo
1612 2215 1699 2267 ille

154 2318 270 2355 cum
303 2318 331 2354 a
368 2304 486 2355 vico
518 2302 582 2354 ad
609 2304 781 2355 vicum
818 2304 882 2357 ad
907 2304 1225 2371 qtncrendos
1253 2305 1436 2358 asinos
1474 2306 1700 2359 transis-

154 2399 249 2456 set,
286 2392 427 2445 dixit
457 2392 555 2459 ipsi
591 2408 721 2460 puer
744 2390 858 2458 ejus
885 2411 897 2446 ε
930 2393 1009 2446 Ad
1063 2393 1247 2447 urbem
1278 2392 1541 2447 Samuelis
1575 2409 1697 2462 pro-

156 2480 323 2547 pheta:
347 2484 696 2545 accedamus,
725 2482 814 2535 ille
840 2482 1104 2551 siquidem
1134 2498 1242 2551 quo
1268 2484 1384 2536 loco
1420 2483 1526 2535 sitit
1561 2484 1696 2535 asini

155 2570 304 2624 nobis
340 2571 619 2625 indicabit.
656 2573 733 2623 Ad
785 2572 1083 2625 Samnclem
1125 2586 1250 2639 ergo
1286 2573 1507 2639 profecti
1551 2582 1698 2637 sunt,

154 2663 237 2727 qui
297 2663 360 2714 iis
396 2662 573 2714 cibum
611 2670 901 2731 petuntque
932 2660 1266 2732 159-151
1298 2663 1577 2730 apposuit;
1611 2663 1701 2715 dc-

156 2749 542 2819 inde,acccpto
579 2766 745 2806 cornu
802 2752 944 2819 quod
1019 2752 1135 2806 oleo
1185 2754 1451 2821 impletum
1512 2753 1700 2813 fuerat,

157 2840 278 2892 iliud
316 2841 498 2892 Saulis
533 2843 694 2908 capiti
719 2841 1019 2904 aliundens,
1041 2844 1321 2911 ipsumque
1340 2844 1698 2908 coinuugens,

154 2930 284 2981 dixit
317 2947 330 2982 :
370 2932 509 2984 Deus
549 2939 599 2985 te
626 2930 783 2983 hodie
815 2946 991 2999 rcgem
1020 2931 1073 2983 in
1104 2930 1373 2984 lsraelitas
1396 2932 1699 2994 constituit,

156 3022 306 3088 cujus
347 3020 425 3073 rei
456 3021 687 3089 signum,
730 3022 873 3089 quod
907 3007 965 3072 ad
996 3028 1201 3088 patrem
1249 3029 1399 3073 tuum
1452 3035 1702 3074 reversus

156 3112 325 3178 ipsum
360 3111 548 3166 asinos
581 3112 851 3166 invenisse
895 3115 1162 3180 reperies;
1204 3112 1413 3180 fuitque
1451 3112 1593 3164 sicut
1620 3110 1703 3162 di-

158 3203 226 3255 xit
263 3202 483 3257 Samuel
517 3205 804 3273 propheta;
858 3203 1097 3273 regnavit
1128 3217 1259 3270 ergo
1291 3200 1501 3262 Sauliu
1531 3200 1697 3256 lsrae-
1728 3183 1768 3235 (ἶ

157 3294 407 3363 litas,qui
439 3296 643 3363 primus
673 3295 909 3362 ipsorum
947 3310 1037 3348 rex
1070 3293 1188 3345 fuit.

218 3386 543 3454 (longregati
578 3395 753 3437 autem
785 3387 882 3437 viri
934 3385 1146 3438 urbium
1185 3383 1343 3439 Jabin
1391 3392 1447 3438 et
1500 3381 1701 3439 Gala’ad

157 3474 216 3525 ad
271 3465 590 3529 Malteshum
647 3477 1053 3540 Ammonitam,
1125 3477 1416 3530 noluerunt
1476 3490 1701 3539 regnare

158 3560 392 3619 Saulcm.
431 3564 572 3618 Exiit
599 3580 729 3634 ergo
759 3565 975 3619 Mabesh
1004 3567 1067 3619 ad
1098 3566 1519 3635 oppugnandum
1552 3564 1690 3617 Sau-

161 3657 255 3705 Iem
315 3648 689 3725 cummagna
746 3656 1027 3709 hominum
1077 3656 1453 3721 multitudine;
1515 3665 1701 3709 contra

157 3755 308 3808 quem
333 3742 596 3795 auxilium
628 3759 656 3794 a
693 3741 802 3813 Dea
834 3754 1160 3797 consecutus
1191 3745 1339 3808 Saul,
1365 3747 1701 3799 Annnonitas

160 3842 335 3901 strage
364 3849 556 3902 magna
603 3832 905 3888 interfecit.
957 3835 1092 3888 Tum
1136 3836 1351 3890 Samuel
1404 3839 1699 3906 propheta,

159 3925 445 3994 assumptis
472 3940 655 3979 secum
684 3925 845 3979 Saule
870 3937 925 3978 et
946 3941 976 3979 e
1008 3927 1310 3983 senioribus
1340 3927 1698 3982 lsraelitaruut

159 4023 317 4081 cmtu,
371 4016 647 4085 profectus
712 4016 919 4087 Galgal,
980 4026 1307 4087 acceptoque
1370 4032 1537 4072 cornu
1597 4021 1698 4073 olei

162 4106 333 4172 pleno,
366 4105 580 4160 Sauletn
622 4108 815 4160 iterum
849 4122 1030 4161 coram
1067 4109 1263 4177 populo
1285 4111 1337 4162 in
1367 4109 1548 4178 Galgal
1581 4112 1698 4165 oleo

161 4195 391 4270 inunxit.
424 4195 719 4265 Ltetatique
750 4197 998 4251 homines
1027 4199 1094 4250 ob
1134 4214 1354 4267 regnum
1394 4200 1592 4267 Saulis,
1625 4203 1701 4255 vi-

160 4287 345 4340 ttit'nas
377 4288 575 4340 multas
604 4287 831 4339 Domino
866 4290 1229 4341 immolarunt.
1268 4290 1546 4360 Elcgitqtte
1572 4270 1698 4345 Saul

160 4391 220 4429 ex
254 4378 513 4432 lsraelitis
566 4381 709 4431 viros
754 4388 833 4431 ter
865 4379 1007 4431 mille
1048 4380 1139 4446 qui
1184 4394 1303 4432 cum
1350 4381 1439 4434 illo
1493 4394 1696 4436 essent.

1802 1942 2095 2008 propheta;
2126 1942 2320 1994 deinde
2376 1942 2597 1995 Ramam
2628 1959 2877 1997 reversus
2905 1954 3025 2007 est;
3059 1943 3187 1995 Saul
3244 1958 3342 1995 an-

1800 2038 1902 2080 tem
1934 2030 2157 2081 domum
2227 2044 2377 2083 suam
2430 2030 2483 2083 in
2530 2030 2692 2084 Gihea
2752 2032 2898 2085 adiit.
2952 2032 3169 2100 Aliquot
3220 2040 3341 2099 poSt

1799 2117 1989 2171 diebus
2025 2116 2300 2185 profectus
2332 2116 2546 2171 Samuel
2578 2120 3008 2182 Betlilehemum,
3042 2124 3343 2190 apprehen-

1800 2222 1919 2262 Snm
1975 2208 2226 2261 Davidem
2275 2208 2438 2260 lilium
2482 2207 2636 2264 Jessc
2684 2213 2804 2262 oleo
2856 2214 3007 2264 unxit
3056 2214 3108 2264 in
3167 2228 3342 2280 regem

1800 2299 2561 2371 l~raelitarum,¢153-155
2587 2316 2705 2373 c;:m
2733 2304 2941 2371 juvenis
2972 2302 3146 2357 adhuc
3179 2313 3342 2359 esset.

1872 2390 2059 2444 Postea
2120 2392 2356 2444 collecta:
2428 2408 2615 2448 rursus
2669 2394 3091 2462 alienigenarum
3167 2395 3342 2448 tribus

1807 2481 2019 2534 Sauleiu
2066 2482 2206 2534 bello
2250 2482 2541 2544 lacessere,
2594 2492 2780 2536 contra
2811 2500 2946 2553 quas
2991 2485 3056 2538 ad
3116 2501 3340 2555 pugnam

1802 2585 2053 2639 egressus
2084 2580 2166 2623 est
2195 2586 2317 2623 cum
2369 2574 2482 2625 suis
2518 2572 2668 2635 Saul,
2720 2589 2875 2641 quem
2918 2576 2969 2627 in
3009 2576 3202 2628 bellum
3253 2592 3346 2629 eo-

1805 2662 1976 2712 mitati
2019 2670 2147 2713 sunt
2182 2661 2399 2715 Davidis
2430 2662 2644 2716 fratres.
2679 2662 2833 2717 Jesse
2879 2679 3030 2734 ergo,
3080 2668 3345 2719 aceercito

1806 2752 1911 2799 tilio
1939 2764 2038 2801 suo
2079 2749 2305 2813 Davide,
2343 2751 2519 2818 ipsum
2570 2762 2873 2806 commeatu
2924 2756 3245 2810 instructum
3280 2759 3343 2810 ad

1804 2839 1995 2891 fratres
2023 2855 2152 2894 suos
2184 2842 2236 2893 in
2266 2844 2570 2896 exercitum
2607 2844 2783 2909 misit;
2821 2844 2885 2898 ad
2911 2861 3049 2914 quos
3071 2862 3189 2901 cum
3226 2847 3348 2917 per-

1803 2930 2061 2993 venisset,
2096 2931 2401 2984 remittente
2440 2940 2548 2984 tum
2584 2947 2780 3001 pugna,
2806 2937 3083 3001 conspexit
3116 2937 3288 2989 virum
3316 2954 3344 2990 e

1805 3018 2048 3071 tribubus
2097 3018 2545 3089 alienigenarum,
2602 3022 2818 3075 nomine
2871 3022 3198 3089 Goliathum,
3252 3026 3342 3093 qui

1806 3109 2119 3162 inclamaret
2156 3126 2171 3169 ;
2212 3107 2383 3174 Heus,
2422 3103 2696 3174 Israelita},
2728 3120 2879 3167 estne
2921 3115 3011 3182 qui
3052 3114 3137 3185 [ad
3173 3125 3343 3168 certa-

1804 3199 1950 3269 men]
1979 3200 2251 3269 prodeat?
2282 3200 2423 3254 Dixit
2450 3203 2612 3270 igitur
2658 3199 2820 3255 David
2873 3206 3124 3260 fratribus
3180 3209 3294 3261 suis
3327 3224 3339 3259 :

1803 3292 1910 3360 Ego
1938 3293 2108 3346 virum
2155 3295 2317 3346 istum
2371 3294 2715 3348 interficiant.
2770 3296 3118 3364 Increparunt
3166 3308 3340 3352 autem

1805 3384 1978 3449 ipsum
2018 3384 2212 3437 fratres
2247 3385 2367 3449 Siti;
2422 3394 2475 3437 at
2528 3402 2651 3438 cuin
2691 3386 2792 3438 hoc
2856 3387 3148 3441 audivisset
3216 3388 3341 3441 Sattl

1803 3478 1940 3544 ipse.
1980 3478 2247 3529 accersito
2279 3475 2493 3538 Davide,
2528 3477 2694 3529 lorica
2754 3476 2999 3529 indutum
3063 3480 3345 3547 gladioque

1805 3568 2131 3628 accinctum,
2168 3567 2220 3619 in
2274 3581 2557 3620 occursum
2604 3567 2836 3620 Goliatlii
2907 3570 3119 3635 prodire
3163 3570 3343 3638 jussit.

1806 3656 1965 3709 David
1994 3666 2197 3718 autem,
2245 3672 2365 3711 eum
2402 3657 2542 3711 inter
2570 3660 2715 3712 acies
2744 3668 2906 3721 esset,
2948 3660 3124 3712 exutis
3183 3660 3343 3712 lorica

1802 3755 1853 3800 et
1878 3747 2063 3809 armis,
2098 3746 2416 3815 abjectoqne
2453 3747 2649 3816 gladio,
2709 3748 2923 3801 fundam
2964 3763 3125 3817 quam
3159 3766 3341 3802 secum

1806 3834 1993 3887 habuit
2020 3834 2306 3902 arripiens,
2327 3834 2375 3888 ei
2407 3834 2639 3903 lapidem
2673 3835 2947 3905 imposuit,
2976 3852 3084 3904 quo
3113 3854 3345 3891 excusso

1802 3940 1924 3980 eum
1952 3924 2185 3979 Goliathi
2215 3926 2448 3980 frontem
2485 3928 2863 3995 percussisset,
2914 3929 3027 3997 ipse
3061 3930 3111 3982 in
3147 3939 3341 3985 terram

1782 4014 2023 4079 "decidit,
2062 4032 2217 4083 quem
2246 4016 2410 4071 David
2448 4018 2714 4085 prehenso
2742 4019 2911 4087 ipsius
2944 4020 3121 4087 gladio
3175 4021 3343 4073 inter—

1752 4111 1756 4114 ‘
1805 4108 1970 4174 fecit;
2032 4109 2453 4177 alienigenarum
2492 4121 2669 4164 autem
2724 4113 2992 4166 exercitus
3059 4113 3110 4166 in
3168 4113 3343 4180 fugam

1810 4213 2103 4253 conversus
2142 4208 2242 4263 est,
2284 4207 2464 4267 strage
2503 4189 2745 4268 ipsorum
2777 4201 2972 4270 insigni
3016 4202 3176 4256 faeta.
3206 4204 3347 4257 Con-

1801 4290 1979 4342 stituit
2009 4303 2136 4359 ergo
2170 4288 2299 4343 Saul
2343 4290 2595 4345 Davidem
2645 4292 2698 4345 in
2753 4295 2995 4347 exercitu
3047 4309 3145 4347 suo
3204 4294 3346 4347 mille

1802 4383 1999 4435 ducum
2042 4380 2372 4447 prmfcetum,
2410 4397 2644 4449 eumque
2686 4384 2750 4434 ad
2804 4385 3042 4451 praelium
3102 4385 3346 4437 tribubus

163 4465 277 4520 Fuit
307 4480 484 4522 autem
529 4468 676 4522 Sauli
715 4470 855 4521 (ilius
886 4473 1103 4523 nomine
1130 4470 1421 4535 Jonathan,
1473 4473 1563 4541 qui
1616 4488 1693 4526 as-
1736 4504 1776 4559 Β
1804 4474 2117 4539 alienigenis
2141 4474 2476 4538 inferendum
2512 4475 2675 4525 misit.
2724 4476 2977 4541 Egressus
3007 4489 3131 4540 ergo
3162 4474 3340 4538 David,

165 4562 384 4627 suuzptis
422 4574 606 4612 eorum
638 4560 793 4622 inille
827 4562 954 4613 viris
982 4558 1222 4622 Nasiuto,
1252 4562 1341 4629 qui
1396 4562 1446 4616 iii
1479 4561 1694 4616 Yumnu

167 4650 350 4714 fuerat,
416 4666 647 4719 pugnam
709 4650 964 4713 inferens,
1004 4655 1168 4717 ipsum
1220 4653 1571 4719 multosqucc
1609 4655 1701 4705 tri-

166 4740 333 4795 bubus
395 4742 709 4809 alienigenis
777 4743 991 4795 occidit.
1041 4742 1172 4793 Cum
1229 4758 1355 4809 ergo
1424 4744 1699 4796 audissent

167 4833 329 4886 tribus
363 4834 476 4885 ista:
518 4833 648 4899 quid
683 4832 899 4885 fecisset
958 4830 1256 4897 Jonalhan,
1313 4834 1698 4887 convenientes

168 4937 223 4972 ex
264 4924 389 4990 ipsis
420 4918 627 4992 pedites
679 4924 859 4975 tricies
893 4924 1035 4975 mille
1073 4924 1420 4991 equitumque
1456 4940 1543 4977 sex
1582 4925 1700 4976 mil-

171 5011 251 5072 liti,
286 5016 347 5066 ad
376 5031 604 5083 pugnam
638 5024 823 5067 contra
873 5016 1147 5067 lsraelitas
1186 5016 1236 5066 in
1270 5015 1454 5083 Galgal
1493 5016 1701 5091 prodie-

172 5114 320 5169 runt;
352 5122 578 5174 quorum
613 5112 807 5159 tim-ore
866 5108 1097 5173 perculsi
1137 5107 1291 5174 152
1346 5109 1598 5160 Israelitie
1648 5110 1698 5159 in

172 5206 409 5261 montes,
451 5196 713 5251 valles-et
775 5198 985 5251 deserta
1033 5198 1409 5265 confugerunt.
1476 5197 1702 5265 Fuitqnc

172 5286 289 5337 Saul
317 5288 368 5340 in
400 5288 623 5357 Galgal';
661 5288 941 5341 Jouatbam
976 5304 1121 5349 vero,
1157 5298 1429 5356 assumpta
1482 5286 1699 5341 lsraeli-

174 5388 336 5431 tarum
370 5383 608 5443 cohorte,
651 5382 713 5433 ad
763 5382 1060 5434 exercitum
1104 5366 1525 5449 alienigenarum
1579 5394 1701 5447 pro~

176 5466 333 5525 fectus
354 5482 455 5535 est,
482 5484 531 5524 et
558 5488 742 5524 eorum
766 5487 942 5525 coram
971 5473 1085 5538 ipso
1110 5472 1424 5537 fugientium
1454 5484 1697 5537 magnam

176 5559 443 5613 admodum
478 5572 707 5627 stragem
739 5563 923 5613 edidit.
957 5562 1072 5625 Quo
1103 5561 1312 5624 audito,
1346 5561 1471 5612 Saul
1522 5563 1569 5613 in
1605 5562 1701 5611 tri-

179 5648 324 5697 buum
361 5652 581 5702 istarum
616 5654 885 5703 exercitus
918 5665 1077 5703 noctu
1131 5650 1360 5710 irruens,
1396 5666 1488 5703 eos
1534 5650 1701 5700 inter-

180 5728 313 5801 fecit,
367 5741 495 5793 adeo
523 5750 578 5792 ut
609 5756 673 5793 ne
712 5756 853 5793 unus
902 5740 1119 5809 quidem
1175 5741 1447 5795 evaderet.
1500 5740 1696 5793 Deinde

1804 4566 1953 4617 cmsis
1988 4579 2169 4616 eorum
2194 4574 2409 4617 centum
2445 4566 2697 4631 pra'piitia
2752 4566 2882 4632 ipsis
2931 4568 3151 4631 prmi-isa
3190 4564 3341 4617 Sauli

1803 4654 2000 4717 attulit,
2058 4656 2148 4721 qui
2199 4655 2358 4705 filiam
2415 4670 2563 4706 suam
2628 4654 2821 4723 lilii-ho]
2871 4656 2966 4723 ipsi
3020 4657 3070 4707 in
3128 4672 3342 4708 uxorem

1802 4746 2069 4807 dedit,cui
2109 4744 2265 4812 156
2299 4746 2554 4811 prazputia
2593 4746 2689 4797 ista
2724 4748 2821 4799 dos
2849 4755 3021 4799 erant.
3060 4746 3341 4813 Nunquam

1802 4849 1975 4889 autem
2020 4838 2165 4889 misit
2195 4836 2320 4887 Saul
2353 4836 2603 4887 Davidem
2642 4839 2704 4887 ad
2740 4838 2982 4901 pr:eliuni
3020 4840 3146 4904 quin
3183 4848 3346 4889 vieto-

1804 4928 1882 4978 ria
1926 4930 2209 4993 potiretur.
2241 4925 2394 4990 Quod
2426 4926 2612 4979 videns
2667 4927 2789 4979 Saul
2825 4928 3001 4979 timuit
3060 4943 3125 4981 ne
3153 4938 3204 4977 et
3246 4928 3342 4994 ipsi

1806 5034 2025 5086 regnum
2069 5020 2340 5085 eriperet;
2386 5034 2552 5083 quare
2610 5033 2727 5070 eum
2792 5020 2857 5071 ab
2911 5019 2999 5069 illo
3057 5027 3339 5076 metueret,

1805 5109 1977 5175 ipsum
2012 5123 2041 5160 e
2076 5108 2249 5160 medio
2282 5108 2464 5160 tollere
2496 5108 2720 5160 studuit.
2766 5108 2920 5176 Fugit
2978 5122 3104 5174 ergo
3157 5107 3343 5169 David,

1803 5204 1853 5248 ct
1882 5197 1945 5247 ad
1979 5196 2149 5262 ipsum
2173 5196 2479 5263 congregati
2511 5203 2636 5247 sunt
2658 5196 2755 5247 viri
2778 5194 3173 5261 tiuadringeuti.
3211 5194 3347 5245 Mor-

1807 5296 1928 5339 tuus
1958 5294 2136 5340 autem
2169 5295 2249 5339 est
2282 5285 2501 5339 Samuel
2536 5288 2814 5354 propheta,
2851 5285 3103 5353 donique
3142 5301 3251 5337 sua:
3296 5288 3345 5337 in

1806 5378 2010 5429 liamah
2040 5378 2304 5443 sepultus.
2336 5376 2537 5429 Deinde
2571 5391 2822 5443 egressus
2846 5376 2970 5429 Saul
3004 5377 3065 5428 ad
3104 5376 3347 5444 pt'mlian-

1806 5471 1929 5519 dum
1954 5483 2073 5520 cum
2112 5468 2449 5535 alienigenis,
2484 5466 2535 5517 in
2574 5468 2750 5533 fugam
2795 5483 2978 5521 versus
3015 5479 3065 5519 et
3112 5472 3340 5521 vulneri-
3393 5462 3396 5466 ’

1808 5563 1904 5611 bus
1966 5559 2270 5617 confossus,
2307 5572 2426 5609 cum
2477 5557 2531 5608 in
2592 5568 2784 5609 terram
2832 5559 3109 5625 prolapsus
3163 5572 3291 5610 esset
3326 5595 3339 5615 ,

1806 5664 1972 5717 puero
2006 5664 2126 5709 suo,
2159 5648 2247 5715 qui
2275 5649 2509 5714 armiger
2543 5648 2709 5715 ipsius
2740 5648 3015 5709 fuit,dixit
3052 5664 3064 5698 :
3094 5647 3190 5712 Jug
3236 5649 3334 5697 lus.

1810 5744 1939 5794 mihi
1981 5742 2151 5795 ferias
2178 5754 2245 5794 ne
2270 5755 2355 5794 me
2384 5739 2563 5793 vivum
2589 5743 2802 5807 capiant
2829 5742 3006 5795 hostes
3036 5741 3134 5792 mci
3169 5757 3306 5808 :quu
