4038 6458
153 298 259 361 945

1552 265 1922 366 ΑΝΝΑιΕςξ

3235 294 3332 356 946

151 418 234 462 tra
255 410 590 482 alienigenas
620 422 748 468 tunc
780 415 1027 468 absente.
1064 414 1197 467 Cum
1226 429 1356 482 ergo
1405 429 1520 467 eam
1543 431 1608 469 ex
1638 431 1697 469 se
1730 430 1766 483 Α
1801 415 2169 486 Hierosolyma
2205 427 2452 466 reversus
2483 419 2584 466 est.
2627 409 2971 482 169-171
3009 408 3047 480 ξ’
3054 407 3131 461 uit
3159 416 3334 486 autem

151 501 468 570 concepisse
535 515 760 568 nosset,
791 503 1003 578 Uriam,
1051 505 1233 559 missis
1291 507 1385 574 qui
1434 505 1584 556 illum
1635 506 1696 557 ad

153 589 335 658 ipsum
385 593 738 658 adducerent,
789 610 850 648 ea
917 608 1074 650 nocte
1115 597 1258 651 domi
1304 613 1412 653 suae
1463 599 1699 652 dormire

145 680 351 750 jussit;
391 682 515 738 Uria
551 693 729 739 autem
782 701 846 740 ea
901 697 1060 742 nocte
1115 687 1332 742 domum
1390 704 1536 742 suam
1590 703 1690 740 non

147 776 446 838 concessit,
480 791 662 830 verum
699 793 821 830 cum
872 777 1222 849 165-167
1265 779 1590 848 ianitoribus
1639 779 1688 831 in

144 866 355 934 palatio.
374 866 653 922 dormivit.
695 868 849 924 Mane
875 886 1002 939 ergo
1030 872 1095 924 ad
1123 873 1414 925 exercitum
1458 887 1580 924 eum
1614 888 1721 926 reo.

146 954 298 1009 misit
328 953 512 1018 David,
549 958 725 1025 ipsum
760 959 901 1012 domi
957 976 1067 1014 sua!
1118 962 1474 1014 olidormiisse
1505 970 1692 1025 ratus;

143 1045 288 1114 quod
326 1062 391 1099 eo
429 1047 532 1101 line
565 1050 741 1104 facere
776 1051 947 1119 ipsum
987 1053 1153 1105 voluit
1183 1052 1344 1104 David
1379 1061 1434 1104 ut
1474 1051 1542 1103 ita
1573 1066 1694 1103 cum

143 1150 315 1190 uxore
341 1152 438 1190 sua
473 1140 891 1204 concumberet;
929 1156 1057 1210 quo,
1108 1158 1228 1194 cum
1287 1143 1501 1210 gravida
1556 1141 1694 1195 facta

141 1236 307 1291 esset,
345 1229 476 1280 nihil
512 1230 733 1284 haberet
764 1231 919 1298 cujus
954 1233 1124 1299 ipsum
1151 1232 1446 1287 incusaret.
1479 1234 1544 1286 At
1574 1232 1692 1286 eum

139 1316 282 1369 domi
311 1332 424 1370 suae
449 1333 550 1371 non
584 1319 949 1378 dormivisset.
985 1319 1206 1387 scripsit
1239 1320 1302 1371 ad
1331 1319 1557 1375 Joabum
1594 1322 1695 1376 Da-

142 1405 227 1458 vid
278 1415 340 1458 ut
378 1405 560 1459 Uriam
622 1415 748 1459 ante
810 1419 991 1458 arcam
1049 1407 1102 1458 in
1161 1406 1341 1474 praelia
1385 1407 1690 1462 collocaret.

139 1493 290 1559 Quod
324 1507 448 1548 cum
477 1493 711 1558 fecisset,
745 1494 1062 1548 interfectus
1081 1504 1163 1550 est
1193 1493 1316 1549 Uria
1355 1510 1535 1548 coram
1569 1510 1691 1549 arca

140 1584 188 1637 in
223 1584 438 1653 praelia.

203 1671 302 1729 Illo
335 1688 464 1741 ergo
491 1675 695 1739 occiso,
727 1674 877 1726 duxit
905 1665 1220 1741 David—ejus
1252 1675 1531 1745 conjugcm
1567 1674 1691 1728 Bar-

1798 506 2143 568 Ahshalomo,
2175 504 2391 558 Davidis
2428 503 2561 563 lilio,
2617 501 2866 558 caesaries
2896 501 3112 568 copiosa
3147 497 3338 561 admo-

1798 597 1950 657 dum,
1984 595 2116 645 adeo
2146 602 2204 648 ut
2251 596 2464 663 quoties
2497 592 2815 662 capillitium
2849 605 3006 645 suum
3040 603 3067 642 a
3099 599 3336 656 tempore

1797 685 1864 737 ad
1904 691 2123 752 tempus
2155 687 2480 747 retonderet,
2524 684 2691 739 siclos
2742 683 3007 735 ducentos
3060 677 3332 758 penderet.

1798 775 1967 828 Porro
1988 773 2379 842 praphetaruut
2404 785 2644 843 tempore
2670 772 2907 832 Davidis.
2936 770 3170 842 Nathan,
3201 767 3334 831 Gad,

1795 864 1964 916 Achia
1996 862 2287 923 Shilonita,
2321 864 2520 926 Asaph,
2553 863 2780 916 Haiman
2813 870 2869 915 et
2902 859 3204 913 Yaduthun
3237 857 3338 910 Le-

1795 954 1929 1018 vita,
1969 963 2022 1009 et
2053 953 2190 1008 Joal)
2225 955 2446 1015 Serviat,
2478 957 2681 1007 sororis
2706 956 2923 1008 Davidis
2957 955 3116 1013 (ilius,
3168 952 3257 1018 qui
3289 959 3340 1002 et

1797 1045 1968 1112 ipsius
1998 1046 2238 1098 vicarius
2271 1045 2389 1098 fuit.

1831 1137 2233 1206 -i\'umerarunt
2259 1145 2438 1190 autem
2473 1136 2633 1189 David
2669 1148 2717 1188 et
2755 1137 2987 1187 vicarius
3018 1135 3188 1210 ipsius
3207 1132 3340 1184 Joah

1796 1222 2161 1278 lsraelitarum
2225 1225 2420 1280 tribus.
2457 1223 2728 1279 Numerus
2759 1234 2940 1278 autem
2974 1222 3338 1283 lsraelitarum

1793 1329 1949 1382 quem
1985 1324 2350 1382 supputarunt
2385 1315 2547 1369 David
2579 1325 2629 1370 et
2661 1315 2822 1376 Joah,
2851 1323 2968 1366 erat
3020 1311 3342 1379 quadragies

1796 1405 1995 1460 millies
2047 1407 2206 1479 mille.
2231 1417 2284 1461 et
2338 1417 2553 1463 centum
2610 1407 2776 1461 mille.
2815 1407 2948 1478 ,[At
2992 1407 3144 1474 juxta
3199 1403 3341 1455 aliud

1793 1497 2092 1566 exemplar,
2127 1505 2318 1565 quater
2373 1499 2570 1551 millies
2608 1499 2752 1551 mille
2793 1507 2846 1550 et
2881 1505 3098 1550 centum
3134 1491 3343 1562 mille.l

1793 1586 2028 1650 Quorum
2063 1601 2091 1639 e
2125 1585 2248 1641 filiis
2293 1587 2442 1642 Iuda:
2477 1590 2886 1658 quadringenta
2919 1601 2970 1643 et
3002 1587 3344 1656 septuaginta

1795 1676 1979 1740 millia,
2019 1675 2336 1744 Benjamitse
2368 1671 2551 1730 alitem
2601 1689 2654 1732 ct
2705 1678 2914 1732 Levita!
2947 1693 3051 1731 non
3084 1691 3344 1730 numera-

137 1763 393 1828 siiebam,
425 1780 543 1832 qua:
581 1765 750 1818 filium
809 1765 910 1833 ipsi
945 1767 1171 1833 peperit.
1234 1765 1462 1820 Veniens
1514 1775 1689 1820 autem
1724 1774 1766 1830 Β
1799 1764 2012 1816 bantur.
2081 1762 2349 1818 Numerus
2417 1774 2595 1819 autem
2671 1765 3102 1834 rejectaueorum
3175 1765 3267 1834 qui
3312 1779 3346 1817 e

141 1853 206 1909 ad
241 1855 422 1924 ipsum
452 1855 666 1909 Nathan
694 1857 977 1925 propheta,
1012 1859 1188 1912 dixit:
1248 1858 1362 1912 Duo
1406 1869 1561 1913 erant
1594 1860 1690 1912 \iri

143 1948 191 2002 in
248 1947 408 2011 urbe,
462 1964 692 2017 quorum
751 1965 890 2002 unus
951 1949 1126 2013 dives,
1183 1951 1269 2003 cui
1328 1950 1590 2018 pecudum
1641 1959 1694 2004 et

142 2036 301 2092 boum
345 2052 538 2104 magna
598 2047 714 2090 erat
763 2039 966 2107 copia;
1007 2039 1142 2090 alter
1177 2053 1303 2092 vero
1334 2054 1558 2106 pauler,
1605 2041 1690 2092 cui

145 2138 341 2196 prater
369 2141 525 2180 ovem
562 2143 724 2182 unam
754 2141 862 2180 non
895 2138 1034 2183 erat.
1065 2129 1217 2195 cujus
1254 2130 1334 2182 lac
1367 2145 1429 2182 ac
1466 2130 1583 2182 lana
1619 2131 1693 2181 vi-

142 2225 285 2272 ctum
324 2204 427 2286 ipsi
478 2217 829 2286 praebebant;
882 2218 1207 2273 adveniente
1243 2229 1420 2272 autem
1460 2219 1524 2272 ad
1559 2221 1693 2274 divi-

146 2319 246 2364 tem
283 2310 499 2377 hospitc
530 2309 791 2378 quodam,
845 2311 937 2366 ille
973 2312 1237 2379 prehensa
1294 2313 1547 2380 pauperis
1596 2329 1695 2367 ove

146 2415 259 2454 eam
289 2401 596 2469 jugulatam
629 2402 824 2471 hospiti
867 2417 966 2456 suo
1004 2403 1280 2472 apposuit.
1321 2403 1462 2458 Dixit
1489 2406 1690 2460 David:

145 2490 386 2546 Pessime
441 2491 590 2555 fecit,
647 2492 1008 2561 quadruplum
1067 2483 1141 2548 illi
1203 2511 1298 2564 pro
1354 2511 1453 2550 ove
1485 2498 1692 2554 reddet.

143 2578 435 2648 increpans
461 2598 592 2652 ergo
638 2585 813 2651 ipsum
848 2581 1060 2636 Nathan
1099 2585 1362 2652 propheta
1391 2601 1402 2636 :
1456 2584 1534 2638 Tu
1568 2585 1691 2651 (iu-

143 2674 295 2741 nuit)
327 2688 388 2724 es
427 2675 508 2725 \‘ir
540 2673 651 2728 ille.
691 2673 902 2728 Scissis
930 2689 1060 2741 ergo
1094 2675 1279 2728 statim
1315 2677 1553 2729 vestibus
1582 2677 1695 2730 suis

144 2778 202 2816 ac
233 2763 412 2818 cilicio
442 2765 686 2828 indutus,
716 2773 917 2833 septem
942 2763 1132 2820 diebus
1162 2765 1271 2834 jeju
1295 2768 1441 2820 navit
1464 2805 1478 2828 ,
1513 2767 1693 2819 Domi-

147 2869 268 2907 num
307 2869 470 2909 suum
503 2870 699 2922 rogans
730 2865 786 2908 ut
837 2871 1062 2924 puerum
1115 2867 1290 2911 morte
1338 2857 1603 2920 alliceret;
1644 2866 1695 2908 at

143 2945 226 3000 die
243 2948 474 3015 septimo
495 2956 738 3000 mortuus
758 2956 842 3000 est
863 2961 1009 3013 puer.
1031 2945 1156 2999 Post
1188 2948 1298 3000 haec
1329 2963 1516 3001 rursus
1547 2964 1575 3001 e
1596 2949 1697 3001 Da-

149 3037 266 3091 vide
302 3039 579 3105 gravidata
627 3038 768 3091 Uriae
811 3053 964 3103 uxor,
985 3036 1326 3091 Salomonem
1351 3039 1449 3107 ipsi
1471 3040 1689 3107 peperit.

1796 1853 1966 1923 stirpe
1993 1854 2183 1908 Jacobi
2215 1871 2320 1908 non
2355 1865 2533 1920 erant,
2578 1856 2724 1911 mille
2759 1857 2880 1909 fuit.
2917 1857 3060 1910 Dixit
3084 1871 3214 1924 ergo
3242 1856 3343 1906 Du-

1799 1944 1982 1997 tniuus
2016 1944 2167 1999 Gado
2203 1946 2522 2015 prephette;
2565 1947 2821 2014 Displicet
2872 1949 3014 2000 ‘mihi
3067 1948 3210 2012 quod
3248 1947 3347 1998 Da-

1795 2033 1882 2088 vid
1937 2032 2212 2091 lsraelitas
2289 2038 2689 2102 numeraverit;
2730 2038 3045 2106 profectus
3091 2052 3222 2105 ergo
3279 2039 3345 2088 ad

1798 2123 1972 2187 ipsum
2003 2125 2196 2189 jubeas
2248 2128 2422 2193 ipsum
2458 2144 2625 2182 unum
2661 2145 2692 2181 e
2719 2130 2896 2183 tribus
2951 2129 3072 2184 istis
3122 2130 3345 2198 eligere,

1797 2219 1876 2266 vel
1912 2227 1969 2268 ut
2000 2219 2069 2270 sit
2100 2234 2192 2286 per
2229 2229 2396 2270 totum
2432 2221 2601 2288 ipsius
2657 2237 2882 2289 regnum
2931 2229 3135 2289 septem
3175 2235 3346 2274 auuo-

1799 2321 1915 2358 rum
1955 2305 2163 2371 fames;
2204 2307 2286 2362 vel
2326 2317 2407 2371 ut,
2465 2311 2876 2377 praevalentibus
2911 2311 3012 2380 ipsi
3071 2313 3341 2375 hostibus,

1799 2397 1972 2449 tribus
2002 2398 2278 2452 mensibus
2308 2399 2596 2462 vincatur;
2638 2401 2718 2453 vel
2758 2411 2836 2464 ut,
2898 2402 2963 2453 ad
3019 2402 3254 2455 triduum
3277 2404 3338 2457 .in

1799 2487 2056 2541 universo
2081 2489 2258 2556 ipsius
2310 2505 2481 2560 regno
2527 2502 2808 2562 grassetur
2858 2494 3044 2563 pestis.
3101 2493 3343 2564 Eligente

1793 2591 1924 2644 ergo
1959 2576 2161 2633 Davide
2209 2587 2440 2649 pestem,
2472 2582 2671 2636 mortui
2705 2592 2834 2638 sunt
2877 2583 2944 2638 ad
2999 2594 3203 2638 sextam
3237 2585 3342 2638 diei

1797 2669 1982 2720 horam
2016 2671 2323 2739 septuagies
2356 2672 2526 2725 mille.
2558 2673 2735 2738 Quare
2766 2689 2923 2743 opem
2955 2689 2982 2728 a
3010 2675 3162 2730 Gado
3191 2675 3343 2744 petiit

1798 2757 1986 2818 David,
2020 2762 2111 2829 qui
2148 2777 2270 2816 cum
2299 2763 2459 2817 simul
2493 2764 2558 2818 ad
2594 2765 2759 2818 Deum
2809 2781 3000 2834 preces
3049 2766 3340 2824 fudissent.

1798 2847 2051 2903 misertus
2093 2852 2205 2917 ipse
2238 2869 2369 2906 eoru
2388 2872 2458 2917 ιιι,
2491 2853 2696 2922 pestem
2734 2859 2887 2927 172
2921 2858 3163 2912 abstulit.
3203 2858 3344 2912 Fue-

1797 2950 1925 2994 runt
1976 2952 2152 2996 autem
2203 2955 2440 3012 tempore
2507 2937 2724 3001 Davidis
2779 2951 3090 3004 sacerdotes
3145 2954 3342 3004 summi

1798 3032 2081 3094 Ahiathar,
2125 3035 2424 3089 Ahinialehi
2489 3033 2771 3101 filiustli
2822 3040 3118 3094 sacerdotis
3171 3043 3342 3095 amnis

147 3127 386 3182 Fuerunt
411 3136 589 3180 autem
612 3127 797 3182 Davidi
825 3129 978 3182 liberi
1009 3129 1194 3198 viginti
1216 3139 1466 3194 quatuor.
1492 3130 1687 3183 Deinde
1719 3120 1760 3176 C
1793 3131 1846 3175 et
1879 3122 2074 3177 Sadok.
2124 3123 2257 3179 Cum
2327 3135 2506 3180 autem
2558 3128 2667 3193 jam
2721 3133 3100 3186 consenuisset
3155 3134 3338 3196 David,

146 3219 352 3274 Atheon
395 3218 614 3272 Davidis
654 3219 818 3281 illius,
842 3219 1137 3280 liberorum
1166 3219 1479 3287 ipsiusnatu
1515 3219 1690 3272 niaxi-

145 3325 282 3376 mus,
337 3310 498 3379 168
552 3327 794 3364 sororem
849 3325 1004 3363 suam
1054 3325 1116 3364 ex
1154 3320 1306 3380 parte
1358 3311 1546 3379 patris,
1603 3311 1690 3364 cui

148 3415 333 3455 nomen
361 3401 616 3466 Thamar,
671 3411 1014 3470 conspectam
1063 3402 1368 3470 deperieus,
1421 3418 1540 3457 cum
1579 3403 1690 3469 ipsa

146 3505 465 3559 congressus
493 3503 613 3557 est;
641 3486 800 3561 quam
829 3493 900 3546 ob
920 3508 1033 3546 rem
1058 3493 1225 3546 iratus
1255 3491 1416 3546 frater
1439 3493 1555 3558 ejus
1577 3502 1696 3546 ute-

148 3582 316 3644 riuus,
351 3583 441 3636 cui
473 3598 662 3638 nomen
701 3583 1101 3646 Abishalomus,
1133 3583 1348 3635 Davidis
1383 3584 1546 3646 filius,
1586 3583 1693 3637 fra-

151 3679 278 3726 trem
311 3689 470 3726 suum
500 3675 710 3726 Amnon
745 3673 1048 3739 interfecit;
1077 3673 1273 3728 deinde
1296 3675 1358 3729 ad
1386 3673 1690 3738 Thalmani,

150 3760 358 3815 Amiudi
401 3761 592 3821 ﬁlium.
623 3759 849 3814 Gcsltttri
883 3778 1060 3832 regem
1091 3763 1248 3833 fugit,
1283 3765 1370 3816 ubi
1408 3779 1528 3817 eum
1561 3778 1694 3818 con-

152 3854 346 3922 gregali
376 3865 557 3908 essent
589 3854 653 3906 ad
687 3854 863 3922 ipsum
894 3870 964 3907 ex
1006 3853 1270 3910 lsraelitis
1305 3855 1405 3908 viri
1441 3855 1685 3916 ducenti,

155 3952 336 3996 contra
367 3951 577 4012 patrem
610 3960 767 3998 situm
801 3943 1042 4009 rebellis,
1077 3945 1353 4015 profectus
1385 3944 1690 4000 Hebronem

151 4034 451 4104 occupavit.
518 4036 713 4089 Audito
761 4050 892 4105 ergo
943 4036 1140 4105 ipsum
1175 4036 1477 4090 Hebronem
1531 4052 1693 4090 occu-

152 4138 322 4193 passe,
378 4135 628 4181 metuens
681 4127 750 4179 ab
807 4128 924 4196 ipso
979 4115 1167 4192 David,
1204 4125 1272 4180 ab
1308 4127 1690 4197 Hierosolymis

155 4215 280 4270 urbe
303 4216 540 4282 ,descrta
573 4216 752 4286 fugit;
803 4230 912 4285 quo
944 4217 1266 4284 perveniens
1325 4218 1468 4272 ﬁlius
1499 4217 1691 4286 ipsius,

157 4306 445 4375 urbemque
482 4310 784 4376 ingressus,
837 4307 1120 4376 prehensis
1151 4309 1321 4376 patris
1374 4308 1457 4362 sui
1491 4323 1692 4363 conen-

157 4394 292 4450 binis
320 4413 442 4451 cum
477 4399 608 4466 ipsis
633 4399 772 4467 quod
809 4408 963 4467 turpe
1016 4409 1099 4453 est
1129 4401 1401 4452 commisit
1429 4414 1444 4452 :
1498 4400 1691 4453 deinde

159 4487 218 4540 ad
249 4497 450 4557 patrem
499 4505 655 4543 suum
714 4489 966 4540 Davidem
1019 4491 1372 4556 qumrcmlum
1421 4492 1692 4558 profectus

157 4587 250 4642 est,
271 4581 360 4647 qui
395 4581 464 4634 ab
497 4581 613 4648 ipso
639 4579 757 4648 fuga
779 4596 837 4634 se
868 4580 1166 4647 proripiens
1195 4579 1481 4634 Jurdanem
1511 4592 1695 4636 transi-

159 4666 249 4733 iit;
301 4681 357 4724 at
411 4670 546 4726 Joab
574 4671 788 4724 Davidis
849 4671 1156 4739 deputatus,
1190 4672 1412 4734 collecta
1474 4689 1692 4726 suorum

162 4757 518 4821 multitudine,
555 4767 744 4811 contra
795 4759 1202 4811 Abisbalomum
1247 4758 1461 4813 Daxidis
1519 4761 1683 4812 filium

160 4850 407 4915 perrexit,
451 4848 910 4916 commissumqiie
935 4855 1016 4900 est
1054 4848 1195 4900 inter
1252 4849 1395 4914 ipsos
1453 4849 1692 4916 praelium

163 4937 210 4990 in
238 4936 510 5006 Ephralmi
565 4937 783 5003 finibus,
815 4939 868 4996 in
906 4954 1014 5006 quo
1048 4938 1217 4991 occisi
1272 4948 1398 4991 sunt
1431 4955 1460 4991 c
1485 4939 1695 4994 duobus

161 5028 482 5082 exercitibus
515 5030 684 5082 vici'es
714 5029 878 5090 mille,
905 5043 1028 5080 cum
1060 5028 1344 5082 conﬂictus
1379 5028 1516 5082 inter
1549 5031 1694 5097 ipsos

163 5118 644 5180 vehemcnscssct.
696 5119 1048 5172 'Abishalomo
1100 5128 1272 5172 autem
1325 5122 1469 5172 mulo
1524 5130 1694 5186 tecto,

165 5220 276 5260 cum
311 5209 484 5276 capilli
537 5211 731 5279 capitis
759 5211 931 5277 ipsius
965 5211 1250 5264 terebintbi
1289 5227 1440 5262 ramo
1481 5212 1691 5265 cuidam

172 5295 371 5364 implexi
429 5309 630 5356 essent.
691 5301 966 5353 confracta
1001 5308 1081 5353 est
1115 5302 1296 5353 cervix
1325 5320 1336 5365 ;
1371 5301 1507 5355 ποθι)
1530 5304 1690 5355 etiam

177 5386 266 5440 tria
313 5390 436 5452 tela,
468 5392 664 5458 quibus
724 5394 900 5459 ipsum
964 5394 1258 5461 percussit.
1317 5396 1464 5445 cordi
1524 5396 1692 5461 ipsius

173 5473 350 5540 lulixit,
387 5498 688 5549 uiuisquec
721 5482 837 5536 Jobi
903 5485 1193 5538 comitibus
1250 5486 1427 5552 gladio
1476 5502 1694 5554 percus-

175 5580 278 5621 sum
308 5573 589 5629 interfecit.
635 5578 698 5628 At
734 5593 856 5629 cum
892 5578 1110 5630 allatum
1143 5590 1288 5632 esset
1319 5580 1383 5632 ad
1439 5579 1690 5633 Davidem

176 5661 424 5734 nuntium,
478 5666 671 5733 ingenti
728 5669 813 5719 ille
869 5684 1093 5721 mmrnrc
1146 5668 1367 5722 affectus
1401 5672 1464 5723 ad
1508 5672 1690 5724 urbem

1800 3213 2077 3269 Salonioni
2113 3217 2222 3270 filio
2254 3233 2354 3273 suo
2390 3221 2730 3289 praecipiens,
2791 3209 3056 3292 quidquid
3089 3227 3142 3279 in
3175 3242 3342 3295 regno

1798 3317 1899 3356 suo
1931 3303 2120 3359 habuit
2149 3322 2311 3374 opum
2343 3325 2698 3377 gemmarum,
2728 3313 2845 3366 auri
2902 3323 2956 3368 et
3001 3318 3208 3382 argenti
3241 3318 3340 3388 ipsi

1798 3393 2038 3448 tradidit.
2071 3396 2315 3452 Mortuus
2350 3411 2433 3454 est
2465 3414 2595 3469 ergo
2629 3401 2798 3471 David
2855 3410 3139 3475 propheta,
3171 3423 3342 3463 annos

1799 3493 1958 3540 natus
1993 3489 2364 3556 septuaginta,
2395 3505 2628 3559 quorum
2685 3495 3040 3564 quadraginta
3076 3502 3338 3568 regnavit.

1797 3573 1925 3634 Post
1958 3577 2132 3645 ipsum
2168 3594 2393 3648 regnum
2445 3583 2685 3637 obtinuit
2715 3585 2859 3640 filius
2892 3587 3059 3654 ipsius
3086 3589 3338 3644 Salomon

1797 3681 1972 3720 annos
2010 3679 2168 3722 natus
2219 3671 2527 3738 duodecim,
2579 3678 2929 3745 regnavitque
2973 3686 3091 3746 post
3137 3689 3338 3744 patrem

1799 3773 1960 3812 suum
2013 3774 2184 3815 annos
2232 3763 2636 3832 quadraginta:
2692 3781 2720 3820 a
2753 3783 2859 3835 quo
2908 3776 3152 3824 metuens
3184 3771 3340 3833 Joali,

1800 3849 2017 3906 Davidis
2071 3853 2330 3916 vicarius,
2389 3855 2442 3909 in
2495 3859 2750 3926 templum
2808 3859 3020 3914 Domini
3077 3864 3340 3934 confugit.

1749 3945 1753 3949 '
1796 3940 1941 3995 Misit
1989 3957 2119 4012 ergo
2169 3943 2426 3998 Salomon
2478 3945 2770 4017 Betiayam.
2823 3946 3097 4005 Jehoiadai
3147 3952 3344 4014 filium,-

1795 4032 1884 4101 qui
1921 4033 2096 4101 ipsum
2149 4035 2329 4104 gladio
2367 4036 2640 4094 interfecit
2673 4048 2727 4096 et
2761 4041 2814 4094 in
2849 4043 3060 4097 deserto
3109 4047 3338 4113 sepeliit.

1795 4123 2298 4193 Conlirmatumque
2343 4135 2427 4180 est
2483 4143 2706 4198 regnum
2761 4130 3064 4189 Salomonis
3119 4135 3256 4190 adeo
3285 4151 3341 4189 ut

1797 4217 2048 4268 timerent
2084 4216 2258 4284 ipsum
2311 4232 2501 4275 omnes
2531 4219 2623 4288 qui
2657 4221 2798 4275 circa
2832 4222 3006 4290 ipsum
3039 4235 3222 4282 essent
3254 4244 3337 4284 reo

1796 4322 1910 4369 ges,
1944 4307 2241 4376 missisque
2272 4310 2336 4362 ad
2366 4325 2490 4364 eum
2521 4313 2840 4367 muneribus
2868 4330 2990 4368 cum
3019 4319 3139 4384 ipso
3169 4316 3368 4374 fmdus.

1725 4438 1768 4494 υ
1797 4395 2014 4449 inirent.
2050 4395 2218 4452 Porro
2261 4398 2511 4454 Salomon
2544 4400 2913 4472 Hierosolyma
2951 4421 3108 4460 muro
3139 4408 3336 4466 cinxit:

1798 4503 2049 4558 annoque
2083 4492 2229 4562 regni
2258 4492 2340 4546 sui
2370 4492 2691 4546 duodecimo
2726 4510 3012 4564 aggressus
3041 4507 3125 4550 est
3157 4504 3339 4566 templi

1796 4587 2152 4635 structuram.
2188 4579 2354 4635 Multa
2387 4592 2566 4636 autem
2621 4583 2723 4651 ipsi
2753 4583 2891 4637 dona
2956 4586 3104 4640 misit
3138 4585 3340 4651 Hiram,

1796 4671 1919 4741 Tyri
1961 4689 2077 4734 rex,
2114 4674 2388 4741 multaque
2424 4674 2564 4742 ligna
2604 4675 2844 4738 redrina,
2879 4677 3056 4744 pinea,
3090 4678 3337 4746 abiegna,

1798 4766 1927 4826 quin
1958 4776 2009 4817 et
2039 4779 2170 4832 opes
2198 4767 2400 4819 multas
2432 4760 2548 4833 qua:
2579 4766 2677 4832 ipsi
2715 4768 2780 4819 ad
2830 4767 3088 4836 templum
3123 4779 3333 4822 exstru-

1798 4856 1996 4907 endum
2045 4853 2358 4922 adiumento
2391 4861 2594 4919 essent,
2646 4854 2882 4909 donante
2937 4855 3039 4925 ipsi
3095 4857 3338 4910 vicissim

1798 4945 2086 5000 Salomone
2117 4946 2409 5012 quotannis
2439 4959 2597 4998 curos
2630 4946 2793 5000 tritici
2828 4947 2995 5000 vicies
3023 4947 3185 5008 mille,
3212 4965 3337 5000 ιινςιο

1798 5051 2022 5104 rumque
2059 5052 2337 5104 passarum
2393 5036 2640 5089 totidem.
2697 5036 2867 5089 Porro
2898 5037 3098 5089 dicitur
3132 5037 3332 5099 Hiram,

1797 5124 1920 5192 Tyri
1956 5139 2158 5192 regem,
2190 5125 2424 5192 primum
2481 5139 2663 5191 regum
2721 5122 3014 5196 purpuram
3076 5126 3334 5182 induisse.

1797 5215 1951 5280 cujus
1983 5217 2055 5266 rei
2111 5229 2277 5267 causa
2320 5215 2439 5276 fuit,
2497 5214 2638 5280 quod
2691 5228 2814 5266 cum
2849 5201 3118 5281 ’opilionis
3159 5217 3337 5286 173-

1800 5303 1952 5374 175
1983 5304 2261 5370 cujusdam
2299 5304 2470 5367 canis,
2504 5302 2595 5371 qui
2629 5305 2803 5370 ipsum
2837 5304 2924 5357 die
2957 5305 3189 5372 quodam
3223 5324 3328 5370 qun

1795 5413 1921 5448 oves
1951 5396 2001 5448 in
2035 5396 2197 5449 maris
2235 5397 2416 5449 littore
2445 5403 2709 5463 pasceret,
2751 5396 3040 5451 comitatus
3071 5408 3170 5458 est;
3208 5414 3326 5449 mu-

1798 5489 1955 5541 riceiu
1983 5486 2181 5539 coloris
2214 5487 2468 5555 purpurei
2519 5487 2571 5540 in
2606 5486 2785 5540 littore
2840 5496 3137 5555 reptantem
3169 5490 3334 5544 olfeu-

1795 5580 1948 5641 deus,
1989 5579 2166 5646 ipsum
2199 5576 2406 5640 ederet,
2460 5579 2593 5632 adeo
2632 5588 2688 5630 ut
2724 5580 2988 5646 sanguine
3024 5581 3243 5630 muricis
3272 5596 3334 5635 ος

1795 5669 1959 5734 ipsius
2017 5668 2456 5736 impleretur;eu
2485 5670 2618 5735 viso,
2679 5679 2872 5736 pastor,
2932 5680 3143 5735 accepta
3196 5672 3332 5728 Ιηιια,
