4038 6470
1491 13 1681 22 ’.ἀμ-...-

637 295 744 358 947

1636 294 1998 354 EUTYCHII
2049 298 2082 350 .-\
2101 294 2287 354 LEXA
2301 295 2451 354 NDll
2467 298 2480 352 1
2495 296 2572 354 Nl
2607 295 2816 352 PATR.

3731 301 3814 363 918

643 409 794 464 canis
826 423 888 462 os
939 405 1214 466 abstersit,
1245 419 1276 458 e
1305 419 1408 473 qua
1444 419 1564 456 curn
1596 402 1896 457 confectam
1939 401 2195 456 cur-ollam
2228 409 2269 460 Α
2304 404 2698 471 peperissernns
2739 417 2837 463 ego
2884 411 2934 452 et
2982 405 3170 456 mulier
3209 404 3306 457 ista
3353 404 3406 456 in
3441 405 3625 460 eadem
3663 410 3816 458 titmm.

640 501 801 569 capiti
851 515 950 553 suo
1001 497 1371 566 imposuisset,
1451 496 1652 549 factum
1702 503 1782 549 est
1839 504 1895 548 ut
1947 493 2193 562 quisquis

617 593 820 660 ipsum
853 589 907 642 in
948 588 1064 642 sole
1114 585 1483 639 ambulantem
1537 585 1896 653 conspiceret,
1949 600 1977 636 e
2024 584 2198 651 capite

653 681 824 759 ipsius
861 679 999 746 ignis
1050 675 1312 745 fulgorem
1375 673 1594 743 prodire
1645 675 2024 726 existimaret:
2090 686 2199 736 quo

649 771 864 835 audito,
898 772 1082 822 Hiram
1114 767 1240 838 Tyri
1294 783 1407 838 rex,
1435 766 1615 820 missis
1645 767 1739 833 qui
1798 772 2071 833 pastorem
2106 778 2199 815 ac-

648 873 945 922 cerserent,
1020 875 1141 914 cum
1205 860 1464 913 corollant
1521 855 1920 924 conspexisset,
1999 852 2201 906 coloris

628 953 1110 1023 vpulcbritudinem
1192 951 1440 1012 miratus,
1498 949 1762 1002 tinctores
1813 945 2042 998 similem
2100 943 2199 996 sibi

652 1047 858 1114 tingere
885 1044 1094 1110 jussit:
1137 1043 1227 1108 qui
1287 1041 1353 1095 ad
1388 1041 1539 1093 littus
1574 1037 1824 1105 profecti,
1857 1035 2204 1105 quzesitisqne

654 1151 717 1190 ac
752 1137 994 1203 repertis
1033 1131 1357 1197 muricibus,
1428 1143 1725 1198 purpuram
1762 1127 1835 1181 illi
1902 1125 2201 1179 tinxerunt.

654 1227 830 1294 Atque
865 1229 981 1279 haec
1013 1226 1246 1278 inventae
1277 1236 1532 1292 purpurae
1562 1221 1699 1273 ratio
1729 1218 1856 1272 fuit.

722 1318 839 1372 Fuit
876 1326 1055 1370 autem
1088 1315 1268 1382 templi
1293 1304 1659 1380 quodstruxit
1684 1310 1943 1364 Salomon
1990 1306 2205 1360 Davidis

655 1410 819 1472 Illius,
853 1405 1132 1477 longitudo
1186 1403 1490 1466 cubitorum
1524 1402 1824 1470 sexaginta,
1872 1399 2097 1452 latitudo
2132 1397 2208 1450 vi-

655 1503 812 1570 ginti,
855 1499 1085 1554 altitudo
1146 1505 1390 1562 centum,
1444 1496 1600 1565 cujus
1649 1503 1855 1563 partem
1893 1490 2205 1545 interiorem

653 1601 820 1646 totam
851 1605 987 1645 auro
1024 1590 1296 1649 obduxit;
1349 1586 1477 1656 quin
1532 1594 1585 1640 et
1643 1585 1785 1639 intra
1822 1582 2079 1650 templum
2117 1593 2207 1634 sa-

657 1683 896 1736 crarium
931 1698 961 1735 e
994 1680 1155 1748 lignis
1213 1677 1458 1747 abiegnis
1519 1675 1738 1739 struxit,
1773 1674 1986 1729 cubitus
2016 1669 2204 1741 viginti

662 1775 899 1842 longum,
934 1745 1121 1838 viginti
1157 1745 1359 1832 latum,
1406 1781 1470 1820 ac
1527 1766 1752 1820 totidem
1811 1766 2014 1826 altum;
2068 1759 2210 1830 quod
2246 1745 2284 1797 Β

659 1875 770 1915 tam
808 1863 954 1915 intus
977 1875 1138 1928 quam
1171 1858 1306 1911 toris
1335 1871 1470 1910 auro
1498 1853 1748 1914 obduxit.
1786 1852 1924 1906 facta
1961 1866 2124 1925 super
2152 1861 2226 1902 εον

659 1950 1077 2005 clrerubinorum
1159 1946 1353 2006 forma,
1427 1958 1656 2014 quorum
1737 1951 1962 2008 uterque
2032 1921 2215 1990 decem

658 2053 777 2096 erat
811 2043 1026 2096 cubitos
1075 2042 1291 2107 longus,
1329 2052 1393 2090 ac
1435 2035 1678 2103 quinque
1729 2035 1888 2093 latus,
1941 2046 2003 2084 ex
2059 2043 2215 2088 auro.

662 2150 804 2188 littus
835 2134 898 2187 al
931 2132 1153 2186 sacrarii
1186 2133 1326 2182 latus
1354 2130 1624 2188 dextrum,
1653 2126 1788 2177 alter
1817 2123 1880 2176 ad
1907 2122 2213 2182 sinistrum,

659 2235 714 2278 et
754 2224 968 2291 utrique
999 2237 1090 2276 sex
1114 2221 1233 2282 ahe,
1267 2219 1469 2287 quibus
1497 2231 1659 2284 super
1687 2230 1752 2267 eo
1774 2212 2012 2266 extensis
2045 2212 2216 2278 ipsum

661 2317 1005 2385 obtegebant.
1058 2312 1186 2365 Dein
1246 2324 1426 2362 arcam
1475 2323 1506 2361 e
1563 2307 1780 2358 civitate
1840 2301 1998 2372 176
2049 2300 2216 2352 Silron

663 2407 948 2460 deductam
987 2403 1040 2456 in
1075 2401 1240 2454 domo
1279 2400 1379 2452 ista
1419 2395 1616 2465 posuit.
1673 2393 1814 2459 Quin
1846 2401 1899 2445 et
1929 2400 2054 2443 ante
2085 2400 2222 2442 tent-

667 2499 814 2568 plum
847 2495 991 2551 istud
1026 2493 1161 2547 dnas
1199 2490 1482 2544 columnas
1513 2499 1692 2538 a-neas
1724 2484 1972 2553 ingentes
2007 2480 2218 2540 s'atuit,

667 2604 896 2661 quarum
929 2599 1158 2653 utraque
1191 2581 1409 2651 triginta
1437 2578 1653 2632 cnbitos
1699 2576 1853 2639 longa
1909 2572 2030 2633 fuit,
2065 2571 2220 2638 quitr-

669 2696 773 2744 que
799 2680 948 2744 lata;
982 2677 1182 2744 quibus
1223 2672 1398 2727 velum
1453 2667 1773 2722 coccineum
1824 2663 1965 2731 quod
2021 2661 2222 2714 fecerat

669 2771 902 2826 diversis
958 2779 1295 2837 gemmarum
1359 2760 1649 2826 speciebus
1707 2762 2015 2810 consertum
2077 2767 2106 2805 e
2143 2766 2224 2803 re-

671 2863 830 2928 gion'e
862 2859 1047 2928 templi
1079 2855 1358 2927 appendit.
1391 2852 1632 2906 Mensam
1663 2849 1823 2902 etiarn
1855 2859 2060 2900 aeneam
2096 2841 2224 2896 fecit

675 2959 728 3008 in
778 2969 884 3018 qna
941 2962 1230 3022 poneretur
1284 2948 1439 3019 panis
1491 2942 1819 3006 oblationis;
1857 2939 2012 3006 cuius
2052 2936 2226 3003 longi-

674 3047 806 3101 tudo
842 3045 1030 3111 viginti
1063 3050 1181 3096 erat
1215 3040 1546 3098 cubitorum,
1603 3049 1665 3086 ac
1719 3032 1941 3086 totidem
1974 3027 2219 3086 latitudo,

678 3137 955 3192 rrassities
984 3134 1169 3189 decem
1199 3147 1213 3194 ;
1249 3143 1409 3199 quam
1445 3136 1499 3181 et
1528 3141 1660 3179 auro
1693 3122 2026 3192 geminisque
2055 3117 2226 3171 obdu-

610 3210 613 3214 ⁸
677 3231 775 3284 xit.
812 3227 1006 3283 Omnia
1037 3225 1200 3278 etiam
1237 3237 1365 3275 vasa
1407 3234 1594 3280 aurea,
1626 3214 1965 3284 argentea‘ct
2002 3209 2229 3280 gemmis

677 3317 929 3374 confecta
981 3316 1034 3368 in
1071 3313 1329 3382 templum
1387 3307 1722 3378 inrportavit.
1784 3302 1992 3357 Struxit
2069 3299 2230 3351 etiam

679 3411 784 3464 sibi
817 3407 1096 3477 palatium,
1161 3403 1303 3470 quod
1375 3413 1530 3461 auro,
1600 3402 1933 3462 argentoque
1997 3389 2280 3451 oblevit;.

681 3500 839 3568 cujus
874 3497 926 3550 in
965 3494 1144 3549 medio
1177 3491 1489 3560 praetorium
1540 3485 1830 3553 exstruxit,
1869 3481 2080 3536 cubitos
2110 3493 2236 3530 cen-

684 3567 797 3640 tum
823 3587 1067 3652 longum,
1117 3582 1509 3651 quinquaginta
1562 3577 1748 3637 latum,
1779 3573 1945 3625 altum
1977 3567 2232 3636 triginta;

685 3677 913 3734 interius
967 3673 1120 3742 quasi
1174 3668 1537 3724 ambientibus
1589 3676 1818 3732 quatuor
1863 3661 2234 3713 coltt'rruarutrt

685 3768 1029 3824 cedrinarnru
1086 3776 1223 3816 auro
1279 3758 1640 3813 obductarum
1718 3751 2022 3810 ordinibus,
2079 3762 2239 3814 super

691 3859 887 3926 quibus
960 3866 1116 3908 erant
1184 3858 1414 3919 quatuor
1457 3854 1594 3900 tecta
1639 3858 1773 3896 auro
1809 3850 2019 3894 ornata.
2091 3837 2240 3891 Fecit

685 3951 849 4006 etiam
882 3951 1134 4003 thronum
1190 3953 1443 4007 magnum
1485 3937 1813 3992 eburneum,
1876 3943 2008 3982 auro
2064 3925 2240 3977 varic-

692 4051 897 4109 gatntn,
925 4036 1261 4108 gemmisque
1291 4029 1632 4086 distinctum,
1665 4024 1821 4092 quod
1841 4024 1891 4074 in
1923 4019 2084 4086 hujus
2110 4031 2243 4084 prat-

696 4108 816 4187 torii
875 4130 1050 4184 medio
1110 4124 1319 4185 statuit,
1367 4120 1454 4174 cui
1511 4117 1767 4171 insideret
1804 4114 1937 4180 ipse,
1999 4124 2119 4162 curn
2179 4108 2244 4160 de

697 4225 969 4278 hominum
999 4219 1163 4272 rebus
1195 4218 1571 4282 cognosceret.
1607 4204 1814 4272 Templi
1851 4211 2030 4255 autem
2070 4210 2123 4251 et
2155 4211 2246 4263 pa-

698 4315 810 4369 latii
890 4319 1224 4365 structuram
1289 4311 1488 4370 septem
1559 4297 1715 4350 annis
1772 4293 2018 4370 absolvit.
2071 4288 2244 4341 Jama

2304 508 2366 546 ac
2398 503 2646 545 n'nrtttus
2679 502 2814 546 esset
2854 500 3011 545 noctu
3052 494 3189 546 lilius
3213 496 3406 562 ipsius,
3438 512 3521 548 me
3545 485 3822 557 dormio-itte

2305 580 2393 632 illa
2432 581 2597 633 tilium
2634 596 2790 634 suum
2826 588 3095 633 mortuum
3129 584 3454 647 prehensum
3489 588 3686 653 pectori
3729 605 3826 638 meo

2307 671 2616 729 admovens.
2646 671 2709 722 ad
2738 687 2796 724 se
2823 671 2990 725 tilium
3015 671 3179 724 istum
3211 689 3389 727 meum
3420 673 3636 744 recepit)
3670 681 3828 732 Altera

2307 771 2482 815 autem
2519 779 2533 814 :
2580 759 2673 814 llic
2714 756 2932 829 (inquit)
2981 777 3133 830 puer,
3171 770 3331 816 meus‘
3373 775 3457 818 est
3501 767 3687 831 Illius;
3734 769 3831 833 ejus

2309 861 2509 911 autem,
2545 861 2812 905 mortuus.
2840 853 3093 906 Salomon
3121 867 3250 922 ergo
3284 855 3517 919 gladium
3542 857 3645 911 sibi
3678 857 3832 911 atii-rd

2304 943 2523 1012 jubens.
2564 958 2897 1012 puermr:que
2950 960 3107 996 rrranu
3157 959 3254 997 sua
3294 945 3632 1014 prehendens
3665 967 3678 1003 :
3711 951 3838 1002 Diri-

2309 1035 2454 1097 darn,
2481 1034 2674 1102 inquit,
2704 1034 2755 1087 in
2783 1033 2917 1088 duas
2950 1041 3127 1100 partes
3156 1048 3404 1100 puerum.
3439 1052 3666 1102 quarum
3699 1054 3839 1091 unam

2310 1127 2524 1194 utrique
2573 1136 2808 1178 vestrum
2862 1124 3088 1178 tradam.
3143 1123 3277 1176 Tum
3326 1135 3494 1179 mater
3529 1129 3705 1194 pueri,
3754 1127 3836 1179 Do-

2312 1217 2458 1270 mine
2498 1217 2591 1275 nti.
2625 1216 2822 1284 inquit,
2854 1234 2921 1272 ne
2947 1215 3155 1270 dividas
3187 1217 3388 1283 ipsum,
3421 1217 3514 1270 sed
3552 1220 3601 1270 ei
3638 1217 3842 1288 [totum]

2311 1307 2532 1373 tradas;
2578 1309 2788 1362 dicente
2835 1310 2999 1362 altera
3045 1327 3057 1362 :
3112 1307 3326 1380 [Quin]
3377 1309 3609 1371 dividas,
3662 1322 3717 1364 ιιι
3761 1328 3846 1363 nec.

2315 1398 2443 1451 mihi
2477 1399 2567 1461 sit,
2615 1413 2712 1451 nec
2761 1398 2858 1452 illi.
2901 1397 3055 1452 Dedit
3097 1414 3224 1466 ergo
3251 1398 3507 1453 Salomon
3555 1414 3779 1467 puerum
3805 1402 3846 1451 ei

2314 1502 2431 1555 qua:
2453 1501 2519 1539 ne
2543 1486 2874 1540 divideretur
2897 1487 3068 1554 petiit,
3099 1496 3433 1555 perspecturu
3459 1487 3669 1540 habens
3697 1487 3848 1554 ipsam

2315 1587 2540 1633 matrem
2587 1579 2708 1646 ejrrs
2737 1594 2882 1638 csse.
2915 1594 2975 1634 cx
3011 1594 3074 1633 eo
3107 1579 3197 1648 qui
3246 1577 3495 1645 apparuit
3541 1589 3669 1643 erga
3718 1575 3850 1628 illum

2316 1670 2514 1724 all'ectu
2568 1671 2755 1736 ipsius.
2813 1669 3095 1734 Miratiqne
3140 1678 3266 1722 srrnt
3321 1669 3570 1721 homines
3606 1666 3849 1735 judicium

2315 1762 2506 1832 ipsius.
2559 1759 2801 1813 Fuerunt
2832 1768 3007 1812 autem
3043 1759 3353 1812 Salomonis
3392 1772 3591 1810 uxores
3625 1757 3854 1825 ingenua!

2318 1852 2691 1920 septingentre,
2722 1859 2774 1902 et
2799 1860 2880 1902 ter
2907 1859 3121 1902 centum
3152 1848 3310 1917 180
3337 1847 3682 1903 concubina.
3716 1845 3855 1898 Duxit

2316 1943 2476 1998 etiam
2506 1942 2756 1995 Salomon
2787 1939 3098 1998 Pharaonis,
3123 1939 3336 2008 ,Επειιί
3363 1939 3522 2007 regis,
3548 1937 3640 1989 cui
3675 1951 3852 1989 nomen

2320 2032 2537 2092 Sbisak,
2569 2031 2752 2094 tiliam,
2803 2045 3032 2098 eamque
3061 2028 3432 2099 Hierosolyma
3461 2028 3713 2080 adduxit.
3748 2024 3857 2078 Post

2317 2139 2436 2192 quae
2466 2125 2738 2190 profectus
2783 2123 3014 2183 Pharao,
3060 2118 3270 2188 Egypti
3309 2134 3423 2182 rex,
3468 2124 3660 2171 urbem
3705 2118 3859 2170 Aazar

2318 2220 2674 2281 expugnatam
2702 2211 2822 2276 igne
2854 2207 3156 2264 succendit.
3187 2209 3306 2274 Igne
3334 2209 3498 2259 etiam
3523 2204 3859 2260 Chanaauitis

2319 2302 2536 2356 Maraalr
2561 2299 2917 2353 incolentibus
2949 2297 3216 2356 immisso,
3247 2311 3376 2364 opes
3400 2309 3590 2348 eorum
3627 2307 3764 2361 quas
3787 2292 3858 2342 di-

2321 2393 2482 2462 ripuit
2515 2393 2578 2444 ad
2633 2393 2792 2444 ﬁliam
2844 2404 2997 2443 suam
3044 2387 3350 2442 Salomonis
3382 2386 3674 2452 conjugem
3711 2384 3858 2437 misit.

2323 2483 2523 2552 Regina
2571 2484 2730 2537 etiam
2781 2481 2953 2539 Saliae.
3007 2479 3190 2532 audito
3240 2492 3466 2547 regnare
3503 2473 3859 2531 Salomonem,

2323 2577 2387 2628 ad
2437 2575 2611 2642 ipsum
2664 2574 2844 2626 multis
2888 2586 3010 2625 cum
3051 2568 3367 2622 muneribus
3415 2567 3708 2627 accedens,
3737 2563 3863 2618 dedit

2325 2666 2427 2734 ipsi
2466 2665 2582 2717 auri
2618 2665 2814 2717 talenta
2847 2671 3062 2715 centum
3097 2661 3338 2728 triginta.
3370 2659 3616 2726 Cumque
3640 2657 3691 2712 ei
3723 2655 3861 2709 vicis-

2325 2755 2426 2808 sim
2477 2753 2716 2806 dedisset
2770 2751 3024 2804 Salomon
3075 2750 3440 2817 quodcunque
3489 2747 3760 2815 petiisset.
3807 2745 3862 2796 ab

2324 2846 2440 2912 ipso
2464 2857 2674 2897 reversa
2703 2851 2807 2895 cst.
2829 2829 2992 2894 Duxit
3025 2840 3151 2909 quin
3183 2841 3343 2895 etiam
3370 2838 3651 2896 Salomon.
3672 2835 3864 2889 Davidis

2327 2932 2488 2994 ﬁlius,
2533 2932 2766 2985 lriburrm
2824 2930 3245 2995 alienigenarum
3283 2927 3438 2987 tilias.
3471 2928 3574 2978 vir.
3605 2924 3866 2978 Ammoni.

2327 3035 2525 3081 tarum.
2579 3021 3019 3084 Arrialekitarnrn,
3080 3019 3452 3080 Moabitarum,
3503 3017 3866 3077 aliarumque:

2330 3129 2462 3182 quas
2492 3127 2613 3166 cum
2647 3118 2871 3170 amaret,
2899 3125 3003 3177 przc
3034 3108 3236 3161 amoris
3259 3121 3366 3176 quo
3392 3108 3536 3174 ipsas
3566 3104 3866 3172 complexus

2329 3213 2415 3261 est
2469 3201 2834 3262 vehementia,
2886 3201 3062 3267 ipsum
3101 3199 3431 3265 impulerunt
3475 3195 3579 3251 sibi
3629 3193 3863 3263 templum

2331 3295 2586 3356 condere,
2619 3293 2670 3346 in
2706 3308 2811 3361 quo
2840 3291 2977 3344 idola
3010 3304 3130 3359 quae
3160 3289 3420 3352 colerent,
3456 3287 3766 3356 quibusque
3792 3297 3866 3338 ss-

2335 3386 2659 3442 crilicarent.
2706 3381 2966 3450 reposuit.
3005 3382 3177 3447 Atque
3227 3379 3364 3432 hanc
3401 3378 3726 3432 ob'causarn
3782 3371 3861 3425 de-

2332 3479 2505 3546 jectus
2534 3486 2615 3530 est
2643 3474 2922 3527 Salomon.
2961 3470 3174 3524 Davidis
3193 3469 3330 3524 [ilius
3356 3469 3421 3522 de
3452 3467 3624 3537 gradu
3657 3464 3865 3536 prophe-

2338 3569 2468 3620 tico.
2503 3566 2671 3619 Porro
2702 3565 2919 3617 fuerunt
2948 3562 2999 3615 in
3028 3561 3268 3614 exercitu
3299 3559 3471 3628 ipsius
3501 3557 3764 3626 equitnm,
3791 3553 3865 3622 qui

2338 3673 2508 3726 equas
2541 3655 2999 3715 conscenderent,
3028 3651 3349 3719 quadragies
3380 3649 3543 3712 mille,
3578 3648 3672 3716 qui
3701 3657 3862 3712 equos,

2339 3746 2695 3802 vicies-mille.
2722 3744 2844 3797 Fuit
2871 3741 3142 3796 Salomoni
3171 3755 3358 3794 servus
3388 3737 3600 3791 nomine
3633 3734 3863 3790 Reboarn,

2344 3836 2531 3891 Nabati
2578 3835 2743 3895 ﬁlius,
2788 3847 2816 3900 e
2844 3831 2988 3885 tribu
3036 3827 3314 3897 prraim,
3362 3824 3517 3894 cujus
3558 3823 3738 3888 matri,
3768 3833 3866 3888 quae

2345 3926 2535 3980 mulier
2566 3934 2680 3977 erat
2715 3923 2891 3984 furax,
2932 3933 3128 3973 nomen
3163 3917 3362 3978 Sisera,
3394 3931 3554 3982 quem
3591 3916 3715 3966 enin
3753 3923 3866 3976 pne-

2351 4020 2567 4072 l'cciSSct
2604 4016 2858 4068 Salomon
2893 4012 3052 4064 tribui
3075 4010 3294 4076 Josepb,
3326 4007 3654 4075 ipseaurbern
3691 4002 3798 4080 Sair
3823 4000 3863 4049 in

2349 4107 2625 4175 Ephraimi
2663 4104 2925 4158 limitibus
2955 4101 3217 4157 condidit,
3253 4099 3456 4163 fuitque
3485 4094 3664 4158 fortis,
3704 4091 3865 4143 robore

2347 4199 2574 4268 pollens.
2610 4196 2689 4248 llli
2729 4207 3023 4247 occurrens
3055 4191 3190 4242 Alrta
3224 4184 3568 4256 181-183
3614 4185 3863 4268 propheta,

2350 4299 2661 4354 vestemque
2683 4299 2833 4337 suam
2866 4290 3132 4348 arreptam
3171 4279 3222 4330 in
3257 4277 3536 4330 duodecim
3565 4290 3599 4342 p
3619 4263 3743 4324 irtcs
3765 4283 3863 4322 curn

702 4419 866 4474 regno
902 4400 1119 4452 Davidis
1152 4396 1216 4449 ad
1256 4394 1515 4447 fabricam
1570 4387 1756 4453 templi
1790 4367 2084 4436 absolut‘arn
2121 4380 2244 4432 anni
2277 4395 2326 4450 υ
2353 4382 2619 4441 scidisset,
2660 4377 2931 4430 Ilabaamo
2979 4371 3161 4438 Nabati
3211 4370 3317 4421 liiio
3355 4372 3537 4420 decem
3568 4381 3748 4419 ear-u-n
3775 4371 3863 4412 tra-

2100 4472 2125 4474 _,
2555 4469 2587 4474 __
2635 4469 2644 4474 .
2756 4465 2790 4474 η
3326 4463 3336 4471 .
3427 4459 3440 4474 .
3629 4457 3646 4474 .
3691 4454 3841 4474 --λεη

702 4472 828 4549 sunt
861 4489 1302 4555 undesexaginta.
1336 4484 1567 4550 Fuitque
1615 4492 1814 4531 Census
1847 4490 2062 4526 annuus
2095 4472 2250 4524 Salo-

714 4588 909 4646 monis,
965 4585 1057 4636 lilii
1100 4579 1334 4635 DM’idiS,
1396 4575 1719 4627 talentorum
1783 4569 1895 4618 auri
1953 4566 2253 4618 sexcenties

706 4681 946 4745 sexagies
975 4677 1148 4727 sexies
1186 4669 1347 4730 mille,
1389 4667 1524 4716 ultra
1573 4679 1630 4714 eu
1662 4678 1780 4727 qua:
1816 4668 2114 4710 mercatura
2169 4671 2255 4705 ac—

706 4769 1077 4837 quircbantur.
1138 4760 1446 4811 bimensunr
1511 4749 1856 4821 177-179
1907 4747 2027 4814 ejus
2078 4746 2256 4811 quoti-

709 4864 951 4915 iianum,
986 4854 1176 4907 sinrilzc
1214 4848 1324 4901 cori
1381 4845 1624 4912 triginta,
1686 4840 1871 4891 larium
1923 4839 2032 4889 euri
2098 4848 2258 4886 sexa-

712 4953 879 5018 ginta,
906 4944 1122 5013 juveuci
1144 4943 1354 4999 decem,
1387 4937 1548 4988 bores
1579 4931 1766 4998 viginti
1806 4929 1934 4989 duo,
1972 4943 2096 4976 oves
2132 4939 2259 4974 ccu-

713 5055 849 5103 turn,
909 5045 1099 5106 praeter
1131 5045 1341 5090 cervos,
1385 5025 1667 5094 capreolos
1697 5035 1748 5075 et
1804 5023 2068 5072 volucres.
2129 5017 2263 5069 Fue-

720 5140 841 5184 r'nnt
872 5128 1031 5182 etiam
1067 5125 1118 5176 in
1155 5120 1350 5188 palatio
1410 5114 1717 5168 Salomonis
1784 5121 2003 5164 centum
2063 5123 2265 5159 mensa:

719 5236 892 5273 aureze
924 5227 976 5269 ct
1005 5216 1055 5266 in
1084 5227 1268 5264 earnm
1306 5206 1536 5273 singulis
1564 5215 1776 5256 rentum
1807 5202 2144 5269 piropsidcs,
2169 5212 2265 5248 nec

722 5330 825 5364 non
861 5316 1095 5360 trecenta
1141 5301 1374 5362 vasaria,
1412 5300 1462 5349 in
1492 5310 1721 5364 quorum
1761 5293 1988 5359 singulis
2024 5297 2264 5341 trecenta

721 5415 875 5459 erant
907 5402 1096 5469 pocula
1129 5410 1311 5446 aurea.

794 5496 1132 5548 Sailr‘nnonem
1177 5494 1353 5538 autent
1390 5483 1474 5534 die
1517 5479 1748 5547 quodam
1804 5478 1852 5527 iu.
1893 5477 2135 5540 pra-torio
2184 5491 2269 5525 sc-

725 5589 940 5642 tleuteni
976 5587 1324 5635 accesserunt
1378 5574 1586 5626 {ciuium
1630 5572 1747 5624 dua:
1781 5571 2103 5638 quibuscum
2155 5573 2270 5617 erat

734 5696 864 5752 puer
898 5691 1081 5729 reCeIIs
1126 5681 1306 5734 nutus,
1353 5683 1580 5736 quarunt
1622 5682 1721 5714 una
1767 5663 1901 5715 dixit
1939 5659 2108 5726 :Ilict‘i
2150 5672 2271 5710 Cum

1585 6454 1588 6456 ‘
1631 6455 1798 6470 has-1.
1823 6451 2040 6470 ’.μ-,Ἄ

2354 4475 2509 4532 deus,
2538 4469 2672 4521 dixit
2704 4485 2716 4520 :
2756 4465 3096 4533 llegnaturus
3135 4479 3191 4515 cs
3230 4474 3281 4511 tn
3326 4463 3377 4512 in
3410 4459 3591 4510 decem
3629 4454 3866 4510 lsraelita-

2357 4580 2471 4616 rnm
2518 4561 2712 4614 tribus.
2745 4558 2800 4610 In
2831 4560 3008 4611 animo
3036 4564 3208 4609 autem
3254 4549 3524 4604 Salomoni
3562 4550 3663 4600 fuit
3693 4545 3862 4598 llabaa-

2358 4669 2498 4703 urunt
2533 4661 2703 4701 morte
2738 4650 2964 4700 allicere.
3019 4647 3108 4699 Ille
3147 4660 3272 4709 ergo
3304 4643 3370 4692 ab
3429 4641 3546 4705 ipso
3581 4637 3706 4706 fuga
3739 4650 3788 4686 se
3813 4628 3864 4680 ad

2359 4741 2708 4805 Shishaknm,
2747 4739 2957 4807 {Egypti
2993 4737 3352 4800 Pharaonem,
3401 4729 3723 4797 proripiens,
3752 4719 3862 4791 apud

2362 4835 2535 4900 ipsum
2572 4834 2809 4895 mansit;
2849 4830 2937 4896 qui
2975 4830 3026 4881 in
3064 4843 3282 4879 uxorem
3318 4827 3364 4878 ci
3394 4823 3643 4890 conjugis
3682 4828 3866 4872 sumse-

2366 4939 2540 4976 rurcm
2585 4921 2749 4981 dedit,
2793 4921 2877 4971 cui
2925 4932 3118 4971 nomen
3159 4919 3282 4976 Atil,
3316 4929 3542 4983 quicque
3587 4913 3746 4964 lilium
3787 4904 3861 4970 ipsi

2366 5014 2591 5082 peperit,
2625 5028 2780 5079 quem
2818 5011 3031 5062 nomine
3077 5008 3242 5075 patris
3294 5007 3373 5058 sui
3423 4997 3726 5071 appellavit.
3763 5000 3861 5050 1³ῐο-

2367 5081 2653 5174 plretarunt
2707 5110 2942 5167 tempore
3000 5098 3337 5156 Salomonis,
3386 5096 3595 5145 Natlran
3647 5100 3699 5145 et
3733 5081 3861 5140 Acilia

2371 5194 2654 5252 Shilmiita,
2686 5192 2887 5255 luit-jure
2913 5187 3164 5241 sacerdos
3214 5201 3456 5240 summus
3482 5183 3680 5236 Satine.
3705 5177 3861 5233 Eodem

2373 5296 2610 5348 tempore
2639 5282 2689 5332 in
2719 5278 2922 5331 Gratcia
2969 5277 3148 5329 ﬂoruit
3184 5274 3635 5340 llornerus.po-.-ta
3663 5271 3858 5322 (ἐνάτης.

2442 5375 2587 5428 Obiit
2639 5382 2813 5423 autem
2869 5369 3116 5420 Salomon
3167 5381 3288 5418 cum
3329 5379 3504 5416 annos
3556 5355 3859 5429 quadragimi

2375 5476 2667 5539 regnasset,
2709 5477 2761 5520 et
2807 5465 2857 5516 in
2905 5463 3114 5515 Davidis
3169 5461 3327 5512 domo
3389 5458 3627 5524 St'pllillls
3664 5465 3750 5506 est.
3788 5443 3860 5511 libi

2376 5565 2429 5613 in
2465 5573 2622 5626 regno
2669 5553 2930 5608 successit
2978 5553 3118 5603 lilius
3169 5549 3340 5616 ipsius
3375 5549 3704 5602 Ilclrulroarn,
3737 5551 3861 5589 nutus

2380 5665 2535 5704 natus
2574 5647 2865 5705 Sl'l'ltlt'lttl,
2897 5646 2985 5706 qui
3024 5641 3592 5708 llic'usnljmisannos
3612 5625 3860 5703 Septemde-
