4138 6458
348 271 449 334 949

1761 273 2120 334 ANNALES.

3458 273 3558 334 950

349 381 450 434 cim
503 382 766 450 regnatit.
823 379 991 434 Porro
1040 379 1268 434 audiens
1320 377 1645 440 Jeroboam,
1705 381 1893 434 Nabati

2021 385 2310 439 lchoboam
2341 385 2646 438 Salomonis
2673 385 2814 437 illius
2842 398 3040 439 uxores
3061 386 3384 446 octodecim,
3421 393 3562 437 mul-

352 473 510 534 l‘tlius,
555 481 830 526 mortuum
875 485 995 524 esse
1031 469 1402 534 Saloomnem,
1447 486 1508 523 ex
1560 469 1794 540 Aieypto
1835 475 1897 526 ad

350 561 532 617 urbem
561 563 685 616 Sair
717 561 982 616 ascendit.
1025 560 1280 615 lsraclita:
1314 572 1490 614 autem
1521 562 1584 613 ad
1621 561 1902 633 thoboa—

351 669 495 708 mum
521 652 830 708 Salomonis
855 653 1022 706 ﬁlium
1054 653 1393 722 congregati,
1422 652 1674 708 dixerunt
1705 671 1718 707 :
1745 652 1902 706 Pater

350 758 475 802 tuus
508 745 646 800 male
680 745 971 800 admodum
1022 761 1122 799 nos
1161 744 1499 814 gubernavit,
1541 753 1598 798 tu
1643 752 1821 800 autem
1858 745 1901 798 si

350 839 484 892 bene
536 852 634 891 nos
685 837 1074 906 gubernaveris
1130 837 1271 891 Servi
1329 837 1424 891 tibi
1475 836 1645 891 futuri
1691 853 1900 891 sumus.

354 926 563 992 Quibus
624 927 713 981 ille
751 943 764 978 :
806 928 962 982 Abite
994 926 1214 997 (inquit)
1281 936 1334 982 et
1377 927 1715 998 postriduum
1752 928 1906 981 vobis

351 1032 666 1085 responsum
699 1017 944 1072 reddam.
982 1019 1114 1073 Cum
1147 1034 1275 1088 ergo
1317 1035 1347 1074 e
1378 1021 1494 1074 suis
1526 1018 1731 1086 aliquot
1776 1033 1907 1071 cou-

351 1109 634 1174 suluisset,
668 1111 921 1165 dixerunt
959 1112 1032 1165 illi
1076 1129 1094 1165 :
1146 1110 1305 1166 Dicas
1345 1110 1450 1163 illis
1493 1127 1506 1162 :
1541 1108 1599 1162 Si
1638 1110 1776 1162 mala
1813 1125 1908 1162 vos

353 1197 562 1252 ratione
595 1201 735 1254 rexit
775 1210 925 1270 pater
975 1215 1150 1261 meus,
1185 1213 1285 1268 ego
1317 1214 1415 1252 vos
1449 1198 1652 1267 optima
1692 1213 1752 1250 ac
1786 1200 1906 1264 pul-

351 1289 642 1353 cherrima,
669 1307 891 1360 qumque
923 1291 1074 1345 vobis
1107 1289 1380 1345 levissima
1421 1287 1606 1342 futura
1644 1287 1713 1343 sit
1746 1286 1906 1358 184

349 1385 401 1430 et
432 1378 822 1447 placidissima,
874 1387 1123 1433 recturus
1170 1393 1315 1431 sum.
1364 1377 1520 1444 Quod
1554 1391 1678 1430 cum
1720 1375 1907 1428 audire

349 1469 539 1530 nollet,
566 1471 630 1522 ad
674 1471 930 1523 mulieres
959 1484 1088 1522 suas
1122 1469 1400 1536 ingressus
1437 1466 1576 1520 idem
1615 1465 1722 1517 illis
1749 1463 1908 1522 dixit,

348 1575 470 1626 qua:
500 1560 788 1614 consilium
819 1559 919 1626 ipsi
954 1557 1218 1613 dederunt
1249 1564 1308 1610 ut
1343 1557 1443 1610 hoc
1467 1553 1626 1608 modo
1647 1552 1911 1606 lsrachtis

349 1651 706 1716 responderet
744 1667 756 1702 :
808 1647 862 1702 Si
900 1649 1039 1702 male
1079 1663 1174 1702 vos
1218 1647 1356 1702 rexit
1403 1654 1554 1715 pater
1601 1659 1775 1705 meus,
1811 1657 1909 1711 ego

349 1750 445 1788 vos
495 1737 570 1788 ita
619 1753 801 1804 regam
848 1745 905 1789 ut
950 1743 1248 1790 conventus
1284 1744 1490 1788 vestros
1540 1732 1821 1797 dissipent,
1855 1740 1908 1782 et

341 1835 527 1880 cattus
559 1838 769 1881 vestros
801 1826 1146 1898 dispergam;
1191 1826 1296 1880 hoc
1345 1826 1643 1895 (dixerunt)
1690 1824 1794 1878 illis
1829 1824 1910 1876 di-

349 1932 445 1970 ras
487 1933 550 1970 ne
599 1925 650 1972 te
690 1932 786 1985 pro
839 1932 1009 1985 puero
1048 1917 1317 1978 habeant,
1359 1918 1413 1969 et
1456 1915 1699 1981 ipsorum
1759 1915 1824 1967 de
1864 1924 1912 1966 te

348 2009 703 2075 praesumptio
732 2006 1102 2064 confirmetur.
1145 2007 1386 2071 Quarum
1424 2005 1712 2060 consilium
1754 2019 1911 2059 secu-

349 2105 463 2158 tus,
493 2109 554 2154 ea
589 2094 853 2148 lsraelitis
883 2094 1023 2148 dixit
1053 2110 1173 2163 qua:
1204 2095 1335 2162 ipsa:
1373 2093 1448 2146 illi
1501 2097 1912 2161 sripgesserant.

347 2180 428 2236 illi
483 2197 632 2249 ergo,
671 2183 872 2236 auditis
917 2183 1036 2252 ejus
1087 2183 1290 2245 verbis,
1333 2198 1360 2235 a
1411 2185 1697 2252 praesentia
1745 2182 1917 2253 ipsius

346 2273 576 2340 egressi.
619 2274 932 2327 tumultuati
982 2282 1128 2328 sunt.
1174 2273 1432 2340 Egressus
1466 2288 1594 2342 ergo
1649 2257 1721 2325 ad
1766 2273 1916 2339 ipsos

353 2363 688 2441 lichuboam,
721 2364 862 2418 misit
892 2364 958 2419 ad
993 2365 1139 2433 ipsos
1167 2363 1554 2418 Adoniramum
1589 2363 1914 2418 tributorum

352 2454 866 2524 p-aefectum,quem
904 2456 976 2508 illi
1012 2456 1146 2509 adeo
1181 2463 1239 2508 ut
1263 2464 1566 2509 moreretur
1589 2453 1915 2521 lapidarunl,

355 2546 596 2616 fugiente
646 2548 711 2601 ab
758 2547 892 2614 ipsis
939 2545 1289 2600 Reltoboamo
1340 2544 1735 2615 Hierosolyma.
1779 2545 1919 2597 Con-

353 2639 556 2707 grcgati
594 2653 723 2707 ergo
761 2637 1019 2692 Israelita:
1046 2653 1224 2707 regem
1260 2637 1362 2692 sibi
1403 2637 1797 2690 constituerunt
1826 2633 1916 2687 Je-

352 2729 712 2792 roboamuru,
743 2727 929 2782 Nabati
987 2729 1176 2789 lilium,
1218 2740 1376 2795 atque
1429 2728 1501 2779 ita
1561 2726 1791 2779 divisum
1839 2733 1918 2777 est

354 2834 607 2888 regnum.
651 2821 1026 2890 chnavitque
1067 2817 1378 2880 Jcroboam,
1425 2815 1616 2884 Nabati
1668 2815 1832 2877 filius,
1868 2816 1920 2868 in

355 2911 549 2964 decem
581 2913 798 2975 tribus;
835 2919 888 2964 et
918 2910 1137 2972 Nahles,
1169 2910 1350 2982 inqua
1388 2917 1440 2961 et
1471 2905 1758 2968 habitavit,
1793 2921 1923 2958 ροη-

357 3001 520 3062 didit,
549 3017 757 3055 necron
786 3002 1046 3057 Phanuel.
1082 2999 1346 3068 Regnavit
1375 3009 1556 3053 autent
1588 2997 1922 3058 Rehoboam,

359 3096 669 3150 Salomonis
696 3097 854 3159 lil'us,
888 3096 938 3149 in
963 3095 1162 3150 tribum
1191 3093 1342 3148 Judte
1368 3103 1422 3148 et
1443 3093 1746 3162 Beniamin.
1783 3089 1922 3144 Fue-

358 3197 598 3253 runtque
638 3185 1006 3247 Rehoboamo,
1057 3183 1366 3238 Salomonis
1408 3182 1554 3246 lilio,
1629 3183 1921 3236 bellatores

358 3275 574 3330 centies
617 3275 795 3328 \‘icics-
823 3277 988 3338 mille,
1041 3275 1344 3342 multasque
1389 3271 1628 3340 possedit
1665 3273 1846 3333 urbes,
1891 3285 1921 3324 e

357 3365 560 3432 quibus
584 3364 919 3429 Betltlcbem,
949 3366 1203 3422 Batshur.
1231 3364 1389 3434 Ziph,
1427 3366 1648 3425 Laltislt,
1680 3366 1840 3428 Gath,
1871 3373 1923 3421 et

360 3454 554 3518 Azika,
579 3471 700 3508 cum
728 3457 981 3515 omnibus
1016 3466 1172 3511 terra:
1199 3456 1438 3510 Judaicre
1472 3467 1523 3507 cl
1557 3456 1921 3524 Benjamiticre

362 3547 614 3600 urbibus.
645 3546 770 3601 Fuit
797 3550 952 3600 matri
986 3547 1158 3616 ipsius
1191 3561 1386 3600 nomen
1422 3545 1623 3607 Nauak,
1654 3561 1682 3598 e
1715 3545 1924 3599 filiabus

363 3637 821 3696 Amtnonitarum,
857 3651 976 3705 quae
1013 3635 1187 3703 ipsum
1221 3634 1285 3685 ad
1323 3632 1462 3686 idola
1510 3632 1735 3685 colenda
1787 3631 1918 3684 inci-

362 3732 523 3780 tavit.
570 3727 634 3780 At
676 3725 988 3788 Jeroboant,
1038 3725 1227 3799 Nabati
1289 3725 1449 3787 titius,
1496 3725 1689 3777 timens
1737 3722 1925 3794 185-

368 3820 529 3890 187
554 3835 620 3872 ne
651 3818 929 3881 Israelitzr,
961 3819 1000 3870 si
1035 3832 1155 3871 cum
1194 3816 1430 3870 victimis
1466 3817 1831 3885 Hierosolyma
1861 3815 1923 3867 ad

363 3915 585 3964 domum
637 3908 850 3961 Domini
899 3907 1271 3970 ascenderem,
1322 3893 1442 3959 cum
1481 3906 1738 3973 templum
1783 3905 1926 3956 vide-

368 4012 510 4058 rent.
542 4004 592 4052 in
621 4001 794 4068 ipsum
820 3999 1157 4059 rcbellarent,
1188 3996 1664 4064 Rehoboamoque.
1683 3995 1926 4048 Salomo-

370 4093 454 4145 nis
492 4091 622 4155 liiio,
668 4088 819 4142 Iuda:
853 4089 961 4158 regi
996 4088 1289 4149 traderent,
1319 4088 1455 4141 duos
1495 4089 1692 4139 vitulus
1736 4101 1929 4138 aureos

368 4183 629 4245 confecit,
662 4193 896 4249 quorum
940 4193 1106 4230 unum
1146 4179 1198 4229 in
1231 4174 1443 4238 Bethel,
1476 4175 1702 4228 alterum
1737 4176 1787 4227 in
1829 4176 1926 4226 Ba-

369 4274 487 4326 uias
522 4273 718 4339 posuit,
755 4270 1059 4337 iisdemque
1089 4267 1402 4322 sacerdotes
1429 4283 1456 4320 e
1492 4266 1691 4320 Levitis
1724 4268 1927 4319 consti-

2002 483 2192 540 tosque
2221 477 2403 544 genuit
2437 475 2656 530 liberos.
2689 465 2860 528 Duxit
2896 475 3060 527 etiam
3093 475 3353 538 Maeliani,
3391 477 3562 529 Abso-

2005 565 2164 618 lomis
2212 565 2398 626 tiliam,
2434 580 2552 632 quae
2593 565 2692 632 ipsi
2734 563 2927 618 Abiam
2972 564 3276 631 fratresque
3305 566 3423 629 eius
3466 581 3560 630 pe-

2004 657 2144 724 perit
2189 673 2202 710 :
2255 655 2475 709 fuerunt
2528 658 2749 725 insuper
2793 657 2892 724 ipsi
2929 655 3251 708 concubina!
3299 659 3560 722 triginta;

2005 761 2194 800 omnes
2222 755 2401 800 autem
2433 747 2602 814 ipsius
2639 749 2794 802 liberi
2820 759 2925 802 tam
2961 763 3134 801 mares
3160 761 3322 816 quam
3357 748 3569 800 feuiina:

2007 825 2227 887 fuerunt
2267 813 2463 904 viginti
2497 847 2642 890 octo.
2696 837 2859 906 188
2879 813 3281 906 Pr0plietaruitt
3326 845 3572 906 tempore

2010 925 2337 994 licitoboami
2386 925 2695 980 Salomonis
2744 927 2841 980 lilii
2891 926 3142 982 Semaiah
3195 927 3568 988 Machlatnita,

2009 1023 2060 1066 et
2095 1016 2260 1068 Achia
2300 1010 2592 1079 Shilonita,
2636 1017 2997 1085 prophetautc
3032 1018 3195 1072 etiam
3231 1017 3418 1073 Obcdo
3450 1017 3573 1071 Dei.

2010 1106 2140 1158 theli
2180 1106 2366 1160 lissum
2411 1115 2495 1162 est
2527 1107 2716 1161 altare.
2742 1108 2877 1161 Cum
2908 1105 3139 1162 obiisset
3173 1115 3351 1160 autem
3384 1106 3567 1160 Rclto-

2011 1197 2191 1262 beam,
2233 1197 2542 1253 Salomonis
2593 1199 2758 1259 ﬁlius,
2804 1213 2930 1252 cum
2980 1205 3135 1268 patre
3182 1212 3284 1252 suo
3318 1197 3372 1250 in
3414 1196 3574 1250 domo

2012 1287 2227 1343 DJVidiS
2251 1288 2494 1358 sepultus
2520 1298 2626 1350 est,
2651 1297 2769 1355 post
2793 1287 2970 1364 ipsum
3002 1295 3264 1354 regnante
3293 1288 3344 1342 in
3375 1286 3572 1342 .ludam

2010 1388 2064 1429 et
2110 1375 2479 1448 Hierosolyma
2532 1379 2638 1433 liiio
2675 1379 2846 1446 ipsius
2891 1378 3027 1434 Abia
3058 1393 3151 1434 sex
3198 1379 3378 1440 annis,
3413 1379 3574 1443 idque

2013 1480 2152 1518 anno
2186 1466 2398 1519 decimo
2434 1474 2626 1520 octavo
2659 1466 2808 1535 regni
2849 1462 3180 1529 Jeroboami,
3217 1463 3406 1518 Nabati
3453 1465 3568 1523 lilii,

2016 1556 2154 1624 regis
2199 1555 2435 1610 lsraelis.
2487 1556 2820 1611 Acciderunt
2866 1557 3033 1610 etiam
3076 1555 3224 1610 inter
3261 1555 3451 1608 Abiam
3486 1569 3571 1605 re-

2014 1661 2131 1716 gem
2159 1643 2329 1708 Judae,
2357 1654 2409 1700 et
2436 1646 2722 1701 Jeroboam
2748 1646 2966 1701 lsraelis
2998 1660 3178 1715 regem
3211 1645 3350 1700 bella
3381 1647 3574 1702 unum.

2014 1738 2190 1805 ipsutn
2229 1739 2280 1792 in
2318 1736 2499 1806 fugam
2541 1745 2892 1792 convertente
2935 1735 3066 1790 Abia
3107 1751 3232 1807 rege
3270 1734 3444 1794 ludas,
3481 1749 3546 1786 oc

2014 1830 2248 1897 cisisque
2278 1827 2643 1881 lsraelitarunt
2670 1825 3027 1895 quingenties
3058 1824 3226 1886 mille,
3255 1823 3388 1877 adeo
3421 1831 3476 1874 ut
3511 1822 3571 1874 a'.

2023 1920 2155 1972 Aliia
2195 1934 2314 1987 rege
2349 1917 2500 1971 Jmhe
2537 1919 2750 1971 timeret
2774 1914 3016 1982 Roboam
3048 1914 3264 1969 lsraelis
3292 1928 3401 1966 rex.
3439 1911 3574 1963 Mor-

2013 2019 2138 2062 tuus
2183 2021 2360 2065 autem
2398 2010 2530 2064 Abia
2580 2008 2730 2063 Judze
2778 2023 2868 2061 rex
2922 2006 3170 2076 sepultus
3220 2014 3300 2056 est
3350 2003 3400 2056 in
3448 2003 3576 2054 mlu-

2018 2102 2308 2162 Davidica;
2346 2109 2605 2169 regnante
2655 2108 2771 2168 post
2802 2099 2980 2167 ipsum
3014 2097 3066 2150 in
3113 2096 3252 2150 Juda
3291 2105 3344 2150 ct
3393 2092 3582 2146 lliero-

2019 2191 2239 2261 solymis
2272 2192 2382 2244 tilio
2422 2191 2594 2259 ipsius
2628 2192 2731 2244 Asa
2776 2189 3315 2259 annis'qnadraginta
3348 2196 3401 2240 et
3442 2201 3577 2249 uno,

2021 2285 2183 2345 idque
2245 2297 2388 2336 anno
2442 2281 2590 2350 regni
2641 2279 2988 2342 Jeroboami,
3038 2278 3232 2334 Nahati
3286 2279 3375 2332 lilii
3439 2277 3580 2346 regis

2009 2373 2254 2446 lsraelis,
2301 2373 2558 2426 vicesimo
2605 2380 2820 2440 quarto.
2868 2370 3021 2424 Matri
3067 2380 3246 2424 autem
3289 2370 3408 2422 Aste
3442 2369 3581 2433 regis

2017 2466 2168 2520 Judre
2211 2481 2404 2518 nomen
2440 2471 2558 2516 erat
2606 2461 2842 2516 Naemalt
2876 2461 3192 2516 Abshalomi
3244 2459 3372 2514 lilia.
3412 2459 3590 2512 Porro

2021 2562 2269 2609 mortuus
2301 2562 2384 2607 est
2428 2551 2714 2607 Jeroboam
2766 2549 2955 2604 Nabati
2997 2549 3157 2608 illius,
3208 2548 3422 2602 lsraclis
3467 2563 3581 2609 rex,

2024 2655 2304 2712 postquam
2353 2659 2528 2696 annos
2573 2643 2757 2711 viginti
2805 2649 3041 2710 quatuor
3087 2651 3368 2709 regnasset
3397 2630 3583 2703 [post

2023 2742 2183 2803 quem
2213 2749 2379 2803 regno
2415 2732 2633 2788 lsraelis
2659 2731 2861 2802 potitus
2894 2739 2980 2785 est
3007 2729 3152 2784 illius
3193 2728 3365 2796 ipsius
3408 2726 3582 2779 Nabal

2025 2826 2180 2880 anuis
2228 2826 2462 2885 duobtts,
2507 2814 2850 2893 idque'anno
2882 2821 3033 2890 regni
3079 2819 3198 2873 Asae
3247 2817 3389 2887 regis
3433 2816 3585 2869 «Ιιιιῗτῖτ

2031 2913 2290 2967 secundo.
2337 2912 2603 2965 Nabatum
2653 2895 2838 2964 autem
2883 2911 3109 2963 adortus
3152 2909 3380 2969 Baasba,
3435 2907 3586 2960 Abiu:

1953 3039 1995 3094 C
2031 3005 2194 3067 filius,
2217 3005 2538 3057 (lilibclltoni
2587 3003 2762 3072 ipsum
2803 2999 3095 3062 interfecit,
3126 3013 3450 3067 monentque
3480 3015 3584 3050 una

2028 3094 2358 3159 Jeroboami,
2411 3093 2602 3148 Nahati
2654 3093 2783 3151 lilii.
2833 3091 3166 3160 progeniem.
3223 3089 3588 3157 Regnavilqtt!

2027 3187 2235 3242 Baasita
2276 3187 2430 3240 Abiae
2479 3175 2641 3248 filius,
2695 3184 2746 3236 in
2789 3183 3044 3236 lsraeletn
3095 3181 3150 3234 in
3203 3179 3360 3233 Tirsa
3417 3192 3589 3235 annos

2025 3276 2214 3345 viginti
2241 3284 2511 3344 quatuor;
2549 3275 2712 3342 idque
2753 3286 2900 3326 anno
2933 3272 3085 3339 regni
3119 3274 3239 3324 Asne
3270 3269 3414 3338 regis
3439 3268 3590 3322 ludas

2026 3369 2206 3422 tertio.
2255 3366 2440 3429 Porro,
2477 3365 2641 3419 multa
2677 3362 2837 3432 189
2869 3361 3023 3431 191
3069 3361 3209 3414 inter
3240 3361 3402 3415 Asam
3440 3359 3593 3414 Σηκὶεὲ

2027 3449 2226 3523 regem,
2259 3468 2310 3508 et
2338 3457 2599 3510 Baasbam
2635 3454 2852 3507 Israelis
2882 3466 3058 3516 regem
3092 3451 3401 3504 acciderunt
3432 3450 3590 3505 bella.

2097 3546 2391 3599 lnvadente
2442 3556 2620 3598 autem
2680 3543 2890 3596 llaasha
2948 3543 3166 3595 lsraelis
3218 3557 3342 3609 rege
3391 3551 3589 3593 terram

2026 3636 2197 3701 Juda‘,
2229 3637 2528 3704 urbemque
2561 3635 2724 3688 ﬂama
2750 3643 3089 3696 exstrucnte,
3118 3633 3286 3686 multa
3317 3633 3461 3686 misit
3487 3632 3609 3684 Asa‘

2027 3727 2089 3782 ad
2117 3725 2322 3791 lladad,
2348 3725 2578 3780 Jazaelis
2603 3725 2708 3776 lilia
2737 3740 2788 3786 n,
2822 3722 3069 3775 Damasci
3102 3736 3303 3788 regem,
3341 3736 3585 3777 munera.

2028 3831 2328 3884 omnesque
2361 3830 2500 3884 quos
2544 3814 2689 3869 domi
2726 3828 2838 3866 suae
2873 3812 3061 3866 habuit
3093 3811 3234 3871 auri.
3265 3814 3493 3878 argenti,
3533 3827 3594 3860 ac.

2031 3923 2360 3979 gemmarum
2402 3907 2711 3965 thesauros,
2762 3918 2918 3972 opem
2969 3903 3038 3956 ab
3080 3905 3200 3971 ipso
3233 3911 3421 3955 contra
3459 3903 3591 3953 lla-a-

2032 4002 2206 4060 sham,
2238 3998 2454 4052 lsraelis
2480 4013 2657 4066 regem
2698 4005 2926 4064 petens;
2963 4008 3131 4060 quare
3166 3993 3309 4047 misit
3338 3994 3440 4061 ipsi
3486 3993 3591 4044 ΙΙ;›⁹

2030 4092 2130 4143 dad
2151 4089 2381 4145 Jazaelis
2405 4090 2566 4150 ﬁlius,
2602 4090 2902 4141 exercitum
2932 4101 3183 4157 magnttm
3209 4085 3261 4137 in
3297 4085 3553 4137 auxilium
3579 4104 3590 4146 ν,

2031 4198 2265 4250 q-mcunt
2299 4196 2551 4249 egressus
2577 4181 2763 4232 urbem
2800 4178 3031 4230 fontium
3063 4187 3114 4229 et
3153 4176 3267 4240 Bal,
3306 4177 3592 4236 omniaque

2034 4272 2352 4338 ICpOSilOl'ia
2389 4280 2694 4337 terramque
2730 4269 3042 4336 Naphlalim
3082 4269 3397 4319 universam
3437 4269 3589 4316 deva-

371 4363 494 4420 “Ill.
529 4364 714 4415 ἀίει*ηὸ
745 4361 876 4429 ῖβείε
903 4376 916 4412 τ
944 4359 1004 4412 Hi
1032 4367 1159 4414 δυιιῐ
1182 4359 1253 4412 dii
1285 4363 1449 4413 VCSll'l
1475 4361 1565 4427 (11ιὶ
1595 4374 1690 4411 V05
1719 4375 1748 4410 θ
1772 4350 1929 4411 mall"
1968 4372 2008 4422 l)
2040 4365 2219 4417 stavit.
2253 4362 2404 4427 Quod
2429 4378 2550 4414 cum
2585 4362 2845 4413 audiisset
2877 4359 3109 4419 Baaslta,
3141 4358 3354 4410 lsraelis
3387 4373 3497 4412 rex.
3530 4359 3593 4406 at.

376 4454 1019 4511 Pharaonisliberarunt.
1055 4452 1217 4503 colite
1236 4451 1552 4518 ergoipsos,
1579 4465 1699 4501 cum
1725 4467 1828 4501 non
1868 4454 1934 4504 sil

374 4562 510 4613 opus
530 4553 584 4597 ut
604 4543 975 4612 Hierosolyma
994 4542 1333 4604 ascetnlatis;
1358 4542 1485 4608 quin
1507 4550 1558 4591 et
1588 4541 1782 4593 festum
1823 4557 1933 4591 ινξι-

379 4651 541 4703 gnum
586 4636 689 4688 illis
713 4634 970 4698 instituit,
989 4633 1130 4686 sicut
1160 4632 1372 4698 interra
1393 4629 1543 4683 Judm
1566 4631 1676 4681 ﬁeri
1708 4632 1932 4681 Solebat.

449 4726 614 4778 Porro
663 4738 784 4777 cum
825 4702 975 4776 anno
1037 4718 1394 4781 llehoboami,
1452 4718 1762 4770 Salomonis
1820 4719 1935 4781 lilii,

377 4818 590 4884 quinto,
619 4815 939 4868 ascenderet
969 4811 1163 4864 Shisak
1188 4810 1400 4863 Pharao
1430 4807 1783 4875 Egyptiaciis
1815 4809 1937 4858 llic-

379 4909 650 4975 rosolyma
683 4923 805 4959 cum
837 4906 965 4957 viris
996 4904 1157 4956 vicies
1187 4912 1237 4954 ct
1270 4902 1351 4954 bis
1386 4901 1528 4952 mille
1563 4905 1812 4967 (quntum
1851 4922 1932 4948 εει.

381 5002 516 5066 pties
565 4999 706 5050 mille
750 4996 960 5065 equites
992 4995 1167 5060 crant)
1216 4992 1452 5059 fugiente
1499 4994 1564 5044 ab
1598 4994 1715 5059 ipso
1756 4992 1932 5043 licin-

380 5096 595 5161 bonum,
631 5091 772 5158 Ct‘pil.
818 5087 1047 5142 Sltisltak
1095 5100 1281 5139 omnes
1312 5085 1425 5137 auri
1474 5095 1525 5138 et
1563 5086 1768 5150 :tl'b't‘llll
1821 5086 1930 5133 tho-

380 5183 689 5249 saurosqui
732 5182 785 5234 in
815 5180 974 5234 domo
1016 5177 1221 5229 Domini
1257 5176 1515 5238 fuerunt;
1551 5192 1756 5227 ure-ltuit
1789 5187 1934 5228 senta

387 5292 545 5327 aurea
583 5285 635 5327 et
661 5286 932 5341 argentea.
961 5288 1078 5339 qua:
1116 5273 1166 5321 in
1201 5287 1324 5323 arce
1359 5272 1503 5337 regia
1560 5287 1791 5338 quorum
1821 5272 1937 5322 loco

384 5369 487 5420 alia
533 5383 593 5420 ex
633 5381 736 5417 tL‘I‘t‘.
776 5365 1006 5417 cernit-cit
1050 5366 1379 5419 lit-nullout”,
1438 5362 1742 5412 .‘iliOiiMlltiS
1779 5360 1935 5410 illius.

394 5459 550 5510 ldulta
585 5466 761 5509 autem
793 5456 1108 5507 acciderunt
1141 5455 1280 5505 inter
1319 5454 1748 5513 lit-ltolmamum,
1790 5452 1936 5502 Salo-

389 5548 560 5599 nznuis
598 5546 784 5607 lilium,
820 5555 867 5596 et
898 5543 1302 5604 Jcroboatnum,
1337 5540 1525 5591 Nabati
1563 5541 1750 5598 lilium,
1780 5540 1933 5600 bella,

388 5636 646 5705 quamdiu
702 5637 751 5687 in
803 5636 933 5686 \ix‘is
986 5644 1120 5684 ρεςιι
1181 5631 1487 5681 Ιξιδιιίιιιτηιιι
1569 5629 1728 5681 l‘ort'l:
1786 5630 1936 5682 duxit

2039 4449 2352 4501 a'dilicanda
2387 4446 2553 4500 ﬂama
2602 4449 2874 4501 tlesistens
2924 4446 3137 4500 Tirsam
3174 4461 3429 4500 rcv'crsns
3473 4457 3592 4502 est;

2043 4539 2144 4589 ,λς-ι
2198 4547 2380 4604 autem
2435 4536 2587 4590 Judae
2644 4553 2761 4599 rex,
2820 4535 3172 4604 comportatis
3227 4536 3495 4602 lapidibus
3545 4547 3597 4586 et

2042 4629 2198 4693 lignis
2244 4630 2443 4694 quibus
2494 4628 2713 4679 Ratnam
2749 4637 3029 4680 exstruere
3079 4621 3321 4679 mlttcrat
3371 4628 3596 4688 llaasha,

2043 4719 2252 4769 lsi-aclis
2291 4734 2404 4778 rex,
2454 4719 2519 4769 iis
2559 4733 2748 4769 omnes
2793 4733 2947 4769 arces
2993 4734 3056 4768 ac
3095 4718 3311 4770 castella
3358 4719 3406 4768 in
3457 4728 3595 4768 terra

2042 4808 2387 4873 Benjamitira
2416 4809 2700 4861 exstruxit.
2729 4808 3040 4876 Contraque
3067 4810 3237 4874 ipsum
3269 4823 3387 4858 cum
3414 4822 3594 4870 cgzri-s-

2042 4915 2132 4950 sus
2174 4909 2318 4951 εδει-ι
2361 4899 2556 4959 Zaralt,
2611 4899 2963 4952 (Itlsltworttm
3018 4900 3128 4966 (qui
3186 4908 3315 4949 Sillll
3356 4898 3593 4960 Nigrilze‘

2045 5006 2156 5052 rex,
2183 5003 2305 5040 cum
2337 4989 2598 5042 militibus
2621 4989 2816 5042 millies
2848 4991 3014 5041 mille.
3041 5002 3336 5040 occurri-ns
3366 4990 3465 5054 ipsi
3497 4993 3594 5038 Asa

2043 5078 2193 5130 Julia:
2231 5093 2322 5129 rex
2356 5092 2477 5129 cum
2527 5080 2784 5131 trecentis
2830 5079 2894 5129 de
2927 5076 2990 5128 Ju
3018 5079 3062 5127 la
3117 5078 3401 5135 militibus,
3448 5088 3499 5128 et
3537 5081 3598 5127 de

2044 5171 2355 5237 Benjamine
2389 5169 2777 5238 quinquaginta
2813 5168 3030 5220 duobus
3065 5167 3328 5227 millibus.
3365 5168 3599 5235 Nigritas

2045 5265 2094 5315 in
2143 5261 2322 5328 fugam
2367 5260 2656 5321 convertit,
2703 5273 2891 5324 magna
2927 5260 3167 5325 ipsorum
3210 5269 3389 5326 strage
3434 5260 3596 5314 t-dita.

2043 5354 2324 5421 captisque
2359 5368 2477 5420 qua:
2510 5365 2696 5402 secum
2740 5349 2999 5402 attulerat
3032 5349 3310 5402 omnibus.
3355 5348 3593 5398 Murltttts

2043 5453 2217 5497 autem
2255 5445 2481 5503 Baaslm,
2527 5440 2746 5493 Israelis
2791 5457 2903 5500 rcx.
2944 5440 2994 5492 in
3030 5440 3186 5492 'l‘irsa
3222 5439 3457 5505 sepultus
3494 5448 3590 5486 «ut.

2044 5537 2164 5589 Post
2215 5551 2371 5602 quem
2429 5538 2479 5586 in
2539 5536 2810 5586 lsraclitas
2863 5533 3071 5582 duolms
3122 5531 3278 5580 anuis
3334 5530 3383 5577 in
3442 5531 3596 5582 'l'irsa

2045 5629 2285 5695 pugnavit
2333 5629 2472 5678 [ilius
2516 5629 2683 5693 ἶίιςῖιις
2725 5625 2830 5682 “in.
2880 5625 3036 5688 ithnc
3086 5636 3225 5672 ίΙῐΙΙὶυ
3275 5623 3414 5682 Λδξιέ,
3462 5622 3595 5685 ιιιμίι
