4138 6486
543 242 638 306 951

533 465 779 566 princeps
809 471 906 525 fuit
943 477 1109 536 Omri.
1142 483 1233 545 qui
1272 465 1419 540 Elam
1455 465 1890 566 adortus'irisum
1921 505 2086 559 inter-

534 551 675 619 fecit,
733 575 946 630 unaque
996 576 1158 623 totam
1210 573 1452 642 Baashae,
1488 586 1631 651 regis
1675 577 1915 657 Israelis,
1965 612 2087 664 pro-

530 647 757 757 sapiam.
791 651 952 708 Erant
984 657 1136 729 [tunc
1170 671 1454 748 temporis]
1489 647 1745 733 Israelita:
1773 647 2084 757 congregati

531 735 582 787 in
627 737 892 831 Gibethon
944 750 1008 800 ad
1054 752 1251 808 bellum
1303 744 1621 831 alienigenis
1673 735 2082 850 [iuleroiiduiu],

527 842 781 896 quorum,
817 823 941 890 eum
975 841 1043 894 de
1074 847 1218 898 exedi:
1269 849 1374 901 Ehe
1410 856 1548 921 regis
1585 861 1667 910 sui
1703 867 1946 917 uuutitttu
1995 823 2085 922 at;-

526 921 817 987 cepissent,
876 931 1159 986 voluerunt
1215 939 1382 1005 aiiqui
1433 955 1484 995 ttt
1540 962 1704 1014 regno
1752 955 2083 1016 przcﬁcet'ent

527 1007 658 1105 ipsis
703 1009 892 1079 Omri;
941 1021 1030 1072 alii
1084 1023 1266 1088 Tibni.
1314 1031 1564 1087 Gainathi
1602 1007 1809 1105 ‘ﬁlim'u,
1861 1007 2080 1101 sibi
2115 1060 2124 1070 "

527 1094 682 1149 breve.
727 1111 986 1172 temporis
1033 1117 1264 1179 spatium
1307 1123 1662 1187 pra-fecerunt
1708 1147 1722 1183 :
1760 1143 1881 1197 post
1913 1137 2078 1208 quod,

525 1197 738 1242 mortuo
774 1195 956 1261 Tibni,
1014 1207 1260 1271 regnavit
1313 1211 1363 1260 in
1420 1212 1672 1268 Israelem
1711 1219 1861 1274 Omri
1908 1198 2079 1282 annos

521 1274 825 1345 duodecim,
853 1286 1012 1353 idqtte
1037 1308 1177 1346 anno
1209 1301 1354 1365 regni
1389 1303 1526 1363 Asru,
1572 1310 1712 1373 regis
1737 1308 1912 1372 Judte.
1934 1317 2079 1366 vice-

521 1367 660 1476 simp
686 1375 948 1441 septimo;
983 1396 1210 1447 quormu
1249 1404 1341 1442 sex
1377 1393 1426 1443 in
1452 1395 1604 1448 Tirsa
1639 1405 1896 1467 regnavit,
1933 1404 2078 1476 [qni-

521 1455 642 1528 bus]
673 1470 723 1513 et
765 1465 950 1520 urbem
997 1473 1240 1529 condidit
1275 1495 1435 1545 quam
1479 1455 1764 1553 appellavit
1807 1455 1985 1558 (ituri:
2023 1497 2075 1548 iu

519 1558 698 1603 utoutc
736 1552 964 1623 Samer;
1007 1577 1100 1616 sex
1141 1566 1194 1619 in
1249 1568 1514 1629 Samaria.
1564 1575 1765 1633 Deinde
1807 1593 2075 1650 mortuus,

517 1637 772 1698 Samaria:
798 1652 1044 1719 sepultus
1088 1668 1190 1711 est.
1233 1659 1362 1716 Post
1398 1666 1411 1716 i

515 1727 784 1802 Samaria,
810 1747 1055 1810 regnavit
1095 1749 1237 1804 ﬁlius
1271 1727 1440 1820 ipsius
1477 1759 1653 1822 Ahab,
1688 1779 1859 1819 annos
1890 1769 2076 1834 viginti

516 1835 699 1888 unum,
735 1827 895 1897 idque
933 1848 1076 1887 anno
1107 1843 1252 1909 regni
1282 1845 1415 1905 Asze
1441 1849 1581 1918 regis
1613 1850 1761 1906 Iuda:
1803 1858 2078 1912 tricesimo

514 1922 722 1969 octavo.
755 1917 994 1978 Allectus
1025 1937 1107 1980 est
1131 1939 1311 1984 autem
1346 1935 1471 1996 Asa.
1497 1953 1616 1992 eum
1654 1947 1948 2011 senuisset,
1982 1965 2076 2016 po-

513 2005 678 2072 dagra
709 2027 724 2072 ;
754 2025 852 2065 nec
879 2013 1041 2070 desiit
1074 2019 1125 2072 in
1158 2025 1556 2091 tranquillitate
1587 2041 1638 2084 et
1670 2048 1807 2100 pace
1832 2053 2074 2104 regnare.

516 2093 646 2162 Ejus
677 2107 918 2170 tempore.
954 2111 1345 2176 prophetarum
1378 2115 1607 2182 llanani.
1641 2133 1694 2176 ct
1723 2125 1866 2180 ﬁlius
1898 2127 2074 2196 ipsius

512 2185 670 2253 Jeliu,
703 2206 911 2248 net-nou
956 2198 1169 2265 Azan-ia,
1205 2201 1372 2258 Ohcdi
1418 2210 1579 2276 ﬁlius,
1617 2185 2071 2283 prti[)ilelie.'Clltll

512 2278 741 2335 obiisset
777 2294 955 2339 autem
988 2288 1114 2352 Asa,
1156 2291 1309 2347 .ludte
1342 2313 1456 2360 rex,
1495 2302 1545 2352 iu
1575 2278 1706 2356 urbe
1740 2304 1955 2361 Davidis
1985 2327 2072 2364 sc-

511 2369 693 2433 pultus
728 2383 830 2426 est.
883 2377 1012 2431 Post
1045 2381 1220 2448 ipsum
1254 2387 1306 2449 in
1339 2387 1530 2442 ludam
1567 2391 1957 2463 Hierosolymis
1992 2417 2074 2453 re—

508 2461 690 2523 guavit
727 2463 872 2518 ﬁlius
907 2465 1208 2537 Joshapltat
1246 2490 1420 2528 annos
1463 2489 1621 2536 natus
1659 2461 1877 2553 triginta
1911 2491 2070 2554 quin-

509 2566 652 2615 que;
708 2559 1060 2625 regnavitque
1106 2577 1281 2618 annos
1333 2568 1520 2636 viginti
1568 2574 1848 2642 quinque;
1908 2581 2069 2648 idque

507 2657 649 2694 anno
680 2646 825 2713 regni
866 2648 1056 2712 Ahabi,
1102 2655 1241 2728 regis
1279 2655 1489 2710 Israelis
1519 2703 1531 2722 ,
1571 2677 1787 2729 quarto.
1831 2667 2069 2735 Inclytus

511 2737 688 2782 autem
719 2734 890 2788 evasit
927 2753 1017 2790 rex
1052 2737 1373 2808 Joshaphat,
1404 2748 1711 2817 opibusque
1741 2763 1790 2805 et
1827 2734 2064 2810 exercitu

509 2818 734 2910 pollens.
792 2823 1141 2898 193-195
1194 2829 1325 2900 Ejus
1385 2843 1626 2902 tempore
1679 2844 2066 2910 prophetarum

509 2905 678 2960 Micha
725 2911 851 2968 Elze.
898 2912 1034 2968 Jehn
1083 2916 1314 2984 "auaui,
1355 2921 1565 2977 Eliazar
1610 2928 1840 3000 Dudaym
1876 2935 2062 3001 ﬁlius;

505 2999 732 3065 Ohadia,
766 3001 879 3056 Elia
917 3008 1030 3073 (qui
1059 3011 1345 3064 Al-(Zhadr
1374 3020 1504 3081 est),
1537 3029 1586 3070 et
1627 2999 1796 3087 ipsius
1829 2999 2062 3093 «Ιίςυίριιέ

507 3085 590 3140 ltts
627 3091 831 3146 l‘liisha.
871 3092 992 3150 Fuit
1025 3100 1214 3152 eodem
1266 3116 1506 3171 tempore
1533 3109 1694 3159 etiam
1740 3119 2056 3179 psctt-‘opm-

507 3182 661 3240 pheta
697 3185 910 3238 nomine
950 3187 1200 3253 Sedckia,
1233 3190 1542 3248 Chanaaum
1583 3199 1744 3251 ﬁlius.
1789 3202 1941 3254 A'tab
1973 3219 2063 3255 au-

505 3283 632 3332 tem,
669 3272 884 3327 lsraelis
938 3293 1052 3340 rex,
1087 3295 1310 3335 uxorem
1364 3287 1516 3337 duxit
1564 3292 1782 3342 nomine
1817 3291 2065 3355 lzhcleut,

504 3362 806 3427 ‘l‘halmaui,
858 3367 997 3434 regis
1036 3367 1279 3435 Sidonis,
1331 3373 1534 3437 ﬁliam;
1583 3380 1780 3428 struvit
1829 3382 1986 3432 etia'n
2017 3384 2065 3434 in

505 3449 746 3506 Samaria
799 3459 1079 3521 templum,
1135 3461 1186 3511 in
1242 3477 1354 3530 quo
1404 3467 1635 3530 positum
1685 3469 1884 3521 idolum
1944 3473 2065 3524 [hei

508 3543 700 3597 «'Oiuil.

577 3634 743 3688 l’orro
802 3637 972 3692 Ahabi
1032 3645 1172 3710 regis
1226 3645 1441 3699 lsraelis
1507 3658 1765 3715 tempore,
1825 3653 2064 3706 Israelita

503 3725 721 3788 quidam
758 3725 878 3790 fuit,
914 3734 1130 3785 nomine
1158 3733 1392 3797 Nabotlt,
1415 3737 1499 3790 cui
1535 3739 1724 3792 ltertus
1779 3743 2063 3794 admodum

503 3817 719 3884 trlegaus
777 3817 900 3879 fuit.
959 3837 1117 3890 quent
1167 3840 1289 3878 cum
1339 3838 1565 3894 cuperet
1627 3845 1717 3883 rex
1775 3833 1945 3888 Abab.
2000 3834 2062 3886 ad

506 3903 807 3959 Nabothum
859 3911 1102 3975 mittens,
1160 3923 1217 3966 ut
1265 3917 1368 3969 sibi
1399 3917 1550 3970 illum
1585 3922 1841 3973 venderet
1891 3925 2063 3989 petiit,

508 4007 690 4062 utpote
725 3999 930 4053 :rdibus
961 4003 1074 4056 suis
1113 4005 1373 4082 vicinum,
1436 4007 1674 4075 Negante
1708 4009 1973 4074 Nabotho,
2005 4030 2064 4063 ac

509 4091 722 4144 dicente
754 4108 766 4141 :
809 4092 1009 4145 Hortus
1051 4095 1150 4147 iste
1183 4096 1311 4149 mihi
1349 4097 1691 4152 haneditario
1721 4103 1841 4167 jure,
1894 4119 1920 4154 a
1973 4118 2064 4169 pa-

505 4183 680 4236 trihus
720 4191 881 4250 atque
929 4183 1046 4237 avis
1090 4185 1330 4248 obvenit,
1384 4187 1613 4256 ideoque
1666 4193 1841 4256 ipsum
1894 4208 2064 4258 neque

507 4271 757 4334 vendam,
791 4287 966 4339 neque
993 4273 1136 4326 dono
1185 4275 1349 4328 dabo.
1384 4275 1519 4330 Cum
1549 4293 1689 4346 mgre.
1744 4281 1846 4332 hoc
1899 4281 2063 4332 ferret

507 4362 656 4414 Ahab
685 4361 822 4415 adeo
849 4376 904 4416 ut
933 4363 1011 4415 ira
1040 4375 1090 4418 et
1127 4366 1315 4418 dolore
1351 4368 1676 4433 adiceretur,
1718 4371 1960 4438 ingressa
1995 4372 2060 4423 ad
2095 4360 2138 4417 D

505 4458 678 4517 ipsum
713 4453 851 4507 lzbel
891 4471 1029 4508 uxor
1061 4457 1198 4508 dixit
1234 4475 1245 4508 :
1277 4457 1414 4522 Quid
1441 4459 1543 4512 hoc
1587 4463 1663 4512 rei
1699 4473 1780 4513 est
1811 4463 1955 4527 quod
2011 4472 2061 4513 te

508 4555 760 4596 maestum
825 4561 885 4595 ac.
953 4548 1161 4598 tristem
1242 4549 1622 4611 tonisttieiattt?
1681 4551 2062 4617 Rcspondente

509 4635 598 4691 ulo
629 4651 642 4686 :
679 4623 813 4686 Cum
865 4651 893 4687 a
951 4635 1199 4688 Nabutho
1243 4639 1487 4704 petierim
1539 4648 1597 4690 ut
1649 4641 1777 4690 mihi
1848 4642 2058 4692 hortum

509 4725 780 4787 venderet,
820 4733 981 4792 atque
1015 4725 1104 4778 ille
1138 4729 1436 4793 negaverit.
1473 4730 1571 4781 hoc
1602 4743 1685 4781 me
1734 4729 1870 4780 male
1902 4731 2061 4782 habet

505 4815 648 4877 quod
683 4830 766 4868 me
801 4816 1084 4882 repnlcrit,
1131 4831 1305 4883 neque
1339 4819 1482 4882 quod
1528 4819 1669 4871 volui
1723 4822 2056 4884 prtestitcrit.

512 4908 736 4972 ligressa
770 4922 896 4973 ergo
929 4905 1069 4958 lzhel
1120 4907 1188 4958 ab
1239 4907 1430 4959 Ahabo
1483 4923 1626 4972 rege,
1690 4909 2058 4962 Israelitamm

510 4997 854 5060 quihusdam,
887 4995 977 5063 qui
1012 4996 1110 5062 ipsi
1160 4997 1535 5050 contradicere
1593 5003 1884 5062 llCSI'il‘elll,
1933 5015 2061 5052 con-

508 5088 734 5148 vocatis,
761 5087 898 5139 dixit
927 5085 1356 5140 :Testimouium
1383 5089 1510 5140 mihi
1539 5099 1724 5140 contra
1758 5087 2057 5141 Nabotlmm

509 5178 814 5246 perhibeto,
843 5179 1018 5244 ipsmu
1054 5176 1570 5256 Dcum‘abnegasse.
1617 5189 1670 5232 et
1703 5178 1833 5231 Mosi
1874 5181 2061 5232 convi-‘

507 5278 704 5324 cialum
731 5285 884 5325 esse;
928 5270 1070 5335 quod
1104 5285 1225 5321 cum
1263 5269 1338 5321 illi
1375 5271 1427 5320 iu
1468 5269 1625 5337 196
1656 5270 1830 5336 ipsum
1879 5268 2060 5321 testati

439 5369 450 5386 ‘
506 5371 715 5425 essent,
747 5362 898 5424 jussu
931 5358 1123 5412 Izbelis
1153 5359 1420 5426 lapidatus
1460 5370 1568 5423 est,
1609 5361 1744 5412 adeo
1772 5369 1827 5410 ttt
1885 5374 2062 5411 more-

511 5464 678 5504 retur.
713 5451 847 5502 Tum
877 5451 1118 5517 ingressa
1175 5451 1240 5502 ad
1275 5450 1550 5511 Ababuut,
1601 5466 1780 5519 regem
1827 5451 2060 5514 lsraelis,

511 5541 680 5594 lzebei
720 5561 732 5594 :
772 5540 847 5593 Ne
889 5541 1111 5609 augaris
1144 5542 1388 5609 (inquit),
1427 5540 1598 5594 occidi
1655 5540 1922 5609 siquidem
1959 5537 2065 5591 Na-

512 5631 768 5699 bottunn;
802 5635 987 5703 accipe
1017 5649 1145 5702 ergo
1201 5636 1438 5687 hortum.
1493 5634 1768 5689 Accedens
1811 5648 1942 5702 ergo
1998 5631 2064 5685 ad

1541 273 1910 343 EU'PYCHH
1941 243 2474 365 ALEXANDRINI
2516 312 2729 381 PATR.

534 374 702 440 Judte,
738 380 997 440 vicesimo
1036 402 1209 446 sexto.
1257 395 1385 481 Ehe.
1411 408 1589 456 autem
1627 407 1782 478 192
1816 417 2088 472 εχιιιορίιης
2128 407 2170 456 Α
2203 410 2470 480 Attum".
2527 437 2701 492 regem

535 465 777 492 ιι-ἶιυυι..-
811 471 904 492 ρης.
946 477 983 492 Α
1076 480 1088 492 ι
1221 483 1233 492 .
1272 485 1328 492 ..-

3619 357 3718 420 952

2758 431 2989 501 lsraeiis,
3039 440 3177 498 Elias
3233 455 3510 518 propheta,
3547 461 3714 525 ipsum

2194 504 2476 574 increpans
2511 530 2526 566 :
2560 513 2700 569 Cave
2731 521 2946 593 (inquit)
2971 527 3199 588 Nabotbi
3227 539 3432 596 hortum
3465 551 3716 618 accipias,

2192 605 2286 694 aut
2312 602 2375 694 ad
2417 604 2587 670 ipsum
2626 619 3043 685 appropinques.
3077 624 3244 684 Iratus
3275 635 3478 690 scilicet
3508 602 3600 693 est,
3621 602 3716 694 tibi

2193 686 2473 746 Dominus.
2512 706 2623 749 tum
2657 707 2796 766 quod
2829 705 2964 761 idola
3017 716 3181 775 colas.
3215 730 3321 774 tum
3366 727 3502 792 quod
3551 728 3717 782 lzebel

2191 789 2438 834 uxortua
2474 783 2775 845 Nabotbum
2813 796 3010 862 injuste
3056 809 3345 875 occiderit;
3385 783 3718 881 'potcstatem

2185 883 2315 970 frgo
2368 877 2640 963 concedet
2682 882 2941 942 Dominus
2994 891 3044 944 itt
3105 903 3174 958 te,
3231 911 3303 965 et,
3338 902 3389 955 iu
3445 906 3718 970 lzcbclem,

2187 953 2350 1031 [alii]
2380 965 2548 1030 quiet
2584 959 2640 1020 te
2686 983 2738 1024 et
2786 976 2952 1041 ipsaut
2986 953 3311 1041 'interﬁciet‘.

2185 1065 2302 1112 rex,
2351 1055 2539 1109 audito
2595 1059 2722 1116 Elim
2767 1081 3038 1137 sermone,
3094 1081 3448 1144 perterritus.
3507 1087 3717 1140 hortum

2183 1139 2442 1207 deseruit.
2473 1163 2573 1202 nec
2607 1153 2672 1204 ad
2708 1156 2881 1224 ipsum
2917 1168 3167 1220 accessit.
3196 1167 3263 1222 At
3295 1172 3488 1239 lzebel,
3533 1181 3722 1232 audito

2186 1229 2355 1286 Filiam
2396 1241 2708 1307 prophetam
2760 1263 2939 1318 regem
2979 1253 3256 1321 impediise
3283 1276 3349 1312 ne
3384 1263 3596 1320 hortum
3626 1283 3716 1321 ac-

2184 1323 2410 1392 ciperet,
2474 1331 2622 1385 misit
2677 1349 2798 1402 post
2849 1355 2969 1394 eum
3020 1345 3112 1412 qui
3167 1347 3340 1414 ipsum
3395 1355 3718 1408 occiderent.

2184 1411 2428 1473 Metuens
2461 1434 2591 1489 ergo
2620 1427 2687 1479 ab
2719 1426 2831 1494 ipsa
2873 1432 3013 1486 lilias
3062 1433 3344 1491 Dominum
3385 1444 3601 1510 supplex
3638 1461 3721 1496 ro-

2181 1505 2327 1569 gavit
2358 1523 2424 1560 ne
2446 1509 2497 1562 in
2531 1519 2728 1566 terram
2768 1518 3002 1583 pluviam
3034 1523 3368 1590 dimitteret;
3403 1529 3514 1593 ipse
3541 1542 3716 1584 autem

2184 1609 2276 1658 per
2302 1593 2558 1653 Iordanis
2610 1603 2839 1657 conﬁnia
2887 1608 2937 1661 in
2981 1621 3210 1665 montem
3263 1613 3438 1669 lioreb
3483 1617 3595 1684 (qui
3637 1634 3715 1671 est

1419 1680 1574 1730 psum
1627 1670 1677 1723 in
1715 1671 1990 1734 lsraelem.
2023 1679 2072 1730 iu
2110 1705 2152 1762 Β
2184 1700 2338 1739 mons
2369 1687 2524 1757 Sina)
2565 1691 2798 1760 fugiens,
2829 1698 2901 1750 ihi
2941 1699 2990 1750 iu
3023 1700 3182 1755 fontis
3224 1705 3411 1758 ﬁssura
3441 1670 3720 1765 habitavit.

2181 1789 2346 1840 equa
2378 1786 2430 1830 et
2477 1795 2670 1847 aquam
2721 1785 2877 1848 bibit,
2935 1805 3098 1842 corvo
3149 1793 3249 1861 ipsi
3298 1796 3530 1862 quotidie
3569 1813 3725 1849 tuane

2183 1879 2401 1926 panem,
2451 1872 2662 1934 vesperi
2719 1888 2938 1928 carnem
3000 1894 3158 1944 quam
3213 1881 3396 1934 ederet
3447 1883 3718 1936 alfereute.

2181 1955 2299 2008 Fuit
2334 1969 2516 2013 autem
2550 1961 2694 2016 Elias
2721 1969 2976 2030 propheta
3017 1970 3156 2022 ﬁlius
3183 1971 3359 2035 Arbw,
3388 1972 3674 2028 Gileadites
3701 1991 3716 2028 :

2178 2044 2385 2099 Arabes
2420 2049 2594 2116 ipsum
2631 2053 2866 2108 Alchadr
2890 2060 3180 2125 appellant.
3229 2060 3362 2115 Cum
3395 2073 3570 2117 autem
3600 2075 3723 2130 post

2177 2138 2294 2194 dies
2329 2143 2531 2208 aliquot
2561 2145 2812 2200 deﬁCerct
2845 2166 2874 2202 e
2899 2152 3040 2203 clivo
3072 2167 3234 2219 aqua,
3269 2156 3539 2220 profectus
3582 2156 3722 2208 Elias

2176 2231 2439 2297 preplteta
2501 2236 2566 2288 ad
2621 2239 2808 2290 urbem
2868 2240 3210 2308 Sarephiab,
3262 2244 3499 2308 Sidonis,
3549 2248 3724 2301 vidua!

2175 2322 2388 2374 cuidam
2444 2325 2586 2392 ligna
2627 2329 2900 2397 eolligeuti
2949 2335 3222 2399 occurrit;
3271 2351 3298 2389 a
3343 2351 3445 2404 qua
3493 2353 3614 2390 cum
3665 2349 3718 2388 ut

2176 2409 2277 2474 ipsi
2331 2412 2509 2464 cibum
2562 2427 2857 2482 potumque
2913 2418 3098 2488 197-
3119 2409 3281 2491 199
3329 2426 3589 2489 pratheret
3623 2444 3722 2494 pv-

2174 2501 2369 2561 tiisset,
2410 2505 2524 2570 ipsa
2556 2505 2708 2556 illum
2759 2507 2978 2560 domum
3016 2512 3436 2568 snamodeduxit
3489 2517 3576 2571 ubi
3620 2522 3722 2588 ipsi

2174 2590 2364 2643 larium
2403 2596 2568 2659 atque
2595 2597 2698 2646 olei
2732 2596 3014 2662 aliquautu
3043 2620 3068 2648 ιι
3098 2601 3217 2662 fuit,
3261 2620 3290 2656 c
3322 2621 3430 2671 quo
3461 2622 3584 2662 cum
3617 2609 3720 2678 ipsi

2171 2695 2365 2746 panem
2419 2683 2835 2737 subi-iueritium
2873 2702 3142 2755 parasset,
3196 2693 3268 2744 illi
3323 2711 3540 2763 unaque
3598 2699 3724 2753 ﬁliis

2175 2771 2288 2820 suis
2330 2772 2596 2825 edendum
2633 2778 2879 2840 prtebnit.
2921 2778 3277 2834 Beuediceute
3322 2799 3451 2851 ergo
3482 2787 3593 2840 Elia
3646 2789 3722 2842 fa-

2175 2861 2303 2912 rinae
2357 2864 2766 2932 oiciquc'vasis,
2811 2871 3082 2938 impletum
3136 2883 3218 2927 est
3243 2875 3426 2930 farinae
3474 2894 3566 2934 vas
3595 2879 3716 2932 fari-

2173 2962 2258 3003 ua.
2287 2949 2390 2999 olei
2417 2950 2556 3003 oleo.
2596 2950 2913 3024 A‘lgt‘otattte
2966 2956 3163 3010 deinde
3211 2959 3383 3014 vidua:
3424 2963 3532 3017 ﬁlio
3585 2965 3720 3018 adeo

2095 3034 2138 3095 C
2174 3046 2284 3088 uta
2323 3054 2494 3094 morte
2548 3059 2712 3108 prope
2758 3046 2993 3109 abesset,
3051 3063 3172 3101 cum
3218 3053 3544 3119 supplicaret
3605 3055 3717 3110 Elia

2177 3126 2426 3191 nemine,
2467 3133 2693 3184 salutem
2730 3135 2804 3188 illi
2839 3139 3112 3190 concessit
3147 3141 3287 3191 Deus
3331 3153 3387 3194 ut
3422 3147 3643 3200 viveret.

2244 3217 2464 3272 Exactis
2517 3232 2702 3286 postea
2763 3224 2937 3279 tribus
2987 3229 3143 3282 annis
3202 3240 3249 3282 et
3294 3247 3385 3284 sex
3439 3236 3718 3290 mensibus

2172 3308 2448 3376 profectus
2496 3309 2608 3362 Elia
2661 3313 2920 3379 p"opltela
2971 3316 3214 3370 Ahabum
3273 3336 3447 3387 regem
3508 3322 3720 3377 lsraelis

2172 3398 2347 3463 petiit,
2399 3417 2507 3466 quo
2560 3411 2672 3451 toto
2725 3405 2984 3471 temporis
3035 3409 3208 3473 spatio
3270 3426 3374 3462 non
3426 3411 3720 3467 demiserat

2171 3488 2370 3540 cmlum
2412 3491 2668 3556 pluviam.
2703 3494 2838 3543 adeo
2873 3502 2930 3545 ut
2962 3510 3070 3561 pra:
3099 3495 3259 3548 famis
3294 3509 3344 3548 et
3394 3500 3513 3551 sitis
3557 3503 3716 3555 velte.

2170 3580 2368 3630 ruentia
2418 3577 2762 3633 morerentur
2793 3582 3061 3638 homines.
3119 3585 3248 3640 Dum
3296 3589 3457 3655 igitur
3489 3591 3716 3657 Obadia,

2168 3665 2339 3718 Ahabi
2395 3667 2709 3733 deputatus,
2767 3669 2834 3721 ad
2890 3671 3233 3737 quaerendam
3297 3692 3487 3741 aquam
3551 3678 3716 3733 valles

2170 3757 2451 3818 rit-coiret,
2504 3772 2630 3810 ecce
2661 3762 2901 3810 occurrit
2951 3761 3049 3827 ipsi
3100 3761 3232 3821 Elia.
3282 3782 3438 3828 quem
3480 3783 3599 3818 cunt
3649 3772 3715 3820 ait

2170 3845 2418 3897 Ahabtttu
2470 3845 2808 3906 deduxisset,
2855 3847 2991 3899 dixit
3040 3849 3140 3916 ipsi
3190 3851 3342 3905 Altab
3397 3871 3482 3907 res
3517 3873 3530 3908 :
3561 3855 3712 3908 Tun-.-

2169 3937 2367 3986 cmlum
2402 3935 2695 3988 cohil:uisti
2733 3952 2796 3987 ne
2829 3952 2921 4002 per
2957 3948 3126 3990 ιοιιιιιι
3157 3941 3255 3992 hoc
3289 3946 3544 4010 temporis
3588 3960 3715 4012 spa-

2169 4029 2301 4078 titttu
2356 4026 2730 4092 plucret?i'ui
2793 4029 3066 4093 respondit
3124 4028 3231 4081 Elia
3285 4034 3539 4098 propheta
3583 4054 3596 4088 :
3633 4034 3712 4086 Tu

2169 4119 2368 4170 caelum
2406 4133 2472 4170 ue
2503 4118 2712 4182 pluvi-et
2743 4111 3029 4171 coltihuisti
3067 4119 3204 4171 idola
3220 4122 3467 4187 colendo,
3500 4135 3547 4176 et
3571 4125 3715 4176 crede

2170 4209 2457 4269 immerita,
2493 4224 2597 4274 qua
2639 4217 2881 4260 mortua
2918 4208 3084 4260 lzcbcl
3136 4208 3438 4264 Nabotltum
3474 4215 3712 4273 sustulit,

2175 4313 2272 4351 nec
2331 4305 2434 4350 non
2501 4300 3088 4366 pseudoprophelarum
3146 4316 3449 4354 sermonem
3508 4305 3710 4370 ample-

2167 4387 2384 4440 ctende.
2411 4386 2741 4439 Convocavit
2782 4389 2943 4455 igitur
2995 4389 3147 4441 Ahab
3181 4405 3270 4442 rex
3305 4405 3493 4444 omnes
3547 4391 3714 4444 Israc—

2169 4479 2316 4540 litas,
2374 4494 2586 4542 unaque
2643 4495 2828 4530 omnes
2884 4480 3401 4547 pseudoprophetas.
3477 4479 3714 4533 Fuerunt

2165 4580 2345 4622 autem
2405 4569 2537 4619 idoli
2590 4569 2762 4620 Baetis
2815 4571 3092 4634 prapheta:
3149 4571 3524 4642 Quadringenti
3555 4572 3714 4639 quin-

2165 4659 2420 4727 quaginta
2450 4662 2532 4711 vel
2567 4658 2753 4728 [juxta
2791 4659 2936 4710 aliud
2988 4660 3279 4726 exetuplar,
3334 4661 3710 4729 quadringenti

2166 4751 2475 4821 octoginta]
2528 4760 2573 4801 et
2626 4750 2904 4814 propheta:
2963 4750 3167 4802 Astera:
3199 4750 3338 4818 {qua}
3378 4752 3551 4817 palma
3596 4764 3712 4804 erat

2167 4858 2326 4910 quam
2354 4841 2621 4904 volebant)
2657 4840 2818 4907 200
2842 4839 3242 4908 quadringenti.
3269 4839 3412 4890 Dixit
3440 4854 3566 4906 ergo
3599 4839 3709 4892 Elia

2168 4930 2654 4998 pseudoprophetis
2689 4945 2703 4980 :
2741 4927 2904 4979 Biuos
2950 4941 3226 4978 sumamus
3262 4925 3544 4992 juveocos,
3579 4943 3714 4996 quo-

2170 5038 2283 5072 ruut
2347 5020 2574 5086 primum
2635 5033 2728 5070 vos
2781 5016 2932 5068 vobis
2999 5017 3261 5083 eligentes
3313 5026 3598 5068 mactatum
3655 5018 3709 5072 iu

2169 5110 2500 5162 oblationem
2549 5107 2654 5159 diis
2687 5105 2882 5157 vestris
2939 5104 3142 5164 aﬂ'erte,
3186 5119 3344 5170 quem
3404 5103 3447 5156 si
3498 5120 3527 5156 e
3573 5106 3712 5157 cutio

2167 5201 2428 5267 delapsus
2476 5196 2616 5265 ignis
2655 5193 3079 5260 consumpserit,
3129 5193 3362 5243 sriemus
3401 5205 3557 5243 veros
3590 5206 3711 5245 esse

2167 5291 2296 5341 deos
2328 5301 2572 5343 vestros;
2631 5286 2711 5337 sia
2762 5285 2962 5341 minus,
3005 5297 3102 5350 ego
3148 5282 3292 5332 Solus
3344 5281 3444 5332 hoc
3496 5280 3706 5342 faciam,

2168 5395 2277 5445 quo
2310 5374 2651 5440 cognoscatis
2687 5388 2773 5425 vos
2810 5374 2860 5423 in
2902 5386 3086 5451 crrot-e.
3131 5386 3271 5430 esse,
3305 5384 3388 5420 me,
3429 5372 3706 5420 veritatem

2167 5467 2338 5534 sequi.
2381 5465 2711 5515 l’rchensuut
2768 5477 2896 5528 ergo
2951 5461 3239 5527 ijeneu-u
3297 5473 3414 5508 cum
3481 5466 3707 5510 mat-tas-

2169 5568 2306 5618 St'lll,
2331 5556 2568 5621 deosque
2587 5568 2712 5605 suos
2741 5551 2946 5603 Bataleut
2981 5559 3308 5607 rmterosuuo
3356 5562 3382 5598 a
3438 5564 3590 5599 mane
3641 5548 3704 5598 ad

2169 5648 2444 5710 vesperam
2489 5659 2659 5707 usque,
2696 5646 2781 5696 inv
2805 5652 3059 5701 Nf-ISSt‘ltl,
3093 5643 3222 5694 nihil
3253 5639 3473 5692 omnino
3505 5637 3702 5691 τίιειιιιη
