4038 6454
655 264 757 327 955

1652 267 2012 329 EU'ri'cntt
2055 271 2808 338 ALEXANDithiPATR.
3007 253 3011 256 ’
3750 298 3832 363 ιιςδ

653 373 808 428 Judae
831 373 1094 428 vicesimo
1118 374 1379 432 sccumlo.
1401 372 1665 430 Proiectis
1685 378 1878 431 deinde
1910 388 2098 431 contra
2132 377 2222 430 Jo-
2253 382 2298 436 Α
2326 385 2523 449 posito,
2555 386 2619 438 ad
2655 387 2890 440 Elishatn
2945 390 3251 456 prophetam
3287 395 3500 448 mittens
3522 435 3534 454 ,
3567 393 3690 446 dixit
3714 395 3830 462 ipsi;

655 465 974 533 shaphatum
990 465 1138 518 Jndzn
1153 480 1328 531 regem
1348 467 1668 522 Ammonitis
1680 475 1731 520 et
1745 469 2054 523 Amalekitis
2089 485 2211 522 cum

657 567 847 620 magna
882 552 1154 606 hominum
1178 553 1526 612 nultitudine.
1551 563 1696 606 metu
1721 571 1908 609 eorum
1938 557 2219 624 perculsus

664 642 1083 712 estJoshaphat,
1113 653 1170 696 ιιι
1205 645 1426 698 suborto
1454 645 1504 698 in
1547 645 1975 714 Ammouitarum
2004 647 2218 699 Amale-

657 731 889 786 kitaruui
942 735 1182 788 exercitu
1233 737 1492 796 clamore,
1537 737 1625 790 alii
1651 737 1786 790 alios
1825 739 2132 792 occidentes
2163 739 2214 790 in

659 825 836 889 togam
867 838 1048 875 coram
1082 825 1198 888 ipso
1228 827 1480 878 c0nversi
1515 834 1661 880 sunt.
1709 827 1844 880 Cum
1873 843 2000 896 ergo
2025 827 2218 882 Josha-

656 915 803 982 phati
833 915 1059 968 comites
1095 915 1273 969 tribus
1302 915 1494 970 diebus
1529 918 1593 970 ad
1639 925 1817 972 castra
1847 935 2059 980 eorum,
2095 929 2213 974 ten—

653 1006 791 1059 toria
825 1016 878 1058 et
911 1021 1036 1058 vasa
1068 1006 1396 1072 diripienda,
1441 1006 1834 1071 substitissent,
1876 1009 1988 1076 ipse
2021 1008 2213 1064 Hiero-

654 1097 861 1165 solyma
906 1097 1255 1166 209-211
1312 1113 1560 1153 reversus
1604 1109 1706 1152 est.
1761 1099 1955 1153 Postea
1990 1116 2212 1168 egresso

650 1203 778 1255 rege
827 1186 995 1241 Illoabi
1029 1198 1215 1242 contra
1241 1185 1517 1241 Joramum
1585 1187 1802 1244 lsraclis
1834 1205 2037 1256 regem,
2087 1190 2212 1242 mit-

655 1286 771 1330 teus
805 1278 894 1331 ille
939 1277 1004 1329 ad
1051 1276 1441 1345 Joshaphatum
1489 1279 1641 1332 ludat!
1699 1295 1906 1347 regem,
1948 1297 2105 1348 opem
2142 1282 2208 1333 ab

653 1371 773 1438 ipso
798 1380 988 1423 contra
1015 1371 1192 1424 Moabi
1226 1385 1401 1438 regem
1429 1373 1600 1440 petiit.
1643 1372 1784 1425 Misit
1813 1374 1974 1426 etiam
2010 1373 2075 1426 ad
2104 1374 2210 1426 lio-

655 1476 908 1514 ulmorum
945 1476 1123 1529 regem
1173 1461 1415 1528 quitunc
1448 1463 1708 1529 temporis
1753 1463 1803 1515 in
1838 1463 2045 1516 Sbarah
2087 1465 2206 1526 l'uit,

655 1553 828 1616 ipsum
864 1551 919 1604 in
956 1551 1212 1603 auxilium
1243 1556 1516 1604 voeatum'.
1563 1553 1885 1621 Congregati
1923 1570 2053 1623 ergo
2101 1566 2208 1608 tres

655 1638 807 1712 reges
839 1658 902 1696 ac
932 1651 1123 1697 contra
1160 1657 1338 1711 regem
1373 1645 1533 1698 Moab
1558 1645 1782 1712 profecti
1823 1645 1962 1698 viam
2007 1648 2204 1700 deserti

653 1741 1075 1800 tenueruntquo
1112 1733 1289 1801 ipsum
1329 1735 1695 1796 adorirentur,
1744 1744 1796 1786 at
1838 1749 1960 1786 eum
2002 1743 2204 1800 septem

653 1825 861 1876 dictum
911 1825 1012 1876 iter
1065 1823 1120 1877 in
1172 1825 1390 1879 deserto
1443 1825 1809 1880 confecissent
1852 1824 2024 1878 defuit
2076 1826 2207 1892 ipsis

653 1929 791 1982 aqua
821 1931 981 1983 quam
1015 1915 1287 1977 biberent,
1335 1915 1556 1970 adeout
1587 1930 1774 1980 parum
1819 1917 2036 1969 abesset
2074 1916 2206 1983 quin

655 2005 743 2058 siti
795 2005 1056 2074 perirent.
1105 2004 1228 2057 Fuit
1277 2013 1455 2059 autem
1509 2020 1629 2059 cum
1684 2006 1816 2073 ipsis
1861 2005 2036 2057 Elisha
2086 2019 2210 2072 pro-

602 2104 604 2107 '
657 2095 864 2163 pheta,
900 2097 990 2164 qni
1047 2097 1185 2148 dixit
1243 2096 1377 2162 ipsis
1445 2094 1649 2151 :Mane
1699 2095 2002 2161 implebitur
2060 2096 2210 2148 \allis

657 2189 759 2240 ista
788 2186 1142 2248 torrentibus,
1177 2185 1434 2253 vobisque
1463 2185 1741 2239 victoriam
1776 2185 1828 2238 in
1865 2189 2047 2238 hostes
2078 2202 2176 2240 con
2197 2210 2208 2227 ο

652 2291 906 2330 cessurus
967 2288 1049 2330 est
1094 2276 1258 2330 Deus.
1310 2273 1644 2342 Factumque
1685 2282 1769 2329 est
1832 2275 1904 2327 uti
1962 2275 2208 2344 praedixit

655 2366 936 2434 propheta,
970 2363 1077 2419 Deo
1106 2365 1239 2434 ipsis
1270 2365 1322 2419 in
1345 2364 1533 2419 hostes
1558 2365 1837 2419 victoriam
1859 2367 2208 2429 i-oueedeu'e,

657 2457 793 2510 adeo
819 2465 877 2509 ut
918 2457 1060 2525 regis
1102 2457 1381 2510 Moabitici
1421 2459 1681 2511 comitum
1714 2473 1907 2525 magna
1955 2458 2099 2510 edita
2142 2460 2212 2512 sit

658 2556 886 2618 strages.
919 2547 1130 2602 Vit-tum
1159 2564 1288 2618 ergo
1318 2563 1375 2601 se
1403 2563 1526 2601 eum
1561 2548 1779 2601 vidisset
1821 2563 1912 2601 rex
1939 2548 2092 2601 MOal)
2123 2564 2212 2601 ar-

653 2653 773 2692 cem
819 2639 1120 2706 ingressus.
1168 2640 1332 2692 tilium
1374 2655 1530 2693 smun
1567 2649 1693 2692 natu
1744 2641 2038 2713 maximum
2095 2655 2216 2708 pre-

655 2731 885 2784 hensum
917 2745 980 2784 ac
1011 2747 1171 2795 super
1207 2746 1388 2784 arcem
1423 2731 1594 2785 Moabi
1622 2731 1924 2800 iugulatum
1957 2734 2008 2784 in
2036 2731 2210 2785 sacri-

657 2823 838 2876 ticium
894 2823 1112 2876 obtulit.
1159 2821 1330 2892 Cujus
1385 2824 1611 2876 horrore
1663 2823 1896 2891 perculsi
1956 2823 2212 2877 Israelita

655 2915 850 2967 bellmu
885 2915 983 2981 ipsi
1019 2913 1218 2967 inferre
1251 2923 1534 2967 cessantes
1565 2914 1764 2967 reversi
1795 2923 1942 2968 sunt.

2322 477 2514 532 Annon
2569 479 2750 532 dixisti
2812 480 3092 533 Dominum
3147 499 3229 536 me
3280 487 3500 538 victoria
3555 488 3608 539 in
3657 486 3829 541 hostem

2319 585 2495 624 meum
2544 570 2889 633 donaturum,
2929 574 3275 644 213-215
3308 580 3544 646 quandiu
3581 594 3704 642 ergo
3745 583 3826 631 erit

2319 661 2458 715 hoc?
2485 661 2784 731 Respondit
2811 664 2988 718 Elisha
3017 667 3272 732 propheta
3301 672 3527 720 nuntio:
3556 670 3705 720 Dicas
3725 670 3831 734 regi.

2319 766 2441 804 cras
2493 753 2593 805 hac
2645 754 2858 806 circiter
2908 755 3059 818 hora,
3094 757 3375 810 victoriam
3415 760 3509 811 tibi
3563 761 3613 810 in
3648 758 3830 810 hestcm

2321 849 2470 892 tuum
2503 856 2860 896 concessurus
2883 852 2965 896 est
2998 844 3274 906 Dominus,
3311 857 3362 899 ct
3386 849 3450 899 ad
3476 860 3682 915 portam
3709 849 3831 898 ιιινὶιξς

2317 929 2575 985 Samaria:
2592 932 2780 985 similae
2804 935 3036 995 modius,
3066 934 3249 987 hordei
3278 937 3384 988 duo
3417 939 3577 992 modii
3603 941 3828 991 drachma

2317 1022 2632 1076 vendentur.
2663 1023 2880 1078 Dicente
2923 1024 3120 1076 unutio‘
3150 1024 3344 1078 lilisluc
3387 1029 3663 1092 prophetze
3697 1045 3712 1081 :
3741 1027 3830 1080 llo.-

2315 1112 2426 1165 tieri
2483 1129 2588 1166 non
2633 1124 2830 1182 potest,
2881 1116 3156 1182 respondit
3210 1114 3386 1166 Etisha
3429 1132 3443 1166 :
3479 1113 3737 1169 Futurum
3765 1127 3830 1170 est

2315 1203 2436 1263 hoc,
2476 1214 2527 1257 te
2555 1205 2789 1266 vidente,
2821 1216 2874 1258 at
2901 1205 2966 1258 de
2999 1222 3063 1258 eo
3110 1219 3444 1272 nequaquam
3478 1208 3804 1259 comedentc.

2380 1292 2620 1348 Fuerunt
2642 1311 2770 1363 ergo
2806 1295 2871 1347 ad
2900 1304 3198 1350 extremam
3230 1296 3366 1348 muri
3393 1305 3597 1362 partem
3636 1307 3847 1362 (ιιιιιιιιιιι-

2309 1386 2408 1438 viri
2448 1383 2702 1439 Israelita:
2737 1387 2878 1454 lepra
2914 1385 3111 1448 allecti,
3151 1386 3242 1452 qui
3278 1385 3366 1438 alii
3401 1385 3522 1437 aliis
3573 1386 3848 1439 dixerunt:

2310 1477 2640 1532 Adveniente
2676 1485 2832 1531 nocte
2861 1491 2960 1530 nos
2987 1478 3054 1531 de
3085 1491 3243 1530 muro
3283 1477 3635 1531 demittentes
3667 1480 3728 1527 ad
3755 1475 3852 1544 Sy-

2311 1583 2492 1620 rorum
2537 1577 2712 1622 castra
2749 1570 3068 1632 tendamus,
3109 1567 3198 1636 qui
3254 1582 3351 1621 nos
3393 1567 3474 1620 vel
3529 1566 3849 1619 interfectori

2311 1671 2458 1718 sunt.
2500 1659 2577 1713 vel
2600 1674 2790 1726 panem
2825 1660 2982 1712 nobis
3010 1659 3303 1723 praebituri.
3332 1658 3485 1722 Quod
3518 1667 3574 1710 et
3601 1658 3843 1711 fecerunt.

2314 1752 2379 1802 At
2418 1766 2539 1803 cum
2590 1752 2652 1800 ad
2691 1759 2866 1802 castra
2915 1748 3307 1816 pervenissent,
3355 1749 3581 1802 tentoria
3615 1761 3667 1802 et
3700 1750 3854 1802 taber-

2311 1845 2430 1894 cuta
2480 1840 2611 1893 viris
2665 1855 2887 1908 prorsus
2936 1854 3102 1892 vacua
3161 1841 3449 1900 invenere,
3508 1839 3672 1907 idque
3728 1841 3849 1905 quot

2311 1933 2524 1995 oborto,
2576 1939 2735 1985 nocte
2784 1931 2913 1995 ista,
2950 1932 3004 1984 in
3057 1931 3294 1986 exercitu
3336 1929 3599 1999 Syrorum
3636 1945 3854 1989 rumore.

2311 2023 2632 2076 convenisse
2673 2021 3160 2092 EgyptiJsraelis
3205 2029 3258 2076 et
3293 2018 3442 2074 Iudae
3504 2035 3686 2090 reges.
3716 2030 3855 2074 caste-

2313 2128 2507 2182 rosque
2534 2128 2722 2167 omnes
2759 2128 2867 2181 quo
2895 2114 3038 2181 ipsos
3077 2121 3236 2166 noctu
3272 2113 3643 2173 adorirentur,
3683 2112 3734 2166 In
3784 2113 3855 2164 tu-

2313 2219 2430 2270 gam
2462 2205 2711 2259 conversi
2743 2203 3088 2259 tabernacula
3110 2212 3163 2257 et
3194 2203 3423 2258 tentoria
3459 2218 3585 2257 cum
3643 2204 3849 2272 impedi-

2314 2293 2530 2354 mentis,
2569 2293 2827 2347 sarcinis.
2861 2308 3086 2360 quaaqne
3141 2292 3409 2347 habebant
3455 2294 3714 2348 omnibus
3755 2295 3857 2346 reli-

2311 2393 2567 2449 querunt.
2624 2383 2845 2439 Reversi
2903 2384 3069 2454 igitur
3128 2385 3356 2452 lcprosi,
3409 2398 3536 2438 cum
3600 2385 3702 2438 hoc
3765 2385 3855 2453 regi

2324 2474 2536 2529 Israeiis
2575 2475 2938 2538 nuntiassent,
2999 2475 3147 2529 misit
3202 2476 3289 2528 ille
3349 2483 3467 2544 post
3502 2477 3676 2545 ipsos,
3731 2477 3854 2527 virm

2311 2565 2399 2630 qui
2432 2580 2616 2618 eorum
2653 2566 2874 2626 vestigia
2915 2574 3272 2630 sectarentur,
3299 2568 3534 2635 quicum
3590 2565 3857 2619 Jordaneni

2315 2669 2484 2722 usque
2523 2657 2912 2723 pervenissent.
2967 2671 3068 2709 nec
3123 2656 3289 2709 ullum
3340 2670 3528 2710 eorum
3591 2655 3857 2722 vestigium

2312 2745 2673 2806 invenissent,
2715 2748 2888 2806 aperit
2925 2762 3013 2799 rex
3067 2745 3214 2799 urbis
3267 2754 3509 2813 portant,
3567 2743 3862 2810 egressione

2315 2837 2560 2892 homines
2592 2839 2772 2890 omnia
2805 2854 2919 2903 qua'
2956 2837 3006 2889 in
3041 2835 3296 2906 Syrorum
3341 2835 3539 2889 castris
3575 2842 3753 2895 erant,
3783 2833 3855 2883 di-

2319 2931 2616 2998 ripuerunt,
2665 2929 2801 2983 adeo
2841 2937 2896 2980 ut
2938 2931 3122 2982 statim
3173 2928 3366 2982 simila!
3419 2927 3670 2990 modius,
3721 2925 3864 2995 216

727 3002 974 3057 Mortuus
1003 3013 1181 3055 autem
1212 3001 1510 3069 Josbaphat
1543 2999 1692 3056 Judze
1724 3017 1813 3054 rex
1847 3002 1898 3053 in
1944 3004 2074 3053 urbe
2115 3002 2212 3052 ita-

2319 3020 2501 3072 hordei
2536 3020 2700 3072 modii
2758 3019 2867 3072 duo
2902 3020 3161 3072 drachma
3197 3018 3464 3072 venirent.
3518 3016 3754 3070 Nuntius
3782 3031 3864 3068 au-

658 3097 795 3148 ritis
843 3097 1091 3162 sepultus
1136 3104 1241 3154 est,
1303 3092 1391 3147 cui
1443 3093 1498 3146 in
1551 3108 1718 3163 regno
1763 3095 2028 3147 successit
2076 3096 2212 3148 titius

659 3188 827 3250 ipsius
873 3186 1088 3247 Jorum,
1140 3201 1315 3239 annos
1362 3192 1524 3239 natus
1576 3187 1797 3254 triginta
1851 3195 1980 3240 tres.
2012 3187 2113 3252 Qui
2159 3189 2210 3239 in

655 3279 847 3332 J'vdatu
897 3278 1285 3346 Hierosolymis
1329 3288 1453 3331 octo
1504 3293 1675 3330 annos
1722 3279 2003 3345 regnavit;
2054 3278 2215 3344 idque

658 3388 798 3426 anno
825 3371 1012 3439 quinto
1039 3372 1188 3438 regni
1220 3369 1422 3422 Jorami
1477 3370 1570 3421 tilii
1605 3369 1774 3422 Ahabi
1807 3370 1946 3437 regis
1976 3368 2211 3424 lsraelis.

660 3465 832 3531 Ipsius
853 3474 1092 3529 tempore
1115 3462 1504 3530 prophetarum
1530 3461 1710 3515 Elisha
1740 3463 2037 3528 discipulus
2061 3463 2213 3527 Elim,

659 3569 711 3610 et
743 3556 967 3610 Obadia.
1009 3554 1174 3604 [‘orro
1223 3568 1475 3619 egressus
1513 3552 1801 3605 Benliadad
1835 3557 1993 3623 212
2045 3557 2216 3624 Syrim

663 3665 750 3701 rex
798 3662 918 3699 cum
962 3647 1132 3708 r0piis
1188 3645 1301 3696 suis
1345 3643 1620 3696 Joramum
1670 3643 1884 3696 Israelis
1938 3662 2114 3713 regem
2163 3648 2214 3698 iu

663 3738 906 3790 Samaria
956 3738 1092 3789 bello
1129 3753 1412 3804 aggressus
1439 3749 1539 3792 est.
1575 3741 1613 3789 Δ
1645 3753 1750 3806 quo
1787 3753 1906 3788 cum
1958 3748 2220 3790 metueret

659 3833 866 3894 Joram,
898 3832 1029 3883 ilix‘t
1057 3833 1155 3897 ipsi
1187 3831 1363 3884 Etisha
1396 3851 1406 3885 :
1435 3833 1509 3884 Ne
1541 3833 1753 3887 linteis,
1800 3831 1890 3882 sed
1917 3845 1974 3881 se
2006 3841 2214 3882 tantum

666 3933 714 3976 in
766 3926 894 3977 urbe
935 3935 1022 3975 tua
1061 3926 1310 3987 muuias;
1351 3926 1491 3978 Deus
1527 3925 1666 3975 enim
1703 3925 1796 3975 tibi
1852 3924 2129 3974 victoriam
2167 3926 2217 3974 in

666 4018 870 4068 boatem
940 4024 1088 4065 tuum
1129 4031 1488 4069 comessurus
1539 4026 1640 4068 est.
1691 4015 1781 4068 llle
1816 4029 1942 4082 ergo
1986 4030 2104 4066 cum
2164 4030 2219 4064 «ρ

666 4111 717 4162 in
756 4111 881 4161 urbe
912 4109 1250 4168 munivissi't,
1282 4110 1599 4162 accedentes
1641 4107 1898 4175 Syrorum
1931 4108 2103 4172 copia:
2141 4106 2219 4155 in-

666 4208 781 4252 star
835 4214 1006 4251 arcn:c
1062 4199 1245 4258 mauis,
1300 4197 1498 4249 Joraini
1547 4196 1758 4256 urbem,
1801 4195 2218 4260 tmiversamque

670 4291 927 4340 Samaria:
961 4290 1234 4354 regionem
1266 4291 1570 4341 cinxerunt.
1597 4287 1838 4350 Cumque
1869 4287 2036 4337 tribus
2065 4287 2220 4336 annis

2317 3121 2418 3162 l'tlt
2447 3110 2537 3177 qui
2590 3109 2826 3162 Elisham
2865 3111 3178 3178 praphetam
3216 3109 3478 3164 mendacii
3513 3108 3716 3177 arguit,
3772 3107 3857 3158 hoc

2315 3201 2529 3265 quidem
2554 3201 2714 3265 ,vidit,
2755 3209 2808 3253 at
2848 3202 2898 3252 in
2935 3201 3082 3252 urbis
3119 3211 3267 3268 pirta
3305 3216 3412 3267 pra:
3463 3213 3664 3266 magna
3706 3197 3855 3249 turb:e

2316 3290 2719 3357 ('(ttllprCSSi'itte
2760 3300 3006 3342 mortuus
3040 3300 3140 3341 est.
3184 3291 3425 3343 Posthree
3480 3306 3740 3352 egressus
3779 3287 3857 3340 Jo-

2319 3393 2430 3427 r-iui
2479 3391 2570 3428 rex
2612 3377 2761 3430 Jndze
2792 3379 2856 3429 ad
2918 3375 3187 3435 Roma-os,
3223 3378 3313 3443 qui
3364 3377 3415 3427 in
3457 3376 3670 3427 Sbarah
3726 3383 3859 3426 erant

2320 3483 2563 3534 magnam
2589 3482 2776 3520 eorum
2815 3478 3050 3531 stragem
3085 3467 3268 3519 edidit.
3301 3465 3538 3518 Mortuus
3575 3477 3754 3518 autem
3790 3476 3855 3518 est

2316 3559 2339 3607 .l
2385 3576 2494 3610 ram
2537 3558 2689 3611 Judze
2744 3574 2866 3619 rex,
2919 3569 2966 3611 et
3029 3560 3078 3610 iu
3131 3561 3260 3612 urbe
3324 3558 3540 3610 Davidis
3598 3560 3856 3624 sepultus,

2323 3658 2574 3712 regnante
2620 3657 2740 3714 post
2776 3650 2953 3714 ipsum
2991 3662 3191 3700 annum
3229 3665 3391 3700 unum
3438 3651 3491 3700 in
3527 3645 3724 3700 Iudam
3757 3646 3858 3697 llieo

2323 3740 2627 3808 rosolymis,
2664 3740 2772 3792 tilio
2808 3740 2979 3806 ipsius
3029 3739 3252 3802 Ahazia,
3302 3753 3473 3791 annos
3506 3747 3638 3790 nato
3693 3739 3855 3802 viginti

2321 3832 2487 3892 dans;
2516 3830 2675 3897 idque
2706 3830 2848 3898 regni
2872 3829 3072 3882 Jorami
3106 3831 3272 3882 Ahabi
3321 3829 3409 3881 lilii
3436 3867 3450 3890 ,
3484 3830 3626 3897 regis
3666 3827 3859 3882 lsrariis

2321 3920 2659 3974 duodecimo.
2697 3921 2864 3973 Mater
2885 3921 2999 3987 ejus
3023 3921 3239 3973 nomine
3267 3920 3474 3972 Athal'a
3506 3919 3704 3980 Aliabi,
3736 3932 3858 3970 rem

2324 4012 2554 4073 l<raelis,
2592 4011 2739 4064 Ouiri
2780 4011 2872 4064 lilii
2908 4025 3082 4064 soror.
3120 4010 3245 4075 lijns
3282 4020 3526 4077 tempore
3577 4010 3852 4078 propheta-

2326 4112 2446 4153 runt
2498 4101 2677 4155 Elisha
2723 4110 2771 4153 et
2821 4100 3082 4153 Obadiab.
3135 4100 3416 4153 Profectus
3462 4109 3643 4152 autem
3699 4099 3857 4150 Joram

2324 4197 2336 4245 1
2380 4195 2535 4246 r-u-Iis
2567 4210 2678 4252 rex,
2712 4193 2935 4244 liam-mi
2973 4208 3090 4244 cum
3123 4192 3347 4245 llaziele
3392 4192 3632 4244 tribuunt
3668 4207 3781 4259 rege
3805 4187 3857 4238 ad

2326 4286 2516 4333 'ellviu‘.
2550 4298 2672 4334 cum
2707 4282 2856 4350 Syris
2885 4281 3199 4348 gerendum,
3234 4296 3354 4331 cum
3397 4282 3446 4331 in
3480 4280 3668 4345 przelio
3692 4280 3855 4330 vulne-

667 4381 951 4434 obsidione
984 4379 1227 4449 [inclusi]
1261 4380 1620 4445 perstitissent
1658 4379 1931 4436 lsraelit-e,
1971 4378 2109 4428 facta
2143 4386 2222 4427 est
2259 4359 2293 4407 1’
2332 4385 2473 4422 tatus
2523 4384 2663 4424 esset
2709 4373 2771 4424 ad
2831 4373 3018 4425 urbem
3070 4372 3358 4424 .li-zreelem
3414 4387 3663 4425 reversus
3690 4379 3767 4422 cst
3809 4381 3856 4417 ut

669 4474 721 4525 in
753 4473 992 4523 Samaria
1045 4472 1210 4522 fanies
1274 4486 1496 4535 magna,
1540 4470 1674 4521 adeo
1732 4479 1787 4520 ut
1843 4471 1903 4519 ad
1956 4469 2219 4520 Cadavera

667 4566 870 4616 edenda
916 4564 1260 4630 adigerentur
1307 4563 1549 4612 homines
1576 4601 1586 4619 ,
1628 4578 1721 4612 nec
1764 4578 1865 4611 non
1897 4570 2104 4610 stercus
2135 4575 2224 4608 co-

668 4657 798 4708 lumi
826 4657 970 4706 iuum
1003 4654 1368 4712 iomedereut,
1401 4654 1826 4717 vitulercturque
1872 4661 2033 4717 caput
2084 4650 2221 4701 asini

669 4744 866 4798 mortui
899 4743 1172 4811 nrtoginta
1206 4743 1499 4806 drachmis,
1526 4744 1893 4808 stet-cerisque
1929 4742 2221 4792 columbini

666 4835 833 4888 cabus
880 4833 1117 4901 quinque
1166 4831 1455 4882 draclunis.
1518 4830 1647 4882 Dum
1692 4846 1819 4896 ergo
1871 4845 2033 4895 super
2075 4830 2224 4882 uibis

669 4926 961 4977 uuioimino
1014 4923 1286 4974 incederet
1318 4921 1519 4982 Joram,
1563 4920 1774 4974 lsraelis
1825 4936 1937 4982 rex,
1970 4937 2095 4971 et‘fize
2127 4938 2221 4968 tir-

666 5018 832 5068 curril
897 5015 998 5083 ipsi
1062 5016 1254 5064 mulier
1309 5030 1427 5080 qua:
1481 5014 1639 5064 aliam
1703 5023 1888 5064 tenens
1945 5012 2222 5062 mulierem

665 5127 817 5176 opem
851 5124 874 5158 a
908 5123 1027 5173 rege
1054 5106 1222 5173 petiit,
1257 5106 1443 5157 dicens
1481 5104 1660 5175 :Dixit
1699 5104 1825 5154 mihi
1867 5104 2057 5153 mulier
2101 5104 2222 5161 ista,

672 5199 829 5251 hodie
862 5197 1026 5249 lilium
1060 5204 1208 5247 tuum
1265 5203 1466 5245 macies
1494 5209 1599 5260 quo
1636 5208 1935 5255 resramur,
1991 5209 2054 5242 ne
2090 5194 2225 5242 tame

671 5290 984 5347 moriamur,
1029 5301 1149 5338 cras
1199 5300 1295 5351 ego
1349 5300 1525 5333 meum
1575 5283 1856 5341 mactabo,
1912 5291 1967 5331 ut
2018 5293 2071 5333 et
2108 5284 2224 5348 ipso

673 5396 971 5434 vescamur.
1031 5377 1140 5442 Ego
1177 5378 1337 5442 igitur
1388 5377 1551 5424 tilium
1587 5390 1761 5424 nieum
1807 5375 1917 5424 heii
1960 5375 2223 5440 jugulati,

672 5491 826 5540 quem
858 5472 1105 5532 edimus;
1137 5470 1224 5521 illa
1263 5480 1442 5519 autem
1483 5466 1636 5517 hodie
1679 5467 1845 5515 lilium
1901 5482 2054 5516 suum
2103 5482 2225 5530 pre-

676 5570 902 5619 lu-usum
941 5561 1246 5614 abscondit.
1302 5558 1678 5610 Treinel‘at‘tus
1737 5573 1820 5607 rex
1877 5557 1958 5606 his
2001 5557 2221 5614 auditis,

675 5657 912 5708 vestibus
956 5657 1067 5706 suis
1111 5652 1319 5708 si'i>~?s,
1382 5651 1705 5717 pu'trteque
1752 5663 1912 5713 rapi‘i
1963 5650 2225 5714 supeiini-

2329 4464 2395 4511 ibi
2435 4470 2737 4521 sanarctur,
2787 4477 2893 4526 quo
2937 4463 3224 4514 salutatum
3280 4479 3398 4513 (ιιι-ιι
3461 4461 3732 4527 profectus
3788 4467 3862 4511 est

2329 4555 2525 4604 Aliztzia
2562 4554 2762 4603 Jorami
2801 4554 2962 4603 ﬁlius.
3003 4552 3182 4604 l'llisha
3215 4561 3387 4602 autent
3421 4552 3683 4618 pra-pheta
3720 4550 3859 4599 disriv

2328 4647 2446 4711 polo
2475 4660 2572 4696 suo
2603 4643 2749 4694 Jona:
2795 4644 2976 4694 Miloni
3019 4644 3126 4693 ﬁlio
3158 4644 3266 4709 (qui
3306 4644 3441 4693 idem
3476 4653 3556 4695 est
3608 4641 3701 4693 Dul
3730 4637 3853 4699 Non.

2329 4737 2375 4784 iul
2413 4745 2493 4785 est
2535 4735 2783 4785 Dominus
2822 4735 2996 4799 piscis,
3029 4751 3184 4801 (ptem
3217 4734 3494 4800 ili-glutivit
3531 4734 3714 4799 piscis)
3750 4746 3855 4798 prr-

2329 4828 2516 4884 benso,
2557 4842 2722 4876 rornu
2756 4827 2807 4876 in
2844 4841 2952 4892 quo
2984 4833 3099 4877 erat
3128 4826 3326 4880 oleum,
3366 4825 3585 4875 tradens
3626 4840 3639 4872 :
3691 4819 3851 4872 Profe-

2327 4927 2460 4972 ιἰιις,
2499 4915 2691 4980 inquit,
2742 4916 2805 4965 ad
2863 4916 3047 4965 urbem
3106 4913 3294 4964 Ramot
3329 4912 3534 4970 Cileavt,
3567 4928 3685 4962 cum
3732 4908 3791 4958 ib":
3829 4924 3850 4954 e.

2328 5008 2553 5059 ducibus
2608 5007 2892 5073 quemdam
2950 5005 3162 5056 nomine
3215 5003 3370 5059 Jebu.
3412 5002 3634 5060 ,Nimshi
3689 5003 3850 5054 tilium.

2329 5102 2620 5160 inveneris,
2656 5101 2828 5164 ipsum
2861 5099 2976 5148 oleo
3006 5099 3106 5147 isto
3135 5110 3308 5161 ungas
3341 5097 3393 5145 in
3428 5111 3602 5160 regem
3641 5093 3849 5144 Israelis.

2331 5193 2524 5240 ,ιιιῑιιτις
2572 5205 2699 5240 ergo
2741 5188 2907 5238 Jonas
2967 5187 3165 5239 Elishm
3223 5186 3522 5251 discipulus
3572 5183 3706 5249 quo!
3763 5177 3847 5243 il"i

2330 5300 2447 5333 i‘t"tt
2476 5288 2633 5331 ’atum
2666 5282 2836 5330 fuerat
2870 5281 3008 5336 fecit,
3039 5278 3178 5342 quod
3209 5293 3326 5329 cum
3365 5276 3525 5328 sociis
3558 5275 3668 5326 suis

2330 5374 2490 5441 219
2527 5374 2796 5422 retulisset
2831 5372 2988 5426 Jehu,
3026 5371 3155 5437 ipsis
3200 5369 3543 5434 congregatis
3578 5366 3638 5415 ad
3686 5362 3846 5414 urbem

2328 5462 2642 5522 .lezraelem,
2670 5457 2942 5510 Jnramnm
2981 5457 3196 5509 lsraclis
3237 5469 3410 5519 regem
3444 5451 3723 5519 quaesitum
3745 5460 3848 5515 prn-

2334 5561 2393 5604 1ι“ι
2419 5564 2504 5604 tus
2537 5563 2638 5601 est.
2677 5553 2919 5618 (Tumque
2965 5549 3177 5601 obviam
3213 5546 3311 5612 ipsi
3363 5547 3725 5611 procederent,
3773 5537 3848 5591 ,1οο

2343 5663 2472 5694 ιξιΙιν,
2511 5643 2743 5696 impiis.
2795 5653 2839 5692 rt
2883 5642 3109 5691 Λιλιιτιιῐςι
3159 5639 3304 5690 .lndzr
3339 5653 3447 5696 rex,
3497 5633 3629 5688 .‘eliu
3684 5631 3843 5697 sagitta
