4138 6462
350 306 444 366 957

1757 311 2128 371 ANNALES.

3434 320 3536 377 97:8

352 418 486 485 regis
523 430 615 469 cor
645 419 928 484 percussit,
978 417 1364 487 interfectoquc
1407 427 1565 487 caput
1615 420 1871 485 abstulit;
1906 425 1944 479 Α
1977 431 2158 477 contra
2196 422 2370 501 ipsum
2403 423 2620 483 liazael,
2651 422 2818 491 Syria:
2844 441 2962 490 rex,
2999 431 3179 480 urbem
3198 428 3302 482 ,Gat
3334 430 3381 482 ei
3417 431 3538 482 abs-

351 508 580 570 rugiente
605 506 834 559 Achazia
860 507 1010 561 Judre
1048 523 1191 576 rege,
1221 524 1379 576 quem
1411 509 1576 572 etiam
1605 508 1884 562 insecutus

345 597 479 653 Jelnt
511 598 820 652 vulneribus
847 599 1084 653 confodit
1115 617 1128 653 :
1161 603 1253 668 qui
1294 609 1468 653 tamen
1517 603 1582 656 ab
1617 602 1732 669 ipso
1758 616 1884 654 eva-

347 686 498 751 dens,
530 689 1002 759 urbem‘Mageddo
1033 691 1324 760 ingressus,
1359 693 1428 746 ibi
1462 702 1704 747 mortuus
1733 703 1838 747 est.

413 775 652 831 Mortuus
689 787 816 846 ergo
845 781 1081 834 Acbazia
1127 781 1276 836 Judre
1304 797 1415 844 rex,
1470 799 1498 834 a
1548 787 1719 838 servls
1769 786 1883 837 suis

346 869 710 939 llic-rosoiyma
740 873 1055 936 translatus,
1086 876 1137 928 in
1166 877 1380 929 civitate
1426 877 1588 930 David
1636 877 1882 945 sepultus

343 968 458 1023 est;
493 960 876 1028 imperavitqnc
898 963 1046 1018 Iuda:
1073 964 1453 1035 Hierosolymis
1483 968 1728 1020 Acbaziaa
1768 981 1882 1019 ma-

343 1057 445 1112 ter,
487 1051 701 1105 nomine
730 1053 960 1116 Athalia,
991 1057 1143 1111 annis
1186 1066 1411 1124 septem.
1447 1057 1675 1124 Scripsit
1702 1067 1876 1109 autem

341 1140 476 1195 Jebu
515 1141 580 1195 ad
617 1145 900 1211 optimates
930 1147 1184 1201 Samaria:
1219 1165 1232 1202 :
1269 1149 1324 1200 Si
1363 1149 1490 1200 mibi
1523 1148 1881 1214 obsequentes

344 1231 572 1293 fueritis,
610 1233 859 1298 przcﬁcite
895 1234 1046 1290 vobis
1078 1251 1107 1288 e
1139 1237 1259 1290 ﬁliis
1300 1237 1492 1298 Ababi,
1539 1236 1677 1304 regis
1719 1237 1883 1290 Israe-

340 1321 424 1381 lis,
479 1339 674 1391 regem.
725 1325 1170 1382 Rescribentibus
1216 1327 1395 1395 ipsis:
1447 1329 1555 1382 Non
1591 1339 1671 1382 est
1729 1330 1879 1381 nobis

341 1421 533 1475 perter
570 1421 620 1465 te
671 1429 784 1479 rex,
817 1417 1030 1484 scripsit
1061 1436 1074 1470 :
1117 1417 1313 1472 Omnes
1346 1433 1473 1480 ergo
1505 1418 1642 1472 ﬁlios
1680 1419 1874 1482 Ababi,

341 1502 481 1566 regis
526 1502 764 1564 lsraelis,
828 1520 858 1557 e
913 1507 1089 1559 medio
1144 1508 1335 1560 tollite.
1399 1507 1642 1560 Fuerunt
1697 1516 1874 1560 autem

336 1591 508 1644 Ababi
544 1595 633 1647 ﬁlii
665 1605 716 1646 et
755 1605 976 1662 nepotes
1009 1596 1104 1648 viri
1139 1598 1499 1664 septuaginta,
1538 1612 1765 1665 quorum
1793 1597 1877 1648 in-

336 1683 682 1735 terfectorum
750 1687 922 1753 capita
970 1685 1034 1738 ad
1088 1685 1218 1740 Jehu
1267 1689 1548 1742 miserunt.
1598 1688 1876 1743 Profectus

335 1788 465 1838 ergo
493 1771 627 1826 Jebn
694 1775 1018 1840 Samariam,
1071 1777 1337 1830 neminem
1388 1793 1448 1830 ex
1503 1777 1670 1829 Ababi
1717 1779 1881 1845 stirpe

334 1862 602 1930 reliquum
653 1863 798 1926 fecit,
832 1879 990 1931 quem
1032 1881 1136 1918 non
1187 1867 1533 1919 interﬁceret.
1575 1869 1882 1921 Occurrens

335 1965 517 2006 autem
561 1955 613 2008 in
657 1957 741 2008 via
791 1956 922 2010 viris
976 1957 1329 2024 quadraginta
1382 1956 1614 2021 duobus,
1664 1957 1879 2024 quinam

334 2053 520 2097 essent
573 2045 964 2112 interrogavit.
1015 2046 1363 2114 dieentesque
1408 2065 1421 2099 :
1475 2045 1582 2101 Nos
1638 2047 1883 2102 Acbaziae

335 2133 476 2196 regis
509 2131 659 2187 Judze
708 2134 940 2197 fratres,
981 2135 1265 2203 iugulavit.
1324 2137 1498 2190 Baelis
1541 2147 1719 2190 autem
1756 2139 1880 2191 idoli

335 2214 589 2288 templum
653 2223 704 2276 in
767 2224 1011 2277 Samaria
1073 2223 1271 2288 diruit,
1341 2224 1760 2294 sacerdotesque
1818 2241 1884 2280 ac

333 2313 609 2382 principes
645 2313 757 2367 neei
792 2313 973 2378 dedit;
1004 2315 1351 2383 regnavitque
1381 2315 1433 2369 in
1471 2313 1745 2371 lsraelitas
1779 2332 1881 2370 au-

331 2419 430 2455 nos
470 2404 650 2470 viginti
685 2413 828 2458 octo.
854 2405 1014 2474 220
1036 2404 1428 2476 Egressamque
1453 2406 1625 2460 Ahabi
1659 2422 1880 2461 uxorem

332 2496 616 2557 lzcbelem,
644 2511 762 2564 qum
786 2512 843 2550 se
869 2497 922 2550 in
951 2495 1086 2550 Jebu
1118 2512 1403 2551 occursum
1443 2508 1751 2559 ornaverat,
1797 2498 1882 2552 in-

331 2587 570 2649 ter’ecit,
618 2603 815 2652 quam.
845 2602 966 2640 cum
1010 2588 1201 2644 diebus
1258 2589 1454 2658 aliquot
1517 2591 1754 2659 projerta
1799 2591 1884 2657 ja-

331 2679 557 2741 euisset,
615 2681 967 2734 eotnetlerunt
1009 2696 1189 2736 canes.
1233 2682 1430 2735 Deinde
1475 2684 1718 2748 corporis
1763 2684 1882 2750 ejus

331 2769 590 2835 reliquias
637 2769 852 2836 sepeliri
884 2769 1069 2836 jussit.
1114 2771 1281 2823 Porro
1328 2770 1563 2830 Atbalia,
1602 2785 1724 2824 cum
1761 2781 1880 2840 post

331 2859 502 2913 ﬁlium
543 2860 601 2914 in
641 2857 833 2913 ludam
885 2859 1270 2932 Hierosolymis
1319 2870 1585 2930 regnaret,
1635 2863 1725 2916 ﬁlii
1794 2863 1878 2919 sui

329 2951 579 3004 Acbazite
639 2951 836 3004 liberos
887 2951 1190 3014 interiecit,
1243 2952 1498 3006 faniiliam
1572 2953 1879 3009 Davidicam

1988 513 2129 574 tulit,
2165 512 2280 580 ipso
2321 514 2459 580 apud
2497 513 2639 566 illaut
2667 514 2911 576 devicto;
2952 517 3140 569 deinde
3166 519 3536 588 Hierosolyma

1985 603 2277 658 ascendere
2321 603 2373 656 in
2431 590 2863 658 animo-balmit.
2913 606 3226 672 itlaguopere
3274 609 3436 674 igitur
3467 610 3534 659 ab

1985 695 2103 761 ipso
2135 704 2379 748 metuens
2413 693 2577 750 Joasb
2613 712 2802 750 omnes
2835 700 3118 751 thesauros
3141 699 3230 764 qui
3265 700 3314 750 in
3345 700 3540 765 templo

1987 790 2156 849 fuere,
2191 801 2324 854 quos
2377 795 2731 854 reposuerant
2768 797 2951 855 patres
3007 789 3186 855 ipsius
3217 787 3536 854 Josltapltat,

1983 878 2166 931 Joram
2217 886 2270 929 et
2310 877 2565 939 Acbazia,
2613 893 2858 944 quosque
2916 879 3028 943 ipso
3075 878 3402 934 contulerat,
3448 892 3540 930 ac-

1985 977 2188 1036 ceptos,
2224 967 2298 1018 ad
2345 965 2646 1028 Hazaelcm,
2678 967 2845 1036 Syri:e
2898 983 3094 1035 regem,
3128 968 3296 1030 misit,
3333 968 3420 1034 qui
3471 969 3537 1018 ab

1985 1058 2098 1124 ipso
2129 1073 2377 1110 reversus
2407 1063 2510 1110 csl'.

2055 1147 2293 1201 Mortuus
2321 1155 2498 1200 autem
2525 1147 2660 1201 Jebu
2699 1147 2912 1199 lsraelis
2946 1164 3034 1198 rex
3072 1147 3328 1198 Samarim
3355 1148 3540 1214 sepul-

1983 1250 2069 1292 tus
2101 1247 2220 1302 est,
2269 1246 2530 1306 regnante
2566 1247 2687 1306 post
2737 1240 2909 1304 ipsum
2972 1237 3077 1288 ﬁlio
3118 1238 3287 1304 ipsius
3322 1237 3536 1288 Acbazo

1981 1328 2234 1382 Samaria:
2279 1344 2448 1382 annos
2510 1329 2937 1396 septemdecim,
2987 1327 3146 1392 idque
3190 1342 3331 1378 anno
3390 1327 3532 1392 regni

1979 1419 2160 1473 Joasbi
2205 1416 2353 1472 ludat
2397 1417 2540 1484 regis
2587 1419 2846 1471 vicesimo
2882 1418 3061 1470 tertio.
3103 1416 3196 1470 llic
3232 1417 3370 1468 idola
3424 1415 3530 1467 sibi

1980 1517 2192 1576 accepta
2238 1509 2426 1561 coluit.
2472 1507 2830 1562 Pratvalentes
2863 1521 3038 1560 autem
3098 1507 3277 1561 lsraeli
3339 1505 3537 1558 llazael

1981 1597 2146 1666 Syriae
2171 1613 2283 1660 rex,
2308 1608 2361 1651 et
2400 1597 2582 1652 lladad
2631 1597 2896 1651 Hazaeliis
2945 1598 3102 1653 ﬁlius.
3135 1597 3278 1649 viros
3320 1594 3536 1647 Israeli-

1983 1687 2118 1742 ticos
2150 1686 2288 1740 bello
2321 1689 2736 1754 absumpserunt
2762 1727 2775 1746 .
2809 1687 2941 1739 adeo
2975 1695 3033 1754 ut
3068 1700 3173 1738 non
3201 1693 3382 1739 essent
3413 1683 3536 1735 reli-

1984 1778 2074 1846 qui
2107 1777 2324 1832 Acbazo
2346 1776 2560 1830 lsraelis
2590 1776 2701 1846 regi
2736 1777 2789 1830 in
2822 1777 2960 1830 bello
2993 1785 3186 1845 praeter
3211 1775 3415 1842 pedites
3443 1775 3537 1824 de-

1985 1868 2092 1922 cies
2129 1867 2293 1930 mille,
2337 1876 2390 1920 et
2420 1865 2582 1938 225.
2627 1867 2836 1936 equites
2878 1867 3289 1936 quinquaginta.
3345 1863 3534 1923 Porro,

1985 1967 2227 2012 mortuus
2250 1966 2330 2012 est
2359 1957 2537 2010 Elisha
2562 1957 2843 2027 propheta.
2867 1956 3110 2012 Mortuus
3135 1959 3295 2011 eliam
3321 1957 3532 2019 llazael,

1985 2053 2153 2122 Syriae
2178 2068 2292 2114 rex,
2328 2051 2412 2104 cui
2446 2051 2499 2104 in
2528 2065 2693 2120 regno
2726 2050 2994 2104 successit
3035 2049 3174 2103 ﬁlius
3223 2049 3390 2117 ipsius
3429 2048 3536 2099 lla-

1986 2144 2111 2198 datl.
2149 2142 2418 2196 Reversus
2464 2141 2652 2194 deinde
2688 2140 2866 2193 Acbaz
2912 2140 3127 2193 tsraelis
3174 2155 3265 2192 rex
3320 2137 3535 2191 lladado

1986 2232 2230 2287 Hasaelis
2267 2231 2375 2283 ﬁlio
2426 2245 2547 2298 rege
2597 2229 2766 2297 Syria:
2815 2229 3048 2291 devicto,
3103 2230 3283 2291 urbes,
3339 2229 3536 2294 quibus
3622 2276 3623 2279 η

1983 2324 2156 2394 captis
2196 2323 2557 2392 imperaverat
2591 2330 2741 2389 pater
2764 2320 2968 2387 ipsius,
3006 2319 3080 2372 illi
3115 2318 3356 2373 abstulit.
3391 2319 3533 2372 Mcr-

1983 2424 2107 2469 tuus
2136 2411 2330 2468 deinde
2359 2411 2540 2473 Abaz,
2571 2408 2786 2464 lsraelis
2830 2423 2922 2462 rex
2945 2446 2960 2470 ,
3001 2409 3255 2463 Samariae
3286 2409 3533 2476 sepultus

1981 2515 2084 2570 est,
2119 2510 2375 2573 regnante
2417 2511 2535 2571 post
2566 2503 2740 2570 ipsum
2774 2502 2828 2554 in
2864 2499 3116 2555 lsraeletn
3153 2499 3412 2553 Samariaa
3443 2515 3536 2550 au-

1982 2611 2082 2650 nos
2119 2593 2389 2649 sexdecim
2427 2592 2536 2646 ﬁlio
2576 2592 2746 2662 ipsius
2775 2590 2940 2647 Joasb
2977 2609 2990 2646 :
3033 2591 3189 2659 idque
3224 2591 3371 2658 regni
3407 2589 3531 2643 Joa-

1982 2681 2063 2735 sbi
2100 2676 2411 2749 regisJudae
2441 2677 2723 2732 triCesimo
2757 2693 2918 2732 nono.
2951 2677 3044 2731 Ille
3093 2679 3242 2747 pejus
3279 2693 3334 2730 se
3363 2681 3533 2746 gessit

1982 2778 2128 2836 patre
2189 2783 2306 2836 suo,
2366 2777 2527 2836 atque
2580 2768 2722 2822 idola
2773 2769 2990 2823 coluit.’
3028 2767 3288 2821 Joasbum
3350 2779 3532 2820 autem

1979 2861 2130 2916 Juda:
2162 2871 2341 2928 regem
2376 2861 2550 2914 adorti
2587 2862 2726 2915 servi
2758 2861 2931 2929 ipsius
2969 2861 3391 2917 interfecerunt.
3427 2878 3534 2929 quo

1982 2952 2034 3004 in
2080 2950 2294 3005 civitate
2325 2949 2538 3003 Davidis
2563 2951 3102 3016 sepulto’imperavit,
3149 2949 3300 3016 Judaa
3342 2951 3536 3003 lliero-

329 3052 581 3110 qnterens
605 3049 660 3095 ut
691 3041 838 3111 ipzos
865 3056 897 3096 θ
927 3043 1103 3096 medio
1137 3043 1365 3106 tolleret,
1402 3045 1541 3112 quod
1571 3047 1684 3113 ipsa
1716 3061 1882 3112 genus
1912 3052 1954 3108 ο
1987 3040 2209 3110 solymis
2239 3054 2412 3093 annos
2439 3039 2630 3107 viginti
2669 3041 3033 3094 novem‘ﬁlius
3071 3042 3240 3110 ipsius
3289 3042 3528 3096 Ainasia.

329 3133 537 3187 ducens
570 3133 637 3187 ab
659 3133 878 3186 Acbabo
914 3132 1129 3187 lsraelis
1158 3148 1300 3200 rege,
1335 3141 1496 3186 totam
1529 3135 1748 3202 stirpem
1779 3135 1882 3188 Da-

330 3224 560 3278 vidieam
588 3223 909 3277 exstinctam
937 3233 1173 3292 cuperet.
1207 3222 1336 3275 Erat
1372 3233 1551 3277 autem
1595 3224 1696 3294 ipsi
1729 3226 1832 3278 ﬁlia
1863 3243 1878 3289 ;

329 3314 578 3368 Aebazize
603 3327 779 3378 soror,
811 3313 1027 3368 nomine
1051 3312 1386 3380 Jeboshuba,
1428 3306 1704 3370 Jeboiadin
1731 3316 1880 3385 prin-

329 3403 470 3472 cipis
514 3402 854 3458 sacerdotum
909 3418 1062 3465 uxor,
1111 3418 1232 3472 qua:
1278 3405 1590 3473 subreptum
1639 3421 1666 3458 a
1711 3415 1882 3462 mat'e

329 3497 501 3565 ipsius
535 3496 698 3549 tilium
753 3495 1001 3548 Acltazia:
1049 3497 1135 3547 cui
1197 3511 1389 3547 nomen
1437 3494 1624 3563 Joaslt,
1675 3506 1877 3565 septem

331 3585 491 3640 annis
520 3584 660 3652 apud
694 3600 752 3638 se
807 3583 1109 3638 abscondit.
1160 3585 1562 3652 PrOpbetarunt
1616 3587 1718 3640 sub
1763 3590 1878 3656 ipsa

333 3675 517 3728 Elisba
575 3683 630 3727 et
693 3673 920 3727 Obadia.
990 3673 1201 3726 Atbalia
1268 3683 1448 3728 autem
1505 3675 1880 3746 Hierosolyma

332 3765 662 3818 scortatione
687 3763 1014 3831 inquinavit.
1041 3761 1208 3822 Jussit
1242 3766 1384 3816 enim
1415 3764 1642 3822 feminas
1670 3769 1882 3836 publice

332 3856 536 3924 absque
580 3863 721 3906 metu
749 3852 999 3915 scortari,
1044 3868 1251 3906 necnon
1289 3856 1432 3909 viros
1480 3864 1729 3922 stuprum
1759 3874 1878 3911 cum

332 3946 548 4000 t'mninis
573 3946 785 4000 nemine
835 3945 1147 4012 increpante
1177 3945 1538 3999 committere.
1568 3944 1671 4000 Ubi
1703 3957 1888 4002 autem

332 4040 658 4094 adolevisset
716 4036 879 4090 Joasb
935 4036 1178 4089 Acbaziae
1226 4036 1389 4099 ﬁlius,
1422 4036 1674 4092 Jchoiada
1700 4055 1881 4094 sacer-

333 4129 431 4181 dos
489 4127 799 4182 convocatis
859 4125 1010 4178 Judze
1066 4127 1396 4195 principibus
1447 4127 1512 4181 ad
1577 4130 1694 4182 illos
1758 4130 1883 4183 Joa-

333 4219 492 4271 shum
529 4219 704 4285 ipsum
739 4217 983 4269 Acbaziae
1045 4216 1204 4270 ﬁlium
1261 4219 1530 4284 produxit,
1587 4236 1743 4289 quem
1804 4223 1881 4276 illi

335 4325 527 4386 regem.
570 4309 672 4361 sibi
727 4309 1143 4362 constituerunt.
1201 4307 1319 4371 Quo
1375 4310 1594 4370 audito,
1647 4312 1878 4370 Atbalia,

1983 3133 2145 3200 idque
2172 3147 2314 3184 anno
2341 3131 2490 3200 regni
2520 3129 2706 3184 Joasbi
2741 3132 2884 3199 regis
2909 3132 3124 3184 lsraelis
3150 3134 3404 3185 secundo.
3437 3133 3533 3185 llic

1981 3229 2168 3289 captos
2201 3235 2388 3274 servos
2418 3221 2504 3291 qui
2540 3231 2743 3290 patrem
2779 3221 2946 3290 ipsius
2972 3221 3354 3276 interfecerant
3377 3224 3534 3289 jugu-

1981 3310 2127 3362 lavit.
2151 3310 2262 3364 Sub
2289 3325 2355 3364 eo
2379 3310 2713 3379 propltctavit
2734 3311 2897 3364 Amos
2926 3311 3188 3380 propheta
3227 3311 3532 3365 Davidieus.

1979 3401 2313 3455 Ascendente
2348 3410 2526 3453 autem
2567 3399 2766 3455 Joasbo
2799 3400 3017 3455 Israelis
3044 3417 3166 3470 rege
3221 3403 3530 3470 Hierosoly-

1982 3505 2086 3545 ma.
2136 3490 2348 3543 Amasia
2381 3490 2530 3544 Iuda:
2567 3505 2658 3544 rex
2696 3499 2839 3544 metu
2875 3492 2990 3556 ejus
3020 3489 3408 3546 Beitsbcmsnm
3446 3494 3536 3546 fu-

1980 3583 2154 3652 giens,
2188 3582 2373 3633 urbem
2409 3595 2632 3633 vacuam
2664 3581 2899 3647 reliquit.
2949 3579 3120 3633 Diruit
3153 3597 3280 3648 ergo
3308 3582 3475 3638 Joasb
3503 3601 3532 3638 e

1981 3689 2132 3727 muro
2181 3673 2331 3727 urbis
2362 3671 2868 3741 llierosolymitanaa
2911 3672 3131 3726 cubitos'
3170 3674 3530 3742 quadringen-

1981 3774 2084 3822 tos,
2111 3771 2498 3830 acceptumqne
2527 3764 2663 3823 auri,
2701 3763 2905 3832 argenti
2936 3772 2990 3815 et
3014 3778 3348 3830 gemmarum
3376 3766 3532 3832 quid-

1980 3855 2105 3918 quid
2150 3856 2200 3906 in
2247 3855 2465 3920 templo,
2517 3867 2734 3908 necnon
2793 3854 3054 3921 quidquid
3095 3856 3208 3906 auri
3247 3866 3408 3918 atque
3443 3870 3530 3906 ar-

1979 3945 2120 4012 genti
2147 3944 2198 3994 in
2224 3943 2420 4010 palatio
2446 3943 2585 4010 regis
2623 3943 2839 3995 \masize
2867 3944 2983 4004 fuit,
3011 3943 3308 3996 Samariam
3343 3962 3531 4009 aspor-

1983 4034 2134 4087 tavil.
2172 4033 2379 4086 Mortuo
2430 4034 2623 4086 deinde
2673 4017 2890 4086 Joasho‘
2919 4035 3132 4088 lsraelis
3176 4052 3317 4104 rege,
3368 4046 3531 4102 atque

1983 4125 2237 4179 Samariaz
2269 4127 2503 4194 sepulto,
2533 4135 2654 4194 post
2685 4126 2856 4194 ipsum
2894 4126 3146 4178 Samarize
3176 4126 3529 4193 225-227

1983 4218 2034 4270 in
2069 4219 2320 4271 lsraclem
2348 4219 2587 4285 regnavit
2616 4233 2786 4270 annos
2810 4218 3158 4285 quadraginta
3195 4234 3357 4270 unum
3389 4217 3531 4269 ﬁlius

1985 4310 2154 4375 ipsius
2188 4308 2492 4368 Jeroboam,
2529 4310 2689 4376 idque
2735 4324 2876 4360 anno
2927 4311 3076 4376 regni
3108 4309 3341 4360 Amazim,
3393 4309 3530 4375 regis

335 4400 528 4454 scissis
562 4399 800 4452 vestibus
841 4398 903 4449 ad
955 4399 1126 4463 ipsum
1158 4399 1598 4465 c0uspieiendum
1640 4417 1878 4465 egressa,
1913 4378 1954 4430 θ
1983 4397 2133 4452 Iuda:
2163 4386 2370 4452 decimo
2402 4399 2610 4466 quinto.
2649 4398 2860 4450 Mortuo
2907 4398 3070 4450 Joasb
3127 4398 3336 4451 lsraelis
3387 4415 3529 4465 rege,

336 4491 514 4543 eladio
547 4490 867 4556 interempta
893 4499 994 4541 est.
1037 4487 1299 4550 Regnavit
1347 4504 1473 4554 ergo
1508 4489 1670 4543 Joasb
1703 4492 1881 4544 Arba-

336 4580 430 4632 zize
458 4578 595 4632 filius
627 4578 1010 4646 Hierosolymis
1033 4579 1081 4628 in
1103 4579 1287 4630 Judam
1307 4579 1656 4646 quadraginta
1683 4597 1879 4645 annos;

341 4685 502 4738 regno
519 4677 695 4720 autem
717 4668 1000 4735 pra-iectus
1021 4677 1100 4722 cst
1119 4683 1287 4720 annos
1309 4676 1462 4719 natus
1484 4679 1706 4735 septem;
1727 4672 1883 4738 idque

335 4775 479 4814 anno
510 4761 653 4826 regni
679 4758 813 4813 Jebu
840 4760 978 4827 regis
1005 4760 1211 4812 lsraelis
1230 4760 1473 4826 septimo.
1504 4759 1653 4811 Matri
1695 4760 1880 4814 Joasbi

337 4868 527 4904 tmmen
550 4850 894 4918 221-223
918 4860 1030 4904 erat
1057 4851 1211 4902 Sebia
1244 4852 1570 4903 Birsebaitis.
1602 4851 1725 4918 Ejus
1747 4862 1882 4905 tem-

338 4957 465 5007 pore.
480 4946 869 5010 propltetaruut
888 4941 1084 5004 Elisba,
1105 4941 1253 5002 Uria,
1273 4951 1321 4991 et
1342 4940 1596 4992 Zacliaria
1615 4941 1883 4994 Jeboiadze

340 5033 639 5086 sacerdotis
685 5033 846 5084 ﬁlius.
877 5032 1057 5097 Neque
1083 5032 1435 5084 (lestititbene
1463 5048 1518 5083 se
1544 5035 1593 5084 in
1629 5032 1759 5085 Juda
1796 5049 1884 5097 ge-

341 5139 479 5189 rere,
511 5125 682 5176 donec
714 5137 1011 5175 moreretur
1032 5123 1284 5175 Jeboiada
1318 5124 1688 5188 sacerdos,qui
1719 5139 1882 5174 anno—

338 5232 455 5268 rum
475 5226 686 5268 centum
712 5225 824 5266 erat
852 5225 904 5265 et
941 5213 1174 5279 triginta.
1197 5215 1345 5282 Cepit
1379 5215 1568 5267 deinde
1598 5214 1757 5267 Joasit
1782 5231 1870 5265 rex

337 5304 436 5357 sibi
458 5304 591 5356 idola
610 5320 726 5370 qua:
743 5306 965 5362 coleret,
985 5303 1124 5370 quod
1146 5318 1264 5354 Cltlll
1288 5304 1463 5356 lacere
1481 5303 1650 5368 ip5utn
1680 5311 1879 5353 vetaret

337 5395 591 5448 Zachuria
613 5395 867 5462 propheta
899 5392 1166 5445 Jeboiadre
1195 5394 1588 5460 lilius,jubeute
1608 5394 1722 5458 ipso
1748 5395 1878 5457 lapi-

341 5495 494 5539 datns
521 5487 743 5538 interiit.
771 5486 878 5535 lloc
905 5484 1105 5535 scilicet
1136 5483 1408 5549 pratnniutn
1445 5483 1688 5535 retribuit
1717 5481 1878 5535 Joaslt

344 5574 612 5628 Jeltoiadm
647 5575 941 5637 sacerdoti;
993 5590 1211 5638 regnum
1270 5574 1437 5637 ipsius
1485 5589 1585 5639 ope
1625 5573 1877 5640 adeptus,

343 5668 504 5719 lilium
540 5667 652 5732 ejus
691 5666 1001 5718 Zarltariam
1051 5666 1336 5717 intellecti.
1381 5666 1637 5731 tigrwsus
1691 5674 1872 5715 autem

1986 4491 2201 4543 Amazia
2226 4488 2379 4542 Juda:
2413 4505 2500 4541 rex
2535 4503 2563 4539 a
2594 4475 2928 4540 Beitsbeines
2955 4486 3319 4556 Hierosolyma
3351 4503 3529 4539 rever-

1983 4597 2074 4635 sus
2099 4590 2198 4634 est.
2239 4580 2362 4632 Post
2391 4580 2607 4646 aliquod
2651 4589 2827 4631 autem
2869 4580 3125 4646 temporis
3173 4580 3404 4643 spatium
3439 4577 3526 4630 Je-

1981 4674 2269 4724 roboamus
2294 4670 2504 4723 lsraelis
2535 4685 2624 4721 rex
2656 4670 2896 4723 collectis
2929 4670 3096 4736 copiis
3132 4671 3244 4720 suis
3282 4670 3530 4721 llTeroso-

1983 4763 2118 4831 lyma
2156 4760 2433 4822 ascendit;
2487 4774 2512 4810 a
2554 4774 2659 4825 quo
2691 4760 3061 4812 cumAmazia
3100 4758 3249 4810 Judae
3291 4774 3382 4809 rex
3417 4800 3429 4821 ,
3466 4760 3528 4809 ad

1983 4852 2168 4903 urbem
2222 4849 2480 4901 [.acbiscb
2530 4846 2757 4916 fugisset
2788 4886 2802 4905 ,
2864 4848 3079 4899 mittens
3133 4847 3216 4898 ille.
3253 4856 3373 4913 post
3407 4862 3527 4898 cum

1981 4940 2333 4996 Lacbi~hutn,
2363 4937 2432 4988 ibi
2470 4937 2644 5003 ipsum
2680 4936 2990 4997 interfecit;
3024 4937 3111 5003 qui
3157 4935 3528 5002 Hierosolyma

1982 5046 2008 5081 a
2042 5031 2211 5084 servis
2239 5030 2352 5080 suis
2388 5037 2695 5096 reportatus
2726 5028 3010 5078 incivitate
3041 5025 3256 5076 Davidis
3287 5027 3528 5090 sepultus

1982 5131 2082 5175 cst.
2123 5121 2382 5187 Regnavit
2415 5129 2535 5188 post
2570 5121 2742 5184 ipsum
2796 5118 2844 5166 in
2899 5115 3089 5167 Judam
3146 5116 3530 5183 llierostylymis

1982 5226 2151 5262 annos
2182 5210 2566 5274 quinquaginta
2599 5210 2726 5268 duo,
2759 5208 2899 5259 ﬁlius
2931 5208 3096 5275 ipsius
3139 5205 3318 5267 Uzzia,
3357 5219 3522 5255 annos

1983 5300 2248 5352 sexdecim
2284 5309 2461 5356 natus,
2499 5298 2656 5363 idque
2687 5314 2828 5348 anno
2863 5298 3004 5362 regni
3035 5294 3343 5346 Jeroboami
3382 5294 3520 5354 regis

1983 5389 2137 5440 Israel
2169 5388 2377 5438 decimo
2425 5386 2637 5452 quinto.
2691 5385 2819 5452 Ejus
2865 5395 3099 5451 tempore
3135 5384 3523 5450 proplietarunt

1985 5481 2168 5539 Amos,
2201 5478 2422 5543 eitutsque
2472 5476 2613 5529 ﬁlius
2647 5475 2816 5528 lsaiab
2870 5491 2899 5527 e
2951 5474 3152 5526 fainilia
3195 5472 3354 5523 David
3383 5514 3394 5530 ,
3435 5470 3530 5521 .ioo

1984 5572 2115 5621 sbua
2148 5567 2356 5627 Jebadi,
2391 5567 2531 5620 ﬁlius
2568 5567 2857 5631 liubcnita,
2889 5565 3051 5619 Jonas
3085 5562 3304 5616 ilatatim
3335 5563 3472 5614 ﬁlius
3500 5577 3528 5615 c

1983 5659 2348 5726 (latinitaphztt'.
