4038 6488
537 305 643 368 959

1538 303 1903 365 EU'I'YCHII
1948 302 2477 365 ALEXANDRINI
2517 306 2730 365 PATR.

3633 303 3726 363 ειῡο

608 411 846 464 Mortuus
869 408 1404 474 Jeroboaszraolis
1433 410 1827 476 rex,Samari:e
1848 410 2091 480 sepultus
2117 411 2170 467 A
2194 420 2258 472 ad
2292 419 2466 487 ipsum
2497 415 2675 470 Achaz
2709 414 2858 469 Inda:
2909 430 3022 480 rex,
3062 424 3117 468 ut
3161 412 3361 484 gratias
3407 410 3452 463 ei
3499 410 3567 463 ob
3610 410 3729 460 illul

536 513 638 557 est.
676 504 1039 574 licgnavitque
1069 512 1189 572 post
1219 505 1396 574 ipsum
1451 502 1710 559 Samarize
1742 504 1793 555 iu
1832 502 2085 557 lsraelem

546 611 638 648 sex
680 611 891 649 menses
918 635 932 657 ,
980 596 1121 649 lilins
1184 597 1350 663 ipsius
1398 594 1658 649 Zacharia
1686 634 1701 656 ,
1741 594 1902 664 idque
1942 593 2089 661 regni

542 673 718 740 Uisio!
752 687 892 756 regis
919 686 1069 741 Iudae
1098 702 1240 739 anno
1272 687 1530 739 vicesimo
1558 701 1742 749 nono;
1779 700 1936 752 quem
1968 699 2089 739 cum

544 778 716 844 ipsum
756 777 952 838 adorti,
984 775 1225 829 Sballum
1256 775 1474 830 Jabeslti
1511 776 1650 830 illius
1678 784 1732 831 et
1765 776 1965 828 Bileum
2000 775 2088 849 qui

547 875 706 919 erant
739 883 768 921 e
802 867 1031 920 ducibus
1075 867 1266 935 ipsius,
1303 866 1720 938 interfecissent,
1749 879 1970 934 regnum
2002 880 2094 919 oc-

536 973 742 1026 cupans
774 956 1012 1013 Shallum
1045 957 1265 1012 Jabesbi
1292 958 1451 1023 filius,
1479 957 1737 1011 Samaritr
1762 957 1815 1009 in
1841 949 2091 1010 lsraelcm

540 1048 657 1102 dics
708 1049 922 1117 triginta
980 1036 1243 1116 regnavit,
1297 1049 1455 1117 idque
1510 1064 1651 1103 anno
1710 1048 1861 1124 regni
1920 1046 2093 1101 [inite

536 1140 697 1205 regis,
732 1137 887 1193 Juda
929 1140 1187 1195 vicesimo
1231 1156 1392 1195 nono.
1427 1139 1578 1193 Illum
1638 1139 1863 1193 adortus
1898 1138 2093 1192 Mena-

537 1231 693 1282 chcm
727 1228 859 1281 Gadt
911 1227 1075 1293 filius,
1106 1231 1196 1298 qui
1232 1245 1261 1285 e
1286 1230 1515 1284 ducibus
1543 1230 1709 1299 228
1729 1228 1846 1296 ejus
1882 1229 2093 1293 fuerat,

538 1321 656 1385 ipso
686 1317 971 1371 interfecto
1007 1334 1230 1387 regnum
1261 1319 1546 1387 occupavit
1568 1356 1583 1381 ,
1617 1319 1967 1387 regnavitque
2000 1318 2097 1372 sa-

540 1407 721 1458 maria:
754 1406 806 1457 iu
838 1405 1091 1461 lsraeleru
1121 1421 1292 1460 annos
1317 1407 1502 1476 viginti
1546 1426 1560 1461 :
1594 1407 1756 1475 idque
1789 1407 1944 1460 initio
1973 1406 2095 1459 anni

540 1498 690 1565 regni
720 1495 899 1550 Uzziae
948 1498 1090 1565 regis
1126 1494 1277 1551 Judae
1325 1497 1625 1552 tricesimo.
1661 1496 1860 1551 Deinde
1890 1495 2097 1551 Tirsam

544 1589 730 1641 urbem
773 1588 1047 1653 profectus
1084 1605 1145 1642 ea
1175 1597 1333 1657 capta
1367 1604 1556 1643 omnes
1581 1591 1672 1659 qui
1715 1589 1767 1641 in
1801 1589 1914 1659 ipsa
1945 1597 2100 1642 erant

545 1690 718 1733 morte
744 1678 943 1744 affecit,
971 1690 1018 1732 et
1051 1687 1421 1749 pra-grtantum
1455 1689 1639 1734 uteros
1660 1678 1873 1735 diﬁidit.
1898 1679 2103 1732 Ascen-

543 1771 759 1824 dentem
792 1772 986 1826 deinde
1033 1782 1229 1843 contra
1267 1772 1443 1843 ipsum
1479 1751 1664 1825 Pulam
1713 1786 1893 1839 regem
1928 1769 2099 1823 Mnsal
2135 1746 2172 1799 Β

538 1859 851 1915 Meuacbem
882 1863 1096 1918 lsraelis
1125 1878 1240 1924 rex,
1264 1879 1458 1932 magna
1483 1862 1601 1916 auri
1631 1873 1684 1917 et
1713 1862 1917 1930 argenti
1949 1861 2102 1930 cepia

538 1950 684 2015 data,
724 1951 998 2016 demulsit,
1029 1968 1095 2006 ne
1122 1954 1223 2006 sibi
1251 1948 1544 2023 [noceret,]
1572 1965 1741 2020 quare
1766 1950 1836 2004 ab
1866 1949 1986 2018 ipso
2017 1962 2105 2002 re-

542 2055 734 2095 versus
774 2038 1125 2096 est.'Mortuo
1149 2041 1521 2102 Menacbemo.
1551 2050 1607 2095 et
1638 2037 1895 2094 Samaria:
1920 2037 2108 2104 sepul-

540 2138 619 2195 to,
657 2132 903 2202 regnavit
931 2141 1052 2201 post
1083 2134 1273 2201 ipsum
1303 2132 1567 2200 Samaria;
1598 2133 1651 2185 in
1679 2130 1928 2185 lsraelem
1969 2129 2106 2181 duos

542 2236 715 2275 artnos
747 2222 891 2276 filius
925 2206 1095 2290 ipsius
1129 2222 1387 2285 Pt-ltahia,
1418 2223 1580 2291 idque
1630 2239 1773 2275 anno
1812 2222 1961 2290 regni
2005 2218 2106 2274 υι-

542 2313 639 2364 zia:
674 2310 817 2380 regis
840 2308 994 2365 Judaa
1028 2312 1502 2391 quiuquagesim/o.
1538 2312 1693 2365 Illum
1748 2314 1974 2364 adortus
2005 2310 2106 2363 Pe-

542 2403 667 2469 kab,
702 2402 954 2456 Remalim
988 2402 1151 2468 filius,
1180 2419 1209 2457 e
1244 2403 1473 2457 ducibus
1501 2402 1690 2471 ipsius.
1726 2418 1847 2455 cum
1885 2404 2109 2458 interfe-

539 2485 732 2555 cisset‘,
746 2509 967 2561 regnum
997 2494 1305 2562 occupavit,
1330 2495 1680 2564 rcgnavilque
1707 2496 1822 2564 ipse
1844 2497 1897 2551 iu
1929 2496 2100 2552 Israe-

516 2571 671 2657 ‘lem,
688 2581 945 2638 Samaria.-
972 2599 1147 2638 annos
1169 2584 1355 2654 viginti
1384 2595 1525 2645 octo,
1558 2586 1721 2655 idque
1752 2589 1904 2657 regni
1928 2587 2105 2642 Uzzize

543 2673 687 2741 regis
718 2671 865 2727 ludar
896 2674 1353 2742 quinquagesimo
1400 2676 1661 2737 secundo.
1713 2674 1864 2730 Fecit
1914 2689 2097 2732 autem

542 2756 715 2817 Uzzia
749 2764 849 2817 iste
882 2779 1045 2818 Omne
1077 2766 1277 2817 malum
1303 2776 1323 2830 ;
1349 2764 1630 2835 ingressus
1664 2766 1809 2823 enim
1850 2767 2110 2823 Sanctum

546 2865 890 2914 sanctorum.
910 2865 1121 2924 arrepto
1137 2856 1260 2910 inde
1278 2871 1479 2911 emanu
1498 2858 1798 2915 sacerdotis
1819 2849 2111 2923 thuribulo,

543 2944 909 3001 sulllutentum
931 2948 1087 3001 altari
1114 2947 1386 3012 admovit;
1413 2963 1575 3016 quam
1606 2950 1678 3004 ob
1694 2944 1923 3005 'causam
1951 2952 2101 3021 lepra

2193 509 2334 575 quod
2368 508 2567 561 fecerat
2589 514 2790 575 ageret.
2834 505 3102 559 Pckahum
3129 512 3303 559 autem
3328 502 3537 555 lsraelis
3560 513 3733 566 regem

2191 597 2352 663 Osea,
2386 598 2495 652 Elae
2528 596 2688 661 lilius,
2724 596 2816 665 qui
2850 610 2880 649 e
2910 595 3135 649 ducibus
3180 582 3347 663 ipsius
3400 591 3517 663 fuit.
3566 591 3735 657 ipsum

2193 689 2418 743 adortus
2470 688 2766 751 interfecit,
2817 701 3091 757 regnoque
3147 694 3427 752 occupato,
3483 680 3739 736 Samaria:

2192 780 2352 849 232
2396 780 2450 833 in
2490 779 2743 833 israelem
2804 790 2993 831 novem
3043 789 3212 829 annos
3263 772 3531 841 regnavit;
3585 768 3741 833 idque

2193 885 2335 924 anno
2371 871 2519 939 regni
2555 870 2754 922 Achazi
2792 868 2933 936 regis
2957 865 3106 920 lude
3134 863 3477 919 duodecimo.
3502 860 3745 920 Mortuus

2193 961 2591 1016 deindeAcltaz
2625 959 2775 1014 Judm
2800 976 2887 1012 rex
2922 960 2974 1012 in
2996 958 3213 1012 civitate
3258 956 3479 1010 Davidis
3501 953 3746 1021 sepuluts
3785 974 3788 977 λ

2194 1060 2277 1106 est
2302 1089 2317 1114 ,
2347 1059 2627 1121 postquam
2668 1050 2910 1119 regnavit
2944 1048 3328 1115 Hierosolymis
3364 1062 3527 1114 super
3545 1042 3743 1099 ludam

2200 1157 2372 1198 annos
2416 1143 2603 1209 viginti
2655 1156 2845 1195 novem
2900 1142 3045 1207 filius
3090 1138 3261 1207 ipsius
3292 1137 3542 1201 Ezekiah,
3576 1148 3752 1187 artutos

2198 1243 2356 1287 natus
2389 1224 2887 1303 vigintiquinque;
2952 1229 3114 1296 idque
3173 1241 3316 1281 anno
3374 1225 3522 1292 regni
3572 1224 3748 1281 Osee,

2200 1324 2341 1392 regis
2390 1322 2641 1384 lsraelis.
2707 1323 2885 1378 tertio.
2943 1320 3072 1386 Ejus
3118 1318 3325 1387 diebus
3365 1317 3752 1386 prophetarum

2200 1412 2407 1478 lsaias,
2439 1413 2608 1468 Oseas
2653 1422 2706 1465 et
2766 1411 2944 1483 hiicha
2995 1408 3343 1474 Ephraimita.
3391 1408 3559 1461 Porro
3610 1421 3755 1458 anno

2198 1503 2346 1572 regni
2382 1501 2608 1566 Ezekim,
2645 1504 2783 1573 regis
2811 1501 2982 1564 Judae,
3032 1510 3246 1569 quarto,
3279 1498 3370 1568 qui
3405 1496 3581 1559 Ose:e,
3613 1499 3754 1563 regis

2204 1592 2445 1659 islaelis,
2476 1595 2736 1663 septimus
2766 1603 2901 1659 erat,
2953 1593 3260 1647 Samariam
3299 1587 3603 1643 ascendens
3636 1586 3755 1639 Salv
3810 1607 3817 1613 -

2205 1701 2508 1750 manassar,
2553 1685 2721 1739 Musal
2756 1692 2809 1738 et
2838 1683 3236 1752 Mesopotamia:
3266 1695 3379 1745 rex,
3408 1694 3528 1733 eam
3563 1678 3753 1731 tribus

2206 1777 2363 1830 annis
2397 1775 2674 1832 obsessam
2714 1763 2853 1845 cepit
2879 1792 2895 1837 ;
2918 1785 3253 1843 captumque
3282 1771 3501 1840 Oscam,
3534 1767 3758 1823 lsraelis

2206 1882 2407 1936 regem,
2437 1866 2491 1921 in
2513 1882 2783 1922 carcerem
2810 1858 3057 1934 coniecit.
3082 1880 3145 1918 ac
3166 1864 3355 1918 decem
3388 1862 3759 1916 lsraelitaruur

2206 1957 2399 2020 tribus,
2428 1972 2458 2011 e
2491 1954 3083 2026 regioneSamaritlca,
3118 1953 3368 2008 Amidam
3402 1952 3675 2007 Musalnm
3706 1962 3759 2001 et

2209 2047 2452 2102 liabelem
2481 2046 2801 2115 deportavit,
2824 2046 2959 2100 adeo
2992 2054 3051 2099 ut
3075 2045 3185 2115 jam
3217 2061 3324 2100 non
3337 2053 3646 2114 superesset
3667 2040 3767 2092 nisi

2210 2134 2382 2189 tribus
2409 2133 2578 2200 ludas,
2602 2150 2722 2187 cum
2756 2137 2924 2203 stirpe
2963 2135 3212 2189 Davidica
3243 2149 3362 2204 qua
3391 2134 3499 2188 illis
3528 2134 3765 2200 impera-

2210 2236 2309 2289 ret,
2340 2238 2393 2282 et
2420 2229 2595 2281 tribus
2638 2227 2987 2296 Benjaminis.
3038 2225 3351 2280 Translatos
3381 2236 3562 2279 autem
3596 2223 3765 2277 Balle-

2208 2316 2297 2381 lis,
2326 2318 2525 2380 Aulidi,
2558 2327 2611 2371 et
2644 2316 2833 2371 Musali
2879 2316 3085 2371 incolas
3126 2315 3441 2370 in‘urbibus
3480 2312 3770 2368 Samarili-

2209 2412 2287 2464 cis
2315 2409 2433 2461 loco
2465 2409 2828 2463 lsraelitarum
2864 2408 3182 2475 collocavit;
3214 2407 3403 2463 relicto
3430 2404 3573 2477 apud
3611 2408 3760 2475 ipsos

2208 2498 2489 2554 sacerdote
2543 2500 2759 2564 nomine
2809 2498 2925 2553 Lun
2982 2498 3074 2561 qui
3132 2499 3281 2569 ipsos
3313 2497 3480 2567 legem
3521 2484 3765 2551 doceret.

2212 2590 2441 2644 Edocuit
2471 2605 2598 2659 ergo
2628 2590 2779 2657 ipsos
2807 2588 2943 2651 Lun,
2983 2589 3131 2643 illam
3161 2602 3322 2659 quam
3355 2594 3541 2641 tenent
3572 2586 3765 2648 leng.

2214 2683 2563 2751 Fucruntque
2595 2682 2667 2735 illi
2701 2680 3162 2735 Samaritanorum
3201 2688 3405 2748 patres,
3435 2676 3767 2733 Samaritaui

2212 2761 2389 2829 autem
2421 2774 2510 2843 qui
2552 2775 2653 2828 hoc
2686 2784 2929 2839 tempore
2964 2770 3314 2839 reperiuntur
3354 2770 3599 2838 ipsorum
3653 2769 3768 2823 fllii.

2214 2866 2456 2935 Separati
2486 2869 2626 2919 enim
2664 2881 2691 2917 a
2720 2864 2922 2917 Judmis
2947 2862 3285 2932 prophetiam
3322 2860 3536 2915 Davidis
3568 2868 3625 2913 et
3648 2874 3770 2927 pro-

2215 2961 2496 3029 phetarum
2530 2958 2768 3011 omnium
2809 2955 3187 3025 repudiarunt,
3216 2955 3479 3009 dicentes:
3512 2952 3637 3007 Non
3671 2951 3773 3004 fuit

544 3036 605 3091 iu
639 3034 778 3090 facie
806 3052 1098 3106 percussus
1125 3048 1229 3099 est,
1264 3053 1438 3107 neque
1461 3046 1646 3094 tamen
1680 3054 1709 3093 a
1741 3055 1904 3111 regno
1934 3058 2108 3096 semo-
2132 3074 2176 3135 ρ
2205 3060 2333 3119 post
2383 3049 2564 3104 Mosen
2596 3048 2949 3117 prophetam,
2976 3046 3273 3116 propheta;
3310 3044 3415 3100 sibi
3452 3043 3702 3111 principe
3732 3056 3761 3094 e

546 3137 657 3193 tus,
681 3133 803 3181 cum
826 3128 965 3182 filius
994 3129 1163 3198 ipsius
1182 3128 1421 3195 Jotbam,
1443 3127 1665 3198 regnum
1693 3132 2104 3202 administrans,

544 3218 722 3286 ipsum
757 3229 1019 3277 tueretur.
1058 3219 1305 3275 Mortuus
1339 3231 1518 3274 autem
1547 3221 1711 3278 Uzzia
1737 3263 1753 3288 ,
1779 3222 1932 3278 Judte
1969 3241 2058 3280 rex
2088 3266 2103 3292 ,

546 3308 603 3362 iu
645 3308 865 3362 civitate
923 3308 1088 3362 David
1136 3310 1382 3377 sepultus
1427 3318 1531 3364 est.
1581 3309 1949 3382 Hegnavitquc
1988 3324 2111 3383 post
2192 3314 2197 3323 ’

544 3400 722 3467 ipsum
759 3398 1143 3470 llieruSolymis
1170 3401 1222 3453 in
1258 3400 1450 3472 Iudam
1490 3401 1633 3457 filius
1669 3405 1837 3473 ipsius
1891 3404 2107 3459 Jotham

546 3504 669 3543 anni
693 3505 719 3544 s
752 3490 1042 3548 sexdecim,
1075 3505 1247 3543 annos
1272 3500 1384 3543 tum
1430 3503 1588 3546 Italus
1634 3493 1821 3563 viginti
1852 3495 2109 3563 quinque.

564 3580 723 3648 quue
758 3580 1110 3651 229-231
1143 3597 1287 3635 anno
1318 3582 1463 3651 regni
1500 3582 1675 3647 Pelia,
1706 3585 1846 3656 regis
1870 3586 2108 3648 lsraelis.

552 3670 812 3725 secundo.
849 3669 981 3739 Ejus
1022 3682 1265 3739 tempore
1301 3674 1695 3741 prppbetarunt
1728 3677 1911 3741 Isaias,
1939 3678 2111 3732 Micba

552 3763 865 3827 Ilorashita,
899 3775 952 3815 et
977 3763 1093 3818 .loel
1120 3765 1413 3819 Phanuelis
1438 3767 1612 3820 lilius.-
1641 3766 1903 3835 Egressus
1926 3780 2107 3823 autent

540 3854 727 3926 ‘Tiglat
760 3855 980 3919 Pili-ser,
1016 3872 1108 3910 rex
1144 3858 1313 3911 Musal
1340 3897 1358 3916 .
1391 3858 1587 3912 multas
1616 3859 1981 3915 lsraehtarum
2017 3878 2110 3915 ur-

552 3947 650 4001 bes
685 3946 951 4009 devictas,
987 3947 1119 4014 ipsis
1155 3948 1397 4001 abstulit.

620 4035 862 4090 Mortuus
913 4034 1129 4091 Jotbam
1165 4036 1317 4095 ludar
1362 4054 1455 4093 rex
1483 4077 1497 4100 .
1531 4039 1585 4093 in
1631 4040 1848 4094 civitate
1897 4042 2113 4096 Davidis

549 4128 864 4184 Bethleltem
918 4130 1165 4199 sepultus
1199 4138 1316 4195 est;
1367 4132 1722 4202 regnavitque
1771 4143 1890 4201 post
1934 4135 2110 4203 ipsum

550 4219 944 4290 Hierosolymis
972 4222 1024 4273 in
1050 4220 1239 4275 Judam
1276 4238 1449 4277 annos
1473 4223 1749 4277 sexdecim
1780 4224 1921 4280 iilius
1947 4228 2117 4295 ipsius

551 4314 732 4368 Achaz
760 4328 935 4368 armos
972 4324 1132 4368 natus
1160 4315 1347 4383 viginti
1375 4333 1389 4368 :
1420 4315 1582 4383 idque
1612 4316 1763 4383 regni
1791 4317 1950 4371 Peliae
1978 4320 2115 4387 regis

2210 3142 2438 3210 posteris
2485 3141 2713 3195 Aaronis
2762 3138 3081 3204 constituto,
3113 3137 3197 3194 cui
3239 3133 3589 3206 233-235
3621 3132 3766 3202 regis

2211 3235 2423 3288 titulum
2462 3231 2790 3288 indiderunt.

2281 3324 2466 3393 chno
2491 3335 2671 3378 autem
2703 3324 2879 3391 polito
2911 3322 3109 3376 Eae-kin
3158 3320 3307 3375 Judzc
3336 3334 3461 3383 rege
3495 3318 3547 3371 in
3582 3331 3772 3373 omnes

2212 3416 2504 3478 lsraclitas,
2536 3424 2591 3471 et
2618 3415 2709 3485 qui
2740 3431 2804 3469 et
2835 3415 2968 3482 ipsis
2994 3412 3184 3482 reliqui
3211 3422 3393 3467 essent
3420 3412 3471 3463 iu
3497 3410 3766 3467 Samaria,

2214 3508 2352 3563 idola
2385 3507 2786 3578 confregerunt,
2812 3515 3128 3574 statuasque
3158 3513 3478 3558 amoveruut
3498 3516 3644 3561 :nec
3666 3515 3769 3553 non

2220 3610 2523 3668 serpentem
2573 3615 2781 3653 aeneum
2810 3637 2824 3660 ,
2868 3612 3025 3671 quem
3069 3596 3262 3658 Moses,
3292 3613 3342 3652 (ι.
3379 3612 3430 3664 p.
3460 3596 3513 3647 in
3547 3595 3767 3648 deserto

2216 3690 2433 3754 fecerat,
2464 3705 2736 3759 quemque
2782 3689 2910 3743 illud
2956 3705 3125 3758 usque
3156 3699 3365 3754 tempus
3396 3703 3500 3740 non
3528 3688 3769 3742 destitis-

2215 3795 2334 3835 sent
2366 3781 2626 3836 israelitte
2660 3780 2834 3849 magni
2878 3781 3054 3834 facere
3083 3791 3136 3833 et
3180 3779 3379 3840 colere,
3432 3780 3769 3832 comminuit.

2217 3869 2411 3933 Tribus
2436 3870 2597 3923 etiam
2629 3870 2957 3937 alienigenas
2987 3866 3345 3938 oppugnatas,
3374 3867 3573 3922 Gazam
3604 3882 3769 3935 usque.

2216 3971 2270 4017 ct
2320 3961 2504 4016 urbem
2541 3960 2798 4033 Raphacb
2845 3954 3068 4029 fugavit.
3107 3957 3247 4012 Misit
3285 3960 3447 4011 etiam
3487 3957 3551 4011 ad
3602 3967 3767 4010 totum

2219 4052 2606 4111 lsraelitarum,
2632 4053 2721 4119 qui
2750 4051 3010 4106 ditionem
3128 4049 3518 4110 Samariticam,
3545 4059 3769 4103 terram-

2218 4160 2322 4214 que
2348 4143 2500 4198 Judae
2532 4144 2853 4203 incolerent,
2886 4149 3111 4199 emtum,
3138 4150 3192 4191 ut
3230 4138 3613 4210 Hierosolymis
3646 4154 3769 4194 con-

2218 4238 2494 4291 venientes
2528 4235 2733 4289 Pascha
2769 4234 3124 4288 celebrarent.
3164 4231 3480 4299 Congrcgati
3514 4246 3644 4300 ergo
3684 4230 3752 4284 illi

2221 4329 2426 4382 Pascha
2466 4327 2853 4396 Hierosolymis
2887 4326 3249 4379 celebrarunt.
3301 4320 3545 4375 Mactavit
3597 4329 3767 4375 autem

552 4405 723 4461 Israel
761 4405 973 4460 decimo
1004 4405 1256 4474 septimo.
1286 4407 1418 4474 Ejus
1452 4414 1693 4475 tempore
1724 4408 2113 4477 prophetat-unt
2152 4397 2193 4453 1³
2228 4417 2420 4471 Εκριςῐει
2460 4416 2615 4470 Iudae
2662 4430 2751 4468 rex
2797 4400 3057 4483 juvencos
3089 4412 3171 4465 bis
3212 4412 3376 4470 mille,
3410 4409 3645 4479 pecudes
3690 4424 3771 4462 se-

554 4496 742 4558 Isaias,
803 4494 994 4557 Oscas,
1038 4507 1093 4549 et
1144 4496 1338 4559 Mieha,
1376 4498 1737 4567 princepsque
1771 4500 2115 4553 sacerdotum

551 4597 669 4643 erat
702 4586 851 4641 Uria.
888 4585 1169 4640 Profectus
1213 4596 1393 4641 autem
1445 4587 1612 4642 Rczin
1664 4588 1912 4644 Damasci
1971 4605 2064 4644 rex
2096 4631 2111 4655 ,

555 4692 663 4732 una
690 4692 812 4731 cum
842 4676 1077 4741 pt’kllllﬂ,
1111 4677 1327 4733 lsraelis
1355 4693 1500 4749 rege,
1528 4677 1891 4751 Hierosolyma
1927 4696 2117 4736 ascen-

556 4767 691 4823 dens
723 4781 841 4821 eam
880 4766 1133 4830 obsedit;
1167 4782 1328 4835 quam
1356 4785 1478 4823 cum
1505 4784 1700 4838 capere
1725 4785 1830 4824 non
1863 4782 2115 4838 possent,

559 4860 762 4914 reversi
794 4852 1305 4927 suut.Va5tavitque
1335 4858 1521 4922 Bezin,
1560 4861 1803 4933 Damasci
1840 4876 1951 4923 rex,
1988 4860 2115 4913 Lam

560 4950 728 5021 Syria:
761 4949 967 5012 urbem,
1012 4950 1065 5002 in
1118 4965 1259 5017 qua,
1308 4950 1558 5005 abductis
1595 4934 1717 5009 inde
1763 4951 1983 5014 Judaris,
2018 4954 2121 5007 Ro-

562 5056 723 5096 ιυωοε
746 5041 812 5093 ad
845 5042 1015 5109 ipsam
1052 5041 1393 5095 incolendarn
1430 5042 1642 5107 statuit,
1676 5044 1769 5111 qui
1819 5058 1934 5095 eam
1975 5044 2120 5097 hunc

562 5146 734 5201 usque
775 5132 914 5184 diem
969 5132 1228 5185 incolunt.
1260 5132 1487 5200 Scripsit
1536 5148 1664 5197 ergo
1714 5132 1918 5194 Acbaz,
1968 5134 2120 5188 JtltliB

564 5240 679 5294 res,
713 5223 779 5276 ad
812 5222 1301 5277 Salmau-nssarum
1326 5263 1339 5284 ,
1382 5238 1558 5291 regem
1599 5223 1766 5276 Musa!
1792 5264 1806 5288 ,
1854 5212 2121 5295 operit-ab

570 5315 692 5383 ipso
731 5314 950 5383 petitum
980 5353 994 5376 ,
1024 5316 1190 5367 misso
1224 5314 1287 5366 ad
1343 5312 1519 5382 ipsum
1572 5315 1933 5384 quodcunque
1963 5320 2076 5370 auri
2104 5360 2119 5381 ,

566 5404 799 5472 argenti,
831 5419 893 5457 ac
928 5419 1256 5472 gemmarum
1292 5404 1343 5456 in
1374 5406 1573 5472 templo
1600 5408 1891 5474 repositum
1929 5406 2119 5462 fuerat.

573 5493 653 5551 Ad
689 5512 848 5566 quem
882 5512 1010 5565 ergo
1044 5498 1301 5550 accedens
1343 5512 1464 5549 cum
1496 5500 1825 5552 exercitibus
1872 5501 1984 5550 suis
2036 5514 2122 5551 rex

575 5587 764 5649 Musal,
804 5588 1117 5643 Damste-um
1153 5600 1361 5655 captam
1405 5591 1522 5649 igth
1555 5590 1873 5650 mnibus-it,
1918 5606 2125 5664 regem-

581 5691 684 5743 que
721 5676 889 5743 ips'ms
932 5675 1093 5729 liezin
1136 5688 1305 5728 inmte
1349 5676 1543 5729 :llIreit.
1583 5678 1860 5734 Profectus
1887 5691 1961 5731 est
2000 5697 2126 5744 ergo

1644 6460 2045 6488 ν-ιέ-ν-..ωᾌ

2228 4508 2367 4578 pties
2401 4507 2582 4571 mille;
2615 4504 2853 4575 ιιι-ιντεριί
2884 4506 3001 4573 ejus
3045 4504 3305 4569 iuvencos
3352 4500 3514 4559 mille,
3552 4500 3771 4567 pecutlt's

2226 4600 2406 4654 decies
2442 4599 2605 4661 mille,
2640 4597 2947 4662 festumque
2985 4595 3264 4663 pulchrum
3287 4599 3352 4645 ’et
3383 4592 3661 4657 copiosum
3692 4604 3769 4642 ce-

2225 4692 2521 4747 lebrarunt.
2543 4688 2709 4741 Porro
2732 4701 2871 4740 anno
2895 4686 3040 4753 regni
3074 4683 3281 4737 Ezekize
3320 4682 3462 4749 regis
3492 4680 3661 4742 Iudae,
3686 4678 3771 4732 de-

2226 4782 2365 4834 cimo
2382 4791 2595 4843 quarto,
2618 4793 2737 4830 cum
2764 4777 3061 4830 ascendens
3100 4773 3467 4827 Seunacberib
3486 4787 3576 4825 rex
3600 4768 3761 4823 Husal

2225 4869 2707 4935 interramJudae,
2757 4868 2950 4921 multas
2988 4867 3106 4933 ejus
3140 4864 3301 4918 urbes
3330 4862 3587 4930 cepisset,
3626 4868 3763 4914 uictu

2224 4962 2343 5030 ejus
2374 4959 2657 5028 perculsus
2693 4957 2917 5011 Ezekias
2958 4954 3111 5009 Judaz
3134 4969 3249 5016 rex,
3281 4952 3427 5005 misit
3483 4951 3547 5005 ad
3585 4954 3767 5020 ipsum,

2226 5049 2476 5105 Lachishi
2507 5060 2618 5102 tuo:
2647 5056 2947 5099 manentem
2974 5041 3230 5114 [dicens],
3255 5042 3618 5110 quodcunque
3653 5039 3768 5091 mihi

2228 5122 2578 5205 imposueris,‘
2599 5150 2697 5199 ego
2750 5136 2801 5187 in
2833 5150 2915 5187 me
2952 5134 3043 5186 tibi
3076 5132 3437 5199 pra-standum
3468 5132 3766 5200 suscipiam.

2230 5230 2391 5283 modo
2418 5246 2445 5281 τι
2473 5246 2555 5281 me
2585 5228 2824 5280 recedas.
2861 5224 3089 5293 Scripsit
3115 5238 3242 5289 ergo
3274 5222 3339 5275 ad
3375 5222 3547 5288 ipsum
3578 5221 3768 5273 Setina-

2226 5322 2434 5383 elu-rib,
2462 5336 2549 5373 rex
2574 5319 2765 5372 Musal:
2790 5316 2912 5377 Fac,
2933 5316 3059 5369 mibi
3085 5314 3198 5367 auri
3218 5314 3412 5367 talenta
3434 5322 3772 5374 trec«:nta,ar-

2153 5473 2169 5493 .
2228 5412 2370 5479 genti
2394 5422 2474 5463 ter
2495 5412 2636 5463 ruille
2653 5409 2845 5462 afferas
2870 5424 2883 5461 :
2910 5407 3100 5461 obtulit
3126 5422 3251 5475 ergo
3271 5406 3369 5473 ipsi
3392 5405 3580 5459 Ezrkia
3612 5403 3769 5471 quod-

2232 5519 2444 5571 Cunquc
2473 5505 2525 5555 in
2562 5493 2756 5571 templo
2792 5500 2894 5552 fuit
2925 5502 3037 5551 auri
3062 5498 3221 5567 236
3245 5507 3401 5565 atque
3432 5499 3656 5564 argenti,
3687 5508 3767 5547 nee

2233 5610 2335 5643 mm
2372 5602 2552 5659 portas
2585 5590 2764 5655 templi
2785 5604 2975 5641 aureas
2998 5586 3303 5641 confractas
3328 5586 3389 5639 ad
3413 5585 3585 5654 ipsum
3616 5584 3761 5635 misit.

2236 5681 2270 5731 li
2293 5683 2425 5732 'llf‘lll
2460 5694 2632 5734 nu'cm
2673 5688 2829 5732 nocte
2858 5678 3044 5727 oborto
3084 5677 3132 5726 in
3166 5676 3400 5731 exercitu
3433 5668 3762 5728 Senacheribi
