  <div class='ocr_page' id='page_1' title='image "/cluster/home/n/w/nwhite01/storage/ocr_20150623/111/hvd.32044010574143/488.png"; bbox 0 0 4138 6468; ppageno 0'>
   <div class='ocr_carea' id='block_1_1' title="bbox 449 294 544 358">
    <p class='ocr_par' dir='ltr' id='par_1_1' title="bbox 449 294 544 358">
     <span class='ocr_line' id='line_1_1' title="bbox 449 294 544 358; baseline 0.021 -2"><span class='ocrx_word' id='word_1_1' title='bbox 449 294 544 358; x_wconf 81' lang='grc'><strong>961</strong></span> 
     </span>
    </p>
   </div>
   <div class='ocr_carea' id='block_1_2' title="bbox 1854 301 2221 362">
    <p class='ocr_par' dir='ltr' id='par_1_2' title="bbox 1854 301 2221 362">
     <span class='ocr_line' id='line_1_2' title="bbox 1854 301 2221 362; baseline 0.008 -4"><span class='ocrx_word' id='word_1_2' title='bbox 1854 301 2221 362; x_wconf 64' lang='lat' dir='ltr'><strong>ANNAIES.</strong></span> 
     </span>
    </p>
   </div>
   <div class='ocr_carea' id='block_1_3' title="bbox 3537 283 3648 358">
    <p class='ocr_par' dir='ltr' id='par_1_3' title="bbox 3537 283 3648 358">
     <span class='ocr_line' id='line_1_3' title="bbox 3537 283 3648 358; baseline 0.018 -2"><span class='ocrx_word' id='word_1_3' title='bbox 3537 283 3648 358; x_wconf 59' lang='lat' dir='ltr'><strong>nos</strong></span> 
     </span>
    </p>
   </div>
   <div class='ocr_carea' id='block_1_4' title="bbox 462 411 3633 484">
    <p class='ocr_par' dir='ltr' id='par_1_4' title="bbox 462 411 3633 484">
     <span class='ocr_line' id='line_1_4' title="bbox 462 411 3633 484; baseline -0.002 -19"><span class='ocrx_word' id='word_1_4' title='bbox 462 413 781 482; x_wconf 69' lang='lat' dir='ltr'><strong>regisllusal</strong></span> <span class='ocrx_word' id='word_1_5' title='bbox 801 427 1036 476; x_wconf 85' lang='lat' dir='ltr'><strong>rumore,</strong></span> <span class='ocrx_word' id='word_1_6' title='bbox 1061 412 1285 480; x_wconf 79' lang='lat' dir='ltr'><strong>aliisque</strong></span> <span class='ocrx_word' id='word_1_7' title='bbox 1312 412 1444 464; x_wconf 87' lang='lat' dir='ltr'><strong>alios</strong></span> <span class='ocrx_word' id='word_1_8' title='bbox 1474 413 1793 467; x_wconf 75' lang='lat' dir='ltr'><strong>ett-dentibus</strong></span> <span class='ocrx_word' id='word_1_9' title='bbox 1817 430 1997 484; x_wconf 72' lang='lat' dir='ltr'><strong>egres«</strong></span> <span class='ocrx_word' id='word_1_10' title='bbox 2026 421 2068 475; x_wconf 77' lang='grc' dir='ltr'>Α</span> <span class='ocrx_word' id='word_1_11' title='bbox 2105 417 2225 481; x_wconf 74' lang='lat' dir='ltr'><strong>igne.</strong></span> <span class='ocrx_word' id='word_1_12' title='bbox 2259 414 2590 476; x_wconf 82' lang='lat' dir='ltr'><strong>combussit;</strong></span> <span class='ocrx_word' id='word_1_13' title='bbox 2639 413 2833 466; x_wconf 80' lang='lat' dir='ltr'><strong>occisis</strong></span> <span class='ocrx_word' id='word_1_14' title='bbox 2873 412 3088 476; x_wconf 89' lang='lat' dir='ltr'><strong>insuper</strong></span> <span class='ocrx_word' id='word_1_15' title='bbox 3126 418 3175 462; x_wconf 78' lang='lat' dir='ltr'><strong>rt</strong></span> <span class='ocrx_word' id='word_1_16' title='bbox 3222 411 3339 478; x_wconf 75' lang='lat' dir='ltr'><strong>igne</strong></span> <span class='ocrx_word' id='word_1_17' title='bbox 3387 411 3633 461; x_wconf 67' lang='lat' dir='ltr'><strong>(remotis</strong></span> 
     </span>
    </p>
   </div>
   <div class='ocr_carea' id='block_1_5' title="bbox 445 500 1981 570">
    <p class='ocr_par' dir='ltr' id='par_1_5' title="bbox 445 500 1981 570">
     <span class='ocr_line' id='line_1_5' title="bbox 445 500 1981 570; baseline -0.002 -11"><span class='ocrx_word' id='word_1_18' title='bbox 445 520 535 559; x_wconf 87' lang='lat' dir='ltr'><strong>sus</strong></span> <span class='ocrx_word' id='word_1_19' title='bbox 570 502 809 566; x_wconf 74' lang='lat' dir='ltr'><strong>Ezekias,</strong></span> <span class='ocrx_word' id='word_1_20' title='bbox 841 518 927 556; x_wconf 84' lang='lat' dir='ltr'><strong>rex</strong></span> <span class='ocrx_word' id='word_1_21' title='bbox 968 500 1139 563; x_wconf 70' lang='lat' dir='ltr'><strong>Judac,</strong></span> <span class='ocrx_word' id='word_1_22' title='bbox 1179 501 1443 554; x_wconf 69' lang='lat' dir='ltr'><strong>interfecit</strong></span> <span class='ocrx_word' id='word_1_23' title='bbox 1487 515 1548 554; x_wconf 83' lang='lat' dir='ltr'><strong>ex</strong></span> <span class='ocrx_word' id='word_1_24' title='bbox 1579 501 1708 570; x_wconf 87' lang='lat' dir='ltr'><strong>ipsis</strong></span> <span class='ocrx_word' id='word_1_25' title='bbox 1746 503 1981 558; x_wconf 84' lang='lat' dir='ltr'><strong>virorum</strong></span> 
     </span>
    </p>
   </div>
   <div class='ocr_carea' id='block_1_6' title="bbox 444 587 1975 657">
    <p class='ocr_par' dir='ltr' id='par_1_6' title="bbox 444 587 1975 657">
     <span class='ocr_line' id='line_1_6' title="bbox 444 587 1975 657; baseline -0.002 -14"><span class='ocrx_word' id='word_1_26' title='bbox 444 592 646 644; x_wconf 77' lang='lat' dir='ltr'><strong>centies</strong></span> <span class='ocrx_word' id='word_1_27' title='bbox 693 589 934 652; x_wconf 71' lang='lat' dir='ltr'><strong>ortngies</strong></span> <span class='ocrx_word' id='word_1_28' title='bbox 968 587 1254 657; x_wconf 83' lang='lat' dir='ltr'><strong>quinquies</strong></span> <span class='ocrx_word' id='word_1_29' title='bbox 1310 587 1472 640; x_wconf 89' lang='lat' dir='ltr'><strong>mille.</strong></span> <span class='ocrx_word' id='word_1_30' title='bbox 1520 587 1975 643; x_wconf 88' lang='lat' dir='ltr'><strong>Sennacheribum</strong></span> 
     </span>
    </p>
   </div>
   <div class='ocr_carea' id='block_1_7' title="bbox 444 674 1983 748">
    <p class='ocr_par' dir='ltr' id='par_1_7' title="bbox 444 674 1983 748">
     <span class='ocr_line' id='line_1_7' title="bbox 444 674 1983 748; baseline -0.001 -15"><span class='ocrx_word' id='word_1_31' title='bbox 444 694 567 733; x_wconf 79' lang='lat' dir='ltr'><strong>vero</strong></span> <span class='ocrx_word' id='word_1_32' title='bbox 603 694 776 748; x_wconf 89' lang='lat' dir='ltr'><strong>regem</strong></span> <span class='ocrx_word' id='word_1_33' title='bbox 811 677 1000 741; x_wconf 79' lang='lat' dir='ltr'><strong>Musal,</strong></span> <span class='ocrx_word' id='word_1_34' title='bbox 1034 692 1158 731; x_wconf 88' lang='lat' dir='ltr'><strong>cum</strong></span> <span class='ocrx_word' id='word_1_35' title='bbox 1198 675 1422 746; x_wconf 78' lang='lat' dir='ltr'><strong>fugisset</strong></span> <span class='ocrx_word' id='word_1_36' title='bbox 1453 674 1708 741; x_wconf 78' lang='lat' dir='ltr'><strong>Nineven,</strong></span> <span class='ocrx_word' id='word_1_37' title='bbox 1745 679 1835 732; x_wconf 80' lang='lat' dir='ltr'><strong>lilii</strong></span> <span class='ocrx_word' id='word_1_38' title='bbox 1868 680 1983 746; x_wconf 85' lang='lat' dir='ltr'><strong>ejus</strong></span> 
     </span>
    </p>
   </div>
   <div class='ocr_carea' id='block_1_8' title="bbox 443 768 1980 838">
    <p class='ocr_par' dir='ltr' id='par_1_8' title="bbox 443 768 1980 838">
     <span class='ocr_line' id='line_1_8' title="bbox 443 768 1980 838; baseline -0.001 -15"><span class='ocrx_word' id='word_1_39' title='bbox 443 771 570 832; x_wconf 79' lang='lat' dir='ltr'><strong>duo.</strong></span> <span class='ocrx_word' id='word_1_40' title='bbox 604 770 1030 838; x_wconf 80' lang='lat' dir='ltr'><strong>quorumalteri</strong></span> <span class='ocrx_word' id='word_1_41' title='bbox 1079 782 1273 820; x_wconf 91' lang='lat' dir='ltr'><strong>nomen</strong></span> <span class='ocrx_word' id='word_1_42' title='bbox 1318 768 1492 822; x_wconf 82' lang='lat' dir='ltr'><strong>Anzar</strong></span> <span class='ocrx_word' id='word_1_43' title='bbox 1538 769 1745 822; x_wconf 86' lang='lat' dir='ltr'><strong>Malaclt</strong></span> <span class='ocrx_word' id='word_1_44' title='bbox 1772 811 1786 830; x_wconf 85' lang='lat'><em>.</em></span> <span class='ocrx_word' id='word_1_45' title='bbox 1827 771 1980 823; x_wconf 81' lang='lat' dir='ltr'><strong>alteri</strong></span> 
     </span>
    </p>
   </div>
   <div class='ocr_carea' id='block_1_9' title="bbox 445 858 1979 926">
    <p class='ocr_par' dir='ltr' id='par_1_9' title="bbox 445 858 1979 926">
     <span class='ocr_line' id='line_1_9' title="bbox 445 858 1979 926; baseline 0 -12"><span class='ocrx_word' id='word_1_46' title='bbox 445 861 688 924; x_wconf 84' lang='lat' dir='ltr'><strong>Sareser,</strong></span> <span class='ocrx_word' id='word_1_47' title='bbox 727 861 777 912; x_wconf 87' lang='lat' dir='ltr'><strong>itt</strong></span> <span class='ocrx_word' id='word_1_48' title='bbox 813 859 989 926; x_wconf 91' lang='lat' dir='ltr'><strong>ipsum</strong></span> <span class='ocrx_word' id='word_1_49' title='bbox 1024 858 1306 920; x_wconf 90' lang='lat' dir='ltr'><strong>irruentes,</strong></span> <span class='ocrx_word' id='word_1_50' title='bbox 1337 859 1512 926; x_wconf 87' lang='lat' dir='ltr'><strong>gladio</strong></span> <span class='ocrx_word' id='word_1_51' title='bbox 1560 860 1979 924; x_wconf 79' lang='lat' dir='ltr'><strong>interfecerunt;</strong></span> 
     </span>
    </p>
   </div>
   <div class='ocr_carea' id='block_1_10' title="bbox 420 946 1979 1020">
    <p class='ocr_par' dir='ltr' id='par_1_10' title="bbox 420 946 1979 1020">
     <span class='ocr_line' id='line_1_10' title="bbox 420 946 1979 1020; baseline -0.001 -18"><span class='ocrx_word' id='word_1_52' title='bbox 420 952 628 1006; x_wconf 77' lang='lat' dir='ltr'><strong>deinde</strong></span> <span class='ocrx_word' id='word_1_53' title='bbox 675 953 725 1004; x_wconf 87' lang='lat' dir='ltr'><strong>itt</strong></span> <span class='ocrx_word' id='word_1_54' title='bbox 760 960 954 1002; x_wconf 88' lang='lat' dir='ltr'><strong>terram</strong></span> <span class='ocrx_word' id='word_1_55' title='bbox 1003 946 1214 1020; x_wconf 80' lang='lat' dir='ltr'><strong>Korda,</strong></span> <span class='ocrx_word' id='word_1_56' title='bbox 1240 964 1357 1016; x_wconf 72' lang='lat' dir='ltr'><strong>qua:</strong></span> <span class='ocrx_word' id='word_1_57' title='bbox 1384 957 1465 1002; x_wconf 86' lang='lat' dir='ltr'><strong>est</strong></span> <span class='ocrx_word' id='word_1_58' title='bbox 1505 955 1646 1002; x_wconf 90' lang='lat' dir='ltr'><strong>terra</strong></span> <span class='ocrx_word' id='word_1_59' title='bbox 1685 948 1979 1011; x_wconf 82' lang='lat' dir='ltr'><strong>Al-Musal,</strong></span> 
     </span>
    </p>
   </div>
   <div class='ocr_carea' id='block_1_11' title="bbox 439 1033 1982 1109">
    <p class='ocr_par' dir='ltr' id='par_1_11' title="bbox 439 1033 1982 1109">
     <span class='ocr_line' id='line_1_11' title="bbox 439 1033 1982 1109; baseline -0.004 -13"><span class='ocrx_word' id='word_1_60' title='bbox 439 1033 714 1109; x_wconf 71' lang='lat' dir='ltr'><strong>fugerunt.</strong></span> <span class='ocrx_word' id='word_1_61' title='bbox 745 1039 852 1093; x_wconf 87' lang='lat' dir='ltr'><strong>Iste</strong></span> <span class='ocrx_word' id='word_1_62' title='bbox 885 1037 1074 1092; x_wconf 64' lang='lat' dir='ltr'><strong>I&#39;lzeltia</strong></span> <span class='ocrx_word' id='word_1_63' title='bbox 1105 1054 1196 1091; x_wconf 90' lang='lat' dir='ltr'><strong>rex</strong></span> <span class='ocrx_word' id='word_1_64' title='bbox 1216 1076 1231 1100; x_wconf 87' lang='lat'><strong>,</strong></span> <span class='ocrx_word' id='word_1_65' title='bbox 1279 1039 1365 1092; x_wconf 92' lang='lat' dir='ltr'><strong>ille</strong></span> <span class='ocrx_word' id='word_1_66' title='bbox 1417 1048 1531 1092; x_wconf 84' lang='lat' dir='ltr'><strong>erat</strong></span> <span class='ocrx_word' id='word_1_67' title='bbox 1558 1039 1716 1106; x_wconf 91' lang='lat' dir='ltr'><strong>cujus</strong></span> <span class='ocrx_word' id='word_1_68' title='bbox 1741 1040 1859 1091; x_wconf 66' lang='lat' dir='ltr'><strong>vita:</strong></span> <span class='ocrx_word' id='word_1_69' title='bbox 1891 1039 1982 1090; x_wconf 84' lang='lat' dir='ltr'><strong>ad-</strong></span> 
     </span>
    </p>
   </div>
   <div class='ocr_carea' id='block_1_12' title="bbox 444 1125 1979 1195">
    <p class='ocr_par' dir='ltr' id='par_1_12' title="bbox 444 1125 1979 1195">
     <span class='ocr_line' id='line_1_12' title="bbox 444 1125 1979 1195; baseline -0.004 -12"><span class='ocrx_word' id='word_1_70' title='bbox 444 1131 576 1184; x_wconf 91' lang='lat' dir='ltr'><strong>didit</strong></span> <span class='ocrx_word' id='word_1_71' title='bbox 610 1128 866 1187; x_wconf 81' lang='lat' dir='ltr'><strong>Dominus</strong></span> <span class='ocrx_word' id='word_1_72' title='bbox 902 1142 1071 1180; x_wconf 87' lang='lat' dir='ltr'><strong>annos</strong></span> <span class='ocrx_word' id='word_1_73' title='bbox 1106 1126 1408 1195; x_wconf 82' lang='lat' dir='ltr'><strong>quindecim</strong></span> <span class='ocrx_word' id='word_1_74' title='bbox 1437 1165 1452 1189; x_wconf 95' lang='lat'><strong>,</strong></span> <span class='ocrx_word' id='word_1_75' title='bbox 1502 1125 1646 1192; x_wconf 85' lang='lat' dir='ltr'><strong>quod</strong></span> <span class='ocrx_word' id='word_1_76' title='bbox 1672 1167 1686 1190; x_wconf 93' lang='lat'><strong>,</strong></span> <span class='ocrx_word' id='word_1_77' title='bbox 1738 1125 1979 1187; x_wconf 87' lang='lat' dir='ltr'><strong>scilicet,</strong></span> 
     </span>
    </p>
   </div>
   <div class='ocr_carea' id='block_1_13' title="bbox 411 1201 1979 1288">
    <p class='ocr_par' dir='ltr' id='par_1_13' title="bbox 411 1201 1979 1288">
     <span class='ocr_line' id='line_1_13' title="bbox 411 1201 1979 1288; baseline -0.003 -17"><span class='ocrx_word' id='word_1_78' title='bbox 411 1230 418 1234; x_wconf 80' lang='grc'><em>’</em></span> <span class='ocrx_word' id='word_1_79' title='bbox 451 1219 746 1288; x_wconf 89' lang='lat' dir='ltr'><strong>propinqua</strong></span> <span class='ocrx_word' id='word_1_80' title='bbox 781 1201 947 1272; x_wconf 80' lang='lat' dir='ltr'><strong>morte</strong></span> <span class='ocrx_word' id='word_1_81' title='bbox 978 1226 1097 1270; x_wconf 88' lang='lat' dir='ltr'><strong>cum</strong></span> <span class='ocrx_word' id='word_1_82' title='bbox 1134 1217 1314 1270; x_wconf 91' lang='lat' dir='ltr'><strong>nullus</strong></span> <span class='ocrx_word' id='word_1_83' title='bbox 1342 1215 1442 1284; x_wconf 88' lang='lat' dir='ltr'><strong>ipsi</strong></span> <span class='ocrx_word' id='word_1_84' title='bbox 1479 1216 1620 1268; x_wconf 81' lang='lat' dir='ltr'><strong>lilius</strong></span> <span class='ocrx_word' id='word_1_85' title='bbox 1650 1222 1820 1278; x_wconf 84' lang='lat' dir='ltr'><strong>esset,</strong></span> <span class='ocrx_word' id='word_1_86' title='bbox 1847 1228 1979 1266; x_wconf 87' lang='lat' dir='ltr'><strong>con-</strong></span> 
     </span>
    </p>
   </div>
   <div class='ocr_carea' id='block_1_14' title="bbox 445 1303 1978 1377">
    <p class='ocr_par' dir='ltr' id='par_1_14' title="bbox 445 1303 1978 1377">
     <span class='ocr_line' id='line_1_14' title="bbox 445 1303 1978 1377; baseline -0.001 -18"><span class='ocrx_word' id='word_1_87' title='bbox 445 1313 598 1361; x_wconf 81' lang='lat' dir='ltr'><strong>versa</strong></span> <span class='ocrx_word' id='word_1_88' title='bbox 632 1309 886 1377; x_wconf 80' lang='lat' dir='ltr'><strong>parietem</strong></span> <span class='ocrx_word' id='word_1_89' title='bbox 936 1305 1075 1362; x_wconf 78' lang='lat' dir='ltr'><strong>faeie</strong></span> <span class='ocrx_word' id='word_1_90' title='bbox 1106 1321 1288 1360; x_wconf 85' lang='lat' dir='ltr'><strong>amare</strong></span> <span class='ocrx_word' id='word_1_91' title='bbox 1323 1305 1472 1359; x_wconf 81' lang='lat' dir='ltr'><strong>ﬂeret</strong></span> <span class='ocrx_word' id='word_1_92' title='bbox 1500 1320 1709 1359; x_wconf 82' lang='lat' dir='ltr'><strong>coram</strong></span> <span class='ocrx_word' id='word_1_93' title='bbox 1734 1303 1978 1369; x_wconf 82' lang='lat' dir='ltr'><strong>Domino.</strong></span> 
     </span>
    </p>
   </div>
   <div class='ocr_carea' id='block_1_15' title="bbox 442 1388 1983 1482">
    <p class='ocr_par' dir='ltr' id='par_1_15' title="bbox 442 1388 1983 1482">
     <span class='ocr_line' id='line_1_15' title="bbox 442 1388 1983 1482; baseline -0.003 -30"><span class='ocrx_word' id='word_1_94' title='bbox 442 1397 688 1454; x_wconf 75' lang='lat' dir='ltr'><strong>Hiserlus</strong></span> <span class='ocrx_word' id='word_1_95' title='bbox 707 1414 832 1482; x_wconf 74' lang='lat' dir='ltr'><strong>ergo</strong></span> <span class='ocrx_word' id='word_1_96' title='bbox 858 1398 1028 1466; x_wconf 83' lang='lat' dir='ltr'><strong>ipsius</strong></span> <span class='ocrx_word' id='word_1_97' title='bbox 1054 1396 1311 1450; x_wconf 86' lang='lat' dir='ltr'><strong>Dominus</strong></span> <span class='ocrx_word' id='word_1_98' title='bbox 1331 1388 1798 1460; x_wconf 77' lang='lat' dir='ltr'><strong>clementissimus,</strong></span> <span class='ocrx_word' id='word_1_99' title='bbox 1813 1397 1983 1451; x_wconf 83' lang='lat' dir='ltr'><strong>misso</strong></span> 
     </span>
    </p>
   </div>
   <div class='ocr_carea' id='block_1_16' title="bbox 443 1486 1982 1557">
    <p class='ocr_par' dir='ltr' id='par_1_16' title="bbox 443 1486 1982 1557">
     <span class='ocr_line' id='line_1_16' title="bbox 443 1486 1982 1557; baseline 0 -19"><span class='ocrx_word' id='word_1_100' title='bbox 443 1487 919 1557; x_wconf 80' lang='lat' dir='ltr'><strong>adipsum&#39;angelo,</strong></span> <span class='ocrx_word' id='word_1_101' title='bbox 964 1496 1147 1541; x_wconf 90' lang='lat' dir='ltr'><strong>notum</strong></span> <span class='ocrx_word' id='word_1_102' title='bbox 1179 1487 1277 1556; x_wconf 86' lang='lat' dir='ltr'><strong>ipsi</strong></span> <span class='ocrx_word' id='word_1_103' title='bbox 1311 1486 1431 1540; x_wconf 76' lang='lat' dir='ltr'><strong>fecit</strong></span> <span class='ocrx_word' id='word_1_104' title='bbox 1461 1503 1520 1542; x_wconf 89' lang='lat' dir='ltr'><strong>se</strong></span> <span class='ocrx_word' id='word_1_105' title='bbox 1554 1488 1857 1555; x_wconf 75' lang='lat' dir='ltr'><strong>quindecim</strong></span> <span class='ocrx_word' id='word_1_106' title='bbox 1887 1502 1982 1539; x_wconf 91' lang='lat' dir='ltr'><strong>an-</strong></span> 
     </span>
    </p>
   </div>
   <div class='ocr_carea' id='block_1_17' title="bbox 443 1574 1980 1644">
    <p class='ocr_par' dir='ltr' id='par_1_17' title="bbox 443 1574 1980 1644">
     <span class='ocr_line' id='line_1_17' title="bbox 443 1574 1980 1644; baseline -0.001 -15"><span class='ocrx_word' id='word_1_107' title='bbox 443 1592 540 1631; x_wconf 88' lang='lat' dir='ltr'><strong>nos</strong></span> <span class='ocrx_word' id='word_1_108' title='bbox 572 1578 692 1631; x_wconf 68' lang='lat' dir='ltr'><strong>vitae</strong></span> <span class='ocrx_word' id='word_1_109' title='bbox 719 1575 887 1644; x_wconf 81' lang='lat' dir='ltr'><strong>ipsius</strong></span> <span class='ocrx_word' id='word_1_110' title='bbox 923 1576 1197 1644; x_wconf 81' lang='lat' dir='ltr'><strong>adjecisse.</strong></span> <span class='ocrx_word' id='word_1_111' title='bbox 1229 1574 1398 1626; x_wconf 80' lang='lat' dir='ltr'><strong>Natus</strong></span> <span class='ocrx_word' id='word_1_112' title='bbox 1426 1585 1508 1627; x_wconf 89' lang='lat' dir='ltr'><strong>est</strong></span> <span class='ocrx_word' id='word_1_113' title='bbox 1531 1588 1655 1642; x_wconf 82' lang='lat' dir='ltr'><strong>ergo</strong></span> <span class='ocrx_word' id='word_1_114' title='bbox 1701 1575 1802 1642; x_wconf 89' lang='lat' dir='ltr'><strong>ipsi</strong></span> <span class='ocrx_word' id='word_1_115' title='bbox 1845 1574 1980 1628; x_wconf 76' lang='lat' dir='ltr'><strong>illius</strong></span> 
     </span>
    </p>
   </div>
   <div class='ocr_carea' id='block_1_18' title="bbox 437 1665 1977 1736">
    <p class='ocr_par' dir='ltr' id='par_1_18' title="bbox 437 1665 1977 1736">
     <span class='ocr_line' id='line_1_18' title="bbox 437 1665 1977 1736; baseline -0.001 -19"><span class='ocrx_word' id='word_1_116' title='bbox 437 1683 591 1736; x_wconf 87' lang='lat' dir='ltr'><strong>quctn</strong></span> <span class='ocrx_word' id='word_1_117' title='bbox 620 1668 912 1721; x_wconf 77' lang='lat' dir='ltr'><strong>Manassom</strong></span> <span class='ocrx_word' id='word_1_118' title='bbox 937 1667 1238 1733; x_wconf 83' lang='lat' dir='ltr'><strong>appellavit.</strong></span> <span class='ocrx_word' id='word_1_119' title='bbox 1274 1665 1459 1732; x_wconf 85' lang='lat' dir='ltr'><strong>Porro,</strong></span> <span class='ocrx_word' id='word_1_120' title='bbox 1496 1666 1689 1717; x_wconf 90' lang='lat' dir='ltr'><strong>dicitur</strong></span> <span class='ocrx_word' id='word_1_121' title='bbox 1715 1665 1862 1718; x_wconf 92' lang='lat' dir='ltr'><strong>illum</strong></span> <span class='ocrx_word' id='word_1_122' title='bbox 1891 1667 1977 1733; x_wconf 90' lang='lat' dir='ltr'><strong>qui</strong></span> 
     </span>
    </p>
   </div>
   <div class='ocr_carea' id='block_1_19' title="bbox 2094 501 3631 563">
    <p class='ocr_par' dir='ltr' id='par_1_19' title="bbox 2094 501 3631 563">
     <span class='ocr_line' id='line_1_19' title="bbox 2094 501 3631 563; baseline -0.003 -11"><span class='ocrx_word' id='word_1_123' title='bbox 2094 502 2363 554; x_wconf 83' lang='lat' dir='ltr'><strong>idolorum</strong></span> <span class='ocrx_word' id='word_1_124' title='bbox 2409 501 2806 563; x_wconf 82' lang='lat' dir='ltr'><strong>sacerdotibus.</strong></span> <span class='ocrx_word' id='word_1_125' title='bbox 2854 517 2949 554; x_wconf 80' lang='lat' dir='ltr'><strong>nec</strong></span> <span class='ocrx_word' id='word_1_126' title='bbox 2986 518 3088 557; x_wconf 90' lang='lat' dir='ltr'><strong>non</strong></span> <span class='ocrx_word' id='word_1_127' title='bbox 3131 517 3254 554; x_wconf 83' lang='lat' dir='ltr'><strong>ossa</strong></span> <span class='ocrx_word' id='word_1_128' title='bbox 3302 509 3631 552; x_wconf 86' lang='lat' dir='ltr'><strong>mortuorum</strong></span> 
     </span>
    </p>
   </div>
   <div class='ocr_carea' id='block_1_20' title="bbox 2088 585 3628 658">
    <p class='ocr_par' dir='ltr' id='par_1_20' title="bbox 2088 585 3628 658">
     <span class='ocr_line' id='line_1_20' title="bbox 2088 585 3628 658; baseline -0.003 -16"><span class='ocrx_word' id='word_1_129' title='bbox 2088 591 2178 658; x_wconf 89' lang='lat' dir='ltr'><strong>qui</strong></span> <span class='ocrx_word' id='word_1_130' title='bbox 2253 591 2386 644; x_wconf 90' lang='lat' dir='ltr'><strong>idola</strong></span> <span class='ocrx_word' id='word_1_131' title='bbox 2447 585 2730 644; x_wconf 61' lang='lat' dir='ltr'><strong>colueran&#39;t</strong></span> <span class='ocrx_word' id='word_1_132' title='bbox 2801 592 3024 644; x_wconf 87' lang='lat' dir='ltr'><strong>collecta</strong></span> <span class='ocrx_word' id='word_1_133' title='bbox 3093 589 3321 643; x_wconf 75' lang='lat' dir='ltr'><strong>ﬂammis</strong></span> <span class='ocrx_word' id='word_1_134' title='bbox 3385 586 3628 642; x_wconf 82' lang='lat' dir='ltr'><strong>tradidit.</strong></span> 
     </span>
    </p>
   </div>
   <div class='ocr_carea' id='block_1_21' title="bbox 2087 676 3635 746">
    <p class='ocr_par' dir='ltr' id='par_1_21' title="bbox 2087 676 3635 746">
     <span class='ocr_line' id='line_1_21' title="bbox 2087 676 3635 746; baseline -0.002 -16"><span class='ocrx_word' id='word_1_135' title='bbox 2087 679 2258 731; x_wconf 89' lang='lat' dir='ltr'><strong>Porro</strong></span> <span class='ocrx_word' id='word_1_136' title='bbox 2292 693 2432 732; x_wconf 90' lang='lat' dir='ltr'><strong>anno</strong></span> <span class='ocrx_word' id='word_1_137' title='bbox 2467 682 2614 746; x_wconf 82' lang='lat' dir='ltr'><strong>regni</strong></span> <span class='ocrx_word' id='word_1_138' title='bbox 2647 679 2729 732; x_wconf 88' lang='lat' dir='ltr'><strong>sui</strong></span> <span class='ocrx_word' id='word_1_139' title='bbox 2762 679 2976 731; x_wconf 89' lang='lat' dir='ltr'><strong>decimo</strong></span> <span class='ocrx_word' id='word_1_140' title='bbox 3021 687 3210 731; x_wconf 90' lang='lat' dir='ltr'><strong>octavo</strong></span> <span class='ocrx_word' id='word_1_141' title='bbox 3254 677 3458 730; x_wconf 82' lang='lat' dir='ltr'><strong>Pascha</strong></span> <span class='ocrx_word' id='word_1_142' title='bbox 3487 676 3635 730; x_wconf 83' lang='lat' dir='ltr'><strong>cele-</strong></span> 
     </span>
    </p>
   </div>
   <div class='ocr_carea' id='block_1_22' title="bbox 2095 766 3630 836">
    <p class='ocr_par' dir='ltr' id='par_1_22' title="bbox 2095 766 3630 836">
     <span class='ocr_line' id='line_1_22' title="bbox 2095 766 3630 836; baseline -0.002 -15"><span class='ocrx_word' id='word_1_143' title='bbox 2095 768 2267 821; x_wconf 85' lang='lat' dir='ltr'><strong>bravit</strong></span> <span class='ocrx_word' id='word_1_144' title='bbox 2295 770 2453 836; x_wconf 80' lang='lat' dir='ltr'><strong>quale</strong></span> <span class='ocrx_word' id='word_1_145' title='bbox 2483 782 2639 822; x_wconf 90' lang='lat' dir='ltr'><strong>nemo</strong></span> <span class='ocrx_word' id='word_1_146' title='bbox 2671 783 2900 836; x_wconf 89' lang='lat' dir='ltr'><strong>unquam</strong></span> <span class='ocrx_word' id='word_1_147' title='bbox 2932 766 3298 820; x_wconf 79' lang='lat' dir='ltr'><strong>celebraverat</strong></span> <span class='ocrx_word' id='word_1_148' title='bbox 3331 783 3359 819; x_wconf 86' lang='lat' dir='ltr'><strong>a</strong></span> <span class='ocrx_word' id='word_1_149' title='bbox 3393 777 3630 833; x_wconf 80' lang='lat' dir='ltr'><strong>tetttpntc</strong></span> 
     </span>
    </p>
   </div>
   <div class='ocr_carea' id='block_1_23' title="bbox 2083 856 3633 913">
    <p class='ocr_par' dir='ltr' id='par_1_23' title="bbox 2083 856 3633 913">
     <span class='ocr_line' id='line_1_23' title="bbox 2083 856 3633 913; baseline -0.003 -3"><span class='ocrx_word' id='word_1_150' title='bbox 2083 859 2246 910; x_wconf 80' lang='lat' dir='ltr'><strong>.losue</strong></span> <span class='ocrx_word' id='word_1_151' title='bbox 2279 857 2368 910; x_wconf 80' lang='lat' dir='ltr'><strong>lilii</strong></span> <span class='ocrx_word' id='word_1_152' title='bbox 2401 857 2540 913; x_wconf 81' lang='lat' dir='ltr'><strong>Non.</strong></span> <span class='ocrx_word' id='word_1_153' title='bbox 2581 858 2843 912; x_wconf 80' lang='lat' dir='ltr'><strong>Sacerdos</strong></span> <span class='ocrx_word' id='word_1_154' title='bbox 2878 867 3004 910; x_wconf 92' lang='lat' dir='ltr'><strong>tunc</strong></span> <span class='ocrx_word' id='word_1_155' title='bbox 3037 866 3153 910; x_wconf 86' lang='lat' dir='ltr'><strong>erat</strong></span> <span class='ocrx_word' id='word_1_156' title='bbox 3191 856 3362 909; x_wconf 81' lang='lat' dir='ltr'><strong>Hilkia</strong></span> <span class='ocrx_word' id='word_1_157' title='bbox 3393 856 3633 908; x_wconf 66' lang='lat' dir='ltr'><strong>Ieremia:</strong></span> 
     </span>
    </p>
   </div>
   <div class='ocr_carea' id='block_1_24' title="bbox 2086 930 3619 1013">
    <p class='ocr_par' dir='ltr' id='par_1_24' title="bbox 2086 930 3619 1013">
     <span class='ocr_line' id='line_1_24' title="bbox 2086 930 3619 1013; baseline -0.001 -18"><span class='ocrx_word' id='word_1_158' title='bbox 2086 945 2358 1013; x_wconf 71' lang='lat' dir='ltr'><strong>prophetae</strong></span> <span class='ocrx_word' id='word_1_159' title='bbox 2397 930 2578 1013; x_wconf 81' lang='lat' dir='ltr'><strong>pater;</strong></span> <span class='ocrx_word' id='word_1_160' title='bbox 2619 947 2730 1012; x_wconf 83' lang='lat' dir='ltr'><strong>qui,</strong></span> <span class='ocrx_word' id='word_1_161' title='bbox 2763 956 2972 1009; x_wconf 79' lang='lat' dir='ltr'><strong>reperto</strong></span> <span class='ocrx_word' id='word_1_162' title='bbox 2996 947 3045 997; x_wconf 89' lang='lat' dir='ltr'><strong>in</strong></span> <span class='ocrx_word' id='word_1_163' title='bbox 3078 946 3274 1013; x_wconf 85' lang='lat' dir='ltr'><strong>templo</strong></span> <span class='ocrx_word' id='word_1_164' title='bbox 3302 946 3436 997; x_wconf 88' lang='lat' dir='ltr'><strong>libro</strong></span> <span class='ocrx_word' id='word_1_165' title='bbox 3470 945 3619 1011; x_wconf 76' lang='lat' dir='ltr'><strong>legis,</strong></span> 
     </span>
    </p>
   </div>
   <div class='ocr_carea' id='block_1_25' title="bbox 2087 1035 3636 1106">
    <p class='ocr_par' dir='ltr' id='par_1_25' title="bbox 2087 1035 3636 1106">
     <span class='ocr_line' id='line_1_25' title="bbox 2087 1035 3636 1106; baseline -0.003 -17"><span class='ocrx_word' id='word_1_166' title='bbox 2087 1051 2208 1089; x_wconf 91' lang='lat' dir='ltr'><strong>cum</strong></span> <span class='ocrx_word' id='word_1_167' title='bbox 2273 1035 2422 1087; x_wconf 87' lang='lat' dir='ltr'><strong>illum</strong></span> <span class='ocrx_word' id='word_1_168' title='bbox 2481 1035 2729 1104; x_wconf 78' lang='lat' dir='ltr'><strong>legisset,</strong></span> <span class='ocrx_word' id='word_1_169' title='bbox 2792 1035 2989 1088; x_wconf 76' lang='lat' dir='ltr'><strong>Pascha</strong></span> <span class='ocrx_word' id='word_1_170' title='bbox 3037 1037 3190 1104; x_wconf 82' lang='lat' dir='ltr'><strong>juxta</strong></span> <span class='ocrx_word' id='word_1_171' title='bbox 3240 1035 3382 1106; x_wconf 89' lang='lat' dir='ltr'><strong>quod</strong></span> <span class='ocrx_word' id='word_1_172' title='bbox 3443 1036 3492 1087; x_wconf 91' lang='lat' dir='ltr'><strong>in</strong></span> <span class='ocrx_word' id='word_1_173' title='bbox 3543 1035 3636 1086; x_wconf 82' lang='lat' dir='ltr'><strong>illo</strong></span> 
     </span>
    </p>
   </div>
   <div class='ocr_carea' id='block_1_26' title="bbox 2018 1124 3634 1197">
    <p class='ocr_par' dir='ltr' id='par_1_26' title="bbox 2018 1124 3634 1197">
     <span class='ocr_line' id='line_1_26' title="bbox 2018 1124 3634 1197; baseline 0 -20"><span class='ocrx_word' id='word_1_174' title='bbox 2018 1126 2054 1155; x_wconf 56' lang='grc' dir='ltr'><strong>’λ</strong></span> <span class='ocrx_word' id='word_1_175' title='bbox 2087 1124 2401 1197; x_wconf 87' lang='lat' dir='ltr'><strong>[scriptum]</strong></span> <span class='ocrx_word' id='word_1_176' title='bbox 2447 1139 2582 1185; x_wconf 86' lang='lat' dir='ltr'><strong>erat.</strong></span> <span class='ocrx_word' id='word_1_177' title='bbox 2624 1127 2873 1179; x_wconf 81' lang='lat' dir='ltr'><strong>inStituit.</strong></span> <span class='ocrx_word' id='word_1_178' title='bbox 2922 1125 3034 1180; x_wconf 87' lang='lat' dir='ltr'><strong>Sub</strong></span> <span class='ocrx_word' id='word_1_179' title='bbox 3071 1129 3195 1197; x_wconf 80' lang='lat' dir='ltr'><strong>ipso</strong></span> <span class='ocrx_word' id='word_1_180' title='bbox 3243 1128 3634 1195; x_wconf 79' lang='lat' dir='ltr'><strong>prephetaruut</strong></span> 
     </span>
    </p>
   </div>
   <div class='ocr_carea' id='block_1_27' title="bbox 2093 1213 3636 1281">
    <p class='ocr_par' dir='ltr' id='par_1_27' title="bbox 2093 1213 3636 1281">
     <span class='ocr_line' id='line_1_27' title="bbox 2093 1213 3636 1281; baseline 0.001 -15"><span class='ocrx_word' id='word_1_181' title='bbox 2093 1213 2294 1268; x_wconf 87' lang='lat' dir='ltr'><strong>Chalda</strong></span> <span class='ocrx_word' id='word_1_182' title='bbox 2329 1231 2466 1267; x_wconf 81' lang='lat' dir='ltr'><strong>ttxur</strong></span> <span class='ocrx_word' id='word_1_183' title='bbox 2498 1215 2624 1268; x_wconf 88' lang='lat' dir='ltr'><strong>Salu</strong></span> <span class='ocrx_word' id='word_1_184' title='bbox 2685 1216 2963 1270; x_wconf 70' lang='lat' dir='ltr'><strong>icustbdis</strong></span> <span class='ocrx_word' id='word_1_185' title='bbox 2992 1218 3219 1269; x_wconf 85' lang='lat' dir='ltr'><strong>vestium</strong></span> <span class='ocrx_word' id='word_1_186' title='bbox 3247 1217 3456 1281; x_wconf 88' lang='lat' dir='ltr'><strong>templi,</strong></span> <span class='ocrx_word' id='word_1_187' title='bbox 3487 1215 3636 1268; x_wconf 82' lang='lat' dir='ltr'><strong>Jere—</strong></span> 
     </span>
    </p>
   </div>
   <div class='ocr_carea' id='block_1_28' title="bbox 2085 1303 3629 1376">
    <p class='ocr_par' dir='ltr' id='par_1_28' title="bbox 2085 1303 3629 1376">
     <span class='ocr_line' id='line_1_28' title="bbox 2085 1303 3629 1376; baseline -0.001 -19"><span class='ocrx_word' id='word_1_188' title='bbox 2085 1305 2222 1358; x_wconf 91' lang='lat' dir='ltr'><strong>mias</strong></span> <span class='ocrx_word' id='word_1_189' title='bbox 2282 1313 2334 1358; x_wconf 90' lang='lat' dir='ltr'><strong>ct</strong></span> <span class='ocrx_word' id='word_1_190' title='bbox 2385 1303 2690 1373; x_wconf 85' lang='lat' dir='ltr'><strong>Sophonias</strong></span> <span class='ocrx_word' id='word_1_191' title='bbox 2751 1306 3073 1374; x_wconf 68' lang='lat' dir='ltr'><strong>prophetas:</strong></span> <span class='ocrx_word' id='word_1_192' title='bbox 3131 1304 3396 1376; x_wconf 74' lang='lat' dir='ltr'><strong>Jeremias</strong></span> <span class='ocrx_word' id='word_1_193' title='bbox 3451 1315 3629 1371; x_wconf 83' lang='lat' dir='ltr'><strong>autem</strong></span> 
     </span>
    </p>
   </div>
   <div class='ocr_carea' id='block_1_29' title="bbox 2083 1394 3633 1464">
    <p class='ocr_par' dir='ltr' id='par_1_29' title="bbox 2083 1394 3633 1464">
     <span class='ocr_line' id='line_1_29' title="bbox 2083 1394 3633 1464; baseline -0.001 -17"><span class='ocrx_word' id='word_1_194' title='bbox 2083 1404 2364 1462; x_wconf 81' lang='lat' dir='ltr'><strong>acceptam</strong></span> <span class='ocrx_word' id='word_1_195' title='bbox 2417 1409 2596 1448; x_wconf 89' lang='lat' dir='ltr'><strong>arcam</strong></span> <span class='ocrx_word' id='word_1_196' title='bbox 2637 1394 2690 1448; x_wconf 90' lang='lat' dir='ltr'><strong>in</strong></span> <span class='ocrx_word' id='word_1_197' title='bbox 2746 1396 2919 1449; x_wconf 87' lang='lat' dir='ltr'><strong>media</strong></span> <span class='ocrx_word' id='word_1_198' title='bbox 2973 1404 3121 1464; x_wconf 81' lang='lat' dir='ltr'><strong>petra</strong></span> <span class='ocrx_word' id='word_1_199' title='bbox 3173 1396 3495 1448; x_wconf 86' lang='lat' dir='ltr'><strong>abscondit:</strong></span> <span class='ocrx_word' id='word_1_200' title='bbox 3534 1395 3633 1447; x_wconf 78' lang='lat' dir='ltr'><strong>fuit</strong></span> 
     </span>
    </p>
   </div>
   <div class='ocr_carea' id='block_1_30' title="bbox 2081 1485 3629 1556">
    <p class='ocr_par' dir='ltr' id='par_1_30' title="bbox 2081 1485 3629 1556">
     <span class='ocr_line' id='line_1_30' title="bbox 2081 1485 3629 1556; baseline 0 -19"><span class='ocrx_word' id='word_1_201' title='bbox 2081 1487 2244 1539; x_wconf 86' lang='lat' dir='ltr'><strong>etiam</strong></span> <span class='ocrx_word' id='word_1_202' title='bbox 2272 1486 2342 1538; x_wconf 93' lang='lat' dir='ltr'><strong>ibi</strong></span> <span class='ocrx_word' id='word_1_203' title='bbox 2376 1487 2844 1556; x_wconf 83' lang='lat' dir='ltr'><strong>pseudopropheta</strong></span> <span class='ocrx_word' id='word_1_204' title='bbox 2875 1487 3092 1554; x_wconf 86' lang='lat' dir='ltr'><strong>quidam</strong></span> <span class='ocrx_word' id='word_1_205' title='bbox 3125 1487 3340 1538; x_wconf 80' lang='lat' dir='ltr'><strong>nomine</strong></span> <span class='ocrx_word' id='word_1_206' title='bbox 3368 1485 3629 1538; x_wconf 84' lang='lat' dir='ltr'><strong>Hanania.</strong></span> 
     </span>
    </p>
   </div>
   <div class='ocr_carea' id='block_1_31' title="bbox 2082 1574 3628 1644">
    <p class='ocr_par' dir='ltr' id='par_1_31' title="bbox 2082 1574 3628 1644">
     <span class='ocr_line' id='line_1_31' title="bbox 2082 1574 3628 1644; baseline -0.001 -17"><span class='ocrx_word' id='word_1_207' title='bbox 2082 1574 2351 1644; x_wconf 86' lang='lat' dir='ltr'><strong>Tempore</strong></span> <span class='ocrx_word' id='word_1_208' title='bbox 2404 1575 2566 1630; x_wconf 69' lang='lat' dir='ltr'><strong>Josite</strong></span> <span class='ocrx_word' id='word_1_209' title='bbox 2624 1577 2765 1643; x_wconf 85' lang='lat' dir='ltr'><strong>regis</strong></span> <span class='ocrx_word' id='word_1_210' title='bbox 2820 1575 2972 1628; x_wconf 72' lang='lat' dir='ltr'><strong>Jndze</strong></span> <span class='ocrx_word' id='word_1_211' title='bbox 3032 1577 3332 1629; x_wconf 86' lang='lat' dir='ltr'><strong>ascendens</strong></span> <span class='ocrx_word' id='word_1_212' title='bbox 3385 1574 3628 1629; x_wconf 82' lang='lat' dir='ltr'><strong>Pnaraoh</strong></span> 
     </span>
    </p>
   </div>
   <div class='ocr_carea' id='block_1_32' title="bbox 2081 1661 3628 1736">
    <p class='ocr_par' dir='ltr' id='par_1_32' title="bbox 2081 1661 3628 1736">
     <span class='ocr_line' id='line_1_32' title="bbox 2081 1661 3628 1736; baseline -0.001 -18"><span class='ocrx_word' id='word_1_213' title='bbox 2081 1664 2234 1718; x_wconf 86' lang='lat' dir='ltr'><strong>Nalm</strong></span> <span class='ocrx_word' id='word_1_214' title='bbox 2265 1669 2428 1732; x_wconf 86' lang='lat' dir='ltr'><strong>(quod</strong></span> <span class='ocrx_word' id='word_1_215' title='bbox 2449 1674 2531 1719; x_wconf 89' lang='lat' dir='ltr'><strong>est</strong></span> <span class='ocrx_word' id='word_1_216' title='bbox 2551 1663 2815 1732; x_wconf 83' lang='lat' dir='ltr'><strong>Claudus)</strong></span> <span class='ocrx_word' id='word_1_217' title='bbox 2841 1661 3056 1736; x_wconf 61' lang='lat' dir='ltr'><strong>[Egypti</strong></span> <span class='ocrx_word' id='word_1_218' title='bbox 3088 1683 3198 1728; x_wconf 86' lang='lat' dir='ltr'><strong>rex,</strong></span> <span class='ocrx_word' id='word_1_219' title='bbox 3230 1678 3416 1719; x_wconf 89' lang='lat' dir='ltr'><strong>contra</strong></span> <span class='ocrx_word' id='word_1_220' title='bbox 3453 1682 3628 1733; x_wconf 78' lang='lat' dir='ltr'><strong>regem</strong></span> 
     </span>
    </p>
   </div>
   <div class='ocr_carea' id='block_1_33' title="bbox 436 1751 3628 1825">
    <p class='ocr_par' dir='ltr' id='par_1_33' title="bbox 436 1751 3628 1825">
     <span class='ocr_line' id='line_1_33' title="bbox 436 1751 3628 1825; baseline -0.002 -12"><span class='ocrx_word' id='word_1_221' title='bbox 436 1758 533 1825; x_wconf 90' lang='lat' dir='ltr'><strong>ipsi</strong></span> <span class='ocrx_word' id='word_1_222' title='bbox 565 1773 592 1810; x_wconf 91' lang='lat' dir='ltr'><strong>a</strong></span> <span class='ocrx_word' id='word_1_223' title='bbox 624 1756 732 1808; x_wconf 87' lang='lat' dir='ltr'><strong>Deo</strong></span> <span class='ocrx_word' id='word_1_224' title='bbox 749 1755 942 1808; x_wconf 91' lang='lat' dir='ltr'><strong>dixerit</strong></span> <span class='ocrx_word' id='word_1_225' title='bbox 968 1774 981 1808; x_wconf 90' lang='lat'><strong>:</strong></span> <span class='ocrx_word' id='word_1_226' title='bbox 1010 1754 1391 1809; x_wconf 82' lang='lat' dir='ltr'><strong>Addidit-Deus</strong></span> <span class='ocrx_word' id='word_1_227' title='bbox 1419 1755 1537 1808; x_wconf 77' lang='lat' dir='ltr'><strong>vitae</strong></span> <span class='ocrx_word' id='word_1_228' title='bbox 1569 1765 1670 1807; x_wconf 69' lang='lat' dir='ltr'><strong>tua:</strong></span> <span class='ocrx_word' id='word_1_229' title='bbox 1685 1755 1984 1823; x_wconf 77' lang='lat' dir='ltr'><strong>quindecim</strong></span> <span class='ocrx_word' id='word_1_230' title='bbox 2021 1751 2057 1804; x_wconf 82' lang='grc' dir='ltr'><strong>Β</strong></span> <span class='ocrx_word' id='word_1_231' title='bbox 2090 1751 2292 1815; x_wconf 78' lang='lat' dir='ltr'><strong>Musa],</strong></span> <span class='ocrx_word' id='word_1_232' title='bbox 2352 1753 2502 1808; x_wconf 85' lang='lat' dir='ltr'><strong>illum.</strong></span> <span class='ocrx_word' id='word_1_233' title='bbox 2549 1756 2687 1807; x_wconf 85' lang='lat' dir='ltr'><strong>bello</strong></span> <span class='ocrx_word' id='word_1_234' title='bbox 2743 1755 3052 1809; x_wconf 76' lang='lat' dir='ltr'><strong>lacessitum</strong></span> <span class='ocrx_word' id='word_1_235' title='bbox 3103 1767 3522 1824; x_wconf 82' lang='lat' dir='ltr'><strong>superatumque</strong></span> <span class='ocrx_word' id='word_1_236' title='bbox 3575 1759 3628 1808; x_wconf 92' lang='lat' dir='ltr'><strong>in</strong></span> 
     </span>
    </p>
   </div>
   <div class='ocr_carea' id='block_1_34' title="bbox 435 1830 1972 1913">
    <p class='ocr_par' dir='ltr' id='par_1_34' title="bbox 435 1830 1972 1913">
     <span class='ocr_line' id='line_1_34' title="bbox 435 1830 1972 1913; baseline -0.001 -16"><span class='ocrx_word' id='word_1_237' title='bbox 435 1860 623 1907; x_wconf 87' lang='lat' dir='ltr'><strong>annos,</strong></span> <span class='ocrx_word' id='word_1_238' title='bbox 656 1844 817 1898; x_wconf 78' lang='lat' dir='ltr'><strong>fuisse</strong></span> <span class='ocrx_word' id='word_1_239' title='bbox 844 1843 1027 1897; x_wconf 83' lang='lat' dir='ltr'><strong>Isaiam</strong></span> <span class='ocrx_word' id='word_1_240' title='bbox 1061 1830 1399 1913; x_wconf 79' lang='lat' dir='ltr'><strong>prophetam;</strong></span> <span class='ocrx_word' id='word_1_241' title='bbox 1449 1853 1609 1913; x_wconf 89' lang='lat' dir='ltr'><strong>atque</strong></span> <span class='ocrx_word' id='word_1_242' title='bbox 1643 1846 1740 1900; x_wconf 89' lang='lat' dir='ltr'><strong>hoc</strong></span> <span class='ocrx_word' id='word_1_243' title='bbox 1790 1859 1972 1896; x_wconf 84' lang='lat' dir='ltr'><strong>verum</strong></span> 
     </span>
    </p>
   </div>
   <div class='ocr_carea' id='block_1_35' title="bbox 420 1921 1977 2003">
    <p class='ocr_par' dir='ltr' id='par_1_35' title="bbox 420 1921 1977 2003">
     <span class='ocr_line' id='line_1_35' title="bbox 420 1921 1977 2003; baseline -0.003 -16"><span class='ocrx_word' id='word_1_244' title='bbox 420 1943 538 2001; x_wconf 34' lang='lat' dir='ltr'><strong>,est.</strong></span> <span class='ocrx_word' id='word_1_245' title='bbox 570 1933 828 2003; x_wconf 74' lang='lat' dir='ltr'><strong>Regnavit</strong></span> <span class='ocrx_word' id='word_1_246' title='bbox 858 1921 1034 1986; x_wconf 75' lang='lat' dir='ltr'><strong>autem</strong></span> <span class='ocrx_word' id='word_1_247' title='bbox 1080 1934 1133 1985; x_wconf 93' lang='lat' dir='ltr'><strong>in</strong></span> <span class='ocrx_word' id='word_1_248' title='bbox 1166 1930 1334 1986; x_wconf 75' lang='lat' dir='ltr'><strong>Musal</strong></span> <span class='ocrx_word' id='word_1_249' title='bbox 1384 1933 1554 1986; x_wconf 77' lang='lat' dir='ltr'><strong>Filius</strong></span> <span class='ocrx_word' id='word_1_250' title='bbox 1589 1931 1977 1985; x_wconf 79' lang='lat' dir='ltr'><strong>Setinaclteribi</strong></span> 
     </span>
    </p>
   </div>
   <div class='ocr_carea' id='block_1_36' title="bbox 431 2016 1978 2092">
    <p class='ocr_par' dir='ltr' id='par_1_36' title="bbox 431 2016 1978 2092">
     <span class='ocr_line' id='line_1_36' title="bbox 431 2016 1978 2092; baseline -0.003 -12"><span class='ocrx_word' id='word_1_251' title='bbox 431 2027 644 2081; x_wconf 87' lang='lat' dir='ltr'><strong>nomine</strong></span> <span class='ocrx_word' id='word_1_252' title='bbox 691 2023 1056 2079; x_wconf 76' lang='lat' dir='ltr'><strong>Asarhaddon.</strong></span> <span class='ocrx_word' id='word_1_253' title='bbox 1094 2023 1356 2092; x_wconf 84' lang='lat' dir='ltr'><strong>Tempore</strong></span> <span class='ocrx_word' id='word_1_254' title='bbox 1387 2021 1786 2076; x_wconf 71' lang='lat' dir='ltr'><strong>auteltthekiac</strong></span> <span class='ocrx_word' id='word_1_255' title='bbox 1837 2016 1978 2092; x_wconf 80' lang='lat' dir='ltr'><strong>regis</strong></span> 
     </span>
    </p>
   </div>
   <div class='ocr_carea' id='block_1_37' title="bbox 385 2109 1975 2184">
    <p class='ocr_par' dir='ltr' id='par_1_37' title="bbox 385 2109 1975 2184">
     <span class='ocr_line' id='line_1_37' title="bbox 385 2109 1975 2184; baseline -0.003 -14"><span class='ocrx_word' id='word_1_256' title='bbox 385 2129 390 2134; x_wconf 86' lang='lat'><em>&#39;</em></span> <span class='ocrx_word' id='word_1_257' title='bbox 429 2114 595 2179; x_wconf 55' lang='lat' dir='ltr'><strong>Joda&#39;,</strong></span> <span class='ocrx_word' id='word_1_258' title='bbox 626 2115 903 2184; x_wconf 78' lang='lat' dir='ltr'><strong>imperavit</strong></span> <span class='ocrx_word' id='word_1_259' title='bbox 931 2109 1183 2166; x_wconf 76' lang='lat' dir='ltr'><strong>Romanis</strong></span> <span class='ocrx_word' id='word_1_260' title='bbox 1215 2129 1304 2168; x_wconf 85' lang='lat' dir='ltr'><strong>rex</strong></span> <span class='ocrx_word' id='word_1_261' title='bbox 1350 2112 1567 2167; x_wconf 85' lang='lat' dir='ltr'><strong>nomine</strong></span> <span class='ocrx_word' id='word_1_262' title='bbox 1597 2111 1859 2174; x_wconf 67' lang='lat' dir='ltr'><strong>Romanus,</strong></span> <span class='ocrx_word' id='word_1_263' title='bbox 1887 2114 1975 2181; x_wconf 91' lang='lat' dir='ltr'><strong>qui</strong></span> 
     </span>
    </p>
   </div>
   <div class='ocr_carea' id='block_1_38' title="bbox 431 2188 1976 2271">
    <p class='ocr_par' dir='ltr' id='par_1_38' title="bbox 431 2188 1976 2271">
     <span class='ocr_line' id='line_1_38' title="bbox 431 2188 1976 2271; baseline -0.001 -15"><span class='ocrx_word' id='word_1_264' title='bbox 431 2206 613 2259; x_wconf 84' lang='lat' dir='ltr'><strong>urbem</strong></span> <span class='ocrx_word' id='word_1_265' title='bbox 642 2188 900 2260; x_wconf 85' lang='lat' dir='ltr'><strong>condens:</strong></span> <span class='ocrx_word' id='word_1_266' title='bbox 926 2202 1024 2271; x_wconf 89' lang='lat' dir='ltr'><strong>ipsi</strong></span> <span class='ocrx_word' id='word_1_267' title='bbox 1059 2203 1278 2256; x_wconf 88' lang='lat' dir='ltr'><strong>Romam</strong></span> <span class='ocrx_word' id='word_1_268' title='bbox 1323 2202 1682 2271; x_wconf 85' lang='lat' dir='ltr'><strong>appellatione</strong></span> <span class='ocrx_word' id='word_1_269' title='bbox 1705 2217 1733 2253; x_wconf 89' lang='lat' dir='ltr'><strong>a</strong></span> <span class='ocrx_word' id='word_1_270' title='bbox 1763 2203 1976 2255; x_wconf 78' lang='lat' dir='ltr'><strong>nomine</strong></span> 
     </span>
    </p>
   </div>
   <div class='ocr_carea' id='block_1_39' title="bbox 429 2292 1973 2364">
    <p class='ocr_par' dir='ltr' id='par_1_39' title="bbox 429 2292 1973 2364">
     <span class='ocr_line' id='line_1_39' title="bbox 429 2292 1973 2364; baseline -0.005 -13"><span class='ocrx_word' id='word_1_271' title='bbox 429 2310 525 2351; x_wconf 89' lang='lat' dir='ltr'><strong>suo</strong></span> <span class='ocrx_word' id='word_1_272' title='bbox 575 2296 885 2364; x_wconf 86' lang='lat' dir='ltr'><strong>desumpta,</strong></span> <span class='ocrx_word' id='word_1_273' title='bbox 918 2309 1109 2348; x_wconf 90' lang='lat' dir='ltr'><strong>ttomen</strong></span> <span class='ocrx_word' id='word_1_274' title='bbox 1155 2293 1435 2362; x_wconf 86' lang='lat' dir='ltr'><strong>imposuit;</strong></span> <span class='ocrx_word' id='word_1_275' title='bbox 1480 2293 1548 2348; x_wconf 88' lang='lat' dir='ltr'><strong>ab</strong></span> <span class='ocrx_word' id='word_1_276' title='bbox 1587 2292 1772 2348; x_wconf 83' lang='lat' dir='ltr'><strong>eodem</strong></span> <span class='ocrx_word' id='word_1_277' title='bbox 1815 2294 1973 2347; x_wconf 86' lang='lat' dir='ltr'><strong>etiam</strong></span> 
     </span>
    </p>
   </div>
   <div class='ocr_carea' id='block_1_40' title="bbox 426 2384 1968 2455">
    <p class='ocr_par' dir='ltr' id='par_1_40' title="bbox 426 2384 1968 2455">
     <span class='ocr_line' id='line_1_40' title="bbox 426 2384 1968 2455; baseline -0.005 -14"><span class='ocrx_word' id='word_1_278' title='bbox 426 2388 748 2442; x_wconf 88' lang='lat' dir='ltr'><strong>denominati</strong></span> <span class='ocrx_word' id='word_1_279' title='bbox 778 2394 902 2441; x_wconf 87' lang='lat' dir='ltr'><strong>sunt</strong></span> <span class='ocrx_word' id='word_1_280' title='bbox 931 2384 1283 2455; x_wconf 69' lang='lat'><strong>237-239</strong></span> <span class='ocrx_word' id='word_1_281' title='bbox 1309 2384 1533 2438; x_wconf 86' lang='lat' dir='ltr'><strong>Romani</strong></span> <span class='ocrx_word' id='word_1_282' title='bbox 1559 2391 1574 2436; x_wconf 73' lang='grc' dir='ltr'><strong>ξ</strong></span> <span class='ocrx_word' id='word_1_283' title='bbox 1601 2385 1668 2438; x_wconf 91' lang='lat' dir='ltr'><strong>ab</strong></span> <span class='ocrx_word' id='word_1_284' title='bbox 1701 2399 1765 2438; x_wconf 89' lang='lat' dir='ltr'><strong>eo</strong></span> <span class='ocrx_word' id='word_1_285' title='bbox 1799 2400 1968 2452; x_wconf 84' lang='lat' dir='ltr'><strong>usque</strong></span> 
     </span>
    </p>
   </div>
   <div class='ocr_carea' id='block_1_41' title="bbox 427 2473 1972 2546">
    <p class='ocr_par' dir='ltr' id='par_1_41' title="bbox 427 2473 1972 2546">
     <span class='ocr_line' id='line_1_41' title="bbox 427 2473 1972 2546; baseline -0.003 -13"><span class='ocrx_word' id='word_1_286' title='bbox 427 2491 664 2546; x_wconf 87' lang='lat' dir='ltr'><strong>tempore</strong></span> <span class='ocrx_word' id='word_1_287' title='bbox 707 2478 837 2531; x_wconf 89' lang='lat' dir='ltr'><strong>urbs</strong></span> <span class='ocrx_word' id='word_1_288' title='bbox 887 2475 1054 2530; x_wconf 87' lang='lat' dir='ltr'><strong>Roma</strong></span> <span class='ocrx_word' id='word_1_289' title='bbox 1099 2477 1248 2544; x_wconf 86' lang='lat' dir='ltr'><strong>regni</strong></span> <span class='ocrx_word' id='word_1_290' title='bbox 1304 2473 1508 2546; x_wconf 67' lang='lat' dir='ltr'><strong>[caput]</strong></span> <span class='ocrx_word' id='word_1_291' title='bbox 1546 2474 1665 2528; x_wconf 76' lang='lat' dir='ltr'><strong>fuit.</strong></span> <span class='ocrx_word' id='word_1_292' title='bbox 1711 2474 1972 2546; x_wconf 77' lang='lat' dir='ltr'><strong>Regnavit</strong></span> 
     </span>
    </p>
   </div>
   <div class='ocr_carea' id='block_1_42' title="bbox 408 2566 1484 2635">
    <p class='ocr_par' dir='ltr' id='par_1_42' title="bbox 408 2566 1484 2635">
     <span class='ocr_line' id='line_1_42' title="bbox 408 2566 1484 2635; baseline -0.002 -13"><span class='ocrx_word' id='word_1_293' title='bbox 408 2574 600 2622; x_wconf 80' lang='lat' dir='ltr'><strong>&#39;autem</strong></span> <span class='ocrx_word' id='word_1_294' title='bbox 632 2567 878 2622; x_wconf 61' lang='lat' dir='ltr'><strong>Romans</strong></span> <span class='ocrx_word' id='word_1_295' title='bbox 914 2582 1081 2620; x_wconf 77' lang='lat' dir='ltr'><strong>annos</strong></span> <span class='ocrx_word' id='word_1_296' title='bbox 1108 2566 1321 2635; x_wconf 76' lang='lat' dir='ltr'><strong>triginta</strong></span> <span class='ocrx_word' id='word_1_297' title='bbox 1347 2575 1484 2620; x_wconf 86' lang='lat' dir='ltr'><strong>octo.</strong></span> 
     </span>
    </p>
   </div>
   <div class='ocr_carea' id='block_1_43' title="bbox 493 2641 1970 2713">
    <p class='ocr_par' dir='ltr' id='par_1_43' title="bbox 493 2641 1970 2713">
     <span class='ocr_line' id='line_1_43' title="bbox 493 2641 1970 2713; baseline -0.003 0"><span class='ocrx_word' id='word_1_298' title='bbox 493 2658 732 2713; x_wconf 75' lang='lat' dir='ltr'><strong>Mortuus</strong></span> <span class='ocrx_word' id='word_1_299' title='bbox 789 2668 965 2710; x_wconf 88' lang='lat' dir='ltr'><strong>autem</strong></span> <span class='ocrx_word' id='word_1_300' title='bbox 1038 2655 1228 2709; x_wconf 75' lang='lat' dir='ltr'><strong>Ezekia</strong></span> <span class='ocrx_word' id='word_1_301' title='bbox 1316 2654 1467 2709; x_wconf 77' lang='lat' dir='ltr'><strong>Juda:</strong></span> <span class='ocrx_word' id='word_1_302' title='bbox 1525 2641 1618 2709; x_wconf 86' lang='lat' dir='ltr'><strong>rex</strong></span> <span class='ocrx_word' id='word_1_303' title='bbox 1696 2654 1748 2707; x_wconf 90' lang='lat' dir='ltr'><strong>in</strong></span> <span class='ocrx_word' id='word_1_304' title='bbox 1811 2654 1970 2708; x_wconf 88' lang='lat' dir='ltr'><strong>domo</strong></span> 
     </span>
    </p>
   </div>
   <div class='ocr_carea' id='block_1_44' title="bbox 419 2745 1966 2818">
    <p class='ocr_par' dir='ltr' id='par_1_44' title="bbox 419 2745 1966 2818">
     <span class='ocr_line' id='line_1_44' title="bbox 419 2745 1966 2818; baseline -0.003 -16"><span class='ocrx_word' id='word_1_305' title='bbox 419 2748 642 2816; x_wconf 76' lang='lat' dir='ltr'><strong>Davidts</strong></span> <span class='ocrx_word' id='word_1_306' title='bbox 674 2750 917 2818; x_wconf 84' lang='lat' dir='ltr'><strong>sepultus</strong></span> <span class='ocrx_word' id='word_1_307' title='bbox 945 2755 1046 2801; x_wconf 90' lang='lat' dir='ltr'><strong>est.</strong></span> <span class='ocrx_word' id='word_1_308' title='bbox 1078 2745 1207 2800; x_wconf 87' lang='lat' dir='ltr'><strong>Post</strong></span> <span class='ocrx_word' id='word_1_309' title='bbox 1245 2747 1422 2816; x_wconf 87' lang='lat' dir='ltr'><strong>ipsum</strong></span> <span class='ocrx_word' id='word_1_310' title='bbox 1471 2745 1863 2814; x_wconf 84' lang='lat' dir='ltr'><strong>Hierosolymis</strong></span> <span class='ocrx_word' id='word_1_311' title='bbox 1913 2748 1966 2798; x_wconf 92' lang='lat' dir='ltr'><strong>in</strong></span> 
     </span>
    </p>
   </div>
   <div class='ocr_carea' id='block_1_45' title="bbox 424 2835 1968 2912">
    <p class='ocr_par' dir='ltr' id='par_1_45' title="bbox 424 2835 1968 2912">
     <span class='ocr_line' id='line_1_45' title="bbox 424 2835 1968 2912; baseline -0.003 -17"><span class='ocrx_word' id='word_1_312' title='bbox 424 2839 616 2895; x_wconf 77' lang='lat' dir='ltr'><strong>Judam</strong></span> <span class='ocrx_word' id='word_1_313' title='bbox 648 2845 888 2910; x_wconf 81' lang='lat' dir='ltr'><strong>regnavit</strong></span> <span class='ocrx_word' id='word_1_314' title='bbox 935 2839 1074 2892; x_wconf 80' lang='lat' dir='ltr'><strong>illius</strong></span> <span class='ocrx_word' id='word_1_315' title='bbox 1115 2837 1286 2906; x_wconf 80' lang='lat' dir='ltr'><strong>ipsius</strong></span> <span class='ocrx_word' id='word_1_316' title='bbox 1325 2835 1574 2891; x_wconf 77' lang='lat' dir='ltr'><strong>Manasse</strong></span> <span class='ocrx_word' id='word_1_317' title='bbox 1605 2852 1776 2912; x_wconf 87' lang='lat' dir='ltr'><strong>annos</strong></span> <span class='ocrx_word' id='word_1_318' title='bbox 1808 2838 1968 2906; x_wconf 81' lang='lat' dir='ltr'><strong>quiu-</strong></span> 
     </span>
    </p>
   </div>
   <div class='ocr_carea' id='block_1_46' title="bbox 420 2925 1962 3001">
    <p class='ocr_par' dir='ltr' id='par_1_46' title="bbox 420 2925 1962 3001">
     <span class='ocr_line' id='line_1_46' title="bbox 420 2925 1962 3001; baseline -0.004 -17"><span class='ocrx_word' id='word_1_319' title='bbox 420 2931 674 3001; x_wconf 76' lang='lat' dir='ltr'><strong>quaginta</strong></span> <span class='ocrx_word' id='word_1_320' title='bbox 723 2929 1001 2998; x_wconf 88' lang='lat' dir='ltr'><strong>quinque,</strong></span> <span class='ocrx_word' id='word_1_321' title='bbox 1054 2943 1225 2981; x_wconf 88' lang='lat' dir='ltr'><strong>annos</strong></span> <span class='ocrx_word' id='word_1_322' title='bbox 1277 2936 1435 2979; x_wconf 85' lang='lat' dir='ltr'><strong>natus</strong></span> <span class='ocrx_word' id='word_1_323' title='bbox 1489 2925 1812 2992; x_wconf 88' lang='lat' dir='ltr'><strong>duodecim;</strong></span> <span class='ocrx_word' id='word_1_324' title='bbox 1871 2926 1962 2994; x_wconf 91' lang='lat' dir='ltr'><strong>qui</strong></span> 
     </span>
    </p>
   </div>
   <div class='ocr_carea' id='block_1_47' title="bbox 420 3003 1961 3089">
    <p class='ocr_par' dir='ltr' id='par_1_47' title="bbox 420 3003 1961 3089">
     <span class='ocr_line' id='line_1_47' title="bbox 420 3003 1961 3089; baseline -0.005 -14"><span class='ocrx_word' id='word_1_325' title='bbox 420 3023 579 3076; x_wconf 90' lang='lat' dir='ltr'><strong>tertio</strong></span> <span class='ocrx_word' id='word_1_326' title='bbox 629 3019 776 3089; x_wconf 90' lang='lat' dir='ltr'><strong>regni</strong></span> <span class='ocrx_word' id='word_1_327' title='bbox 814 3022 896 3072; x_wconf 90' lang='lat' dir='ltr'><strong>sui</strong></span> <span class='ocrx_word' id='word_1_328' title='bbox 940 3032 1081 3070; x_wconf 89' lang='lat' dir='ltr'><strong>anno</strong></span> <span class='ocrx_word' id='word_1_329' title='bbox 1136 3003 1275 3070; x_wconf 76' lang='lat' dir='ltr'><strong>idola</strong></span> <span class='ocrx_word' id='word_1_330' title='bbox 1324 3014 1592 3078; x_wconf 77' lang='lat' dir='ltr'><strong>confecit,</strong></span> <span class='ocrx_word' id='word_1_331' title='bbox 1631 3015 1694 3068; x_wconf 90' lang='lat' dir='ltr'><strong>ad</strong></span> <span class='ocrx_word' id='word_1_332' title='bbox 1729 3028 1961 3083; x_wconf 89' lang='lat' dir='ltr'><strong>quorum</strong></span> 
     </span>
    </p>
   </div>
   <div class='ocr_carea' id='block_1_48' title="bbox 2081 1841 3666 1913">
    <p class='ocr_par' dir='ltr' id='par_1_48' title="bbox 2081 1841 3666 1913">
     <span class='ocr_line' id='line_1_48' title="bbox 2081 1841 3666 1913; baseline 0.001 -18"><span class='ocrx_word' id='word_1_333' title='bbox 2081 1841 2259 1910; x_wconf 80' lang='lat' dir='ltr'><strong>fugam</strong></span> <span class='ocrx_word' id='word_1_334' title='bbox 2294 1844 2441 1896; x_wconf 86' lang='lat' dir='ltr'><strong>dedit</strong></span> <span class='ocrx_word' id='word_1_335' title='bbox 2465 1881 2478 1904; x_wconf 84' lang='lat'><strong>,</strong></span> <span class='ocrx_word' id='word_1_336' title='bbox 2513 1843 3046 1912; x_wconf 62' lang='lat' dir='ltr'><strong>doncc‘Euphratem</strong></span> <span class='ocrx_word' id='word_1_337' title='bbox 3095 1847 3399 1913; x_wconf 86' lang='lat' dir='ltr'><strong>perveniret</strong></span> <span class='ocrx_word' id='word_1_338' title='bbox 3428 1865 3440 1899; x_wconf 89' lang='lat'><strong>:</strong></span> <span class='ocrx_word' id='word_1_339' title='bbox 3476 1844 3666 1898; x_wconf 20' lang='lat' dir='ltr'><strong>cum-»</strong></span> 
     </span>
    </p>
   </div>
   <div class='ocr_carea' id='block_1_49' title="bbox 2079 1931 3631 2004">
    <p class='ocr_par' dir='ltr' id='par_1_49' title="bbox 2079 1931 3631 2004">
     <span class='ocr_line' id='line_1_49' title="bbox 2079 1931 3631 2004; baseline -0.001 -20"><span class='ocrx_word' id='word_1_340' title='bbox 2079 1947 2183 1998; x_wconf 85' lang='lat' dir='ltr'><strong>que</strong></span> <span class='ocrx_word' id='word_1_341' title='bbox 2230 1933 2423 1986; x_wconf 88' lang='lat' dir='ltr'><strong>rediret</strong></span> <span class='ocrx_word' id='word_1_342' title='bbox 2471 1931 2628 2003; x_wconf 62' lang='grc'><strong>241</strong></span> <span class='ocrx_word' id='word_1_343' title='bbox 2649 1933 2838 2004; x_wconf 58' lang='grc' dir='ltr'><strong>ρεαδ</strong></span> <span class='ocrx_word' id='word_1_344' title='bbox 2870 1934 3080 1987; x_wconf 88' lang='lat' dir='ltr'><strong>obviam</strong></span> <span class='ocrx_word' id='word_1_345' title='bbox 3109 1935 3205 2003; x_wconf 86' lang='lat' dir='ltr'><strong>ipsi</strong></span> <span class='ocrx_word' id='word_1_346' title='bbox 3242 1935 3515 2003; x_wconf 83' lang='lat' dir='ltr'><strong>profectus</strong></span> <span class='ocrx_word' id='word_1_347' title='bbox 3546 1945 3631 1989; x_wconf 88' lang='lat' dir='ltr'><strong>est.</strong></span> 
     </span>
    </p>
   </div>
   <div class='ocr_carea' id='block_1_50' title="bbox 2076 2021 3629 2094">
    <p class='ocr_par' dir='ltr' id='par_1_50' title="bbox 2076 2021 3629 2094">
     <span class='ocr_line' id='line_1_50' title="bbox 2076 2021 3629 2094; baseline 0.003 -19"><span class='ocrx_word' id='word_1_348' title='bbox 2076 2021 2221 2076; x_wconf 78' lang='lat' dir='ltr'><strong>Josia</strong></span> <span class='ocrx_word' id='word_1_349' title='bbox 2268 2040 2356 2076; x_wconf 80' lang='lat' dir='ltr'><strong>rex</strong></span> <span class='ocrx_word' id='word_1_350' title='bbox 2410 2021 2562 2076; x_wconf 72' lang='lat' dir='ltr'><strong>Judaa</strong></span> <span class='ocrx_word' id='word_1_351' title='bbox 2605 2024 2793 2079; x_wconf 88' lang='lat' dir='ltr'><strong>multis</strong></span> <span class='ocrx_word' id='word_1_352' title='bbox 2840 2041 2960 2077; x_wconf 84' lang='lat' dir='ltr'><strong>cum</strong></span> <span class='ocrx_word' id='word_1_353' title='bbox 3019 2026 3365 2087; x_wconf 73' lang='lat' dir='ltr'><strong>muneribus,</strong></span> <span class='ocrx_word' id='word_1_354' title='bbox 3417 2036 3468 2078; x_wconf 85' lang='lat' dir='ltr'><strong>at</strong></span> <span class='ocrx_word' id='word_1_355' title='bbox 3517 2026 3629 2094; x_wconf 85' lang='lat' dir='ltr'><strong>ipse</strong></span> 
     </span>
    </p>
   </div>
   <div class='ocr_carea' id='block_1_51' title="bbox 2078 2113 3625 2185">
    <p class='ocr_par' dir='ltr' id='par_1_51' title="bbox 2078 2113 3625 2185">
     <span class='ocr_line' id='line_1_51' title="bbox 2078 2113 3625 2185; baseline 0.005 -23"><span class='ocrx_word' id='word_1_356' title='bbox 2078 2113 2254 2168; x_wconf 89' lang='lat' dir='ltr'><strong>visum</strong></span> <span class='ocrx_word' id='word_1_357' title='bbox 2307 2130 2428 2167; x_wconf 91' lang='lat' dir='ltr'><strong>eum</strong></span> <span class='ocrx_word' id='word_1_358' title='bbox 2488 2114 2795 2178; x_wconf 76' lang='lat' dir='ltr'><strong>interfecit,</strong></span> <span class='ocrx_word' id='word_1_359' title='bbox 2848 2130 3005 2182; x_wconf 86' lang='lat' dir='ltr'><strong>quem</strong></span> <span class='ocrx_word' id='word_1_360' title='bbox 3059 2131 3187 2185; x_wconf 85' lang='lat' dir='ltr'><strong>ergo</strong></span> <span class='ocrx_word' id='word_1_361' title='bbox 3235 2126 3562 2184; x_wconf 88' lang='lat' dir='ltr'><strong>reportatum</strong></span> <span class='ocrx_word' id='word_1_362' title='bbox 3597 2133 3625 2170; x_wconf 93' lang='lat' dir='ltr'><strong>a</strong></span> 
     </span>
    </p>
   </div>
   <div class='ocr_carea' id='block_1_52' title="bbox 2075 2204 3626 2276">
    <p class='ocr_par' dir='ltr' id='par_1_52' title="bbox 2075 2204 3626 2276">
     <span class='ocr_line' id='line_1_52' title="bbox 2075 2204 3626 2276; baseline 0.002 -19"><span class='ocrx_word' id='word_1_363' title='bbox 2075 2204 2320 2274; x_wconf 81' lang='lat' dir='ltr'><strong>Megiddo</strong></span> <span class='ocrx_word' id='word_1_364' title='bbox 2354 2207 2492 2276; x_wconf 69' lang='lat' dir='ltr'><strong>(quae</strong></span> <span class='ocrx_word' id='word_1_365' title='bbox 2523 2205 2733 2261; x_wconf 79' lang='lat' dir='ltr'><strong>Menbai</strong></span> <span class='ocrx_word' id='word_1_366' title='bbox 2770 2206 2886 2274; x_wconf 54' lang='lat' dir='ltr'><strong>test)</strong></span> <span class='ocrx_word' id='word_1_367' title='bbox 2920 2206 3310 2276; x_wconf 81' lang='lat' dir='ltr'><strong>Hierosolyma,</strong></span> <span class='ocrx_word' id='word_1_368' title='bbox 3346 2209 3414 2259; x_wconf 91' lang='lat' dir='ltr'><strong>ibi</strong></span> <span class='ocrx_word' id='word_1_369' title='bbox 3454 2207 3626 2274; x_wconf 85' lang='lat' dir='ltr'><strong>ipsum</strong></span> 
     </span>
    </p>
   </div>
   <div class='ocr_carea' id='block_1_53' title="bbox 2058 2297 3623 2365">
    <p class='ocr_par' dir='ltr' id='par_1_53' title="bbox 2058 2297 3623 2365">
     <span class='ocr_line' id='line_1_53' title="bbox 2058 2297 3623 2365; baseline 0.001 -15"><span class='ocrx_word' id='word_1_370' title='bbox 2058 2297 2414 2364; x_wconf 82' lang='lat' dir='ltr'><strong>sepelierunt</strong></span> <span class='ocrx_word' id='word_1_371' title='bbox 2467 2299 2610 2350; x_wconf 84' lang='lat' dir='ltr'><strong>servi</strong></span> <span class='ocrx_word' id='word_1_372' title='bbox 2668 2299 2879 2365; x_wconf 87' lang='lat' dir='ltr'><strong>ipsius,</strong></span> <span class='ocrx_word' id='word_1_373' title='bbox 2939 2313 3111 2351; x_wconf 88' lang='lat' dir='ltr'><strong>annos</strong></span> <span class='ocrx_word' id='word_1_374' title='bbox 3166 2306 3348 2351; x_wconf 90' lang='lat' dir='ltr'><strong>natum</strong></span> <span class='ocrx_word' id='word_1_375' title='bbox 3411 2297 3623 2365; x_wconf 82' lang='lat' dir='ltr'><strong>triginta</strong></span> 
     </span>
    </p>
   </div>
   <div class='ocr_carea' id='block_1_54' title="bbox 2079 2385 3622 2457">
    <p class='ocr_par' dir='ltr' id='par_1_54' title="bbox 2079 2385 3622 2457">
     <span class='ocr_line' id='line_1_54' title="bbox 2079 2385 3622 2457; baseline -0.003 -16"><span class='ocrx_word' id='word_1_376' title='bbox 2079 2404 2295 2442; x_wconf 89' lang='lat' dir='ltr'><strong>novem.</strong></span> <span class='ocrx_word' id='word_1_377' title='bbox 2325 2389 2451 2442; x_wconf 79' lang='lat' dir='ltr'><strong>Post</strong></span> <span class='ocrx_word' id='word_1_378' title='bbox 2484 2389 2658 2457; x_wconf 86' lang='lat' dir='ltr'><strong>ipsum</strong></span> <span class='ocrx_word' id='word_1_379' title='bbox 2692 2385 3083 2455; x_wconf 81' lang='lat' dir='ltr'><strong>Hierosolymis</strong></span> <span class='ocrx_word' id='word_1_380' title='bbox 3118 2389 3170 2440; x_wconf 90' lang='lat' dir='ltr'><strong>in</strong></span> <span class='ocrx_word' id='word_1_381' title='bbox 3205 2387 3396 2440; x_wconf 82' lang='lat' dir='ltr'><strong>Judam</strong></span> <span class='ocrx_word' id='word_1_382' title='bbox 3429 2403 3622 2455; x_wconf 77' lang='lat' dir='ltr'><strong>regna-</strong></span> 
     </span>
    </p>
   </div>
   <div class='ocr_carea' id='block_1_55' title="bbox 2076 2478 3626 2546">
    <p class='ocr_par' dir='ltr' id='par_1_55' title="bbox 2076 2478 3626 2546">
     <span class='ocr_line' id='line_1_55' title="bbox 2076 2478 3626 2546; baseline 0 -15"><span class='ocrx_word' id='word_1_383' title='bbox 2076 2481 2149 2533; x_wconf 89' lang='lat' dir='ltr'><strong>vit</strong></span> <span class='ocrx_word' id='word_1_384' title='bbox 2183 2480 2359 2533; x_wconf 88' lang='lat' dir='ltr'><strong>tribus</strong></span> <span class='ocrx_word' id='word_1_385' title='bbox 2383 2480 2661 2533; x_wconf 85' lang='lat' dir='ltr'><strong>mensibus</strong></span> <span class='ocrx_word' id='word_1_386' title='bbox 2684 2478 2825 2531; x_wconf 89' lang='lat' dir='ltr'><strong>lilius</strong></span> <span class='ocrx_word' id='word_1_387' title='bbox 2848 2479 3016 2546; x_wconf 90' lang='lat' dir='ltr'><strong>ipsius</strong></span> <span class='ocrx_word' id='word_1_388' title='bbox 3040 2478 3258 2536; x_wconf 82' lang='lat' dir='ltr'><strong>Jochaz.</strong></span> <span class='ocrx_word' id='word_1_389' title='bbox 3282 2494 3448 2531; x_wconf 89' lang='lat' dir='ltr'><strong>annos</strong></span> <span class='ocrx_word' id='word_1_390' title='bbox 3472 2488 3626 2531; x_wconf 86' lang='lat' dir='ltr'><strong>natus</strong></span> 
     </span>
    </p>
   </div>
   <div class='ocr_carea' id='block_1_56' title="bbox 2073 2567 3623 2639">
    <p class='ocr_par' dir='ltr' id='par_1_56' title="bbox 2073 2567 3623 2639">
     <span class='ocr_line' id='line_1_56' title="bbox 2073 2567 3623 2639; baseline 0.001 -18"><span class='ocrx_word' id='word_1_391' title='bbox 2073 2570 2265 2639; x_wconf 83' lang='lat' dir='ltr'><strong>viginti</strong></span> <span class='ocrx_word' id='word_1_392' title='bbox 2306 2580 2441 2623; x_wconf 85' lang='lat' dir='ltr'><strong>tres.</strong></span> <span class='ocrx_word' id='word_1_393' title='bbox 2472 2570 2787 2623; x_wconf 85' lang='lat' dir='ltr'><strong>Ascendens</strong></span> <span class='ocrx_word' id='word_1_394' title='bbox 2816 2581 2991 2622; x_wconf 86' lang='lat' dir='ltr'><strong>autem</strong></span> <span class='ocrx_word' id='word_1_395' title='bbox 3025 2567 3271 2622; x_wconf 89' lang='lat' dir='ltr'><strong>Pharaob</strong></span> <span class='ocrx_word' id='word_1_396' title='bbox 3311 2568 3458 2622; x_wconf 84' lang='lat' dir='ltr'><strong>Nalm</strong></span> <span class='ocrx_word' id='word_1_397' title='bbox 3495 2569 3623 2623; x_wconf 82' lang='lat' dir='ltr'><strong>Ilie-</strong></span> 
     </span>
    </p>
   </div>
   <div class='ocr_carea' id='block_1_57' title="bbox 2071 2658 3625 2730">
    <p class='ocr_par' dir='ltr' id='par_1_57' title="bbox 2071 2658 3625 2730">
     <span class='ocr_line' id='line_1_57' title="bbox 2071 2658 3625 2730; baseline 0.002 -18"><span class='ocrx_word' id='word_1_398' title='bbox 2071 2660 2345 2730; x_wconf 80' lang='lat' dir='ltr'><strong>rosolyma</strong></span> <span class='ocrx_word' id='word_1_399' title='bbox 2366 2658 2663 2712; x_wconf 80' lang='lat' dir='ltr'><strong>Jochazum</strong></span> <span class='ocrx_word' id='word_1_400' title='bbox 2691 2658 2845 2711; x_wconf 61' lang='lat' dir='ltr'><strong>Iudae</strong></span> <span class='ocrx_word' id='word_1_401' title='bbox 2874 2675 3048 2723; x_wconf 79' lang='lat' dir='ltr'><strong>regem</strong></span> <span class='ocrx_word' id='word_1_402' title='bbox 3073 2668 3286 2727; x_wconf 89' lang='lat' dir='ltr'><strong>captum</strong></span> <span class='ocrx_word' id='word_1_403' title='bbox 3312 2669 3358 2712; x_wconf 90' lang='lat' dir='ltr'><strong>et</strong></span> <span class='ocrx_word' id='word_1_404' title='bbox 3387 2662 3625 2715; x_wconf 86' lang='lat' dir='ltr'><strong>vinetum</strong></span> 
     </span>
    </p>
   </div>
   <div class='ocr_carea' id='block_1_58' title="bbox 2070 2748 3622 2822">
    <p class='ocr_par' dir='ltr' id='par_1_58' title="bbox 2070 2748 3622 2822">
     <span class='ocr_line' id='line_1_58' title="bbox 2070 2748 3622 2822; baseline 0.003 -22"><span class='ocrx_word' id='word_1_405' title='bbox 2070 2763 2174 2801; x_wconf 88' lang='lat' dir='ltr'><strong>una</strong></span> <span class='ocrx_word' id='word_1_406' title='bbox 2207 2764 2328 2800; x_wconf 76' lang='lat' dir='ltr'><strong>cum</strong></span> <span class='ocrx_word' id='word_1_407' title='bbox 2363 2748 2670 2802; x_wconf 68' lang='lat' dir='ltr'><strong>Iudaeorum</strong></span> <span class='ocrx_word' id='word_1_408' title='bbox 2715 2749 3063 2802; x_wconf 84' lang='lat' dir='ltr'><strong>multitudine</strong></span> <span class='ocrx_word' id='word_1_409' title='bbox 3104 2748 3393 2819; x_wconf 65' lang='lat' dir='ltr'><strong>Egyptnm</strong></span> <span class='ocrx_word' id='word_1_410' title='bbox 3428 2752 3622 2822; x_wconf 80' lang='lat' dir='ltr'><strong>depor-</strong></span> 
     </span>
    </p>
   </div>
   <div class='ocr_carea' id='block_1_59' title="bbox 2070 2839 3620 2912">
    <p class='ocr_par' dir='ltr' id='par_1_59' title="bbox 2070 2839 3620 2912">
     <span class='ocr_line' id='line_1_59' title="bbox 2070 2839 3620 2912; baseline 0.003 -21"><span class='ocrx_word' id='word_1_411' title='bbox 2070 2840 2222 2893; x_wconf 83' lang='lat' dir='ltr'><strong>tavit.</strong></span> <span class='ocrx_word' id='word_1_412' title='bbox 2262 2839 2521 2908; x_wconf 85' lang='lat' dir='ltr'><strong>Imposuit</strong></span> <span class='ocrx_word' id='word_1_413' title='bbox 2561 2841 2724 2893; x_wconf 86' lang='lat' dir='ltr'><strong>etiam</strong></span> <span class='ocrx_word' id='word_1_414' title='bbox 2756 2839 3004 2902; x_wconf 19' lang='lat' dir='ltr'><strong>,Pltat&#39;aolt</strong></span> <span class='ocrx_word' id='word_1_415' title='bbox 3047 2840 3196 2893; x_wconf 79' lang='lat' dir='ltr'><strong>Nalm</strong></span> <span class='ocrx_word' id='word_1_416' title='bbox 3233 2844 3494 2897; x_wconf 82' lang='lat' dir='ltr'><strong>omnibus</strong></span> <span class='ocrx_word' id='word_1_417' title='bbox 3527 2847 3620 2912; x_wconf 88' lang='lat' dir='ltr'><strong>qui</strong></span> 
     </span>
    </p>
   </div>
   <div class='ocr_carea' id='block_1_60' title="bbox 2070 2928 3623 3002">
    <p class='ocr_par' dir='ltr' id='par_1_60' title="bbox 2070 2928 3623 3002">
     <span class='ocr_line' id='line_1_60' title="bbox 2070 2928 3623 3002; baseline 0.005 -21"><span class='ocrx_word' id='word_1_418' title='bbox 2070 2928 2457 3000; x_wconf 76' lang='lat' dir='ltr'><strong>Hierosolymis</strong></span> <span class='ocrx_word' id='word_1_419' title='bbox 2490 2939 2644 2982; x_wconf 84' lang='lat' dir='ltr'><strong>erant</strong></span> <span class='ocrx_word' id='word_1_420' title='bbox 2680 2930 2966 2992; x_wconf 84' lang='lat' dir='ltr'><strong>tributum,</strong></span> <span class='ocrx_word' id='word_1_421' title='bbox 2991 2932 3130 2999; x_wconf 88' lang='lat' dir='ltr'><strong>quod</strong></span> <span class='ocrx_word' id='word_1_422' title='bbox 3165 2932 3297 2998; x_wconf 87' lang='lat' dir='ltr'><strong>ipsis</strong></span> <span class='ocrx_word' id='word_1_423' title='bbox 3327 2933 3431 2986; x_wconf 89' lang='lat' dir='ltr'><strong>sibi</strong></span> <span class='ocrx_word' id='word_1_424' title='bbox 3465 2947 3623 3002; x_wconf 77' lang='lat' dir='ltr'><strong>quot-</strong></span> 
     </span>
    </p>
   </div>
   <div class='ocr_carea' id='block_1_61' title="bbox 2069 3016 3618 3084">
    <p class='ocr_par' dir='ltr' id='par_1_61' title="bbox 2069 3016 3618 3084">
     <span class='ocr_line' id='line_1_61' title="bbox 2069 3016 3618 3084; baseline 0.001 -14"><span class='ocrx_word' id='word_1_425' title='bbox 2069 3020 2224 3073; x_wconf 88' lang='lat' dir='ltr'><strong>annis</strong></span> <span class='ocrx_word' id='word_1_426' title='bbox 2287 3019 2619 3072; x_wconf 82' lang='lat' dir='ltr'><strong>otl&#39;erendum</strong></span> <span class='ocrx_word' id='word_1_427' title='bbox 2667 3019 2941 3084; x_wconf 84' lang='lat' dir='ltr'><strong>injumtit,</strong></span> <span class='ocrx_word' id='word_1_428' title='bbox 2983 3021 3098 3072; x_wconf 86' lang='lat' dir='ltr'><strong>auri</strong></span> <span class='ocrx_word' id='word_1_429' title='bbox 3146 3016 3355 3072; x_wconf 74' lang='lat' dir='ltr'><strong>talenta</strong></span> <span class='ocrx_word' id='word_1_430' title='bbox 3383 3031 3618 3084; x_wconf 76' lang='lat' dir='ltr'><strong>centum,</strong></span> 
     </span>
    </p>
   </div>
   <div class='ocr_carea' id='block_1_62' title="bbox 417 3080 3620 3179">
    <p class='ocr_par' dir='ltr' id='par_1_62' title="bbox 417 3080 3620 3179">
     <span class='ocr_line' id='line_1_62' title="bbox 417 3080 3620 3179; baseline -0.001 -11"><span class='ocrx_word' id='word_1_431' title='bbox 417 3108 623 3168; x_wconf 87' lang='lat' dir='ltr'><strong>cultum</strong></span> <span class='ocrx_word' id='word_1_432' title='bbox 677 3080 952 3165; x_wconf 65' lang='lat' dir='ltr'><strong>lsraelitas</strong></span> <span class='ocrx_word' id='word_1_433' title='bbox 1004 3110 1216 3177; x_wconf 79' lang='lat' dir='ltr'><strong>adegit,</strong></span> <span class='ocrx_word' id='word_1_434' title='bbox 1261 3108 1332 3160; x_wconf 92' lang='lat' dir='ltr'><strong>oh</strong></span> <span class='ocrx_word' id='word_1_435' title='bbox 1373 3105 1519 3175; x_wconf 90' lang='lat' dir='ltr'><strong>quod</strong></span> <span class='ocrx_word' id='word_1_436' title='bbox 1564 3121 1686 3159; x_wconf 88' lang='lat' dir='ltr'><strong>cum</strong></span> <span class='ocrx_word' id='word_1_437' title='bbox 1723 3107 1791 3160; x_wconf 81' lang='lat' dir='ltr'><strong>ab</strong></span> <span class='ocrx_word' id='word_1_438' title='bbox 1826 3102 1962 3159; x_wconf 84' lang='lat' dir='ltr'><strong>Isaia</strong></span> <span class='ocrx_word' id='word_1_439' title='bbox 1991 3080 2032 3136; x_wconf 64' lang='grc' dir='ltr'>ο</span> <span class='ocrx_word' id='word_1_440' title='bbox 2067 3118 2119 3162; x_wconf 83' lang='lat' dir='ltr'><strong>et</strong></span> <span class='ocrx_word' id='word_1_441' title='bbox 2144 3109 2615 3179; x_wconf 79' lang='lat' dir='ltr'><strong>a’rgentitotidem.</strong></span> <span class='ocrx_word' id='word_1_442' title='bbox 2643 3109 2908 3162; x_wconf 64' lang='lat' dir='ltr'><strong>Deindnin</strong></span> <span class='ocrx_word' id='word_1_443' title='bbox 2927 3109 3210 3178; x_wconf 64' lang='lat' dir='ltr'><strong>Egyptutn</strong></span> <span class='ocrx_word' id='word_1_444' title='bbox 3237 3127 3482 3165; x_wconf 78' lang='lat' dir='ltr'><strong>reversus</strong></span> <span class='ocrx_word' id='word_1_445' title='bbox 3513 3125 3620 3172; x_wconf 58' lang='lat' dir='ltr'><strong>est.</strong></span> 
     </span>
    </p>
   </div>
   <div class='ocr_carea' id='block_1_63' title="bbox 419 3194 1965 3272">
    <p class='ocr_par' dir='ltr' id='par_1_63' title="bbox 419 3194 1965 3272">
     <span class='ocr_line' id='line_1_63' title="bbox 419 3194 1965 3272; baseline -0.007 -17"><span class='ocrx_word' id='word_1_446' title='bbox 419 3204 678 3272; x_wconf 73' lang='lat' dir='ltr'><strong>propheta</strong></span> <span class='ocrx_word' id='word_1_447' title='bbox 717 3201 1028 3268; x_wconf 87' lang='lat' dir='ltr'><strong>increpatus</strong></span> <span class='ocrx_word' id='word_1_448' title='bbox 1069 3207 1233 3261; x_wconf 87' lang='lat' dir='ltr'><strong>esset,</strong></span> <span class='ocrx_word' id='word_1_449' title='bbox 1267 3199 1440 3265; x_wconf 88' lang='lat' dir='ltr'><strong>ipsum</strong></span> <span class='ocrx_word' id='word_1_450' title='bbox 1474 3194 1818 3248; x_wconf 80' lang='lat' dir='ltr'><strong>interfectum</strong></span> <span class='ocrx_word' id='word_1_451' title='bbox 1852 3209 1965 3248; x_wconf 88' lang='lat' dir='ltr'><strong>ser-</strong></span> 
     </span>
    </p>
   </div>
   <div class='ocr_carea' id='block_1_64' title="bbox 418 3283 2016 3360">
    <p class='ocr_par' dir='ltr' id='par_1_64' title="bbox 418 3283 2016 3360">
     <span class='ocr_line' id='line_1_64' title="bbox 418 3283 2016 3360; baseline -0.005 -15"><span class='ocrx_word' id='word_1_452' title='bbox 418 3307 585 3360; x_wconf 81' lang='lat' dir='ltr'><strong>raque</strong></span> <span class='ocrx_word' id='word_1_453' title='bbox 622 3288 856 3343; x_wconf 89' lang='lat' dir='ltr'><strong>medium</strong></span> <span class='ocrx_word' id='word_1_454' title='bbox 903 3289 1044 3340; x_wconf 91' lang='lat' dir='ltr'><strong>inter</strong></span> <span class='ocrx_word' id='word_1_455' title='bbox 1084 3287 1220 3339; x_wconf 87' lang='lat' dir='ltr'><strong>duos</strong></span> <span class='ocrx_word' id='word_1_456' title='bbox 1248 3300 1460 3340; x_wconf 84' lang='lat' dir='ltr'><strong>asseres</strong></span> <span class='ocrx_word' id='word_1_457' title='bbox 1503 3283 1798 3337; x_wconf 86' lang='lat' dir='ltr'><strong>dissectum</strong></span> <span class='ocrx_word' id='word_1_458' title='bbox 1842 3285 1963 3353; x_wconf 89' lang='lat' dir='ltr'><strong>igne</strong></span> <span class='ocrx_word' id='word_1_459' title='bbox 2008 3323 2016 3344; x_wconf 50' lang='grc' dir='ltr'>χ</span> 
     </span>
    </p>
   </div>
   <div class='ocr_carea' id='block_1_65' title="bbox 417 3375 1958 3440">
    <p class='ocr_par' dir='ltr' id='par_1_65' title="bbox 417 3375 1958 3440">
     <span class='ocr_line' id='line_1_65' title="bbox 417 3375 1958 3440; baseline -0.006 -5"><span class='ocrx_word' id='word_1_460' title='bbox 417 3381 744 3435; x_wconf 71' lang='lat' dir='ltr'><strong>combussit.</strong></span> <span class='ocrx_word' id='word_1_461' title='bbox 780 3377 972 3432; x_wconf 81' lang='lat' dir='ltr'><strong>Fertur</strong></span> <span class='ocrx_word' id='word_1_462' title='bbox 1006 3387 1186 3430; x_wconf 89' lang='lat' dir='ltr'><strong>autem</strong></span> <span class='ocrx_word' id='word_1_463' title='bbox 1221 3375 1392 3440; x_wconf 65' lang='lat' dir='ltr'><strong>Isaias,</strong></span> <span class='ocrx_word' id='word_1_464' title='bbox 1423 3377 1700 3428; x_wconf 86' lang='lat' dir='ltr'><strong>cuut&#39;ante</strong></span> <span class='ocrx_word' id='word_1_465' title='bbox 1735 3387 1958 3426; x_wconf 89' lang='lat' dir='ltr'><strong>mortetn</strong></span> 
     </span>
    </p>
   </div>
   <div class='ocr_carea' id='block_1_66' title="bbox 417 3466 1955 3534">
    <p class='ocr_par' dir='ltr' id='par_1_66' title="bbox 417 3466 1955 3534">
     <span class='ocr_line' id='line_1_66' title="bbox 417 3466 1955 3534; baseline -0.007 -6"><span class='ocrx_word' id='word_1_466' title='bbox 417 3475 609 3528; x_wconf 86' lang='lat' dir='ltr'><strong>sitiens</strong></span> <span class='ocrx_word' id='word_1_467' title='bbox 642 3470 928 3524; x_wconf 90' lang='lat' dir='ltr'><strong>Dominum</strong></span> <span class='ocrx_word' id='word_1_468' title='bbox 977 3469 1300 3529; x_wconf 75' lang='lat' dir='ltr'><strong>invocasset,</strong></span> <span class='ocrx_word' id='word_1_469' title='bbox 1348 3477 1588 3534; x_wconf 87' lang='lat' dir='ltr'><strong>apertum</strong></span> <span class='ocrx_word' id='word_1_470' title='bbox 1638 3467 1802 3518; x_wconf 79' lang='lat' dir='ltr'><strong>fuisse</strong></span> <span class='ocrx_word' id='word_1_471' title='bbox 1837 3466 1955 3519; x_wconf 80' lang='lat' dir='ltr'><strong>fon-</strong></span> 
     </span>
    </p>
   </div>
   <div class='ocr_carea' id='block_1_67' title="bbox 418 3551 1956 3628">
    <p class='ocr_par' dir='ltr' id='par_1_67' title="bbox 418 3551 1956 3628">
     <span class='ocr_line' id='line_1_67' title="bbox 418 3551 1956 3628; baseline -0.008 -12"><span class='ocrx_word' id='word_1_472' title='bbox 418 3574 520 3616; x_wconf 87' lang='lat' dir='ltr'><strong>tem</strong></span> <span class='ocrx_word' id='word_1_473' title='bbox 568 3576 598 3615; x_wconf 91' lang='lat' dir='ltr'><strong>e</strong></span> <span class='ocrx_word' id='word_1_474' title='bbox 628 3575 734 3628; x_wconf 92' lang='lat' dir='ltr'><strong>quo</strong></span> <span class='ocrx_word' id='word_1_475' title='bbox 780 3558 942 3621; x_wconf 81' lang='lat' dir='ltr'><strong>bibit;</strong></span> <span class='ocrx_word' id='word_1_476' title='bbox 997 3563 1185 3625; x_wconf 79' lang='lat' dir='ltr'><strong>estque</strong></span> <span class='ocrx_word' id='word_1_477' title='bbox 1237 3555 1323 3608; x_wconf 89' lang='lat' dir='ltr'><strong>ille</strong></span> <span class='ocrx_word' id='word_1_478' title='bbox 1368 3552 1489 3606; x_wconf 89' lang='lat' dir='ltr'><strong>t‘ons</strong></span> <span class='ocrx_word' id='word_1_479' title='bbox 1533 3552 1769 3616; x_wconf 81' lang='lat' dir='ltr'><strong>Silwan,</strong></span> <span class='ocrx_word' id='word_1_480' title='bbox 1801 3551 1956 3619; x_wconf 86' lang='lat' dir='ltr'><strong>cujus</strong></span> 
     </span>
    </p>
   </div>
   <div class='ocr_carea' id='block_1_68' title="bbox 420 3642 1957 3716">
    <p class='ocr_par' dir='ltr' id='par_1_68' title="bbox 420 3642 1957 3716">
     <span class='ocr_line' id='line_1_68' title="bbox 420 3642 1957 3716; baseline -0.005 -14"><span class='ocrx_word' id='word_1_481' title='bbox 420 3651 652 3705; x_wconf 57' lang='lat' dir='ltr'><strong>nominis</strong></span> <span class='ocrx_word' id='word_1_482' title='bbox 679 3646 1184 3716; x_wconf 85' lang='lat' dir='ltr'><strong>ittterpretatiO’est,</strong></span> <span class='ocrx_word' id='word_1_483' title='bbox 1215 3643 1396 3698; x_wconf 74' lang='lat' dir='ltr'><strong>Missa.</strong></span> <span class='ocrx_word' id='word_1_484' title='bbox 1430 3642 1623 3695; x_wconf 84' lang='lat' dir='ltr'><strong>Fertur</strong></span> <span class='ocrx_word' id='word_1_485' title='bbox 1648 3644 1807 3694; x_wconf 90' lang='lat' dir='ltr'><strong>etiam</strong></span> <span class='ocrx_word' id='word_1_486' title='bbox 1835 3656 1957 3694; x_wconf 90' lang='lat' dir='ltr'><strong>cum</strong></span> 
     </span>
    </p>
   </div>
   <div class='ocr_carea' id='block_1_69' title="bbox 411 3733 1955 3810">
    <p class='ocr_par' dir='ltr' id='par_1_69' title="bbox 411 3733 1955 3810">
     <span class='ocr_line' id='line_1_69' title="bbox 411 3733 1955 3810; baseline -0.005 -19"><span class='ocrx_word' id='word_1_487' title='bbox 411 3746 601 3810; x_wconf 78' lang='lat' dir='ltr'><strong>postea</strong></span> <span class='ocrx_word' id='word_1_488' title='bbox 642 3747 826 3808; x_wconf 84' lang='lat' dir='ltr'><strong>gentes</strong></span> <span class='ocrx_word' id='word_1_489' title='bbox 874 3735 1238 3804; x_wconf 81' lang='lat' dir='ltr'><strong>Hierosolyma</strong></span> <span class='ocrx_word' id='word_1_490' title='bbox 1275 3733 1589 3793; x_wconf 85' lang='lat' dir='ltr'><strong>incolerent,</strong></span> <span class='ocrx_word' id='word_1_491' title='bbox 1623 3734 1955 3796; x_wconf 78' lang='lat' dir='ltr'><strong>exsiccatum</strong></span> 
     </span>
    </p>
   </div>
   <div class='ocr_carea' id='block_1_70' title="bbox 412 3819 1956 3892">
    <p class='ocr_par' dir='ltr' id='par_1_70' title="bbox 412 3819 1956 3892">
     <span class='ocr_line' id='line_1_70' title="bbox 412 3819 1956 3892; baseline -0.004 -10"><span class='ocrx_word' id='word_1_492' title='bbox 412 3847 532 3884; x_wconf 67' lang='lat' dir='ltr'><strong>esse</strong></span> <span class='ocrx_word' id='word_1_493' title='bbox 562 3831 758 3883; x_wconf 77' lang='lat' dir='ltr'><strong>fontem</strong></span> <span class='ocrx_word' id='word_1_494' title='bbox 794 3819 979 3892; x_wconf 79' lang='lat' dir='ltr'><strong>illum;</strong></span> <span class='ocrx_word' id='word_1_495' title='bbox 1015 3835 1068 3879; x_wconf 88' lang='lat' dir='ltr'><strong>at</strong></span> <span class='ocrx_word' id='word_1_496' title='bbox 1091 3841 1210 3878; x_wconf 89' lang='lat' dir='ltr'><strong>eum</strong></span> <span class='ocrx_word' id='word_1_497' title='bbox 1244 3824 1521 3886; x_wconf 70' lang='lat' dir='ltr'><strong>lsraelitat,</strong></span> <span class='ocrx_word' id='word_1_498' title='bbox 1553 3838 1692 3891; x_wconf 82' lang='lat' dir='ltr'><strong>aqua</strong></span> <span class='ocrx_word' id='word_1_499' title='bbox 1716 3821 1956 3877; x_wconf 76' lang='lat' dir='ltr'><strong>ﬂuxisse.</strong></span> 
     </span>
    </p>
   </div>
   <div class='ocr_carea' id='block_1_71' title="bbox 411 3908 1956 3982">
    <p class='ocr_par' dir='ltr' id='par_1_71' title="bbox 411 3908 1956 3982">
     <span class='ocr_line' id='line_1_71' title="bbox 411 3908 1956 3982; baseline -0.008 -5"><span class='ocrx_word' id='word_1_500' title='bbox 411 3922 700 3977; x_wconf 74' lang='lat' dir='ltr'><strong>Coluerunt</strong></span> <span class='ocrx_word' id='word_1_501' title='bbox 754 3929 929 3972; x_wconf 88' lang='lat' dir='ltr'><strong>autem</strong></span> <span class='ocrx_word' id='word_1_502' title='bbox 981 3917 1234 3970; x_wconf 73' lang='lat' dir='ltr'><strong>Israelita:</strong></span> <span class='ocrx_word' id='word_1_503' title='bbox 1293 3908 1432 3967; x_wconf 89' lang='lat' dir='ltr'><strong>idola</strong></span> <span class='ocrx_word' id='word_1_504' title='bbox 1481 3915 1637 3967; x_wconf 85' lang='lat' dir='ltr'><strong>annis</strong></span> <span class='ocrx_word' id='word_1_505' title='bbox 1689 3914 1956 3982; x_wconf 84' lang='lat' dir='ltr'><strong>quinqua-</strong></span> 
     </span>
    </p>
   </div>
   <div class='ocr_carea' id='block_1_72' title="bbox 413 4000 1990 4082">
    <p class='ocr_par' dir='ltr' id='par_1_72' title="bbox 413 4000 1990 4082">
     <span class='ocr_line' id='line_1_72' title="bbox 413 4000 1990 4082; baseline -0.006 -17"><span class='ocrx_word' id='word_1_506' title='bbox 413 4014 554 4082; x_wconf 82' lang='lat' dir='ltr'><strong>ginta</strong></span> <span class='ocrx_word' id='word_1_507' title='bbox 587 4021 836 4080; x_wconf 77' lang='lat' dir='ltr'><strong>quatuor.</strong></span> <span class='ocrx_word' id='word_1_508' title='bbox 875 4008 1074 4063; x_wconf 86' lang='lat' dir='ltr'><strong>Deinde</strong></span> <span class='ocrx_word' id='word_1_509' title='bbox 1107 4007 1316 4061; x_wconf 83' lang='lat' dir='ltr'><strong>Dabelis</strong></span> <span class='ocrx_word' id='word_1_510' title='bbox 1355 4000 1444 4060; x_wconf 80' lang='lat' dir='ltr'><strong>rex</strong></span> <span class='ocrx_word' id='word_1_511' title='bbox 1484 4017 1696 4073; x_wconf 89' lang='lat' dir='ltr'><strong>captum</strong></span> <span class='ocrx_word' id='word_1_512' title='bbox 1739 4001 1990 4077; x_wconf 18' lang='lat' dir='ltr'><strong>Manas—i’</strong></span> 
     </span>
    </p>
   </div>
   <div class='ocr_carea' id='block_1_73' title="bbox 411 4094 1950 4172">
    <p class='ocr_par' dir='ltr' id='par_1_73' title="bbox 411 4094 1950 4172">
     <span class='ocr_line' id='line_1_73' title="bbox 411 4094 1950 4172; baseline -0.009 -14"><span class='ocrx_word' id='word_1_513' title='bbox 411 4119 507 4158; x_wconf 88' lang='lat' dir='ltr'><strong>seu</strong></span> <span class='ocrx_word' id='word_1_514' title='bbox 545 4102 696 4158; x_wconf 69' lang='lat' dir='ltr'><strong>ludat</strong></span> <span class='ocrx_word' id='word_1_515' title='bbox 733 4117 910 4172; x_wconf 80' lang='lat' dir='ltr'><strong>regem</strong></span> <span class='ocrx_word' id='word_1_516' title='bbox 945 4101 1097 4153; x_wconf 88' lang='lat' dir='ltr'><strong>vituli</strong></span> <span class='ocrx_word' id='word_1_517' title='bbox 1125 4100 1270 4160; x_wconf 76' lang='lat' dir='ltr'><strong>:erei,</strong></span> <span class='ocrx_word' id='word_1_518' title='bbox 1306 4098 1390 4149; x_wconf 89' lang='lat' dir='ltr'><strong>cui</strong></span> <span class='ocrx_word' id='word_1_519' title='bbox 1431 4098 1606 4163; x_wconf 78' lang='lat' dir='ltr'><strong>ignem</strong></span> <span class='ocrx_word' id='word_1_520' title='bbox 1644 4094 1950 4163; x_wconf 88' lang='lat' dir='ltr'><strong>supposuit,</strong></span> 
     </span>
    </p>
   </div>
   <div class='ocr_carea' id='block_1_74' title="bbox 410 4184 1948 4258">
    <p class='ocr_par' dir='ltr' id='par_1_74' title="bbox 410 4184 1948 4258">
     <span class='ocr_line' id='line_1_74' title="bbox 410 4184 1948 4258; baseline -0.006 -12"><span class='ocrx_word' id='word_1_521' title='bbox 410 4196 529 4247; x_wconf 81' lang='lat' dir='ltr'><strong>alvo</strong></span> <span class='ocrx_word' id='word_1_522' title='bbox 557 4193 792 4246; x_wconf 79' lang='lat' dir='ltr'><strong>inclusit.</strong></span> <span class='ocrx_word' id='word_1_523' title='bbox 819 4192 1002 4244; x_wconf 77' lang='lat' dir='ltr'><strong>Oranti</strong></span> <span class='ocrx_word' id='word_1_524' title='bbox 1032 4190 1191 4258; x_wconf 85' lang='lat' dir='ltr'><strong>igitur</strong></span> <span class='ocrx_word' id='word_1_525' title='bbox 1218 4187 1461 4258; x_wconf 57' lang='lat' dir='ltr'><strong>litaniasse</strong></span> <span class='ocrx_word' id='word_1_526' title='bbox 1493 4184 1643 4239; x_wconf 67' lang='lat' dir='ltr'><strong>Judse</strong></span> <span class='ocrx_word' id='word_1_527' title='bbox 1678 4187 1784 4253; x_wconf 87' lang='lat' dir='ltr'><strong>regi</strong></span> <span class='ocrx_word' id='word_1_528' title='bbox 1823 4185 1948 4237; x_wconf 89' lang='lat' dir='ltr'><strong>dum</strong></span> 
     </span>
    </p>
   </div>
   <div class='ocr_carea' id='block_1_75' title="bbox 413 4254 1951 4344">
    <p class='ocr_par' dir='ltr' id='par_1_75' title="bbox 413 4254 1951 4344">
     <span class='ocr_line' id='line_1_75' title="bbox 413 4254 1951 4344; baseline -0.006 -8"><span class='ocrx_word' id='word_1_529' title='bbox 413 4287 462 4337; x_wconf 89' lang='lat' dir='ltr'><strong>itt</strong></span> <span class='ocrx_word' id='word_1_530' title='bbox 498 4285 772 4338; x_wconf 88' lang='lat' dir='ltr'><strong>simulacri</strong></span> <span class='ocrx_word' id='word_1_531' title='bbox 809 4283 928 4335; x_wconf 85' lang='lat' dir='ltr'><strong>alvo</strong></span> <span class='ocrx_word' id='word_1_532' title='bbox 956 4254 1274 4343; x_wconf 59' lang='lat' dir='ltr'><strong>exsistereto,</strong></span> <span class='ocrx_word' id='word_1_533' title='bbox 1311 4289 1366 4330; x_wconf 92' lang='lat' dir='ltr'><strong>ct</strong></span> <span class='ocrx_word' id='word_1_534' title='bbox 1396 4279 1466 4331; x_wconf 90' lang='lat' dir='ltr'><strong>ob</strong></span> <span class='ocrx_word' id='word_1_535' title='bbox 1503 4294 1562 4330; x_wconf 86' lang='lat' dir='ltr'><strong>ea</strong></span> <span class='ocrx_word' id='word_1_536' title='bbox 1596 4291 1715 4344; x_wconf 66' lang='lat' dir='ltr'><strong>quae</strong></span> <span class='ocrx_word' id='word_1_537' title='bbox 1749 4275 1951 4329; x_wconf 80' lang='lat' dir='ltr'><strong>fecerat</strong></span> 
     </span>
    </p>
   </div>
   <div class='ocr_carea' id='block_1_76' title="bbox 2134 3201 3618 3274">
    <p class='ocr_par' dir='ltr' id='par_1_76' title="bbox 2134 3201 3618 3274">
     <span class='ocr_line' id='line_1_76' title="bbox 2134 3201 3618 3274; baseline -0.001 -20"><span class='ocrx_word' id='word_1_538' title='bbox 2134 3201 2346 3254; x_wconf 81' lang='lat' dir='ltr'><strong>Mortuo</strong></span> <span class='ocrx_word' id='word_1_539' title='bbox 2396 3201 2573 3255; x_wconf 75' lang='lat' dir='ltr'><strong>antem</strong></span> <span class='ocrx_word' id='word_1_540' title='bbox 2609 3201 2848 3265; x_wconf 74' lang='lat' dir='ltr'><strong>Jocltazo</strong></span> <span class='ocrx_word' id='word_1_541' title='bbox 2891 3201 3058 3255; x_wconf 53' lang='lat' dir='ltr'><strong>Iuda)</strong></span> <span class='ocrx_word' id='word_1_542' title='bbox 3095 3218 3220 3268; x_wconf 47' lang='lat' dir='ltr'><strong>rege</strong></span> <span class='ocrx_word' id='word_1_543' title='bbox 3269 3204 3319 3255; x_wconf 89' lang='lat' dir='ltr'><strong>in</strong></span> <span class='ocrx_word' id='word_1_544' title='bbox 3363 3201 3618 3274; x_wconf 64' lang='lat' dir='ltr'><strong>Egyptn,</strong></span> 
     </span>
    </p>
   </div>
   <div class='ocr_carea' id='block_1_77' title="bbox 2064 3291 3617 3362">
    <p class='ocr_par' dir='ltr' id='par_1_77' title="bbox 2064 3291 3617 3362">
     <span class='ocr_line' id='line_1_77' title="bbox 2064 3291 3617 3362; baseline 0.001 -16"><span class='ocrx_word' id='word_1_545' title='bbox 2064 3294 2308 3362; x_wconf 82' lang='lat' dir='ltr'><strong>regnavit</strong></span> <span class='ocrx_word' id='word_1_546' title='bbox 2348 3302 2465 3360; x_wconf 85' lang='lat' dir='ltr'><strong>post</strong></span> <span class='ocrx_word' id='word_1_547' title='bbox 2497 3294 2669 3358; x_wconf 86' lang='lat' dir='ltr'><strong>ipsum</strong></span> <span class='ocrx_word' id='word_1_548' title='bbox 2707 3292 3097 3362; x_wconf 76' lang='lat' dir='ltr'><strong>Hierosolymis</strong></span> <span class='ocrx_word' id='word_1_549' title='bbox 3134 3294 3184 3345; x_wconf 90' lang='lat' dir='ltr'><strong>in</strong></span> <span class='ocrx_word' id='word_1_550' title='bbox 3210 3291 3404 3345; x_wconf 73' lang='lat' dir='ltr'><strong>ludam</strong></span> <span class='ocrx_word' id='word_1_551' title='bbox 3447 3293 3617 3348; x_wconf 62' lang='lat' dir='ltr'><strong>unde-</strong></span> 
     </span>
    </p>
   </div>
   <div class='ocr_carea' id='block_1_78' title="bbox 2065 3383 3615 3453">
    <p class='ocr_par' dir='ltr' id='par_1_78' title="bbox 2065 3383 3615 3453">
     <span class='ocr_line' id='line_1_78' title="bbox 2065 3383 3615 3453; baseline -0.001 -15"><span class='ocrx_word' id='word_1_552' title='bbox 2065 3386 2169 3438; x_wconf 92' lang='lat' dir='ltr'><strong>cim</strong></span> <span class='ocrx_word' id='word_1_553' title='bbox 2225 3398 2399 3438; x_wconf 85' lang='lat' dir='ltr'><strong>annos</strong></span> <span class='ocrx_word' id='word_1_554' title='bbox 2448 3383 2676 3436; x_wconf 83' lang='lat' dir='ltr'><strong>Eliakim</strong></span> <span class='ocrx_word' id='word_1_555' title='bbox 2725 3383 2890 3437; x_wconf 76' lang='lat' dir='ltr'><strong>Josia:</strong></span> <span class='ocrx_word' id='word_1_556' title='bbox 2946 3385 3085 3438; x_wconf 86' lang='lat' dir='ltr'><strong>lilius</strong></span> <span class='ocrx_word' id='word_1_557' title='bbox 3132 3385 3257 3453; x_wconf 90' lang='lat' dir='ltr'><strong>(qui</strong></span> <span class='ocrx_word' id='word_1_558' title='bbox 3309 3394 3363 3438; x_wconf 91' lang='lat' dir='ltr'><strong>et</strong></span> <span class='ocrx_word' id='word_1_559' title='bbox 3409 3385 3615 3439; x_wconf 73' lang='lat' dir='ltr'><strong>Joakitn</strong></span> 
     </span>
    </p>
   </div>
   <div class='ocr_carea' id='block_1_79' title="bbox 2061 3473 3619 3542">
    <p class='ocr_par' dir='ltr' id='par_1_79' title="bbox 2061 3473 3619 3542">
     <span class='ocr_line' id='line_1_79' title="bbox 2061 3473 3619 3542; baseline 0.001 -13"><span class='ocrx_word' id='word_1_560' title='bbox 2061 3476 2245 3529; x_wconf 91' lang='lat' dir='ltr'><strong>dictus</strong></span> <span class='ocrx_word' id='word_1_561' title='bbox 2294 3475 2414 3532; x_wconf 73' lang='grc' dir='ltr'><strong>εει)</strong></span> <span class='ocrx_word' id='word_1_562' title='bbox 2455 3489 2642 3528; x_wconf 75' lang='lat' dir='ltr'><strong>annos</strong></span> <span class='ocrx_word' id='word_1_563' title='bbox 2694 3482 2854 3527; x_wconf 88' lang='lat' dir='ltr'><strong>natus</strong></span> <span class='ocrx_word' id='word_1_564' title='bbox 2905 3473 3090 3542; x_wconf 85' lang='lat' dir='ltr'><strong>viginti</strong></span> <span class='ocrx_word' id='word_1_565' title='bbox 3155 3475 3415 3542; x_wconf 86' lang='lat' dir='ltr'><strong>quinque.</strong></span> <span class='ocrx_word' id='word_1_566' title='bbox 3488 3477 3619 3540; x_wconf 77' lang='lat' dir='ltr'><strong>Ejus</strong></span> 
     </span>
    </p>
   </div>
   <div class='ocr_carea' id='block_1_80' title="bbox 2060 3559 3614 3631">
    <p class='ocr_par' dir='ltr' id='par_1_80' title="bbox 2060 3559 3614 3631">
     <span class='ocr_line' id='line_1_80' title="bbox 2060 3559 3614 3631; baseline 0.002 -17"><span class='ocrx_word' id='word_1_567' title='bbox 2060 3569 2300 3627; x_wconf 88' lang='lat' dir='ltr'><strong>tempore</strong></span> <span class='ocrx_word' id='word_1_568' title='bbox 2357 3563 2752 3630; x_wconf 82' lang='lat' dir='ltr'><strong>prophetarum</strong></span> <span class='ocrx_word' id='word_1_569' title='bbox 2805 3559 3068 3615; x_wconf 84' lang='lat' dir='ltr'><strong>Jercmias</strong></span> <span class='ocrx_word' id='word_1_570' title='bbox 3125 3565 3426 3631; x_wconf 78' lang='lat' dir='ltr'><strong>propheta,</strong></span> <span class='ocrx_word' id='word_1_571' title='bbox 3484 3563 3614 3618; x_wconf 76' lang='lat' dir='ltr'><strong>Uria</strong></span> 
     </span>
    </p>
   </div>
   <div class='ocr_carea' id='block_1_81' title="bbox 2059 3648 3618 3718">
    <p class='ocr_par' dir='ltr' id='par_1_81' title="bbox 2059 3648 3618 3718">
     <span class='ocr_line' id='line_1_81' title="bbox 2059 3648 3618 3718; baseline 0.001 -15"><span class='ocrx_word' id='word_1_572' title='bbox 2059 3648 2288 3703; x_wconf 73' lang='lat' dir='ltr'><strong>Semaia:</strong></span> <span class='ocrx_word' id='word_1_573' title='bbox 2334 3651 2477 3703; x_wconf 77' lang='lat' dir='ltr'><strong>lilius</strong></span> <span class='ocrx_word' id='word_1_574' title='bbox 2521 3663 2583 3702; x_wconf 88' lang='lat' dir='ltr'><strong>ex</strong></span> <span class='ocrx_word' id='word_1_575' title='bbox 2612 3649 2811 3718; x_wconf 84' lang='lat' dir='ltr'><strong>oppido</strong></span> <span class='ocrx_word' id='word_1_576' title='bbox 2837 3649 3047 3712; x_wconf 80' lang='lat' dir='ltr'><strong>Aanab,</strong></span> <span class='ocrx_word' id='word_1_577' title='bbox 3086 3659 3139 3702; x_wconf 77' lang='lat' dir='ltr'><strong>et</strong></span> <span class='ocrx_word' id='word_1_578' title='bbox 3185 3649 3307 3703; x_wconf 82' lang='lat' dir='ltr'><strong>ani</strong></span> <span class='ocrx_word' id='word_1_579' title='bbox 3355 3650 3618 3705; x_wconf 53' lang='lat' dir='ltr'><strong>lizukit-lis</strong></span> 
     </span>
    </p>
   </div>
   <div class='ocr_carea' id='block_1_82' title="bbox 2057 3738 3613 3815">
    <p class='ocr_par' dir='ltr' id='par_1_82' title="bbox 2057 3738 3613 3815">
     <span class='ocr_line' id='line_1_82' title="bbox 2057 3738 3613 3815; baseline 0.003 -24"><span class='ocrx_word' id='word_1_580' title='bbox 2057 3748 2230 3809; x_wconf 89' lang='lat' dir='ltr'><strong>pater.</strong></span> <span class='ocrx_word' id='word_1_581' title='bbox 2258 3739 2497 3793; x_wconf 84' lang='lat' dir='ltr'><strong>l’ortavit</strong></span> <span class='ocrx_word' id='word_1_582' title='bbox 2529 3749 2706 3794; x_wconf 90' lang='lat' dir='ltr'><strong>autem</strong></span> <span class='ocrx_word' id='word_1_583' title='bbox 2736 3739 2946 3804; x_wconf 75' lang='lat' dir='ltr'><strong>Joakitn</strong></span> <span class='ocrx_word' id='word_1_584' title='bbox 2981 3738 3132 3793; x_wconf 67' lang='lat' dir='ltr'><strong>Judzc</strong></span> <span class='ocrx_word' id='word_1_585' title='bbox 3171 3743 3286 3815; x_wconf 81' lang='lat' dir='ltr'><strong>rex,</strong></span> <span class='ocrx_word' id='word_1_586' title='bbox 3324 3744 3613 3810; x_wconf 77' lang='lat' dir='ltr'><strong>quotannis</strong></span> 
     </span>
    </p>
   </div>
   <div class='ocr_carea' id='block_1_83' title="bbox 2056 3830 3616 3903">
    <p class='ocr_par' dir='ltr' id='par_1_83' title="bbox 2056 3830 3616 3903">
     <span class='ocr_line' id='line_1_83' title="bbox 2056 3830 3616 3903; baseline 0.001 -20"><span class='ocrx_word' id='word_1_587' title='bbox 2056 3832 2121 3885; x_wconf 85' lang='lat' dir='ltr'><strong>ad</strong></span> <span class='ocrx_word' id='word_1_588' title='bbox 2155 3831 2487 3886; x_wconf 84' lang='lat' dir='ltr'><strong>Pharaonem</strong></span> <span class='ocrx_word' id='word_1_589' title='bbox 2525 3832 2678 3885; x_wconf 86' lang='lat' dir='ltr'><strong>Nalm</strong></span> <span class='ocrx_word' id='word_1_590' title='bbox 2718 3830 2936 3902; x_wconf 67' lang='lat' dir='ltr'><strong>Egypti</strong></span> <span class='ocrx_word' id='word_1_591' title='bbox 2980 3848 3182 3900; x_wconf 66' lang='lat' dir='ltr'><strong>regem,</strong></span> <span class='ocrx_word' id='word_1_592' title='bbox 3221 3848 3316 3899; x_wconf 89' lang='lat' dir='ltr'><strong>pro</strong></span> <span class='ocrx_word' id='word_1_593' title='bbox 3342 3849 3399 3887; x_wconf 89' lang='lat' dir='ltr'><strong>se</strong></span> <span class='ocrx_word' id='word_1_594' title='bbox 3429 3843 3480 3885; x_wconf 85' lang='lat' dir='ltr'><strong>et</strong></span> <span class='ocrx_word' id='word_1_595' title='bbox 3518 3849 3616 3903; x_wconf 87' lang='lat' dir='ltr'><strong>pro</strong></span> 
     </span>
    </p>
   </div>
   <div class='ocr_carea' id='block_1_84' title="bbox 2042 3922 3612 3991">
    <p class='ocr_par' dir='ltr' id='par_1_84' title="bbox 2042 3922 3612 3991">
     <span class='ocr_line' id='line_1_84' title="bbox 2042 3922 3612 3991; baseline 0.001 -17"><span class='ocrx_word' id='word_1_596' title='bbox 2042 3923 2276 3991; x_wconf 64' lang='lat' dir='ltr'><strong>regione</strong></span> <span class='ocrx_word' id='word_1_597' title='bbox 2309 3938 2439 3985; x_wconf 85' lang='lat' dir='ltr'><strong>sua,</strong></span> <span class='ocrx_word' id='word_1_598' title='bbox 2488 3922 2540 3974; x_wconf 84' lang='lat' dir='ltr'><strong>in</strong></span> <span class='ocrx_word' id='word_1_599' title='bbox 2585 3924 2844 3973; x_wconf 87' lang='lat' dir='ltr'><strong>tributum</strong></span> <span class='ocrx_word' id='word_1_600' title='bbox 2894 3930 3109 3976; x_wconf 83' lang='lat' dir='ltr'><strong>centum</strong></span> <span class='ocrx_word' id='word_1_601' title='bbox 3145 3925 3260 3976; x_wconf 83' lang='lat' dir='ltr'><strong>auri</strong></span> <span class='ocrx_word' id='word_1_602' title='bbox 3300 3939 3360 3977; x_wconf 82' lang='lat' dir='ltr'><strong>ac</strong></span> <span class='ocrx_word' id='word_1_603' title='bbox 3391 3923 3612 3977; x_wconf 75' lang='lat' dir='ltr'><strong>totidem</strong></span> 
     </span>
    </p>
   </div>
   <div class='ocr_carea' id='block_1_85' title="bbox 2053 4012 3609 4080">
    <p class='ocr_par' dir='ltr' id='par_1_85' title="bbox 2053 4012 3609 4080">
     <span class='ocr_line' id='line_1_85' title="bbox 2053 4012 3609 4080; baseline 0.001 -16"><span class='ocrx_word' id='word_1_604' title='bbox 2053 4013 2262 4080; x_wconf 80' lang='lat' dir='ltr'><strong>argenti</strong></span> <span class='ocrx_word' id='word_1_605' title='bbox 2299 4012 2523 4064; x_wconf 87' lang='lat' dir='ltr'><strong>talenta.</strong></span> <span class='ocrx_word' id='word_1_606' title='bbox 2559 4013 2928 4070; x_wconf 74' lang='lat' dir='ltr'><strong>Annoautcm</strong></span> <span class='ocrx_word' id='word_1_607' title='bbox 2956 4023 3154 4080; x_wconf 88' lang='lat' dir='ltr'><strong>quarto</strong></span> <span class='ocrx_word' id='word_1_608' title='bbox 3191 4015 3338 4077; x_wconf 78' lang='lat' dir='ltr'><strong>regni</strong></span> <span class='ocrx_word' id='word_1_609' title='bbox 3377 4012 3609 4068; x_wconf 68' lang='grc' dir='ltr'><strong>«ἰουιὶυά</strong></span> 
     </span>
    </p>
   </div>
   <div class='ocr_carea' id='block_1_86' title="bbox 2054 4099 3612 4168">
    <p class='ocr_par' dir='ltr' id='par_1_86' title="bbox 2054 4099 3612 4168">
     <span class='ocr_line' id='line_1_86' title="bbox 2054 4099 3612 4168; baseline 0.002 -17"><span class='ocrx_word' id='word_1_610' title='bbox 2054 4100 2194 4168; x_wconf 85' lang='lat' dir='ltr'><strong>regis</strong></span> <span class='ocrx_word' id='word_1_611' title='bbox 2232 4099 2387 4152; x_wconf 65' lang='lat' dir='ltr'><strong>ludat</strong></span> <span class='ocrx_word' id='word_1_612' title='bbox 2410 4102 2709 4166; x_wconf 72' lang='lat' dir='ltr'><strong>imperavit</strong></span> <span class='ocrx_word' id='word_1_613' title='bbox 2754 4100 3151 4154; x_wconf 72' lang='lat' dir='ltr'><strong>Hoclatanasser</strong></span> <span class='ocrx_word' id='word_1_614' title='bbox 3183 4101 3387 4168; x_wconf 80' lang='lat' dir='ltr'><strong>ltabeli,</strong></span> <span class='ocrx_word' id='word_1_615' title='bbox 3420 4105 3528 4166; x_wconf 90' lang='lat' dir='ltr'><strong>cui,</strong></span> <span class='ocrx_word' id='word_1_616' title='bbox 3559 4113 3612 4156; x_wconf 89' lang='lat' dir='ltr'><strong>et</strong></span> 
     </span>
    </p>
   </div>
   <div class='ocr_carea' id='block_1_87' title="bbox 2052 4189 3612 4259">
    <p class='ocr_par' dir='ltr' id='par_1_87' title="bbox 2052 4189 3612 4259">
     <span class='ocr_line' id='line_1_87' title="bbox 2052 4189 3612 4259; baseline 0.003 -17"><span class='ocrx_word' id='word_1_617' title='bbox 2052 4190 2156 4242; x_wconf 89' lang='lat' dir='ltr'><strong>sub</strong></span> <span class='ocrx_word' id='word_1_618' title='bbox 2203 4191 2339 4258; x_wconf 89' lang='lat' dir='ltr'><strong>ipso,</strong></span> <span class='ocrx_word' id='word_1_619' title='bbox 2392 4189 2768 4259; x_wconf 79' lang='lat' dir='ltr'><strong>Hierosolyma</strong></span> <span class='ocrx_word' id='word_1_620' title='bbox 2817 4191 3125 4243; x_wconf 83' lang='lat' dir='ltr'><strong>ascendenti</strong></span> <span class='ocrx_word' id='word_1_621' title='bbox 3176 4192 3387 4245; x_wconf 87' lang='lat' dir='ltr'><strong>obviam</strong></span> <span class='ocrx_word' id='word_1_622' title='bbox 3437 4193 3612 4246; x_wconf 70' lang='lat' dir='ltr'><strong>laetus</strong></span> 
     </span>
    </p>
   </div>
   <div class='ocr_carea' id='block_1_88' title="bbox 2049 4278 3610 4359">
    <p class='ocr_par' dir='ltr' id='par_1_88' title="bbox 2049 4278 3610 4359">
     <span class='ocr_line' id='line_1_88' title="bbox 2049 4278 3610 4359; baseline 0.001 -26"><span class='ocrx_word' id='word_1_623' title='bbox 2049 4278 2260 4333; x_wconf 78' lang='lat' dir='ltr'><strong>Joakim</strong></span> <span class='ocrx_word' id='word_1_624' title='bbox 2295 4279 2444 4334; x_wconf 68' lang='lat' dir='ltr'><strong>ludat</strong></span> <span class='ocrx_word' id='word_1_625' title='bbox 2476 4297 2590 4345; x_wconf 69' lang='lat' dir='ltr'><strong>rex,</strong></span> <span class='ocrx_word' id='word_1_626' title='bbox 2622 4281 2722 4359; x_wconf 54' lang='lat' dir='ltr'><strong>ipsi</strong></span> <span class='ocrx_word' id='word_1_627' title='bbox 2764 4281 2934 4334; x_wconf 88' lang='lat' dir='ltr'><strong>instar</strong></span> <span class='ocrx_word' id='word_1_628' title='bbox 2969 4284 3108 4336; x_wconf 87' lang='lat' dir='ltr'><strong>servi</strong></span> <span class='ocrx_word' id='word_1_629' title='bbox 3138 4281 3312 4336; x_wconf 76' lang='lat' dir='ltr'><strong>tactus</strong></span> <span class='ocrx_word' id='word_1_630' title='bbox 3339 4283 3500 4354; x_wconf 63' lang='lat'><strong>2“</strong></span> <span class='ocrx_word' id='word_1_631' title='bbox 3529 4295 3610 4337; x_wconf 88' lang='lat' dir='ltr'><strong>est</strong></span> 
     </span>
    </p>
   </div>
   <div class='ocr_carea' id='block_1_89' title="bbox 411 4369 3606 4450">
    <p class='ocr_par' dir='ltr' id='par_1_89' title="bbox 411 4369 3606 4450">
     <span class='ocr_line' id='line_1_89' title="bbox 411 4369 3606 4450; baseline 0 -22"><span class='ocrx_word' id='word_1_632' title='bbox 411 4379 774 4446; x_wconf 68' lang='lat' dir='ltr'><strong>pmttilentiam</strong></span> <span class='ocrx_word' id='word_1_633' title='bbox 819 4377 994 4442; x_wconf 68' lang='lat' dir='ltr'><strong>agenti</strong></span> <span class='ocrx_word' id='word_1_634' title='bbox 1039 4389 1326 4442; x_wconf 80' lang='lat' dir='ltr'><strong>precesque</strong></span> <span class='ocrx_word' id='word_1_635' title='bbox 1374 4374 1436 4424; x_wconf 85' lang='lat' dir='ltr'><strong>ad</strong></span> <span class='ocrx_word' id='word_1_636' title='bbox 1483 4373 1765 4425; x_wconf 89' lang='lat' dir='ltr'><strong>Dominum</strong></span> <span class='ocrx_word' id='word_1_637' title='bbox 1813 4371 1946 4424; x_wconf 78' lang='lat' dir='ltr'><strong>fun-</strong></span> <span class='ocrx_word' id='word_1_638' title='bbox 1981 4396 2021 4450; x_wconf 75' lang='grc' dir='ltr'><strong><em>υ</em></strong></span> <span class='ocrx_word' id='word_1_639' title='bbox 2053 4373 2118 4424; x_wconf 89' lang='lat' dir='ltr'><strong>ad</strong></span> <span class='ocrx_word' id='word_1_640' title='bbox 2180 4372 2496 4424; x_wconf 89' lang='lat' dir='ltr'><strong>triennium.</strong></span> <span class='ocrx_word' id='word_1_641' title='bbox 2560 4369 2828 4424; x_wconf 85' lang='lat' dir='ltr'><strong>Reversus</strong></span> <span class='ocrx_word' id='word_1_642' title='bbox 2889 4383 2971 4424; x_wconf 91' lang='lat' dir='ltr'><strong>cst</strong></span> <span class='ocrx_word' id='word_1_643' title='bbox 3031 4388 3158 4440; x_wconf 74' lang='lat' dir='ltr'><strong>ergo</strong></span> <span class='ocrx_word' id='word_1_644' title='bbox 3194 4375 3606 4431; x_wconf 71' lang='lat' dir='ltr'><strong>.Bochtauasser</strong></span> 
     </span>
    </p>
   </div>
   <div class='ocr_carea' id='block_1_90' title="bbox 407 4463 1946 4533">
    <p class='ocr_par' dir='ltr' id='par_1_90' title="bbox 407 4463 1946 4533">
     <span class='ocr_line' id='line_1_90' title="bbox 407 4463 1946 4533; baseline -0.005 -12"><span class='ocrx_word' id='word_1_645' title='bbox 407 4468 574 4529; x_wconf 77' lang='lat' dir='ltr'><strong>denti,</strong></span> <span class='ocrx_word' id='word_1_646' title='bbox 607 4481 728 4518; x_wconf 90' lang='lat' dir='ltr'><strong>cum</strong></span> <span class='ocrx_word' id='word_1_647' title='bbox 764 4475 1042 4533; x_wconf 86' lang='lat' dir='ltr'><strong>peccatum</strong></span> <span class='ocrx_word' id='word_1_648' title='bbox 1085 4465 1172 4516; x_wconf 92' lang='lat' dir='ltr'><strong>ille</strong></span> <span class='ocrx_word' id='word_1_649' title='bbox 1209 4463 1530 4526; x_wconf 88' lang='lat' dir='ltr'><strong>remisisset,</strong></span> <span class='ocrx_word' id='word_1_650' title='bbox 1557 4471 1609 4515; x_wconf 90' lang='lat' dir='ltr'><strong>et</strong></span> <span class='ocrx_word' id='word_1_651' title='bbox 1645 4463 1816 4532; x_wconf 85' lang='lat' dir='ltr'><strong>ipsius</strong></span> <span class='ocrx_word' id='word_1_652' title='bbox 1848 4464 1946 4515; x_wconf 89' lang='lat' dir='ltr'><strong>tui-</strong></span> 
     </span>
    </p>
   </div>
   <div class='ocr_carea' id='block_1_91' title="bbox 407 4555 1949 4622">
    <p class='ocr_par' dir='ltr' id='par_1_91' title="bbox 407 4555 1949 4622">
     <span class='ocr_line' id='line_1_91' title="bbox 407 4555 1949 4622; baseline -0.003 -10"><span class='ocrx_word' id='word_1_653' title='bbox 407 4570 582 4612; x_wconf 87' lang='lat' dir='ltr'><strong>sertus</strong></span> <span class='ocrx_word' id='word_1_654' title='bbox 633 4569 810 4620; x_wconf 85' lang='lat' dir='ltr'><strong>esset,</strong></span> <span class='ocrx_word' id='word_1_655' title='bbox 863 4556 1138 4622; x_wconf 88' lang='lat' dir='ltr'><strong>diruptunt</strong></span> <span class='ocrx_word' id='word_1_656' title='bbox 1196 4563 1279 4608; x_wconf 91' lang='lat' dir='ltr'><strong>est</strong></span> <span class='ocrx_word' id='word_1_657' title='bbox 1332 4555 1717 4619; x_wconf 83' lang='lat' dir='ltr'><strong>simulacrum,</strong></span> <span class='ocrx_word' id='word_1_658' title='bbox 1769 4555 1840 4607; x_wconf 89' lang='lat' dir='ltr'><strong>ita</strong></span> <span class='ocrx_word' id='word_1_659' title='bbox 1891 4563 1949 4607; x_wconf 90' lang='lat' dir='ltr'><strong>ut</strong></span> 
     </span>
    </p>
   </div>
   <div class='ocr_carea' id='block_1_92' title="bbox 404 4641 1945 4713">
    <p class='ocr_par' dir='ltr' id='par_1_92' title="bbox 404 4641 1945 4713">
     <span class='ocr_line' id='line_1_92' title="bbox 404 4641 1945 4713; baseline -0.003 -12"><span class='ocrx_word' id='word_1_660' title='bbox 404 4649 610 4711; x_wconf 79' lang='lat' dir='ltr'><strong>exiret;</strong></span> <span class='ocrx_word' id='word_1_661' title='bbox 655 4649 904 4713; x_wconf 77' lang='lat' dir='ltr'><strong>misitque</strong></span> <span class='ocrx_word' id='word_1_662' title='bbox 935 4641 1194 4696; x_wconf 90' lang='lat' dir='ltr'><strong>Dominus</strong></span> <span class='ocrx_word' id='word_1_663' title='bbox 1230 4643 1330 4711; x_wconf 92' lang='lat' dir='ltr'><strong>ipsi</strong></span> <span class='ocrx_word' id='word_1_664' title='bbox 1371 4645 1614 4712; x_wconf 88' lang='lat' dir='ltr'><strong>angelum</strong></span> <span class='ocrx_word' id='word_1_665' title='bbox 1648 4643 1737 4708; x_wconf 90' lang='lat' dir='ltr'><strong>qui</strong></span> <span class='ocrx_word' id='word_1_666' title='bbox 1767 4643 1945 4697; x_wconf 85' lang='lat' dir='ltr'><strong>subla—</strong></span> 
     </span>
    </p>
   </div>
   <div class='ocr_carea' id='block_1_93' title="bbox 406 4731 1947 4805">
    <p class='ocr_par' dir='ltr' id='par_1_93' title="bbox 406 4731 1947 4805">
     <span class='ocr_line' id='line_1_93' title="bbox 406 4731 1947 4805; baseline -0.004 -15"><span class='ocrx_word' id='word_1_667' title='bbox 406 4747 518 4790; x_wconf 90' lang='lat' dir='ltr'><strong>tum</strong></span> <span class='ocrx_word' id='word_1_668' title='bbox 556 4736 924 4805; x_wconf 81' lang='lat' dir='ltr'><strong>Hierosolyma</strong></span> <span class='ocrx_word' id='word_1_669' title='bbox 974 4733 1286 4801; x_wconf 83' lang='lat' dir='ltr'><strong>reportavit.</strong></span> <span class='ocrx_word' id='word_1_670' title='bbox 1331 4731 1572 4785; x_wconf 79' lang='lat' dir='ltr'><strong>Mortuus</strong></span> <span class='ocrx_word' id='word_1_671' title='bbox 1613 4742 1789 4786; x_wconf 86' lang='lat' dir='ltr'><strong>autem</strong></span> <span class='ocrx_word' id='word_1_672' title='bbox 1817 4732 1947 4784; x_wconf 71' lang='lat' dir='ltr'><strong>&#39;Ma-</strong></span> 
     </span>
    </p>
   </div>
   <div class='ocr_carea' id='block_1_94' title="bbox 405 4819 1947 4890">
    <p class='ocr_par' dir='ltr' id='par_1_94' title="bbox 405 4819 1947 4890">
     <span class='ocr_line' id='line_1_94' title="bbox 405 4819 1947 4890; baseline -0.001 -17"><span class='ocrx_word' id='word_1_673' title='bbox 405 4837 562 4874; x_wconf 85' lang='lat' dir='ltr'><strong>nasse</strong></span> <span class='ocrx_word' id='word_1_674' title='bbox 595 4823 644 4873; x_wconf 91' lang='lat' dir='ltr'><strong>iu</strong></span> <span class='ocrx_word' id='word_1_675' title='bbox 687 4822 838 4873; x_wconf 90' lang='lat' dir='ltr'><strong>horto</strong></span> <span class='ocrx_word' id='word_1_676' title='bbox 874 4819 1031 4890; x_wconf 66' lang='grc'><strong>240</strong></span> <span class='ocrx_word' id='word_1_677' title='bbox 1065 4819 1218 4873; x_wconf 70' lang='grc' dir='ltr'><strong>υλκςε</strong></span> <span class='ocrx_word' id='word_1_678' title='bbox 1255 4820 1497 4886; x_wconf 89' lang='lat' dir='ltr'><strong>sepultus</strong></span> <span class='ocrx_word' id='word_1_679' title='bbox 1528 4830 1640 4886; x_wconf 77' lang='lat' dir='ltr'><strong>est;</strong></span> <span class='ocrx_word' id='word_1_680' title='bbox 1678 4823 1947 4888; x_wconf 79' lang='lat' dir='ltr'><strong>regnavit-</strong></span> 
     </span>
    </p>
   </div>
   <div class='ocr_carea' id='block_1_95' title="bbox 405 4910 1944 4980">
    <p class='ocr_par' dir='ltr' id='par_1_95' title="bbox 405 4910 1944 4980">
     <span class='ocr_line' id='line_1_95' title="bbox 405 4910 1944 4980; baseline 0.004 -21"><span class='ocrx_word' id='word_1_681' title='bbox 405 4927 508 4978; x_wconf 88' lang='lat' dir='ltr'><strong>qne</strong></span> <span class='ocrx_word' id='word_1_682' title='bbox 538 4921 654 4980; x_wconf 75' lang='lat' dir='ltr'><strong>post</strong></span> <span class='ocrx_word' id='word_1_683' title='bbox 690 4912 864 4976; x_wconf 82' lang='lat' dir='ltr'><strong>ipsum</strong></span> <span class='ocrx_word' id='word_1_684' title='bbox 905 4910 1122 4962; x_wconf 88' lang='lat' dir='ltr'><strong>biennio</strong></span> <span class='ocrx_word' id='word_1_685' title='bbox 1159 4911 1296 4962; x_wconf 83' lang='lat' dir='ltr'><strong>lilius</strong></span> <span class='ocrx_word' id='word_1_686' title='bbox 1326 4911 1496 4976; x_wconf 80' lang='lat' dir='ltr'><strong>ipsius</strong></span> <span class='ocrx_word' id='word_1_687' title='bbox 1528 4911 1735 4976; x_wconf 82' lang='lat' dir='ltr'><strong>Anton;</strong></span> <span class='ocrx_word' id='word_1_688' title='bbox 1775 4927 1944 4965; x_wconf 86' lang='lat' dir='ltr'><strong>annos</strong></span> 
     </span>
    </p>
   </div>
   <div class='ocr_carea' id='block_1_96' title="bbox 405 4999 1941 5068">
    <p class='ocr_par' dir='ltr' id='par_1_96' title="bbox 405 4999 1941 5068">
     <span class='ocr_line' id='line_1_96' title="bbox 405 4999 1941 5068; baseline -0.001 -13"><span class='ocrx_word' id='word_1_689' title='bbox 405 5014 564 5055; x_wconf 83' lang='lat' dir='ltr'><strong>natus</strong></span> <span class='ocrx_word' id='word_1_690' title='bbox 617 5001 800 5068; x_wconf 80' lang='lat' dir='ltr'><strong>viginti</strong></span> <span class='ocrx_word' id='word_1_691' title='bbox 833 5001 990 5063; x_wconf 89' lang='lat' dir='ltr'><strong>duos,</strong></span> <span class='ocrx_word' id='word_1_692' title='bbox 1024 5001 1112 5066; x_wconf 93' lang='lat' dir='ltr'><strong>qui</strong></span> <span class='ocrx_word' id='word_1_693' title='bbox 1159 5001 1208 5051; x_wconf 90' lang='lat' dir='ltr'><strong>in</strong></span> <span class='ocrx_word' id='word_1_694' title='bbox 1252 4999 1494 5054; x_wconf 84' lang='lat' dir='ltr'><strong>colendis</strong></span> <span class='ocrx_word' id='word_1_695' title='bbox 1534 5003 1687 5054; x_wconf 89' lang='lat' dir='ltr'><strong>idolis</strong></span> <span class='ocrx_word' id='word_1_696' title='bbox 1738 5010 1941 5068; x_wconf 90' lang='lat' dir='ltr'><strong>patrem</strong></span> 
     </span>
    </p>
   </div>
   <div class='ocr_carea' id='block_1_97' title="bbox 401 5089 1944 5158">
    <p class='ocr_par' dir='ltr' id='par_1_97' title="bbox 401 5089 1944 5158">
     <span class='ocr_line' id='line_1_97' title="bbox 401 5089 1944 5158; baseline -0.001 -13"><span class='ocrx_word' id='word_1_697' title='bbox 401 5107 558 5146; x_wconf 90' lang='lat' dir='ltr'><strong>suum</strong></span> <span class='ocrx_word' id='word_1_698' title='bbox 591 5093 830 5144; x_wconf 86' lang='lat' dir='ltr'><strong>imitatus</strong></span> <span class='ocrx_word' id='word_1_699' title='bbox 860 5100 962 5144; x_wconf 85' lang='lat' dir='ltr'><strong>cst.</strong></span> <span class='ocrx_word' id='word_1_700' title='bbox 996 5089 1147 5142; x_wconf 80' lang='lat' dir='ltr'><strong>illum</strong></span> <span class='ocrx_word' id='word_1_701' title='bbox 1181 5101 1356 5142; x_wconf 91' lang='lat' dir='ltr'><strong>autem</strong></span> <span class='ocrx_word' id='word_1_702' title='bbox 1395 5090 1567 5143; x_wconf 84' lang='lat' dir='ltr'><strong>adorti</strong></span> <span class='ocrx_word' id='word_1_703' title='bbox 1602 5090 1742 5141; x_wconf 83' lang='lat' dir='ltr'><strong>servi</strong></span> <span class='ocrx_word' id='word_1_704' title='bbox 1776 5091 1944 5158; x_wconf 88' lang='lat' dir='ltr'><strong>ipsius</strong></span> 
     </span>
    </p>
   </div>
   <div class='ocr_carea' id='block_1_98' title="bbox 400 5171 1941 5246">
    <p class='ocr_par' dir='ltr' id='par_1_98' title="bbox 400 5171 1941 5246">
     <span class='ocr_line' id='line_1_98' title="bbox 400 5171 1941 5246; baseline -0.002 -9"><span class='ocrx_word' id='word_1_705' title='bbox 400 5183 544 5237; x_wconf 88' lang='lat' dir='ltr'><strong>domi</strong></span> <span class='ocrx_word' id='word_1_706' title='bbox 581 5198 690 5235; x_wconf 75' lang='lat' dir='ltr'><strong>sua:</strong></span> <span class='ocrx_word' id='word_1_707' title='bbox 724 5171 893 5234; x_wconf 81' lang='lat' dir='ltr'><strong>morte</strong></span> <span class='ocrx_word' id='word_1_708' title='bbox 925 5181 1172 5234; x_wconf 77' lang='lat' dir='ltr'><strong>allectum</strong></span> <span class='ocrx_word' id='word_1_709' title='bbox 1210 5196 1330 5232; x_wconf 92' lang='lat' dir='ltr'><strong>cum</strong></span> <span class='ocrx_word' id='word_1_710' title='bbox 1369 5192 1516 5246; x_wconf 60' lang='lat' dir='ltr'><strong>patre</strong></span> <span class='ocrx_word' id='word_1_711' title='bbox 1557 5195 1657 5232; x_wconf 88' lang='lat' dir='ltr'><strong>suo</strong></span> <span class='ocrx_word' id='word_1_712' title='bbox 1699 5181 1748 5231; x_wconf 93' lang='lat' dir='ltr'><strong>in</strong></span> <span class='ocrx_word' id='word_1_713' title='bbox 1787 5178 1941 5234; x_wconf 76' lang='lat' dir='ltr'><strong>Uzzc</strong></span> 
     </span>
    </p>
   </div>
   <div class='ocr_carea' id='block_1_99' title="bbox 401 5269 1942 5341">
    <p class='ocr_par' dir='ltr' id='par_1_99' title="bbox 401 5269 1942 5341">
     <span class='ocr_line' id='line_1_99' title="bbox 401 5269 1942 5341; baseline -0.003 -15"><span class='ocrx_word' id='word_1_714' title='bbox 401 5273 560 5326; x_wconf 88' lang='lat' dir='ltr'><strong>horto</strong></span> <span class='ocrx_word' id='word_1_715' title='bbox 591 5272 952 5340; x_wconf 86' lang='lat' dir='ltr'><strong>sepelierunt;</strong></span> <span class='ocrx_word' id='word_1_716' title='bbox 984 5280 1240 5336; x_wconf 79' lang='lat' dir='ltr'><strong>regnante</strong></span> <span class='ocrx_word' id='word_1_717' title='bbox 1271 5283 1391 5337; x_wconf 92' lang='lat' dir='ltr'><strong>post</strong></span> <span class='ocrx_word' id='word_1_718' title='bbox 1422 5271 1595 5337; x_wconf 89' lang='lat' dir='ltr'><strong>ipsum</strong></span> <span class='ocrx_word' id='word_1_719' title='bbox 1635 5269 1942 5341; x_wconf 62' lang='lat' dir='ltr'><strong>Hierosoly-</strong></span> 
     </span>
    </p>
   </div>
   <div class='ocr_carea' id='block_1_100' title="bbox 403 5361 1940 5429">
    <p class='ocr_par' dir='ltr' id='par_1_100' title="bbox 403 5361 1940 5429">
     <span class='ocr_line' id='line_1_100' title="bbox 403 5361 1940 5429; baseline -0.001 -13"><span class='ocrx_word' id='word_1_720' title='bbox 403 5364 505 5416; x_wconf 91' lang='lat' dir='ltr'><strong>tuis</strong></span> <span class='ocrx_word' id='word_1_721' title='bbox 554 5367 605 5415; x_wconf 92' lang='lat' dir='ltr'><strong>in</strong></span> <span class='ocrx_word' id='word_1_722' title='bbox 649 5363 876 5426; x_wconf 68' lang='lat' dir='ltr'><strong>ludam,</strong></span> <span class='ocrx_word' id='word_1_723' title='bbox 923 5376 1093 5415; x_wconf 88' lang='lat' dir='ltr'><strong>annos</strong></span> <span class='ocrx_word' id='word_1_724' title='bbox 1139 5361 1354 5429; x_wconf 84' lang='lat' dir='ltr'><strong>triginta</strong></span> <span class='ocrx_word' id='word_1_725' title='bbox 1404 5377 1564 5412; x_wconf 90' lang='lat' dir='ltr'><strong>unum</strong></span> <span class='ocrx_word' id='word_1_726' title='bbox 1616 5361 1724 5412; x_wconf 84' lang='lat' dir='ltr'><strong>tilio</strong></span> <span class='ocrx_word' id='word_1_727' title='bbox 1772 5362 1940 5429; x_wconf 85' lang='lat' dir='ltr'><strong>ipsius</strong></span> 
     </span>
    </p>
   </div>
   <div class='ocr_carea' id='block_1_101' title="bbox 399 5452 1938 5519">
    <p class='ocr_par' dir='ltr' id='par_1_101' title="bbox 399 5452 1938 5519">
     <span class='ocr_line' id='line_1_101' title="bbox 399 5452 1938 5519; baseline -0.002 -12"><span class='ocrx_word' id='word_1_728' title='bbox 399 5452 580 5517; x_wconf 88' lang='lat' dir='ltr'><strong>.Iosia,</strong></span> <span class='ocrx_word' id='word_1_729' title='bbox 621 5455 857 5506; x_wconf 85' lang='lat' dir='ltr'><strong>octenni.</strong></span> <span class='ocrx_word' id='word_1_730' title='bbox 898 5455 986 5506; x_wconf 85' lang='lat' dir='ltr'><strong>llle</strong></span> <span class='ocrx_word' id='word_1_731' title='bbox 1017 5464 1190 5507; x_wconf 85' lang='lat' dir='ltr'><strong>autem</strong></span> <span class='ocrx_word' id='word_1_732' title='bbox 1224 5466 1365 5504; x_wconf 88' lang='lat' dir='ltr'><strong>anno</strong></span> <span class='ocrx_word' id='word_1_733' title='bbox 1400 5452 1548 5519; x_wconf 83' lang='lat' dir='ltr'><strong>regni</strong></span> <span class='ocrx_word' id='word_1_734' title='bbox 1583 5453 1665 5506; x_wconf 87' lang='lat' dir='ltr'><strong>sui</strong></span> <span class='ocrx_word' id='word_1_735' title='bbox 1700 5453 1938 5506; x_wconf 84' lang='lat' dir='ltr'><strong>secundo</strong></span> 
     </span>
    </p>
   </div>
   <div class='ocr_carea' id='block_1_102' title="bbox 400 5541 1936 5610">
    <p class='ocr_par' dir='ltr' id='par_1_102' title="bbox 400 5541 1936 5610">
     <span class='ocr_line' id='line_1_102' title="bbox 400 5541 1936 5610; baseline 0 -14"><span class='ocrx_word' id='word_1_736' title='bbox 400 5543 537 5596; x_wconf 83' lang='lat' dir='ltr'><strong>idola</strong></span> <span class='ocrx_word' id='word_1_737' title='bbox 598 5543 909 5604; x_wconf 83' lang='lat' dir='ltr'><strong>confracta,</strong></span> <span class='ocrx_word' id='word_1_738' title='bbox 968 5543 1263 5608; x_wconf 87' lang='lat' dir='ltr'><strong>omniaque</strong></span> <span class='ocrx_word' id='word_1_739' title='bbox 1315 5541 1580 5593; x_wconf 86' lang='lat' dir='ltr'><strong>idolorum</strong></span> <span class='ocrx_word' id='word_1_740' title='bbox 1631 5543 1828 5610; x_wconf 86' lang='lat' dir='ltr'><strong>templa</strong></span> <span class='ocrx_word' id='word_1_741' title='bbox 1884 5545 1936 5596; x_wconf 86' lang='lat' dir='ltr'><strong>in</strong></span> 
     </span>
    </p>
   </div>
   <div class='ocr_carea' id='block_1_103' title="bbox 399 5632 1936 5704">
    <p class='ocr_par' dir='ltr' id='par_1_103' title="bbox 399 5632 1936 5704">
     <span class='ocr_line' id='line_1_103' title="bbox 399 5632 1936 5704; baseline 0.001 -17"><span class='ocrx_word' id='word_1_742' title='bbox 399 5632 657 5699; x_wconf 82' lang='lat' dir='ltr'><strong>Samaria,</strong></span> <span class='ocrx_word' id='word_1_743' title='bbox 691 5649 808 5704; x_wconf 68' lang='lat' dir='ltr'><strong>quze</strong></span> <span class='ocrx_word' id='word_1_744' title='bbox 867 5641 1238 5689; x_wconf 76' lang='lat' dir='ltr'><strong>exstruxerant</strong></span> <span class='ocrx_word' id='word_1_745' title='bbox 1295 5633 1507 5688; x_wconf 80' lang='lat' dir='ltr'><strong>lsraclis</strong></span> <span class='ocrx_word' id='word_1_746' title='bbox 1544 5648 1716 5703; x_wconf 81' lang='lat' dir='ltr'><strong>reges,</strong></span> <span class='ocrx_word' id='word_1_747' title='bbox 1757 5633 1936 5689; x_wconf 76' lang='lat' dir='ltr'><strong>diruta</strong></span> 
     </span>
    </p>
   </div>
   <div class='ocr_carea' id='block_1_104' title="bbox 2051 4463 3607 4531">
    <p class='ocr_par' dir='ltr' id='par_1_104' title="bbox 2051 4463 3607 4531">
     <span class='ocr_line' id='line_1_104' title="bbox 2051 4463 3607 4531; baseline 0.005 -16"><span class='ocrx_word' id='word_1_748' title='bbox 2051 4463 2300 4516; x_wconf 87' lang='lat' dir='ltr'><strong>Babelem</strong></span> <span class='ocrx_word' id='word_1_749' title='bbox 2356 4463 2601 4515; x_wconf 86' lang='lat' dir='ltr'><strong>mittente</strong></span> <span class='ocrx_word' id='word_1_750' title='bbox 2667 4463 2731 4514; x_wconf 88' lang='lat' dir='ltr'><strong>ad</strong></span> <span class='ocrx_word' id='word_1_751' title='bbox 2787 4466 2962 4530; x_wconf 88' lang='lat' dir='ltr'><strong>ipsum</strong></span> <span class='ocrx_word' id='word_1_752' title='bbox 3017 4467 3310 4531; x_wconf 85' lang='lat' dir='ltr'><strong>quotannis</strong></span> <span class='ocrx_word' id='word_1_753' title='bbox 3366 4466 3607 4523; x_wconf 82' lang='lat' dir='ltr'><strong>.loakino</strong></span> 
     </span>
    </p>
   </div>
   <div class='ocr_carea' id='block_1_105' title="bbox 2048 4553 3604 4620">
    <p class='ocr_par' dir='ltr' id='par_1_105' title="bbox 2048 4553 3604 4620">
     <span class='ocr_line' id='line_1_105' title="bbox 2048 4553 3604 4620; baseline 0.004 -14"><span class='ocrx_word' id='word_1_754' title='bbox 2048 4569 2164 4606; x_wconf 77' lang='lat' dir='ltr'><strong>eam</strong></span> <span class='ocrx_word' id='word_1_755' title='bbox 2211 4568 2373 4620; x_wconf 89' lang='lat' dir='ltr'><strong>qttant</strong></span> <span class='ocrx_word' id='word_1_756' title='bbox 2424 4553 2488 4606; x_wconf 89' lang='lat' dir='ltr'><strong>ad</strong></span> <span class='ocrx_word' id='word_1_757' title='bbox 2527 4553 2864 4607; x_wconf 85' lang='lat' dir='ltr'><strong>Pharaonem</strong></span> <span class='ocrx_word' id='word_1_758' title='bbox 2912 4553 3063 4606; x_wconf 80' lang='lat' dir='ltr'><strong>Nahu</strong></span> <span class='ocrx_word' id='word_1_759' title='bbox 3118 4557 3329 4610; x_wconf 83' lang='lat' dir='ltr'><strong>mittere</strong></span> <span class='ocrx_word' id='word_1_760' title='bbox 3380 4559 3604 4620; x_wconf 80' lang='lat' dir='ltr'><strong>Solebat.</strong></span> 
     </span>
    </p>
   </div>
   <div class='ocr_carea' id='block_1_106' title="bbox 2047 4645 3606 4714">
    <p class='ocr_par' dir='ltr' id='par_1_106' title="bbox 2047 4645 3606 4714">
     <span class='ocr_line' id='line_1_106' title="bbox 2047 4645 3606 4714; baseline 0.004 -16"><span class='ocrx_word' id='word_1_761' title='bbox 2047 4647 2163 4698; x_wconf 88' lang='lat' dir='ltr'><strong>auri</strong></span> <span class='ocrx_word' id='word_1_762' title='bbox 2194 4657 2354 4713; x_wconf 82' lang='lat' dir='ltr'><strong>atque</strong></span> <span class='ocrx_word' id='word_1_763' title='bbox 2377 4645 2585 4714; x_wconf 85' lang='lat' dir='ltr'><strong>argenti</strong></span> <span class='ocrx_word' id='word_1_764' title='bbox 2615 4660 2918 4709; x_wconf 89' lang='lat' dir='ltr'><strong>summam;</strong></span> <span class='ocrx_word' id='word_1_765' title='bbox 2953 4647 3236 4713; x_wconf 66' lang='lat' dir='ltr'><strong>imperium</strong></span> <span class='ocrx_word' id='word_1_766' title='bbox 3267 4649 3409 4701; x_wconf 88' lang='lat' dir='ltr'><strong>enim</strong></span> <span class='ocrx_word' id='word_1_767' title='bbox 3435 4652 3606 4704; x_wconf 88' lang='lat' dir='ltr'><strong>tenuit</strong></span> 
     </span>
    </p>
   </div>
   <div class='ocr_carea' id='block_1_107' title="bbox 2047 4731 3600 4802">
    <p class='ocr_par' dir='ltr' id='par_1_107' title="bbox 2047 4731 3600 4802">
     <span class='ocr_line' id='line_1_107' title="bbox 2047 4731 3600 4802; baseline 0.003 -18"><span class='ocrx_word' id='word_1_768' title='bbox 2047 4731 2446 4786; x_wconf 81' lang='lat' dir='ltr'><strong>Boelttanasser</strong></span> <span class='ocrx_word' id='word_1_769' title='bbox 2479 4748 2506 4783; x_wconf 90' lang='lat' dir='ltr'><strong>a</strong></span> <span class='ocrx_word' id='word_1_770' title='bbox 2559 4731 2752 4786; x_wconf 89' lang='lat' dir='ltr'><strong>Babele</strong></span> <span class='ocrx_word' id='word_1_771' title='bbox 2796 4747 2968 4798; x_wconf 78' lang='lat' dir='ltr'><strong>usque.</strong></span> <span class='ocrx_word' id='word_1_772' title='bbox 3015 4736 3078 4784; x_wconf 85' lang='lat' dir='ltr'><strong>ad</strong></span> <span class='ocrx_word' id='word_1_773' title='bbox 3121 4735 3306 4787; x_wconf 91' lang='lat' dir='ltr'><strong>urbem</strong></span> <span class='ocrx_word' id='word_1_774' title='bbox 3357 4733 3600 4802; x_wconf 81' lang='lat' dir='ltr'><strong>Raphak.</strong></span> 
     </span>
    </p>
   </div>
   <div class='ocr_carea' id='block_1_108' title="bbox 2050 4820 3599 4892">
    <p class='ocr_par' dir='ltr' id='par_1_108' title="bbox 2050 4820 3599 4892">
     <span class='ocr_line' id='line_1_108' title="bbox 2050 4820 3599 4892; baseline 0.002 -19"><span class='ocrx_word' id='word_1_775' title='bbox 2050 4820 2242 4874; x_wconf 77' lang='lat' dir='ltr'><strong>Postea</strong></span> <span class='ocrx_word' id='word_1_776' title='bbox 2291 4831 2508 4888; x_wconf 89' lang='lat' dir='ltr'><strong>paetutn</strong></span> <span class='ocrx_word' id='word_1_777' title='bbox 2557 4822 2768 4892; x_wconf 86' lang='lat' dir='ltr'><strong>irritum</strong></span> <span class='ocrx_word' id='word_1_778' title='bbox 2823 4820 3055 4874; x_wconf 87' lang='lat' dir='ltr'><strong>reddens</strong></span> <span class='ocrx_word' id='word_1_779' title='bbox 3099 4820 3310 4876; x_wconf 84' lang='lat' dir='ltr'><strong>Joakim</strong></span> <span class='ocrx_word' id='word_1_780' title='bbox 3366 4825 3494 4878; x_wconf 85' lang='lat' dir='ltr'><strong>tiilnl</strong></span> <span class='ocrx_word' id='word_1_781' title='bbox 3536 4828 3599 4892; x_wconf 77' lang='lat' dir='ltr'><strong>ad</strong></span> 
     </span>
    </p>
   </div>
   <div class='ocr_carea' id='block_1_109' title="bbox 2044 4888 3597 4980">
    <p class='ocr_par' dir='ltr' id='par_1_109' title="bbox 2044 4888 3597 4980">
     <span class='ocr_line' id='line_1_109' title="bbox 2044 4888 3597 4980; baseline 0.003 -16"><span class='ocrx_word' id='word_1_782' title='bbox 2044 4913 2230 4980; x_wconf 86' lang='lat' dir='ltr'><strong>ipsum</strong></span> <span class='ocrx_word' id='word_1_783' title='bbox 2261 4913 2429 4965; x_wconf 87' lang='lat' dir='ltr'><strong>misit.</strong></span> <span class='ocrx_word' id='word_1_784' title='bbox 2475 4911 2717 4963; x_wconf 79' lang='lat' dir='ltr'><strong>Mortuus</strong></span> <span class='ocrx_word' id='word_1_785' title='bbox 2750 4922 2925 4966; x_wconf 87' lang='lat' dir='ltr'><strong>autem</strong></span> <span class='ocrx_word' id='word_1_786' title='bbox 2955 4911 3184 4976; x_wconf 56' lang='lat' dir='ltr'><strong>Joakim,</strong></span> <span class='ocrx_word' id='word_1_787' title='bbox 3220 4931 3305 4964; x_wconf 72' lang='lat' dir='ltr'><strong>rex</strong></span> <span class='ocrx_word' id='word_1_788' title='bbox 3333 4913 3506 4979; x_wconf 65' lang='lat' dir='ltr'><strong>.ludm,</strong></span> <span class='ocrx_word' id='word_1_789' title='bbox 3545 4888 3597 4970; x_wconf 70' lang='lat' dir='ltr'><strong>iri</strong></span> 
     </span>
    </p>
   </div>
   <div class='ocr_carea' id='block_1_110' title="bbox 2042 5001 3599 5075">
    <p class='ocr_par' dir='ltr' id='par_1_110' title="bbox 2042 5001 3599 5075">
     <span class='ocr_line' id='line_1_110' title="bbox 2042 5001 3599 5075; baseline 0.004 -21"><span class='ocrx_word' id='word_1_790' title='bbox 2042 5002 2248 5054; x_wconf 56' lang='lat' dir='ltr'><strong>adibus</strong></span> <span class='ocrx_word' id='word_1_791' title='bbox 2301 5001 2514 5056; x_wconf 87' lang='lat' dir='ltr'><strong>Davidis</strong></span> <span class='ocrx_word' id='word_1_792' title='bbox 2591 5003 2837 5071; x_wconf 82' lang='lat' dir='ltr'><strong>scpnltus</strong></span> <span class='ocrx_word' id='word_1_793' title='bbox 2899 5012 3002 5057; x_wconf 89' lang='lat' dir='ltr'><strong>est.</strong></span> <span class='ocrx_word' id='word_1_794' title='bbox 3060 5005 3428 5073; x_wconf 83' lang='lat' dir='ltr'><strong>Regnavitque</strong></span> <span class='ocrx_word' id='word_1_795' title='bbox 3480 5005 3599 5075; x_wconf 53' lang='lat' dir='ltr'><strong>post</strong></span> 
     </span>
    </p>
   </div>
   <div class='ocr_carea' id='block_1_111' title="bbox 2041 5083 3595 5162">
    <p class='ocr_par' dir='ltr' id='par_1_111' title="bbox 2041 5083 3595 5162">
     <span class='ocr_line' id='line_1_111' title="bbox 2041 5083 3595 5162; baseline 0.003 -18"><span class='ocrx_word' id='word_1_796' title='bbox 2041 5089 2216 5158; x_wconf 88' lang='lat' dir='ltr'><strong>ipsum</strong></span> <span class='ocrx_word' id='word_1_797' title='bbox 2243 5083 2388 5147; x_wconf 84' lang='lat' dir='ltr'><strong>lilius</strong></span> <span class='ocrx_word' id='word_1_798' title='bbox 2415 5092 2585 5162; x_wconf 83' lang='lat' dir='ltr'><strong>ipsius</strong></span> <span class='ocrx_word' id='word_1_799' title='bbox 2616 5089 2890 5156; x_wconf 84' lang='lat' dir='ltr'><strong>Joachim,</strong></span> <span class='ocrx_word' id='word_1_800' title='bbox 2918 5096 3006 5162; x_wconf 90' lang='lat' dir='ltr'><strong>qui</strong></span> <span class='ocrx_word' id='word_1_801' title='bbox 3038 5102 3086 5145; x_wconf 68' lang='lat' dir='ltr'><strong>rt</strong></span> <span class='ocrx_word' id='word_1_802' title='bbox 3117 5097 3248 5147; x_wconf 80' lang='lat' dir='ltr'><strong>Ahia</strong></span> <span class='ocrx_word' id='word_1_803' title='bbox 3281 5094 3460 5151; x_wconf 70' lang='lat' dir='ltr'><strong>dtrtus</strong></span> <span class='ocrx_word' id='word_1_804' title='bbox 3492 5107 3595 5162; x_wconf 86' lang='lat' dir='ltr'><strong>est,</strong></span> 
     </span>
    </p>
   </div>
   <div class='ocr_carea' id='block_1_112' title="bbox 2043 5182 3596 5254">
    <p class='ocr_par' dir='ltr' id='par_1_112' title="bbox 2043 5182 3596 5254">
     <span class='ocr_line' id='line_1_112' title="bbox 2043 5182 3596 5254; baseline 0.005 -19"><span class='ocrx_word' id='word_1_805' title='bbox 2043 5182 2456 5254; x_wconf 81' lang='lat' dir='ltr'><strong>Hierosolymis,</strong></span> <span class='ocrx_word' id='word_1_806' title='bbox 2500 5184 2672 5237; x_wconf 84' lang='lat' dir='ltr'><strong>tribus</strong></span> <span class='ocrx_word' id='word_1_807' title='bbox 2709 5185 3007 5244; x_wconf 89' lang='lat' dir='ltr'><strong>mensibus.</strong></span> <span class='ocrx_word' id='word_1_808' title='bbox 3039 5202 3211 5238; x_wconf 84' lang='lat' dir='ltr'><strong>annos</strong></span> <span class='ocrx_word' id='word_1_809' title='bbox 3251 5197 3408 5240; x_wconf 83' lang='lat' dir='ltr'><strong>natus</strong></span> <span class='ocrx_word' id='word_1_810' title='bbox 3443 5200 3596 5242; x_wconf 87' lang='lat' dir='ltr'><strong>octo-</strong></span> 
     </span>
    </p>
   </div>
   <div class='ocr_carea' id='block_1_113' title="bbox 2041 5275 3596 5344">
    <p class='ocr_par' dir='ltr' id='par_1_113' title="bbox 2041 5275 3596 5344">
     <span class='ocr_line' id='line_1_113' title="bbox 2041 5275 3596 5344; baseline 0.005 -16"><span class='ocrx_word' id='word_1_811' title='bbox 2041 5275 2258 5341; x_wconf 90' lang='lat' dir='ltr'><strong>decim;</strong></span> <span class='ocrx_word' id='word_1_812' title='bbox 2296 5279 2388 5344; x_wconf 90' lang='lat' dir='ltr'><strong>qui</strong></span> <span class='ocrx_word' id='word_1_813' title='bbox 2422 5291 2543 5330; x_wconf 92' lang='lat' dir='ltr'><strong>cum</strong></span> <span class='ocrx_word' id='word_1_814' title='bbox 2587 5277 2848 5329; x_wconf 92' lang='lat' dir='ltr'><strong>tributum</strong></span> <span class='ocrx_word' id='word_1_815' title='bbox 2889 5292 2994 5330; x_wconf 91' lang='lat' dir='ltr'><strong>non</strong></span> <span class='ocrx_word' id='word_1_816' title='bbox 3033 5279 3287 5344; x_wconf 88' lang='lat' dir='ltr'><strong>mitteret,</strong></span> <span class='ocrx_word' id='word_1_817' title='bbox 3336 5283 3596 5336; x_wconf 73' lang='lat' dir='ltr'><strong>aceedrns</strong></span> 
     </span>
    </p>
   </div>
   <div class='ocr_carea' id='block_1_114' title="bbox 2041 5365 3594 5438">
    <p class='ocr_par' dir='ltr' id='par_1_114' title="bbox 2041 5365 3594 5438">
     <span class='ocr_line' id='line_1_114' title="bbox 2041 5365 3594 5438; baseline 0.003 -20"><span class='ocrx_word' id='word_1_818' title='bbox 2041 5365 2437 5421; x_wconf 88' lang='lat' dir='ltr'><strong>Bochtanasser</strong></span> <span class='ocrx_word' id='word_1_819' title='bbox 2464 5383 2584 5420; x_wconf 89' lang='lat' dir='ltr'><strong>cum</strong></span> <span class='ocrx_word' id='word_1_820' title='bbox 2623 5369 2861 5420; x_wconf 78' lang='lat' dir='ltr'><strong>exercitu</strong></span> <span class='ocrx_word' id='word_1_821' title='bbox 2896 5385 2997 5422; x_wconf 92' lang='lat' dir='ltr'><strong>suo</strong></span> <span class='ocrx_word' id='word_1_822' title='bbox 3038 5369 3407 5438; x_wconf 81' lang='lat' dir='ltr'><strong>Hierosolyma</strong></span> <span class='ocrx_word' id='word_1_823' title='bbox 3441 5375 3594 5426; x_wconf 73' lang='lat' dir='ltr'><strong>obse-</strong></span> 
     </span>
    </p>
   </div>
   <div class='ocr_carea' id='block_1_115' title="bbox 2040 5455 3589 5528">
    <p class='ocr_par' dir='ltr' id='par_1_115' title="bbox 2040 5455 3589 5528">
     <span class='ocr_line' id='line_1_115' title="bbox 2040 5455 3589 5528; baseline 0.003 -18"><span class='ocrx_word' id='word_1_824' title='bbox 2040 5460 2148 5521; x_wconf 90' lang='lat' dir='ltr'><strong>dit;</strong></span> <span class='ocrx_word' id='word_1_825' title='bbox 2194 5458 2256 5510; x_wconf 89' lang='lat' dir='ltr'><strong>ad</strong></span> <span class='ocrx_word' id='word_1_826' title='bbox 2308 5475 2465 5526; x_wconf 88' lang='lat' dir='ltr'><strong>quem</strong></span> <span class='ocrx_word' id='word_1_827' title='bbox 2509 5471 2730 5522; x_wconf 79' lang='lat' dir='ltr'><strong>egresso</strong></span> <span class='ocrx_word' id='word_1_828' title='bbox 2787 5455 3064 5512; x_wconf 80' lang='lat' dir='ltr'><strong>Joachimo</strong></span> <span class='ocrx_word' id='word_1_829' title='bbox 3107 5458 3258 5512; x_wconf 69' lang='lat' dir='ltr'><strong>Iudae</strong></span> <span class='ocrx_word' id='word_1_830' title='bbox 3305 5478 3446 5528; x_wconf 85' lang='lat' dir='ltr'><strong>rege,</strong></span> <span class='ocrx_word' id='word_1_831' title='bbox 3488 5466 3589 5515; x_wconf 84' lang='lat' dir='ltr'><strong>tut&#39;a</strong></span> 
     </span>
    </p>
   </div>
   <div class='ocr_carea' id='block_1_116' title="bbox 2039 5546 3585 5618">
    <p class='ocr_par' dir='ltr' id='par_1_116' title="bbox 2039 5546 3585 5618">
     <span class='ocr_line' id='line_1_116' title="bbox 2039 5546 3585 5618; baseline 0.002 -20"><span class='ocrx_word' id='word_1_832' title='bbox 2039 5562 2158 5598; x_wconf 90' lang='lat' dir='ltr'><strong>cum</strong></span> <span class='ocrx_word' id='word_1_833' title='bbox 2195 5557 2386 5608; x_wconf 88' lang='lat' dir='ltr'><strong>tnatre,</strong></span> <span class='ocrx_word' id='word_1_834' title='bbox 2415 5548 2720 5614; x_wconf 73' lang='lat' dir='ltr'><strong>SCI‘\iSt|Ut‘.,</strong></span> <span class='ocrx_word' id='word_1_835' title='bbox 2754 5557 2806 5600; x_wconf 91' lang='lat' dir='ltr'><strong>ct</strong></span> <span class='ocrx_word' id='word_1_836' title='bbox 2842 5546 3204 5602; x_wconf 71' lang='lat' dir='ltr'><strong>Israelitarum</strong></span> <span class='ocrx_word' id='word_1_837' title='bbox 3237 5553 3477 5618; x_wconf 76' lang='lat' dir='ltr'><strong>principii</strong></span> <span class='ocrx_word' id='word_1_838' title='bbox 3505 5569 3585 5616; x_wconf 69' lang='lat' dir='ltr'><strong>us,</strong></span> 
     </span>
    </p>
   </div>
   <div class='ocr_carea' id='block_1_117' title="bbox 2040 5637 3588 5707">
    <p class='ocr_par' dir='ltr' id='par_1_117' title="bbox 2040 5637 3588 5707">
     <span class='ocr_line' id='line_1_117' title="bbox 2040 5637 3588 5707; baseline 0.002 -16"><span class='ocrx_word' id='word_1_839' title='bbox 2040 5638 2226 5692; x_wconf 87' lang='lat' dir='ltr'><strong>urbem</strong></span> <span class='ocrx_word' id='word_1_840' title='bbox 2254 5639 2302 5691; x_wconf 88' lang='lat' dir='ltr'><strong>ei</strong></span> <span class='ocrx_word' id='word_1_841' title='bbox 2326 5647 2694 5707; x_wconf 87' lang='lat' dir='ltr'><strong>aperuerunt;</strong></span> <span class='ocrx_word' id='word_1_842' title='bbox 2717 5651 2873 5706; x_wconf 86' lang='lat' dir='ltr'><strong>quam</strong></span> <span class='ocrx_word' id='word_1_843' title='bbox 2905 5637 3181 5707; x_wconf 78' lang='lat' dir='ltr'><strong>ingressus</strong></span> <span class='ocrx_word' id='word_1_844' title='bbox 3202 5640 3588 5694; x_wconf 78' lang='lat' dir='ltr'><strong>ltuehtanasser</strong></span> 
     </span>
    </p>
   </div>
  </div>
