4038 6514
566 405 669 467 963

1560 411 1911 471 EUTYCIIll
1954 414 2479 475 ALEXANDRINI
2523 418 2741 477 PATR.

3646 440 3725 501 Em

569 516 831 585 quidquid
870 518 920 569 in
960 516 1158 583 templo
1189 524 1303 569 erat
1337 530 1551 579 vasum,
1595 520 1739 581 auri,
1777 521 2016 588 argenti,
2047 530 2101 573 et
2140 527 2186 583 Α
2216 523 2489 577 fornacem
2528 528 2667 594 ignis
2712 532 2940 596 conjecti
2986 543 3133 586 sunt.
3172 532 3313 588 Misit
3351 552 3473 591 vero
3513 542 3639 599 Deus
3672 553 3725 602 ad

563 622 923 675 gemmarum,
973 621 1070 660 nec
1104 624 1208 662 non
1249 606 1517 677 ‘quidquitl
1564 608 1615 659 in
1664 623 1788 662 arce
1830 610 1973 680 regia
2006 610 2109 663 fuit

563 710 928 761 getmnarum,
959 698 1100 757 auri,
1136 703 1190 749 et
1220 696 1467 765 argenti,
1499 693 1747 749 Babelem
1780 699 2106 765 asportavit;

557 783 865 839 Joakimum
906 784 1127 856 insuper
1150 784 1300 842 Iudae
1328 804 1506 857 regem
1540 791 1807 854 vinctum,
1842 781 1946 844 una
1980 806 2104 845 cum

559 876 852 928 comitibus
886 876 1054 947 ipsius
1087 877 1289 944 septies
1320 878 1464 932 mille
1489 893 1674 934 secum
1706 879 1957 934 Babelem
1990 890 2103 930 tra-

558 966 732 1026 duxit,
769 981 867 1019 nec
900 982 1003 1019 non
1042 965 1404 1021 lsraelitarum
1445 979 1714 1040 quotquot
1739 971 1949 1025 viribus
1982 969 2100 1039 pol-

560 1055 756 1109 lerent.
795 1058 937 1110 Inter
966 1058 1205 1127 captivos
1234 1068 1392 1111 erant
1430 1059 1617 1115 Daniel
1644 1060 1828 1114 adhde
1860 1075 2014 1129 puer,
2050 1069 2104 1111 et

555 1156 664 1201 tres
694 1147 863 1213 pueri,
887 1145 1190 1209 Hananiah,
1216 1147 1407 1201 Azaria
1450 1157 1504 1201 et
1558 1148 1765 1214 Misael,
1789 1152 1877 1218 qui
1912 1150 1963 1203 in
1999 1150 2108 1203 for-

556 1251 744 1290 nacem
785 1237 926 1305 ignis
958 1237 1189 1304 conjecti
1226 1246 1373 1291 sunt.
1406 1237 1592 1306 Neque
1628 1240 1681 1292 in
1721 1240 1852 1293 urbe
1884 1240 2104 1295 relictus

553 1337 636 1380 est
668 1326 750 1379 vel
783 1341 925 1379 unus
956 1327 1101 1395 quis,
1133 1325 1362 1380 infit-“mis
1394 1336 1446 1379 et
1479 1329 1807 1396 pauperibus
1834 1331 2097 1392 exceptis.

552 1415 797 1470 Pra‘fecil
822 1427 999 1470 autem
1026 1416 1416 1471 Boclitanasser
1437 1418 1847 1488 llierosolymis,
1872 1418 2101 1475 Joakimi

556 1494 698 1574 regis
739 1505 892 1559 Judae
929 1506 1169 1571 fratrem,
1198 1507 1551 1580 255-257
1578 1508 1741 1564 Josiae
1783 1509 1969 1570 filium,
2002 1523 2101 1563 no-

554 1597 697 1650 mine
723 1596 1033 1659 llataniam,
1058 1612 1217 1666 quem
1248 1596 1533 1652 Zedckiam
1556 1600 1847 1669 appellavit
1872 1598 2099 1653 Joakimi

552 1690 691 1757 regis
716 1685 871 1740 Judze
902 1695 1189 1753 patruum;
1234 1689 1326 1757 qui
1360 1688 1613 1744 undecim
1658 1692 1815 1745 annis
1842 1693 2099 1746 Hieroso-

551 1778 708 1847 lymis
739 1779 1004 1848 regnavit,
1034 1793 1210 1832 annos
1236 1788 1401 1834 natus
1437 1781 1626 1851 viginti
1657 1792 1714 1836 et
1745 1769 1933 1837 unum;
1959 1782 2089 1853 Ejus

2215 619 2358 684 ipsos
2395 631 2424 669 e
2468 620 2605 680 coelo
2653 622 2899 687 angelum
2935 624 3025 691 qui
3060 625 3233 692 ignem
3271 628 3344 680 ita
3378 632 3656 697 exstinxit,
3683 649 3729 690 nt

2215 705 2383 775 frigus
2437 707 2569 775 ipsis
2619 718 2670 761 et
2722 709 3066 768 incolumitas
3111 727 3255 771 esset
3302 732 3317 770 :
3370 721 3511 785 quod
3564 724 3730 780 videns

2210 794 2607 852 Bochtanasser
2649 799 2795 866 ipsos
2823 813 2853 854 e
2885 800 3107 860 fornace
3147 808 3353 871 eduxit,
3390 824 3618 878 cumque
3648 829 3730 868 eos

2208 895 2483 941 scrutatus
2525 889 2728 942 nullout
2760 891 2898 958 ignis
2933 894 3235 963 vestigium,
3269 913 3364 951 nec
3400 883 3615 967 in'ipsis
3640 916 3727 955 nec

2210 974 2260 1027 iu
2291 976 2526 1029 vestibus
2554 977 2791 1043 ipsorum
2820 979 3285 1047 deprehendisset,
3315 986 3470 1039 valde
3503 988 3730 1046 miratus,

2209 1070 2461 1132 metuque
2507 1065 2788 1131 perculsus
2835 1066 3181 1153 aha—251
3233 1073 3376 1139 ipsos
3419 1075 3621 1147 honore
3661 1077 3731 1129 af-

2205 1152 2410 1216 feclos,
2455 1165 2507 1207 et
2556 1156 2723 1224 gradu
2772 1152 2987 1209 sublimi
3029 1159 3323 1217 collocatos
3377 1168 3645 1233 principes
3686 1170 3729 1221 in

2205 1241 2403 1311 palatio
2447 1258 2547 1297 suo
2594 1246 2898 1300 constituit.
2938 1248 3101 1302 Porro
3147 1265 3288 1305 anno
3314 1265 3432 1321 post
3476 1256 3729 1310 excidium

2207 1331 2699 1402 Hierosolymorum
2722 1346 2933 1405 quarto,
2957 1353 3079 1392 cum
3103 1340 3328 1394 vidisset
3354 1343 3733 1402 Bochtanasser

2204 1424 2513 1488 insomnia,
2599 1429 2939 1495 congregatis
2992 1430 3301 1486 onirocritis
3353 1443 3405 1487 et
3457 1439 3734 1507 astrologis

2202 1512 2367 1566 dixit:
2414 1512 2661 1569 Visiones
2691 1532 2828 1585 quas
2867 1518 2973 1571 vidi
3012 1535 3112 1573 una
3146 1535 3267 1573 cum
3306 1513 3542 1591 ipsarum
3577 1528 3732 1581 inter-

2202 1604 2599 1672 prctationibus
2648 1607 2775 1660 mihi
2828 1610 3106 1664 narretis:
3163 1611 3246 1665 sin
3304 1613 3519 1677 minus,
3569 1618 3735 1685 capite

2200 1709 2295 1748 vos
2343 1695 2592 1763 plectam.
2647 1696 3063 1766 Responderunt
3110 1701 3231 1756 illi:
3286 1702 3401 1757 Non
3450 1716 3533 1759 est
3588 1708 3741 1760 nobis

2160 1782 2466 1837 ~visionmn
2518 1787 2783 1852 scientia,
2835 1790 2934 1843 nisi
2986 1791 3100 1859 ipse
3150 1792 3308 1847 nobis
3355 1794 3564 1849 indices
3613 1796 3733 1863 quid

550 1881 791 1938 tempore
820 1867 1522 1937 prophetaruntleremias,
1560 1873 1835 1935 Habacuc.
1859 1883 1912 1928 et
1935 1874 2087 1928 Buzi.
2127 1864 2169 1918 Β
2198 1874 2441 1941 videris,
2511 1886 2570 1931 ut
2618 1879 2748 1932 illttd
2815 1880 2908 1934 tibi
2967 1883 3320 1951 explicemus.
3383 1884 3563 1938 Iratus
3614 1899 3733 1953 ergo

546 1956 716 2011 Porro
741 1972 884 2011 anno
908 1968 1049 2012 nono
1074 1959 1310 2013 detinuit
1333 1958 1567 2014 Zedekia
1586 1959 1742 2015 Judm
1767 1978 1876 2026 rex,
1904 1977 2094 2017 aurum

546 2056 709 2115 atque
740 2057 1020 2116 argentum
1061 2046 1207 2116 quod
1238 2048 1303 2102 ad
1342 2048 1834 2117 Bochtanasserum
1879 2054 2095 2108 mittere

544 2138 739 2193 solitus
788 2138 1219 2209 fuerat:,quare
1260 2140 1435 2196 iratus
1471 2139 1874 2198 Bochtanasser
1904 2144 2096 2199 ducem

542 2248 574 2283 e
600 2230 716 2285 suis
744 2230 1057 2300 quemdam,
1106 2230 1321 2285 nomine
1360 2230 1871 2298 Nabuzaradanum,
1916 2234 2097 2301 spicu-

546 2324 773 2375 latorum
821 2322 1145 2389 principem,
1189 2321 1566 2391 Hierosolyma
1616 2323 1799 2386 misit,
1839 2323 1931 2391 qui
1971 2338 2091 2377 cum

544 2414 733 2467 urbem
767 2413 1004 2465 triennio
1049 2412 1343 2473 obsideret.
1377 2412 1611 2466 maxima
1646 2414 1928 2468 hominum
1969 2430 2094 2485 pars

544 2503 685 2557 fame
714 2504 995 2570 absumpta
1030 2509 1131 2555 est.
1153 2500 1382 2555 Zedekia
1415 2511 1617 2564 autem,
1643 2503 1792 2558 ludat
1826 2520 1939 2569 rex,
1969 2504 2091 2575 fuga

543 2606 705 2651 noctu
757 2594 1036 2649 contendit
1080 2592 1147 2647 ad
1196 2594 1509 2662 speluncam
1561 2609 1725 2663 quam
1781 2604 2090 2664 paraverat,

544 2690 868 2758 Speluncam
896 2686 1103 2741 Canum
1131 2686 1455 2755 appellatam
1483 2684 1670 2754 :.quod
1696 2702 1814 2740 cum
1842 2687 2089 2741 animad-

538 2781 794 2835 vertisset
827 2775 1241 2841 Nabnzaradan,
1267 2774 1418 2828 illum
1448 2771 1761 2829 Jerechunti
1787 2784 2089 2835 assecutus,

540 2872 941 2941 apprehensum
971 2868 1037 2922 ad
1072 2852 1589 2931 Bochtanasserum,
1622 2864 1964 2920 Antiochiam
1994 2864 2091 2918 mi-

540 2964 611 3017 sit
639 2982 652 3018 :
676 2978 834 3030 quem
868 2961 1194 3029 prehensum
1217 2958 1390 3013 oculis
1414 2958 1643 3027 privavit
1669 2956 2088 3020 Bochtanasser,

541 3053 667 3107 filiis
694 3053 867 3121 ipsius
896 3052 1075 3120 gladio
1096 3049 1359 3119 iugulatis
1389 3064 1403 3103 :
1439 3048 1819 3115 interfecitque
1850 3048 2091 3101 Nabuza-

535 3145 703 3201 radan
734 3158 980 3211 magnam
1008 3139 1317 3195 Judzeorum
1350 3139 1771 3201 multitudinem,
1804 3139 2086 3207 templum-
2114 3176 2154 3229 C

538 3250 645 3303 que
676 3227 914 3286 dirutum
975 3231 1245 3295 incendit,
1286 3239 1342 3283 ut
1384 3237 1438 3284 et
1480 3230 1667 3284 urbem
1717 3229 2084 3298 Hierosolyma

544 3336 810 3380 vastatam
874 3322 1147 3383 incendit,
1208 3331 1261 3375 et
1311 3320 1573 3390 quidquid
1622 3320 1674 3373 in
1722 3320 1921 3387 templo
1958 3318 2081 3381 fuit,

535 3415 673 3474 auri,
694 3413 897 3482 argenti
927 3422 977 3465 et
998 3412 1143 3475 aeris,
1167 3408 1422 3463 Babelem‘
1438 3408 1755 3477 asportavit,
1775 3405 2082 3461 Judteorum

547 3515 729 3560 autem
760 3520 879 3557 cum
914 3503 1006 3556 alii
1038 3500 1348 3571 Egyptum,
1381 3499 1471 3553 alii
1502 3500 1555 3553 in
1589 3499 1802 3554 deserta
1836 3509 1890 3553 et
1922 3499 2086 3553 valles

535 3595 837 3665 fugissent,
888 3602 1152 3662 quotquot
1203 3590 1398 3659 reliqui
1450 3599 1642 3655 erant,
1697 3590 1787 3645 ille
1833 3588 2083 3643 Babelem

536 3687 780 3755 captivos
814 3684 1075 3746 abduxit,
1111 3682 1245 3736 adeo
1286 3688 1345 3734 ut
1376 3680 1619 3735 desolata
1651 3688 1936 3734 manerent
1963 3676 2086 3732 Hic-

538 3777 804 3844 rosolyma
826 3814 840 3837 ,
889 3773 1106 3826 nomine
1136 3771 1250 3839 ipsa
1296 3768 1589 3823 insolente.
1622 3767 1877 3822 Habacuc
1904 3776 2081 3820 autem

536 3867 791 3934 propheta
844 3862 898 3915 in
952 3872 1149 3914 terram
1202 3857 1367 3929 248
1415 3857 1806 3911 lsmaelitarum
1855 3856 1979 3923 fuga
2027 3872 2085 3910 sc

536 3954 773 4021 recepit,
819 3949 1011 4004 deinde
1059 3951 1110 4002 in
1168 3944 1806 4017 Egyptumidescendit.
1850 3945 2083 4000 Jeremia

535 4045 791 4111 propheta
819 4039 1106 4110 Atlgyptum
1137 4037 1291 4107 fugit,
1320 4038 1479 4106 idque
1506 4052 1647 4092 anno
1674 4036 1822 4104 regni
1852 4036 2084 4090 Boehta-

533 4136 791 4195 nasseris,
820 4133 1031 4185 decimo
1063 4144 1228 4182 nono.

600 4224 770 4280 Porro
819 4224 883 4275 ad
940 4220 1300 4289 captivitatem
1356 4218 1733 4288 Babylonicam
1780 4228 1832 4272 et
1871 4219 2083 4274 destru-

530 4315 763 4370 ctionem
813 4311 1021 4379 templi,
1070 4324 1099 4361 a
1135 4325 1301 4378 regno
1335 4310 1576 4372 Davidis,
1614 4301 1747 4361 anni
1784 4320 1909 4362 sunt
1948 4326 2081 4378 qna-

530 4404 799 4474 dringenti
844 4401 1184 4469 septuaginta
1227 4406 1457 4468 septem.
1512 4399 1591 4453 Ab
1628 4402 1774 4452 exitu
1818 4399 2085 4453 Israelita-

2198 1963 2591 2023 Bucbtanasser
2618 1966 2671 2021 in
2703 1970 2881 2024 animo
2904 1970 3247 2025 habuit’colla
3271 1973 3402 2041 ipsis
3425 1974 3732 2041 praecidere.

2200 2052 2471 2109 Danielem
2496 2063 2673 2109 autem
2700 2058 3033 2126 prophetam,
3065 2062 3155 2128 qui
3186 2070 3428 2130 tempore
3451 2063 3733 2133 captivita-

2200 2146 2267 2198 tis
2301 2145 2615 2200 adolescens
2647 2144 2778 2211 fuit,
2826 2162 3162 2218 assumptum
3202 2152 3304 2206 sibi
3346 2154 3734 2208 Bochtanasser

2194 2232 2344 2287 domi
2382 2250 2492 2289 sum
2525 2234 2852 2291 educaverat
2890 2249 2945 2291 et
2974 2239 3319 2306 przefecerat;
3354 2242 3443 2297 ille
3473 2256 3607 2311 ergo
3637 2242 3732 2311 ipsi

2195 2321 2327 2375 dixit
2361 2338 2375 2374 :
2413 2324 2524 2392 Ego
2558 2324 2651 2379 tibi
2688 2325 2741 2377 in
2776 2326 3043 2379 somnium
3086 2328 3228 2395 quod
3259 2328 3434 2383 vidisti
3483 2331 3731 2393 narrabo,

2197 2413 2483 2480 ipsumque
2537 2414 2629 2468 tibi
2679 2415 3094 2484 interpretabor.
3145 2415 3291 2471 Vidit
3334 2418 3603 2487 siquidem
3644 2434 3731 2472 rex

2196 2503 2480 2573 imaginem
2527 2519 2775 2572 magnam
2798 2545 2813 2570 ,
2849 2513 3068 2574 aspectu
3099 2507 3391 2583 terribilem
3412 2548 3426 2569 ,
3453 2509 3543 2577 cpi
3581 2517 3736 2577 caput

2192 2608 2256 2646 εκ
2284 2608 2450 2657 auro,
2494 2609 2689 2648 manus
2720 2609 2784 2648 ex
2830 2606 3083 2664 argento,
3120 2606 3304 2651 venter
3337 2606 3390 2651 Cl
3432 2597 3639 2653 femora
3671 2614 3733 2653 ex

2193 2699 2318 2746 atro,
2350 2699 2510 2738 crura
2540 2698 2569 2738 e
2601 2684 2767 2750 ferro,
2802 2686 2964 2754 pedes
2994 2701 3024 2740 e
3053 2688 3381 2751 testa;_vidit
3410 2689 3609 2743 deinde
3645 2704 3733 2743 rex

2196 2784 2401 2844 petram
2437 2776 2691 2845 grandem
2734 2792 2764 2831 e
2799 2784 2979 2832 monte
3014 2777 3131 2833 sine
3174 2779 3407 2846 alicujus
3446 2795 3553 2848 ope
3588 2780 3733 2835 exci-

2192 2879 2304 2916 sam
2327 2904 2341 2927 ,
2371 2881 2491 2932 qua:
2522 2865 2806 2934 imaginem
2840 2866 2997 2921 istam
3034 2868 3360 2923 confractam
3392 2871 3732 2934 comminuit,

2192 2955 2324 3009 adeo
2390 2966 2447 3009 ut
2510 2957 2718 3010 nullum
2777 2958 2942 3026 ipsius
2997 2960 3279 3030 vestigium
3332 2962 3731 3031 perciperetur;

2189 3054 2337 3113 petra
2370 3055 2548 3099 autem
2600 3061 2751 3100 mons
2795 3062 3023 3115 magnus
3053 3036 3247 3112 evasit,
3290 3057 3598 3120 terramque
3639 3053 3735 3106 im-

2192 3137 2392 3203 plevit:
2430 3137 2529 3190 hoc
2566 3144 2649 3191 est
2683 3139 2825 3206 quod
2867 3139 3000 3193 vidit
3048 3156 3161 3194 rex.
3204 3142 3588 3211 Interpretatio
3621 3142 3754 3211 ejus,

2190 3229 2331 3281 lucc:
2362 3227 2462 3289 Tu,
2497 3242 2529 3281 ο
2560 3243 2677 3294 rex,
2700 3238 2861 3299 caput
2895 3245 2953 3283 es
3010 3230 3259 3300 imaginis
3294 3233 3455 3288 istius
3487 3240 3730 3298 aureum;

2188 3326 2307 3385 post
2341 3326 2393 3371 te
2438 3328 2757 3387 regnaturus
2793 3333 2881 3372 rex
2927 3331 2975 3374 te
3022 3320 3273 3385 inferior,
3314 3332 3598 3391 argentum
3630 3333 3730 3389 est;

2188 3416 2307 3477 post
2344 3402 2516 3477 ipsum
2554 3409 2672 3476 ipso
2722 3409 2974 3472 inferior,
3006 3425 3111 3477 res;
3147 3410 3307 3481 252
3341 3423 3459 3481 post
3487 3413 3638 3468 illum
3672 3428 3733 3467 eo

2190 3498 2436 3562 inferior,
2469 3497 2706 3565 ferrum;
2746 3511 2864 3567 past
2893 3515 3050 3568 quem
3086 3499 3318 3570 denique
3354 3510 3406 3555 ct
3439 3501 3557 3570 ipso
3597 3500 3732 3556 infe-

2185 3590 2297 3644 rior
2332 3599 2678 3659 regnaturus,
2707 3596 2845 3643 teSIa
2877 3600 3001 3644 est:
3036 3600 3089 3643 at
3120 3600 3241 3659 post
3268 3591 3445 3659 ipsum
3479 3599 3732 3661 regnatu-

2184 3695 2276 3735 rus
2298 3690 2381 3736 est
2407 3696 2495 3734 rex
2526 3694 2750 3748 magnus
2773 3679 2929 3747 cujus
2957 3695 3174 3750 regnum
3202 3695 3476 3747 nunquam
3500 3682 3726 3736 desinet:

2183 3775 2236 3821 et
2266 3767 2720 3836 quemadmodum
2748 3767 2941 3829 ,vidisti
2972 3776 3175 3836 petram
3204 3783 3233 3822 e
3276 3778 3456 3824 monte
3485 3771 3607 3825 sine
3634 3770 3731 3825 ali-

2183 3857 2338 3925 cujus
2375 3871 2478 3927 ope
2516 3857 2751 3912 excisam
2797 3871 2917 3925 qua:
2958 3857 3243 3925 imaginem
3283 3858 3585 3928 confregit,
3621 3868 3725 3912 ter-

2184 3963 2406 4015 ramque
2452 3947 2721 4017 implevit,
2768 3948 2843 4000 ita
2889 3948 2993 4001 erit
3036 3960 3093 3999 ut
3130 3963 3222 4001 rex
3277 3948 3377 4002 iste
3427 3949 3520 4002 tuti
3576 3958 3728 4004 terra

2184 4038 2496 4093 dominetur
2536 4053 2711 4105 usque
2753 4038 2805 4091 in
2852 4038 3129 4095 saeculum.
3172 4036 3571 4093 Boclitanasscr
3606 4056 3725 4110 ergo

2184 4129 2453 4182 Danielem
2496 4138 2644 4183 veste
2671 4128 2920 4181 indutum
2963 4130 3163 4182 honore
3193 4128 3404 4194 affecit,
3446 4132 3725 4186 omnibus-

2183 4234 2288 4287 que
2318 4219 2529 4274 Babelis
2558 4220 2731 4274 doctis
2768 4219 3029 4288 pra-fecit,
3057 4221 3357 4290 domusque
3384 4238 3494 4276 sua:
3530 4223 3728 4292 princia

2184 4326 2300 4378 pem
2328 4310 2612 4363 constituit
2644 4327 2657 4374 ;
2689 4310 2904 4363 nemine
2936 4308 3173 4363 Beltasar
3200 4310 3299 4379 ipsi
3334 4312 3525 4366 indito.
3557 4313 3725 4367 Porro

2183 4414 2323 4453 anno
2346 4400 2676 4469 captivitatis
2706 4399 3045 4469 Babylonica:
3079 4402 3270 4469 quinto
3302 4412 3422 4469 post
3450 4404 3727 4457 destructa

532 4514 649 4551 rum
692 4511 755 4549 ex
802 4493 1053 4562 (Egypto,
1100 4492 1249 4545 mille
1292 4492 1567 4556 octoginta
1617 4501 1745 4544 tres.
1798 4492 1879 4544 Ab
1909 4492 2081 4547 Abra-
2113 4509 2155 4561 ι)
2186 4490 2592 4559 Hierosolyma,
2642 4494 3035 4559 prophetarunt
3093 4492 3271 4546 Babeli
3326 4508 3389 4547 ex
3441 4493 3719 4558 lsraelitis,

533 4591 720 4648 hamo,
759 4586 903 4639 mille
948 4584 1223 4652 quingenti
1258 4581 1572 4651 nonaginta.
1611 4582 1654 4633 Α
1690 4580 1956 4643 Phaleko,
1998 4582 2080 4634 bis

532 4680 678 4731 mille
721 4684 938 4730 centum
989 4673 1205 4739 triginta
1249 4680 1302 4723 et
1340 4685 1498 4723 unus.
1534 4671 1577 4721 A
1604 4670 1802 4723 diluvio
1824 4671 1904 4723 his
1938 4672 2083 4722 mille

532 4770 767 4823 sexcenti
815 4765 1095 4831 sexaginta
1148 4764 1273 4815 duo.
1310 4762 1392 4813 Ab
1422 4760 1654 4821 Adamo,
1704 4772 1893 4828 quater
1942 4762 2081 4815 mille

533 4860 782 4926 nongenti
816 4868 866 4908 et
902 4855 1223 4907 octodecim.
1272 4855 1460 4915 Porro,
1508 4852 1908 4905 Bochtauasser
1937 4866 2079 4903 anno

533 4952 681 5020 regni
707 4951 785 5002 sui
826 4948 1036 5002 decimo
1070 4954 1283 5008 octavo,
1314 4959 1378 4997 eo
1407 4959 1596 5011 nempe
1630 4945 1718 5011 qui
1750 4944 2079 4997 destructio-

533 5060 651 5097 nem
698 5040 882 5107 templi
935 5039 1180 5107 proxime
1228 5035 1520 5087 antecessit
1565 5042 1796 5086 statuam
1844 5049 1907 5085 ex
1949 5048 2081 5086 auro

532 5132 784 5186 conflavit
807 5130 1020 5184 cubitus
1048 5128 1207 5179 altam
1240 5126 1539 5190 sexaginta,
1575 5126 1732 5175 latam
1759 5140 1849 5177 sex
1875 5140 1889 5179 ;
1918 5138 2077 5191 quam

532 5240 652 5276 cum
688 5226 737 5275 in
770 5222 944 5275 medio
982 5220 1131 5273 urbis
1162 5219 1322 5270 Babel
1354 5219 1653 5274 statuisset.
1691 5234 1879 5271 omnes
1912 5218 2078 5285 impe-

535 5317 613 5367 rit)
664 5330 760 5367 suo
807 5312 1049 5365 subditos
1088 5312 1257 5378 ipsam
1321 5310 1545 5363 adorare
1592 5310 1794 5377 jussit:
1845 5310 1986 5377 quod
2036 5309 2078 5361 si

533 5408 655 5476 quis
689 5406 863 5457 facere
891 5410 1163 5456 recusaret
1187 5402 1241 5453 in
1268 5400 1488 5453 fornace
1519 5402 1655 5469 ignis
1682 5402 2079 5454 comburendus

532 5510 668 5557 erat.
706 5500 984 5566 Selcgerat
1023 5506 1197 5547 autem
1240 5494 1339 5546 sibi
1378 5492 1772 5547 Bochtanasser
1802 5511 1876 5569 ex
1906 5494 2078 5547 Israe—

535 5594 644 5645 litis
671 5605 866 5660 pueros
896 5598 1025 5647 tres,
1056 5599 1283 5652 quorum
1316 5598 1482 5637 unum
1512 5587 1799 5655 appellavit
1826 5586 2075 5648 Sidracb,

533 5683 755 5735 alterum
810 5678 1043 5738 Misach,
1098 5676 1313 5729 tertium
1368 5676 1689 5745 Abd-Nagu.
1742 5679 1875 5730 'l‘rcs
1927 5679 2072 5745 pueri

534 5773 621 5827 isti
671 5788 791 5826 cum
840 5768 1039 5823 idolum
1090 5783 1194 5819 non
1244 5767 1560 5833 adorarent,
1601 5770 1751 5838 jussu
1803 5769 1970 5837 ipsius
2022 5770 2074 5820 in

2184 4579 2392 4633 Ezekiel
2436 4580 2577 4633 filius
2624 4578 2789 4645 Buzi,
2840 4581 2956 4633 loco
3004 4581 3148 4635 dicto
3188 4582 3468 4647 Carmela;
3516 4584 3716 4640 Baruch

2178 4671 2351 4724 Neria:
2397 4672 2571 4733 filius,
2614 4670 2781 4725 frater
2825 4672 2941 4739 ejus
2972 4671 3164 4734 Saras,
3200 4673 3385 4727 Daniel
3416 4690 3444 4727 c
3478 4677 3717 4745 prosapia

2182 4761 2454 4823 Davidica,
2488 4760 2853 4826 Mordechani,
2892 4760 3426 4837 Benjatnityllacai,
3463 4763 3716 4817 Zacharia

2183 4854 2318 4905 filius
2352 4851 2656 4913 Baracbiaa,
2691 4852 2982 4904 Malachias
3009 4892 3020 4912 .
3057 4852 3207 4913 Ezra,
3239 4867 3289 4905 et
3323 4852 3549 4905 Nahum.
3580 4853 3719 4906 Fuc-

2182 4953 2411 5010 runtque
2446 4941 2677 5011 [Egypto
2708 4944 2977 5009 prophetae
3017 4942 3286 5005 llabacuc,
3330 4942 3644 5006 Simeonita,
3669 4951 3718 4993 rt

2178 5034 2427 5087 Jeremia.
2452 5032 2747 5086 Coluerunt
2772 5044 2948 5085 autem
2978 5032 3230 5085 Israelita:
3254 5033 3305 5085 in
3332 5033 3523 5087 Bahele
3554 5034 3711 5097 idola,

2178 5126 2246 5178 ob
2271 5126 2415 5193 quod
2449 5140 2567 5176 cum
2602 5124 2746 5191 ipsos
2781 5122 3081 5190 increparet
3117 5123 3322 5176 Ezekiel
3351 5124 3631 5192 propheta,
3664 5124 3711 5174 iu

2177 5230 2299 5268 eum
2340 5215 2603 5267 irruentes
2639 5213 2998 5267 lsraelitarum
3034 5214 3300 5280 primores
3336 5222 3507 5267 morte
3542 5215 3708 5282 ipsum

2180 5307 2497 5359 multarum.
2558 5306 2724 5359 Porro
2782 5305 3175 5357 Bochtanasser
3232 5319 3372 5356 anno
3428 5306 3572 5373 regni
3634 5304 3708 5357 sui

2180 5399 2434 5452 vicesimo
2489 5398 2679 5464 quinto
2734 5395 3021 5464 {Egyplum
3082 5394 3352 5462 profectus
3404 5410 3554 5463 reges
3601 5395 3710 5461 ejus

2180 5487 2485 5551 interfecit;
2522 5487 2908 5555 imperavitque
2944 5484 3195 5554 A‘lgypto,
3231 5485 3417 5555 Syriae,
3455 5492 3708 5551 terraeque

2175 5580 2346 5641 Judze,
2375 5579 2741 5641 liomazorum,
2788 5576 3117 5637 Grazcorum,
3168 5578 3380 5637 Per-size,
3420 5578 3626 5629 Habetis
3660 5585 3708 5627 ct

2178 5671 2465 5726 Al-MttSal.
2498 5671 2690 5723 Totum
2728 5669 2872 5737 regni
2902 5668 3017 5735 ejus
3045 5667 3277 5735 spatiqu
3312 5682 3573 5717 annorum
3601 5672 3707 5716 erat

2178 5766 2530 5834 quadraginta
2578 5764 2848 5832 quinque,
2903 5774 3127 5827 quorum
3172 5758 3534 5810 ttovt-ttttlceitu
3567 5756 3704 5806 urt-

2918 5869 3962 6514 *Α
