4038 6464
182 362 293 422 965

1600 366 1964 427 ANNALES.

3290 357 3390 417 966

182 464 341 517 dium
388 464 735 536 253-255
778 467 1266 535 Hierosolymorum
1303 478 1353 522 ct
1391 471 1751 537 captivitatem
1787 479 1831 534 Α
1862 481 1980 535 set,
2024 486 2129 523 rem
2172 470 2241 521 illi
2268 468 2498 521 confessi
2531 479 2694 531 sunt;
2733 483 2895 536 quare
2926 478 2973 519 et
3024 468 3220 518 idolum
3266 484 3397 517 eun-

185 553 560 607 lsraelitarum
592 566 1033 619 anteet-sacrum;
1074 558 1257 629 viginti
1280 573 1369 611 sex
1405 560 1569 611 secuti
1601 569 1745 613 sunt.

263 641 489 695 Mortuo
522 642 943 694 Bochtanassero
977 658 1115 710 rege,
1151 650 1268 709 post
1291 644 1461 711 ipsum
1518 647 1752 714 regnavit

184 731 338 785 filius
383 732 554 801 ipsius
592 730 982 784 Ev‘il—Martloch
1037 748 1208 786 annos
1260 734 1437 801 viginti
1499 746 1620 788 tres.
1657 736 1752 789 llic

176 816 460 877 Joachim.
495 818 854 870 Israelitarutn
894 834 1111 888 regem,
1142 836 1171 871 e
1206 836 1417 873 carcere
1448 820 1695 874 eductum
1732 863 1747 885 ,

184 918 347 964 veste
386 911 583 970 induit,
620 910 859 977 beneque
888 912 1159 972 tractavit,
1194 926 1289 964 nec
1318 928 1421 965 non
1478 913 1747 966 Israelitas

175 1011 459 1069 quotquot
491 1001 541 1053 in
575 1016 787 1053 carcere
819 1010 971 1053 erant
1023 1001 1245 1055 dimisit.
1284 1002 1512 1056 Jeremia
1566 1015 1742 1055 autem

179 1094 460 1159 propheta
487 1092 541 1143 in
578 1089 809 1159 Aigypto
845 1092 1167 1159 lapidatione
1222 1108 1251 1145 e
1280 1094 1457 1147 medio
1492 1093 1740 1145 sublatus

174 1194 285 1235 es:.
320 1178 591 1246 lapidibus
621 1180 819 1247 petitus
854 1196 1020 1248 usque
1040 1183 1163 1234 dum
1191 1190 1504 1246 moreretur,
1525 1180 1747 1249 [ibique]

176 1269 461 1336 sepultus.
500 1267 700 1323 Ferunt
729 1270 1094 1323 Alexandrum
1152 1286 1273 1325 cum
1319 1270 1610 1339 ZEgyptutu
1663 1278 1745 1322 in-

176 1376 415 1425 gressus
453 1370 614 1421 esset,
646 1358 893 1413 Ieremia:
934 1364 1210 1428 prophetae
1258 1375 1457 1429 corpus
1502 1364 1739 1414 Alexan-

177 1452 363 1502 driam
400 1451 720 1504 translatum
759 1450 829 1503 ibi
867 1453 1163 1518 sepeliisse.
1218 1450 1429 1504 Mortuo
1461 1452 1573 1503 Evil
1607 1450 1749 1502 Mar-

176 1542 371 1592 docbu
405 1549 524 1608 post
569 1541 743 1608 ipsum
814 1542 1046 1595 triennio
1104 1543 1341 1610 regnavit
1398 1543 1538 1595 illius
1578 1542 1748 1609 ipsius

198 1629 459 1690 leltasar.
476 1630 667 1684 deinde
691 1631 1004 1684 interfectus
1027 1640 1127 1684 est.
1150 1634 1375 1700 Quippe,
1408 1648 1528 1685 cum
1550 1634 1751 1686 iustru~

180 1731 277 1771 cto
314 1721 565 1773 convivio
597 1737 697 1772 una
726 1736 846 1772 cum
872 1721 1165 1774 comitibus
1190 1723 1304 1773 suis
1358 1723 1542 1775 ederet
1575 1739 1637 1774 ac
1670 1724 1749 1775 bi-

184 1813 373 1875 beret,
399 1811 716 1878 ebriusjam
750 1810 925 1863 factus
949 1811 1130 1863 afferri
1174 1811 1339 1876 jussit
1386 1827 1513 1864 vasa
1563 1813 1745 1879 templi
1780 1800 1819 1854 Β

176 1916 352 1953 aurea
382 1911 437 1952 et
459 1911 707 1968 argentea
730 1917 847 1969 qua:
874 1901 1255 1969 Hierosolymis
1279 1902 1589 1955 abduxisset
1616 1920 1746 1957 avus

179 1990 363 2056 ipsius
401 1990 815 2054 Bochtanasser,
852 1993 901 2043 in
933 1993 1126 2060 quibus
1163 2006 1284 2045 cum
1323 1993 1545 2046 bibisset
1572 2003 1624 2047 et
1656 2010 1745 2047 so.

176 2078 286 2131 ciis
315 2079 439 2132 suis
464 2079 749 2131 bibendum
788 2081 1122 2146 pnebuisset.
1152 2080 1358 2132 interea
1387 2082 1514 2132 dum
1548 2082 1601 2133 in
1631 2084 1747 2135 loco

179 2184 287 2221 suo
322 2169 617 2231 dormiret,
649 2169 783 2221 vidit
834 2183 960 2221 ecce
995 2169 1169 2222 volam
1212 2184 1402 2223 manus
1435 2172 1485 2222 iu
1523 2172 1745 2239 parii-te,

180 2257 520 2327 cujus‘digiti
550 2257 796 2328 [aliquid]
827 2258 1148 2311 scriberent.
1182 2258 1371 2326 Magno
1417 2260 1576 2325 igitur
1602 2270 1745 2314 metu

179 2358 795 2402 consternatusomues
846 2346 1263 2417 Babyloniorum
1303 2349 1517 2403 doctos,
1546 2367 1746 2403 convo-

180 2437 331 2491 cavit
373 2448 434 2492 ut
466 2440 791 2505 scripturam
832 2439 989 2490 istam
1025 2439 1261 2506 legerent
1294 2448 1454 2507 atque
1479 2442 1743 2509 itttcrpt'c-

182 2538 461 2582 tarentur.
501 2527 656 2593 Quod
690 2544 809 2581 cuin
850 2530 919 2580 illi
951 2530 1128 2584 facere
1164 2545 1269 2581 non
1318 2542 1557 2596 possent,
1603 2533 1745 2583 dixe-

184 2630 317 2672 runt
382 2620 493 2688 regi
533 2619 665 2673 :Est
722 2620 807 2672 hic
846 2636 907 2672 ex
966 2618 1217 2674 lsraelitis
1257 2622 1499 2687 quidam,
1528 2623 1743 2674 nomine

186 2704 403 2771 Daniel,
439 2725 598 2777 quem
622 2690 715 2761 'ad‘
740 2711 995 2763 honorem
1039 2712 1233 2773 evexit,
1288 2720 1339 2763 et
1401 2714 1575 2780 magni
1622 2716 1747 2765 fecit

185 2811 326 2851 avus
371 2808 494 2853 tuus
527 2799 957 2864 Boehtanasser;
994 2801 1081 2853 ille
1101 2800 1265 2871 256
1289 2802 1381 2853 tibi
1420 2805 1744 2869 scripturam

187 2888 337 2942 hanc
376 2900 431 2943 et
483 2889 621 2957 leget
650 2898 705 2943 et
770 2891 1233 2958 interpretabitur.
1293 2894 1588 2946 AtCttlSiVll
1622 2910 1747 2961 ergo

187 2993 289 3032 rex
325 2978 629 3043 Danielum,
666 2981 758 3048 qui
808 2981 936 3032 illud
967 2982 1109 3048 quod
1163 2982 1421 3049 scriptum
1483 2983 1586 3037 fuit
1645 2986 1744 3053 ipsi

187 3069 344 3135 legit.
376 3068 504 3122 Erat
532 3080 732 3135 autem,
769 3070 924 3131 Harii,
946 3070 1147 3135 Tltecel,
1186 3072 1743 3145 Pltaras.Dixitcrgo;
1773 3106 1817 3165 Ο

187 3159 577 3230 lnterpretatio
597 3162 754 3225 Mani,
784 3172 885 3227 est,
921 3162 1059 3216 Deus
1091 3179 1311 3231 regnum
1344 3176 1493 3217 tuum
1528 3166 1749 3232 perfecit

186 3259 250 3302 et-
273 3250 343 3303 ad
377 3252 803 3319 magnitudinem
834 3252 1104 3321 perduxit.
1126 3254 1501 3322 Interpretatio
1533 3257 1747 3321 Thecel,

187 3354 425 3410 regnum
454 3343 542 3394 ubi
574 3342 866 3410 perfectqu
895 3343 1077 3408 fuerit,
1098 3343 1346 3397 deiicere.
1376 3345 1749 3414 lnterpretatio

186 3426 423 3494 Pharas,
456 3446 680 3499 regnum
726 3441 877 3485 tuum
910 3433 1077 3487 Medis
1111 3443 1165 3487 et
1196 3433 1371 3488 Persis
1402 3436 1745 3489 distributum

188 3522 279 3577 iri.
323 3521 437 3576 Rex
470 3539 597 3591 ergo
654 3522 923 3576 Danielettt
970 3533 1117 3578 veste
1150 3534 1204 3578 et
1240 3536 1428 3593 torque
1464 3542 1631 3579 aureo
1664 3533 1743 3582 in-

188 3614 334 3667 duit.
374 3611 476 3664 ista
515 3620 695 3666 autem
726 3624 884 3665 noete
914 3613 1228 3667 interfectus
1256 3624 1338 3665 est
1373 3630 1461 3667 rex
1486 3613 1751 3674 Beltasar,

192 3699 556 3771 ltegnumqne
589 3711 709 3771 post
754 3704 928 3771 ipsum
978 3704 1268 3771 occupavit
1325 3704 1518 3759 Darius
1572 3705 1743 3760 Asriri

190 3792 362 3855 titius,
392 3788 597 3856 Medus,
628 3806 658 3845 e
690 3791 1097 3847 Madanensium
1129 3810 1209 3849 se.
1243 3797 1429 3863 stirpe,
1456 3811 1596 3849 anno
1617 3813 1750 3850 uno.

192 3882 293 3935 llic
323 3892 507 3936 autem
536 3894 869 3952 assumptum
897 3884 1163 3937 Dauielem
1186 3888 1444 3939 exercitui
1478 3904 1578 3947 suo
1611 3903 1745 3954 prte-

192 3972 342 4033 feeit,
380 3988 535 4040 quam
568 3972 643 4025 ob
677 3987 896 4025 causam
956 3974 1152 4025 invidia
1192 3989 1323 4039 ergo
1369 3974 1539 4043 ipsum
1593 3992 1741 4029 com-

194 4064 350 4125 moti,
390 4062 556 4114 duces
581 4062 716 4129 ejus,
776 4062 949 4128 ipsum
996 4064 1136 4130 apud
1200 4080 1375 4132 regem
1428 4066 1743 4118 incusarunt

193 4150 439 4204 dicentes
471 4168 486 4204 :
518 4152 723 4204 Danieli
771 4152 821 4203 iu
854 4155 1033 4205 animo
1062 4162 1143 4206 est
1178 4155 1228 4205 in
1275 4169 1452 4221 regem
1482 4155 1742 4209 rebellare

194 4252 358 4309 atque
394 4243 570 4309 ipsum
610 4242 929 4294 interficere.
965 4242 1207 4307 Conjecit
1248 4256 1379 4309 ergo
1407 4257 1499 4294 rex
1549 4240 1743 4295 Danie-

196 4329 299 4381 lem
329 4332 382 4382 in
420 4330 594 4383 lacum
629 4330 881 4382 leonibus
922 4331 1244 4385 truculentis
1273 4331 1511 4399 plenum.
1544 4330 1742 4383 Deinde

1860 561 2037 629 fregit,
2068 570 2118 612 et
2152 560 2377 613 famulos
2418 568 2591 611 morte
2613 559 2805 610 affecit.
2857 557 2982 610 Fuit
3016 559 3179 611 etiam
3216 555 3394 607 BaheIi

1851 652 2012 705 draco
2053 651 2401 719 prmgrandis,
2454 663 2611 717 quem
2645 665 2763 699 cum
2794 648 3000 702 Babelis
3032 649 3216 701 incolae
3251 647 3399 699 cole-

1854 750 1996 802 rent,
2034 739 2219 791 Daniel
2259 740 2363 800 regi
2401 757 2414 792 :
2454 739 2509 790 Si
2540 737 2671 790 mihi
2734 737 2786 789 itt
2841 738 3012 804 ipsum
3074 744 3389 806 potestatem

1850 829 2205 885 concesseris.
2238 844 2335 896 ego
2366 828 2534 900 ipsum
2581 826 2922 879 interficiant.
2968 827 3215 893 Acceptis
3269 841 3399 894 ergo

1851 923 2027 987 adipe,
2061 921 2174 987 pice
2208 930 2257 972 et
2294 921 2437 987 pilis,
2475 920 2649 986 iisque
2681 918 2922 971 subactis
2954 933 3073 970 cum
3111 920 3394 979 draconem

1858 1013 2005 1064 ribas
2020 1022 2096 1063 set
2126 1012 2235 1077 ipse
2260 1012 2401 1061 illico
2427 1020 2668 1062 mortuus
2697 1019 2796 1061 cst.
2831 1006 2958 1059 Viso
2987 1024 3114 1074 ergo
3157 1007 3280 1074 quid
3334 1011 3399 1058 leo

1852 1101 2013 1152 cisset
2068 1099 2249 1150 Daniel
2312 1098 2508 1149 invidia
2562 1115 2682 1164 erga
2737 1114 2856 1150 eum
2912 1098 3039 1149 moti
3097 1096 3399 1163 lluhyenii,

1852 1188 2024 1255 ipsum
2074 1187 2213 1253 apud
2251 1202 2423 1254 regem
2487 1184 2819 1249 deierebant,
2882 1186 3121 1237 dieentcs
3156 1202 3168 1237 :
3208 1183 3386 1234 Daniel

1851 1274 2048 1326 czedcm
2088 1288 2232 1327 tuam
2286 1277 2523 1339 molitur.
2587 1273 2759 1326 Iratus
2798 1286 2925 1339 ergo
2974 1286 3063 1323 rex
3108 1272 3282 1337 ipsinu
3341 1272 3397 1321 in

1851 1369 2161 1433 speluncam
2194 1364 2327 1418 fet-is
2360 1367 2540 1419 noxiis
2578 1365 2783 1433 plenam
2839 1345 3091 1429 conjecit,
3152 1364 3237 1413 ubi
3298 1378 3387 1413 sex

1848 1458 2040 1510 diebus
2095 1458 2379 1521 substitit;
2454 1456 2581 1509 feris
2641 1456 2758 1508 istis
2814 1456 3115 1507 dimensum
3171 1454 3394 1520 singulis

1847 1548 2037 1600 diebus
2060 1557 2173 1599 erat
2209 1551 2369 1606 boves
2398 1549 2531 1611 bini,
2565 1564 2685 1598 cum
2731 1547 2924 1599 ovibus
2974 1545 3113 1597 binis
3144 1562 3158 1596 :
3192 1554 3245 1595 at
3301 1560 3392 1597 sex

1849 1634 1966 1688 istis
2010 1636 2199 1689 diebus
2250 1637 2380 1688 nihil
2412 1636 2630 1688 omnino
2683 1638 2861 1689 Carnis
2915 1634 3215 1703 conjectum
3274 1631 3391 1686 fuit.

1850 1722 2095 1778 llabacuc
2136 1736 2312 1779 autem
2344 1726 2653 1793 prophetam
2687 1727 2777 1792 qui
2822 1726 2871 1776 in
2902 1732 3043 1774 terra
3075 1720 3243 1784 .Inda',
3272 1722 3392 1773 luco

1849 1815 2081 1879 quodam
2118 1814 2263 1866 dicto
2315 1812 2517 1876 Tekoa,
2562 1814 2682 1875 fuit,
2737 1817 2861 1865 dum
2903 1813 3071 1864 lentes
3117 1818 3393 1877 coqueret,

1848 1914 1898 1953 et
1928 1916 2115 1968 pauent
2143 1901 2385 1953 intritum
2419 1903 2685 1970 paropsidi
2720 1900 2946 1961 luderet,
2980 1916 3087 1967 quo
3125 1914 3396 1951 messores

1847 1991 2072 2051 cibaret,
2100 2007 2129 2043 e
2153 1992 2291 2045 caelo
2325 1992 2629 2043 inclamavit
2657 1992 2911 2058 angelus:
2934 1988 3076 2042 Heus
3113 1989 3383 2050 Ilabacuc,

1849 2076 1977 2127 illud
2013 2077 2153 2143 quod
2182 2078 2319 2145 apud
2351 2087 2401 2130 te
2425 2089 2528 2139 ρει,
2557 2078 2623 2130 ad
2656 2080 2950 2143 Danielem,
3000 2077 3265 2140 Baio-lem,
3321 2078 3403 2131 fe?

1852 2180 1976 2231 ras;
2040 2166 2128 2218 ille
2185 2167 2445 2234 siquidem
2492 2167 2604 2235 jam
2656 2182 2749 2221 sex
2804 2169 3018 2231 diebus,
3085 2170 3283 2233 quibus
3339 2171 3393 2220 in

1849 2256 2103 2323 Spelunca
2141 2256 2295 2309 ferat"
2324 2273 2369 2309 .n
2404 2256 2525 2321 fuit,
2568 2258 2699 2310 nihil
2743 2259 2991 2311 comedit.
3049 2257 3390 2311 Ilabacueum

1848 2362 1975 2415 ergo
2028 2349 2335 2415 prophetam
2369 2348 2531 2418 260
2557 2349 2753 2413 capillo
2802 2349 2991 2416 capitis
3050 2350 3395 2417 prehen-unt,

1852 2452 1954 2489 tina
2004 2452 2125 2489 cum
2163 2437 2283 2491 cibo
2312 2439 2402 2505 qui
2436 2439 2764 2491 inmanibus
2808 2438 2927 2505 ejus
2976 2438 3093 2502 fuit,
3150 2438 3391 2491 Balteleni

1851 2529 2104 2596 portavit,
2140 2536 2190 2580 et
2216 2544 2373 2597 super
2399 2529 2567 2580 lat-uni
2606 2529 2655 2580 iu
2684 2544 2789 2594 quo
2821 2538 2936 2580 erat
2970 2529 3149 2582 Daniel
3177 2530 3351 2596 posuit
3377 2546 3391 2592 ;

1850 2623 1936 2690 qui
1966 2638 2093 2691 ergo
2124 2624 2296 2691 ipsum
2326 2623 2621 2676 inclamans
2643 2622 2777 2674 divit
2816 2641 2829 2674 :
2857 2620 2900 2675 Ο
2926 2620 3130 2683 Daniel,
3165 2638 3249 2674 me
3289 2621 3393 2672 ||.i-

1849 2714 2111 2767 bacucum
2142 2716 2281 2766 misit
2307 2716 2370 2766 ad
2406 2724 2455 2766 te
2486 2715 2740 2767 Dentiuus
2772 2728 2891 2766 cum
2923 2713 3051 2766 cibo
3076 2728 3182 2781 quo
3211 2728 3397 2765 vesca-

1851 2804 1945 2856 ris.
1978 2802 2288 2856 Asccudeus
2311 2819 2437 2871 ergo
2470 2803 2650 2855 Daniel
2686 2821 2713 2854 e
2753 2802 2871 2855 lacu
2904 2804 3163 2866 comedit,
3194 2802 3389 2853 Demu-

1850 2908 1954 2959 que
2013 2892 2321 2952 celebravit,
2369 2906 2430 2943 ac
2490 2906 2701 2943 rursum
2757 2890 2808 2942 in
2866 2890 3041 2943 lacum
3092 2891 3389 2943 descendit.

1851 2982 2193 3036 Ilabacueum
2222 2994 2397 3035 autem
2432 2980 2699 3033 sublatum
2728 2980 2779 3032 in
2810 2992 3003 3032 terram
3036 2980 3183 3033 hunc
3212 2980 3391 3047 ri-por.

1852 3071 1983 3123 tavit
2028 3068 2276 3138 angelus.
2314 3068 2511 3122 Deinde
2564 3084 2654 3121 rex
2714 3069 3030 3137 pmniteut‘ia
3091 3078 3266 3121 notus
3326 3070 3393 3120 ub

1853 3162 1979 3214 illud
2010 3160 2152 3229 quod
2211 3158 2411 3211 Danieli
2482 3144 2704 3229 fecerat,
2757 3158 2930 3225 ipsum
2954 3174 2984 3210 e
3010 3173 3171 3225 specu
3205 3172 3233 3211 a
3265 3159 3395 3211 feris

1854 3228 2115 3303 intactum
2153 3248 2373 3311 eduxit;
2410 3247 2549 3315 quod
2593 3228 2822 3299 miratus
2854 3262 2944 3299 rex
2996 3249 3167 3315 ipsum
3208 3248 3399 3315 przeft-

1850 3348 2014 3393 ctura:
2045 3340 2319 3391 exercitus
2354 3339 2607 3409 restituit.
2638 3336 2817 3405 Cyrus
2851 3348 3027 3389 autem
3055 3337 3233 3394 Persa.
3264 3354 3385 3389 enm

1849 3432 2084 3484 triennio
2141 3437 2463 3499 regnasset,
2517 3438 2760 3483 mortuus
2814 3439 2919 3490 est,
2968 3440 3223 3497 regnante
3272 3440 3392 3498 post

1849 3523 2021 3589 ipsum
2057 3519 2526 3575 Aeliashaviroslio
2556 3520 3048 3573 annosduodecini.
3076 3518 3201 3574 Post
3228 3537 3389 3587 quem

1848 3613 1988 3665 (ilius
2028 3612 2199 3679 ipsius
2233 3611 2423 3681 Cyrus,
2480 3610 2893 3678 cognominatus
2952 3609 3165 3671 Darius.
3217 3626 3393 3664 annos

1848 3701 2062 3771 triginta
2101 3701 2401 3768 imperavit.
2441 3699 2616 3765 Cujus
2660 3698 2806 3767 regni
2844 3712 2984 3749 anno
3038 3699 3211 3765 primo
3266 3713 3389 3749 mox

1844 3792 1985 3845 diem
2018 3791 2152 3843 obiit
2189 3790 2371 3843 Daniel
2404 3790 2684 3858 propheta.
2716 3792 2874 3842 Anno
2905 3799 3078 3842 autem
3110 3791 3255 3858 regni
3302 3789 3399 3842 sui.

1844 3882 2081 3935 secundo
2130 3881 2399 3933 lsraelitas
2436 3879 2805 3948 Hierosolyma
2860 3880 3055 3942 redire,
3095 3856 3401 3945 orbamque

1844 3983 1908 4021 ac
1944 3971 2199 4036 templum
2223 3984 2266 4020 ac
2290 3969 2485 4021 tilicare
2510 3970 2691 4035 jussit.
2731 3968 2900 4035 Cujus
2928 3983 3086 4022 causa
3113 3968 3213 4020 fuit
3243 3972 3384 4037 quod

1844 4060 2018 4127 Cyrus
2052 4058 2236 4123 Persa,
2289 4060 2635 4113 Israel-itidem
2678 4060 2966 4127 quamdam
3014 4062 3230 4113 nomine
3276 4061 3388 4112 Ma-

1847 4149 2010 4211 lehat,
2034 4148 2377 4202 Zcrobabelis
2400 4166 2663 4212 sororem,
2708 4165 2928 4201 uxorem
2964 4150 3188 4213 ducens,
3219 4152 3392 4219 ipsam

1846 4239 2129 4295 Persarum
2187 4244 2336 4295 more
2393 4244 2627 4310 reginam
2688 4242 3045 4294 constituerit.
3092 4241 3219 4305 Qua:
3265 4258 3385 4295 cum

1846 4334 2013 4401 ipsam
2058 4343 2264 4385 amaret
2297 4335 2490 4402 Cyrus,
2535 4334 2685 4400 petiit
2732 4335 2797 4385 ab
2835 4335 3006 4385 illout
3040 4333 3387 4388 lotohabelis

197 4420 515 4485 poenitentia
572 4429 749 4471 motus
800 4430 899 4472 est.
972 4419 1060 4473 Die
1114 4436 1235 4489 erga
1296 4420 1533 4473 crastino
1564 4436 1593 4472 e
1624 4423 1738 4472 lacn
1777 4428 1817 4479 ι)
1846 4424 2029 4476 lratris
2052 4422 2131 4475 sui
2168 4422 2337 4489 gratia
2375 4408 2641 4475 Israelitas
2666 4421 3029 4490 llirrosolyma
3068 4426 3385 4479 remitteret.

195 4518 471 4563 extractus
501 4518 581 4563 est
608 4508 793 4573 Daniel
824 4524 854 4561 a
895 4509 1023 4563 feris
1050 4510 1302 4562 intactus.
1346 4510 1586 4564 Metuens
1616 4527 1745 4575 ergo

198 4612 289 4652 rex
363 4600 527 4654 duces
601 4604 732 4653 istos
795 4600 884 4667 qui
957 4599 1226 4651 Danielem
1288 4609 1633 4652 accusasseut
1692 4600 1740 4649 in

198 4692 509 4757 speluncam
533 4691 784 4757 coniecit,
809 4704 942 4757 quos
968 4689 1291 4742 devorarunt
1315 4689 1459 4740 ferte.
1476 4686 1740 4739 Danieletu

198 4791 374 4835 autem
415 4782 744 4849 praefectura:
768 4781 1036 4833 exercitus
1071 4787 1123 4831 et
1154 4780 1411 4846 dynastis:
1442 4779 1695 4831 restituit.

267 4871 373 4925 Ubi
412 4884 586 4925 autem
621 4871 867 4938 periisset
918 4868 1112 4921 Darius
1144 4869 1424 4920 Persarum
1486 4884 1595 4929 rex,
1633 4870 1739 4935 pii.

203 4977 322 5017 mus
364 4964 454 5030 qui
486 4961 666 5016 Persis
707 4964 1007 5029 imperavit,
1047 4960 1143 5012 fuit
1202 4960 1373 5026 Cyrus
1436 4960 1614 5021 Persa,
1651 4960 1738 5026 qui

200 5054 360 5122 etiam
400 5052 669 5105 Danielem
701 5052 1082 5105 exercituisuo
1114 5050 1371 5119 przefecit.
1408 5050 1527 5101 Fuit
1561 5062 1735 5101 autem

204 5136 379 5193 liabeli
412 5142 611 5194 idolum
644 5157 838 5193 :ereum
874 5142 1060 5207 ingens
1092 5141 1173 5191 cui
1207 5156 1398 5192 nomen
1434 5139 1541 5204 Bel,
1585 5143 1740 5206 cujus

202 5230 501 5284 dimensum
916 5230 1283 5298 quotidianum
1312 5239 1423 5280 erat
1458 5232 1738 5281 duodecim

208 5324 369 5374 modii
401 5323 588 5375 simila:
620 5339 785 5390 pune,
813 5339 939 5374 oves
990 5323 1364 5389 qUadraginta,
1393 5332 1443 5373 et
1478 5324 1579 5373 vini
1616 5338 1739 5375 sex-

208 5414 322 5463 tarii
357 5429 471 5473 sex,
509 5415 650 5482 quod
702 5430 823 5465 eum
854 5414 1089 5480 quotidie
1133 5412 1453 5479 adequitans
1502 5430 1587 5465 rex
1650 5414 1741 5464 ad-

212 5515 407 5565 oraret,
437 5507 738 5557 vetuiteum
771 5504 869 5557 hoc
918 5503 1090 5556 facere
1122 5502 1327 5565 Daniel,
1377 5502 1561 5557 dicens
1594 5522 1605 5555 :
1641 5508 1739 5567 Qui

210 5590 501 5647 inserviunt
554 5595 715 5657 idolo,
753 5596 851 5661 ipsi
902 5596 1018 5661 ejus
1059 5595 1363 5647 dimensum
1430 5596 1740 5647 comedunt.

207 5682 334 5735 Cum
360 5701 487 5753 ergo
521 5700 611 5739 rex
638 5686 945 5738 convocatis
977 5684 1188 5737 famulis
1223 5685 1337 5739 istis
1382 5690 1622 5739 minatus
1665 5705 1741 5741 es-

1845 4510 2016 4563 Jussit
2046 4524 2171 4577 ergo
2194 4510 2365 4577 Cyrus
2414 4509 2796 4561 Zorobabelent
2853 4508 3237 4579 Hierosolymis
3290 4514 3392 4563 iui-

1846 4615 2053 4666 perare.
2088 4597 2199 4651 Sub
2225 4601 2338 4665 ipso
2370 4600 2758 4665 prophetarnnt
2809 4600 3055 4667 Αείςιιεεμ,
3089 4616 3136 4651 et
3187 4600 3390 4653 Zacha-

1847 4690 1977 4745 tias.
2002 4686 2170 4741 Porro
2217 4689 2317 4738 fuit
2359 4691 2495 4756 Cyro
2543 4702 2859 4741 wcmittlltus
2921 4690 3263 4759 261-263
3322 4709 3386 4743 ex

1847 4782 2104 4834 lsraelitis
2146 4781 2361 4832 nomine
2393 4779 2715 4837 Nahttiania,
2759 4780 2974 4848 llajalim
3018 4784 3177 4841 liiius,
3215 4788 3303 4847 qui
3336 4792 3388 4832 et

1845 4873 2172 4940 captivitatis
2203 4870 2451 4938 princeps
2486 4870 2607 4922 luit.
2647 4871 2732 4921 Ille
2770 4873 2948 4936 templi
3003 4874 3245 4922 struendi
3297 4890 3383 4920 ru-

1846 4982 1957 5018 ratu
1990 4964 2250 5027 suscepit,
2273 4976 2499 5027 quocum
2535 4978 2638 5012 una
2672 4962 2739 5013 fu.
2766 4979 2777 5012 t
2804 4974 2895 5013 unt
2939 4964 3067 5013 lilia
3100 4964 3148 5009 ὃ.
3174 4963 3293 5013 ιἠὶιυ
3328 4964 3388 5012 li-

1847 5057 1948 5109 lius
1982 5054 2254 5114 sacerdos,
2287 5061 2339 5103 et
2372 5051 2731 5103 Israelitarum
2764 5054 3068 5103 lttttlllllttl-i.

1913 5143 2028 5196 .latn
2066 5160 2093 5195 τι
2127 5144 2434 5209 captivitate
2462 5141 2780 5210 Babylonica
2819 5144 2882 5193 ad
2920 5146 3170 5208 templum
3201 5147 3384 5197 condi-

1849 5248 1954 5289 tum
1990 5238 2114 5287 anui
2144 5235 2729 5303 fueruntscluuaginta.
2760 5236 2925 5285 .-\nn.s
2956 5232 3134 5286 autem
3161 5248 3386 5302 quatuor

1848 5328 2079 5393 perfecta
2140 5333 2221 5377 est
2290 5331 2596 5385 structura;
2670 5331 2955 5374 structura‘
3005 5325 3116 5391 ejus
3177 5324 3387 5389 pra-fuit

1846 5416 2136 5469 Zeroliabcl
2176 5416 2315 5467 filius
2340 5415 2629 5475 Salatielis,
2667 5414 2755 5466 filii
2840 5415 3039 5475 Acltite,
3072 5417 3159 5481 qui
3189 5432 3388 5481 cogno-

1846 5508 2080 5558 minatus
2110 5517 2193 5558 est
2236 5505 2503 5566 Juachim,
2538 5502 2687 5557 Judte
2731 5506 2888 5571 regis,
2928 5521 3086 5570 quem
3120 5510 3383 5572 captivum

1847 5597 2135 5647 alnlnctutn
2173 5602 2219 5647 in
2256 5614 2527 5645 caici-retu
2562 5597 2793 5662 conjerit
2824 5596 3235 5647 Bottlitanasser.
3282 5594 3384 5644 Re-

1849 5688 2029 5757 gnavit
2070 5698 2242 5739 autem
2272 5687 2569 5741 Zorobabel
2602 5688 2986 5754 Hierosolymis
3012 5687 3060 5739 in
3093 5686 3380 5742 Israelitas.
