4038 6458
664 307 766 367 967
1354 348 1361 352 .
1624 295 1980 359 EU'I‘YCHII
2024 289 2551 353 ALEXANDRINI
2582 291 2798 351 PATR.
3751 299 3829 361 {itis

668 422 973 472 l'orrouno
997 423 1115 485 post
1149 414 1333 467 urbem
1362 412 1632 465 conditam
1690 424 1834 463 anno
1880 408 2020 460 diem
2080 405 2215 458 obiit
2260 412 2301 466 Λ
2347 404 2523 457 doniae
2590 419 2678 456 rex
2744 402 3022 473 Philippus
3081 402 3372 456 Alexandri
3436 414 3598 471 pater.
3664 406 3834 460 Mortuo

670 508 807 562 Ezra
837 507 1114 569 sacerdos,
1149 504 1262 572 qui,
1303 515 1428 557 ante
1466 503 1648 556 .losua:
1704 502 1795 554 lilii
1844 497 2092 551 Josadaci
2136 510 2219 547 sa-
2337 494 2549 549 Achuso
2580 492 2868 546 Persarum
2901 509 3044 563 rege,
3076 506 3196 564 post
3248 496 3425 563 ipsum
3465 497 3697 565 regnarit
3725 501 3833 552 tiliu;

667 598 908 653 cerilotis
954 599 1268 657 adventum,
1320 593 1621 648 sacerdotis
1674 606 1869 644 munus
1920 588 2053 641 obiit
2087 606 2099 639 :
2129 588 2219 655 qui
2330 584 2503 654 ipsius
2524 584 3255 651 Arses,quieognominatus
3276 584 3556 651 estNacet,
3588 602 3746 664 annos
3765 604 3839 641 un-

665 704 788 743 cum
813 687 1031 742 Judaeos
1079 688 1131 740 in
1186 686 1368 739 multis
1409 686 1551 738 circa
1587 685 1752 751 legem
1788 693 2004 734 errasse
2038 676 2211 731 offen-
2326 676 2519 729 decim.
2553 674 2682 742 Ejus
2710 682 2961 743 tempore
2986 675 3279 729 ﬂoruerunt
3308 679 3359 729 in
3388 679 3522 732 urbe
3545 678 3837 733 Athenarum

665 781 853 840 disset.
890 781 1085 832 librum
1138 778 1271 848 legis
1318 779 1449 845 ipsis
1492 775 1799 843 descripsit.
1850 788 1974 826 cum
2033 783 2223 833 nempe
2325 775 2378 816 et
2414 764 2726 820 Graecorum
2780 766 2998 833 regione
3036 766 3335 835 philostrpbi
3373 768 3665 835 sapientes,
3700 766 3842 829 Plato,

638 860 760 940 'qui
798 872 957 925 hodie
985 871 1037 923 iu
1066 871 1319 923 manilius
1342 869 1578 936 ipsorum
1600 874 1704 919 est.
1733 864 1944 932 Resque
1966 862 2030 913 ad
2052 862 2219 926 legem
2325 854 2589 908 Censalon
2622 852 2994 925 [Xenophon],
3039 856 3401 918 Democritus,
3444 858 3765 923 Apollonius,
3808 868 3847 912 rt

668 961 907 1030 ipsorum
940 968 1246 1027 spectantes
1293 958 1421 1025 ipsis
1456 954 1752 1018 renovat-it,
1786 962 1837 1006 et
1862 953 1982 1019 jura
2016 949 2221 1003 docuit.
2330 951 2606 1001 Socrates.
2630 945 2841 999 Mortuo
2860 946 3057 1000 Arseso
3085 946 3371 1001 Persarum
3394 965 3541 1017 rege,
3564 961 3681 1015 post
3702 952 3849 1019 ipsum

668 1048 880 1103 Mortuo
902 1048 1043 1117 Cyro
1067 1046 1247 1107 Dario.
1282 1045 1492 1100 Babclis
1524 1060 1668 1113 rege.
1698 1056 1814 1113 post
1846 1044 2018 1112 ipsum
2050 1041 2223 1106 impe~
2330 1038 2573 1105 regnavit
2626 1038 2771 1090 filius
2827 1038 2998 1104 ipsius
3045 1032 3239 1092 Darius
3270 1054 3443 1092 annos
3473 1051 3697 1107 septem,
3721 1056 3851 1108 Illlt‘tll

670 1138 809 1191 ravit
845 1138 987 1191 filius
1038 1136 1210 1205 ipsius
1268 1136 1537 1205 Kautysus
1591 1150 1763 1187 annos
1816 1148 2004 1186 novem
2045 1147 2060 1184 :
2102 1141 2223 1199 post
2331 1129 2599 1184 interfrcit
2623 1128 2944 1183 Alexander.
2975 1127 3214 1200 Regnum
3241 1141 3528 1186 tenuerunt
3549 1134 3711 1203 268
3730 1148 3854 1203 reges

669 1243 827 1297 quem
863 1226 1177 1281 Sarnardius
1209 1240 1396 1293 magus
1424 1240 1625 1278 annum
1664 1240 1849 1275 unttm.
1900 1224 2216 1291 Hicmagus
2270 1286 2271 1289 η
2330 1225 2417 1276 ίθιὶ
2472 1223 2526 1275 in
2583 1221 2775 1295 Mttsal,
2832 1211 3173 1292 Babylonem,
3236 1221 3470 1275 Persiam
3504 1232 3559 1276 et
3600 1226 3855 1280 Anteium.
3980 1216 3989 1297 ξ

668 1310 1085 1386 cognomieatus
1137 1324 1217 1367 est
1267 1315 1409 1383 quod
1474 1314 1641 1381 ipsius
1687 1322 1925 1380 tempore
1988 1310 2228 1365 floruerit
2327 1313 2496 1365 Causa
2530 1322 2706 1365 autem
2735 1312 3175 1366 curinterllceret
3200 1313 3499 1367 Alexander
3524 1314 3739 1367 Darium
3765 1315 3857 1369 brc

668 1404 834 1460 Persa
857 1406 1072 1474 quidam
1111 1405 1331 1458 nomine
1356 1403 1677 1465 Zoradasht,
1708 1404 1798 1470 qni
1833 1416 2107 1470 magorum
2138 1416 2227 1453 re-
2334 1412 2471 1463 erat,
2508 1403 2651 1471 quod
2685 1417 2806 1455 cum
2829 1413 3042 1456 mortuo
3063 1414 3214 1471 patre
3248 1402 3499 1473 Philippo
3530 1407 3857 1459 successisset

670 1496 924 1565 ligionem
983 1495 1227 1550 condidit
1290 1494 1503 1549 aedibus
1564 1492 1672 1562 igni
1739 1491 2027 1545 dedicatis.
2102 1489 2228 1544 Post
2330 1490 2740 1545 inMacedonite
2774 1508 2942 1561 regno
2969 1493 3464 1548 Alexanderannos
3489 1496 3855 1549 sexdecimna-

669 1587 845 1654 ipsum
884 1586 1119 1653 regnavit
1174 1585 1311 1637 Dara
1348 1584 1574 1653 primus,
1628 1598 1803 1647 annos
1853 1582 2063 1649 viginti.
2100 1578 2227 1635 P03t
2332 1594 2439 1645 tus,
2473 1594 2634 1651 atque
2658 1582 2816 1637 Dario
2852 1583 3048 1638 Pet-sise
3078 1586 3187 1654 regi
3235 1587 3544 1639 nuntiatum
3585 1594 3727 1639 esset
3765 1588 3861 1637 Ale-

669 1676 819 1729 iltnm
852 1677 1205 1729 Artacbshast
1232 1674 1593 1745 Longimanus
1616 1670 1778 1743 264
1799 1672 2225 1740 cognominatus,
2332 1673 2596 1725 xandrum
2630 1681 2753 1741 post
2804 1681 3008 1741 patrem
3042 1689 3198 1727 suum
3224 1673 3425 1729 Gnecis
3474 1677 3758 1745 insperare,
3788 1678 3857 1728 ille

673 1781 851 1820 annos
891 1751 1075 1833 viginti
1126 1775 1387 1833 quatuor,
1435 1765 1591 1832 cujus
1643 1775 1882 1831 tempore
1946 1762 2129 1817 floruit
2170 1761 2222 1815 in
2259 1748 2297 1801 Β
2330 1761 2497 1829 ip~ius
2528 1754 2902 1833 [subjugandi]
2937 1762 3190 1832 cupidus,
3227 1766 3430 1818 litteras
3451 1766 3517 1818 ad
3553 1768 3724 1833 ipsmn
3748 1780 3857 1818 con-

669 1853 979 1909 Grmcorum
1041 1856 1283 1923 regione,
1318 1853 1371 1906 in
1411 1856 1543 1906 urbe
1574 1852 1702 1914 Coo,
1741 1849 2094 1919 Hippocrates
2139 1865 2226 1904 sa-
2331 1851 2630 1918 scripserit,
2661 1866 2891 1919 quarum
2927 1852 3026 1905 hoc
3049 1854 3321 1920 exemplar
3352 1865 3433 1906 est
3462 1871 3475 1905 :
3520 1874 3537 1904 ι
3572 1854 3856 1907 Nuntiatum

670 1948 824 2015 piens
856 1946 986 1997 artis
1011 1946 1232 1997 medica:
1255 1955 1466 1996 auctor.
1502 1942 1639 1995 Dicit
1666 1940 1794 1995 Said
1814 1941 2030 1994 Patricii
2062 1940 2224 1999 filius.
2330 1952 2411 1993 est
2443 1942 2570 1995 mihi
2607 1950 2656 1996 te
2706 1943 2917 2011 injussu
2956 1959 3077 1998 meo
3104 1945 3154 1996 in
3187 1942 3402 1997 Graecos
3459 1960 3685 2013 regnum
3716 1960 3856 1997 occu-

672 2035 919 2090 medieus
956 2054 970 2091 :
1010 2034 1183 2104 llujus
1213 2036 1287 2088 rei
1320 2035 1580 2089 indicium
1617 2044 1697 2088 est
1750 2034 1895 2101 quod
1926 2033 2087 2087 refert
2121 2032 2196 2087 Ga
2331 2050 2509 2103 passe.
2534 2035 2685 2101 Quod
2716 2035 2761 2090 si
2784 2036 2969 2090 eadem
2998 2051 3103 2106 qua
3130 2053 3192 2105 pa
3220 2053 3278 2089 er
3309 2045 3434 2091 tuus
3458 2039 3542 2091 via
3569 2038 3860 2091 incessisses

671 2127 829 2182 lenus
862 2128 916 2181 in
953 2142 1052 2181 sua
1092 2126 1391 2193 jurarnenti
1422 2133 1476 2179 et
1500 2143 1529 2175 ιι
1553 2124 1735 2179 andati
1766 2112 2106 2193 Hippocratis
2133 2138 2227 2177 ex-
2333 2128 2384 2178 in
2439 2127 2667 2181 consilio
2702 2127 2982 2196 capiendo,
3050 2138 3103 2181 ct
3140 2130 3279 2196 quod
3341 2144 3440 2197 ego
3490 2138 3543 2184 te
3598 2131 3856 2197 iussissent

675 2218 983 2286 ptiratione,
1008 2218 1215 2271 Scilich
1255 2231 1427 2285 regem
1455 2200 1736 2269 Persarum
1762 2216 1824 2267 ad
1855 2212 2225 2281 Hippocratem
2335 2217 2573 2282 fecisses,
2626 2219 2728 2273 hoc
2761 2219 2858 2273 tibi
2893 2220 3087 2273 melius
3138 2219 3351 2282 fuisset,
3391 2231 3440 2273 et
3470 2223 3857 2289 proSperitatem

680 2308 912 2372 misisse,
933 2322 996 2363 ac
1022 2322 1213 2377 magna
1239 2307 1474 2374 pecuniae
1494 2321 1700 2361 summa
1731 2305 1905 2359 oblata
1928 2301 2226 2375 {invitasse}
2334 2318 2475 2361 tuam
2500 2308 2705 2361 diutius
2732 2309 3130 2365 continuasses.
3168 2310 3362 2363 Verum
3398 2315 3463 2363 ad
3501 2313 3603 2365 hoe
3640 2321 3689 2363 te
3714 2312 3861 2380 impu-

676 2406 735 2451 nt
770 2400 835 2451 ad
873 2399 1050 2467 ipsum
1075 2398 1399 2461 accederet;
1446 2404 1569 2451 roto
1599 2404 1785 2449 autem
1834 2396 1951 2463 ejus
1980 2410 2086 2448 non
2134 2410 2228 2447 an-
2333 2399 2394 2453 lit
2431 2400 2675 2468 pueritia;
2708 2400 2952 2470 acceptio
2989 2416 3085 2470 pro
3116 2412 3201 2454 tua
3243 2412 3293 2454 ct
3323 2412 3535 2455 tum-um
3564 2404 3863 2472 ignorantia,

676 2490 863 2542 nuisse
896 2476 1308 2563 Hippociatem,
1340 2503 1513 2558 neque
1543 2490 1715 2556 ipsum
1741 2488 1954 2550 adiisse,
1983 2503 2103 2541 cum
2138 2501 2229 2537 uc-
2336 2490 2543 2545 Recede
2566 2507 2693 2562 ergo
2739 2493 2806 2546 ab
2834 2507 2899 2548 eo
2927 2508 3033 2561 quo
3059 2494 3167 2561 jam
3193 2509 3249 2546 es
3282 2491 3469 2563 [ιυοο,1
3495 2505 3545 2547 et
3571 2510 3668 2562 pro
3699 2494 3865 2561 teipse,

676 2594 947 2647 quaquam
980 2580 1079 2649 ipsi
1107 2593 1260 2648 aequo
1280 2588 1702 2635 consentaneum
1731 2578 2009 2631 videretur
2035 2578 2229 2631 Persas
2334 2593 2385 2633 rt
2416 2582 2581 2649 patria
2618 2592 2704 2634 tua
2741 2582 3122 2651 redemptionis
3145 2584 3368 2651 pretium
3396 2585 3655 2649 ali‘ereus,
3680 2588 3863 2651 culpam

678 2669 769 2736 qui
799 2667 1108 2723 Graecorum
1146 2670 1331 2723 hOStes
1362 2679 1542 2724 essent
1565 2682 1777 2722 sanare.
1814 2667 1999 2722 llefert
2050 2677 2226 2720 autem
2339 2683 2483 2725 tuam
2529 2674 2804 2736 confitere,
2840 2686 3000 2743 atque
3030 2676 3129 2727 hoc
3159 2676 3264 2729 cito
3288 2679 3428 2729 omni
3465 2693 3615 2730 mora
3651 2678 3866 2745 deposita

680 2759 891 2814 llonain
954 2760 1126 2815 lsaaki
1165 2762 1328 2825 lilius,
1386 2762 1439 2813 in
1487 2774 1585 2814 sua
1634 2760 1755 2814 libri
1813 2759 2020 2826 hujuse
2051 2759 2227 2826 lingua
2338 2764 2526 2818 facias.
2563 2764 2656 2818 Sin
2691 2766 2870 2820 minus
2900 2767 2965 2820 ad
2998 2778 3046 2821 te
3089 2781 3211 2820 cum
3273 2766 3563 2821 Persarum
3603 2768 3732 2821 siris
3765 2781 3868 2836 pro~

681 2850 866 2907 Grzeca
899 2853 952 2906 in
981 2854 1270 2907 Arabicam
1296 2855 1566 2913 versione.
1609 2852 1916 2906 meminisse
1946 2848 2228 2911 Calenum,
2337 2855 2530 2921 fectus,
2560 2856 2788 2923 patriam
2843 2866 2988 2910 tuam
3023 2872 3208 2911 eam...
3253 2859 3477 2925 pedibus
3532 2858 3865 2919 conculcabo,

683 2939 1061 3013 Hippocratem
1087 2958 1195 2996 non
1222 2943 1419 2997 adiisse
1450 2938 1893 2996 Artacbshastum
1942 2939 2231 3008 Longima-
2338 2949 2485 3001 viros
2512 2957 2635 3002 mos
2668 2947 2936 3010 occidam,
2974 2957 3129 3017 teque
3158 2951 3512 3018 ρι-οερετῃειῼ
3546 2961 3639 3004 ιω,
3672 2961 3867 3002 exuam.

688 3049 816 3087 num
870 3034 1218 3103 appellatum,
1278 3034 1419 3103 quod
1465 3045 1721 3102 regnante
1771 3034 1888 3102 ipso
1942 3032 2230 3100 contigisse
2261 3090 2299 3108 ﬁ
2339 3036 2453 3091 Misi
2488 3037 2697 3091 interim
2754 3038 2844 3091 tibi
2875 3038 3003 3092 illud
3057 3039 3201 3108 quod
3251 3040 3295 3093 si
3345 3055 3634 3094 numerare
3694 3039 3867 3107 possis.

683 3124 891 3177 feratur
961 3125 1140 3179 Persis
1193 3126 1440 3179 morbum
1486 3124 1686 3178 dictum
1731 3122 2088 3177 Al-MaWarek
2131 3123 2230 3193 (vel
2258 3090 2301 3150 Ο
2337 3128 2789 3182 numerareetiam
2811 3129 2954 3182 viros
2976 3140 3026 3182 et
3053 3131 3275 3183 coinites
3300 3144 3446 3184 meos
3464 3132 3686 3198 pateris.
3712 3128 3866 3183 Vale.»

661 3216 835 3299 'juxta
862 3217 1005 3269 aliud
1040 3217 1339 3284 exemplar,
1384 3217 1635 3284 pestem).
1666 3215 1870 3268 Misisse
1898 3229 2027 3284 ergo
2060 3214 2232 3281 ipsum
2405 3215 2626 3270 Miserat
2651 3224 2828 3270 autem
2867 3222 2930 3271 ad
2965 3219 3135 3286 ipsum
3169 3234 3261 3286 per
3279 3219 3508 3287 legatum
3552 3231 3865 3273 sesamorum

683 3306 751 3360 ad
785 3308 933 3361 urbis
964 3304 1042 3361 K0
1072 3308 1382 3376 praefectum
1420 3320 1580 3374 quem
1643 3305 1874 3374 rogavit,
1931 3313 1989 3357 ut
2035 3304 2235 3374 Hippo-

682 3401 817 3454 crati
850 3405 1070 3451 centum
1105 3398 1455 3451 aurittalenta
1514 3396 1771 3460 traderet,
1831 3396 2117 3464 ipsumque
2168 3396 2232 3449 ad

684 3505 765 3557 se,
798 3489 1097 3543 honorifice
1136 3496 1446 3552 tractatum,
1499 3485 1817 3550 adduceret,
1844 3502 1952 3555 quo
1979 3484 2171 3540 Persas
2205 3503 2233 3538 a

686 3580 877 3639 morbo
902 3580 992 3651 qui
1022 3579 1152 3651 ipsis
1179 3577 1515 3647 contigisset,
1568 3588 1823 3641 sanaret;
1856 3576 2114 3644 abnuisse
2143 3590 2233 3629 au-

689 3688 795 3729 tem
866 3673 1275 3745 Hippocratem,
1355 3683 1475 3723 cum
1526 3683 1634 3724 nou
1695 3682 1908 3740 aequum
1970 3669 2236 3739 judicaret

686 3763 1002 3833 Graecorum
1038 3763 1296 3819 hostibus
1323 3778 1475 3833 opem
1513 3762 1669 3828 ferre,
1700 3771 1899 3830 eosque
1933 3774 2148 3814 sanare.

758 3831 972 3913 Μοῖιυο
1003 3831 1434 3911 Artacbshaslito
1482 3854 1838 3924 Longimano,
1892 3864 2011 3921 post
2066 3852 2238 3921 ipsum

690 3950 973 4017 imperavit
1006 3946 1404 3999 Artachshasbt
1451 3944 1698 4014 Magnus,
1737 3958 1906 3997 annos
1940 3944 2157 4013 triginta
2187 3950 2241 3995 et

694 4056 878 4093 unum.
910 4039 1037 4093 Post
1058 4055 1179 4094 eum
1203 4036 1507 4090 Saadianus
1538 4051 1709 4090 annos
1737 4043 1867 4089 tres.
1901 4032 2031 4087 Post
2062 4033 2239 4101 ipsum

696 4128 828 4181 Dara
862 4128 1155 4191 secundus,
1188 4124 1535 4196 285-267
1584 4126 1675 4193 qui
1707 4126 2115 4195 cognominatus
2160 4131 2243 4176 est

695 4218 989 4273 Al-Naceth
1044 4232 1216 4270 annos
1272 4215 1684 4285 septemdecim.
1728 4215 1854 4269 Post
1882 4230 2028 4269 .eum
2073 4215 2242 4268 'Arta-

694 4309 972 4371 chshasht,
1004 4322 1033 4361 e
1069 4306 1193 4360 filiis
1215 4305 1394 4359 fratris
1422 4304 1545 4374 Cyri
1580 4305 1827 4365 secundi,
1854 4319 2022 4358 annos
2055 4305 2241 4373 viginti

2335 3308 2786 3362 excorticatorum
2836 3309 3097 3362 modium.
3153 3310 3431 3365 Accedens
3464 3326 3594 3380 ergo
3638 3310 3775 3364 Darii
3811 3308 3869 3363 ie

2336 3406 2490 3465 gatus
2512 3396 2577 3451 ad
2601 3398 2988 3463 Alexandrum,
3019 3398 3117 3467 ipsi
3140 3400 3346 3453 litteras
3367 3408 3419 3452 et
3447 3415 3659 3454 sesama
3682 3400 3867 3453 obtulit.

2338 3490 2638 3545 Alexander
2675 3489 2843 3559 igitur
2881 3492 3221 3561 congregatis
3249 3491 3599 3563 269-271
3632 3492 3867 3545 comitum

2337 3594 2564 3636 suorum
2623 3580 2914 3651 praecipuis
2978 3596 3041 3635 ac
3096 3579 3235 3635 Darii
3295 3581 3486 3636 litteris
3542 3580 3868 3637 audientibus

2340 3669 2629 3739 prmlectis,
2652 3669 2787 3723 dixit
2816 3685 2829 3721 :
2864 3670 2920 3723 Si
2957 3685 3063 3723 uno
3086 3672 3269 3724 animo
3302 3672 3512 3725 fueritis
3570 3673 3743 3740 ipsum
3770 3670 3868 3721 vin~

2340 3764 2493 3826 cetis,
2526 3763 2609 3817 sin
2642 3762 2709 3815 ab
2739 3763 2967 3817 invicem
3003 3763 3260 3832 separati,
3289 3763 3442 3817 vobis
3500 3763 3751 3816 inhiabit.
3782 3760 3861 3815 Cui

2344 3856 2735 3923 reSpondet-uut
2764 3854 2959 3923 singuli
2996 3862 3151 3923 prout
3180 3853 3312 3923 ipsis
3340 3855 3665 3929 tuncyisutn
3696 3854 3866 3908 fuerat.

2340 3945 2548 4010 Quibus
2608 3946 2944 3998 Alexander:
2978 3944 3261 3999 Ominatur
3316 3945 3444 3999 mihi
3485 3946 3698 3999 animus
3727 3946 3870 3997 vieto-

2344 4041 2477 4090 riam
2513 4040 2566 4089 in
2606 4036 2843 4089 ‘Darittm
2889 4035 3068 4106 (cujus
3121 4036 3251 4089 mibi
3316 4037 3573 4093 indicium
3637 4036 3758 4089 inde
3801 4042 3871 4087 est

2342 4125 2483 4192 quod
2520 4126 2742 4178 comites
2772 4138 2902 4177 suos
2942 4139 3153 4177 sesamo
3203 4125 3541 4187 assimilarit,
3566 4125 3709 4193 quod
3737 4123 3869 4177 cibus

2342 4224 2425 4271 cst
2457 4218 2692 4285 pinguis,
2726 4224 2779 4269 et
2813 4217 2929 4271 sine
2962 4216 3205 4269 molestia
3246 4217 3469 4289 editur),
3504 4230 3710 4288 nosque
3729 4229 3869 4284 regno

2345 4311 2515 4379 ipsius
2568 4312 2854 4378 petituros.
2895 4310 3153 4363 Dixerunt
3216 4310 3317 4379 ipsi
3377 4312 3511 4363 socii
3565 4306 3867 4379 ipsius:lta

693 4402 851 4454 duos.
882 4399 1007 4467 Ejus
1039 4408 1279 4466 tempore
1304 4395 1605 4449 ﬂoruerunt
1634 4396 1685 4448 in
1734 4394 1938 4449 Graecia
1971 4398 2240 4465 sapientes
2277 4420 2315 4472 ο
2348 4401 2510 4457 faciat
2534 4398 3021 4469 Deus..Rcspondit
3047 4415 3172 4470 ergo
3200 4398 3501 4454 Alexander
3524 4400 3681 4453 Dario
3704 4396 3870 4451 litteris

692 4502 745 4546 et
778 4490 1106 4561 philosophi,
1138 4487 1420 4550 Hercules,
1449 4485 1634 4549 Malus,
1662 4484 2017 4555 Pythagoras,
2047 4484 2241 4539 Socra-

696 4592 801 4646 tes,
831 4580 992 4635 Solon
1031 4579 1327 4646 legislator,
1378 4576 1581 4639 Zenon.
1612 4589 1665 4631 et
1702 4576 2071 4645 Empedocles.
2117 4576 2238 4631 Post

696 4680 869 4743 ipsum
904 4671 1144 4739 regnavit
1172 4684 1341 4721 annos
1388 4668 1577 4735 viginti
1642 4666 1785 4721 ﬁlius
1843 4664 1958 4734 ejus
2009 4666 2242 4720 Artacb-

696 4766 908 4821 shasht,
936 4763 1027 4828 qui
1077 4760 1490 4826 cognominatus
1532 4764 1614 4811 est
1658 4756 1861 4809 Achus.
1916 4756 2013 4809 llic
2072 4756 2243 4825 copiis

696 4856 809 4910 suis
848 4853 1084 4906 collectis
1117 4848 1407 4919 Egyptum
1466 4848 1637 4921 petiit,
1697 4842 1858 4913 uuam
1915 4861 2038 4917 rege
2072 4846 2243 4915 ipsius

694 4946 905 4999 devicto
925 4942 1227 5009 occupavit.
1271 4940 1383 4993 Rex
1434 4945 1615 4991 autem
1661 4935 1880 5006 Egypti
1910 4938 2018 5005 (cui
2049 4950 2241 4990 nomen

695 5036 905 5089 Pharao
934 5032 1169 5098 Shanak)
1212 5031 1480 5093 devictus,
1538 5029 1733 5081 timens
1772 5044 1837 5081 ne
1872 5028 1914 5080 si
1968 5027 2022 5079 in
2055 5042 2243 5080 manus

697 5125 921 5189 Achusi,
963 5122 1247 5177 Persarum
1282 5121 1424 5189 regis
1478 5116 1762 5180 incideret,
1826 5115 1961 5170 male
2012 5112 2095 5170 ab'
2130 5120 2245 5186 ipso

702 5224 1039 5279 multaretur.
1064 5219 1205 5271 rasis
1245 5218 1419 5284 capite
1441 5224 1493 5269 et
1526 5215 1713 5275 barba,
1742 5229 1803 5267 ac
1832 5214 2048 5266 mutatis
2084 5213 2245 5265 resti-

701 5316 800 5366 bus
831 5310 1197 5366 Macedoniam
1233 5308 1417 5360 urbem
1456 5307 1713 5375 profugit.
1757 5307 1939 5360 Achus
1967 5319 2095 5359 vero
2120 5304 2246 5357 Per-

702 5420 881 5457 sarum
928 5418 1016 5457 rex
1042 5400 1270 5463 Fustati,
1301 5390 1537 5469 Egypti
1571 5414 1773 5461 arcem,
1827 5398 2089 5461 condidit,
2127 5412 2244 5467 qua:

704 5497 858 5548 hodie
892 5494 1300 5547 Kasrolshamaa
1357 5491 1545 5543 audit:
1606 5490 1657 5542 in
1716 5505 1820 5557 qua
1878 5498 1929 5541 et
1984 5490 2241 5556 templum

705 5602 955 5657 maguum
1002 5585 1292 5648 exstruxit,
1352 5582 1459 5650 igni
1510 5581 1837 5644 dedicatum,
1885 5582 2025 5649 quod
2089 5582 2247 5656 hodie

703 5674 926 5728 ecclesia
952 5672 1134 5725 Sancti
1171 5668 1436 5724 Theodori
1466 5668 1784 5738 appellatur.
1812 5667 2040 5739 Fuitque
2070 5667 2241 5723 Macc-

2336 4495 2557 4567 scriptis
2581 4509 2810 4562 quarum
2846 4495 2948 4547 hoc
2973 4493 3246 4560 exemplar
3265 4501 3346 4546 est
3378 4510 3392 4546 :
3417 4491 3499 4545 Ab
3524 4506 3587 4545 eo
3617 4491 3705 4561 qui
3730 4506 3756 4543 a
3780 4488 3867 4543 Deo

2344 4603 2433 4641 rex
2470 4586 2801 4639 constitutus
2828 4591 2933 4648 est,
2966 4580 3281 4637 Alexandro
3320 4598 3475 4637 servo
3508 4583 3617 4645 Dei,
3653 4593 3705 4635 et
3744 4578 3868 4634 Cra:-

2343 4695 2531 4733 corum
2570 4694 2693 4749 rege
2732 4677 2798 4731 ad
2838 4676 3054 4731 Darium
3085 4676 3423 4744 praecelsum.
3450 4672 3692 4729 Intellexi
3746 4671 3865 4724 litte-

2346 4780 2597 4830 rastuas,
2624 4779 2677 4822 ct
2705 4768 2977 4835 quomodo
3032 4782 3115 4821 me
3155 4773 3213 4818 ttt
3262 4765 3315 4817 in
3375 4764 3682 4817 mandatum
3737 4772 3862 4813 tuum

2348 4860 2597 4913 rebellem
2644 4857 3033 4924 indigitaveris,
3064 4864 3114 4908 et
3162 4852 3291 4923 quid
3349 4852 3488 4906 mibi
3535 4850 3863 4905 eammiuatus

2296 4986 2304 4992 -
2349 4948 2536 5001 fueris.
2573 4945 2831 4999 Videlicet
2862 4946 2905 4998 si
2940 4960 2969 4997 a
2997 4943 3164 5012 gradu
3211 4955 3332 4995 meo
3365 4956 3468 4995 non
3503 4950 3789 4999 recessero,
3821 4942 3863 4985 et

2347 5037 2595 5092 diﬂeram
2624 5036 2753 5090 illud
2786 5035 2976 5089 afferre
3006 5035 3148 5102 quod
3192 5034 3395 5100 scripto
3430 5042 3523 5085 tuo
3566 5027 3767 5100 jussisti
3795 5037 3861 5078 me

2348 5131 2440 5182 tibi
2471 5128 2681 5191 afferre,
2708 5125 3070 5194 profecturqu
3126 5136 3175 5177 te
3229 5131 3419 5177 contra
3477 5138 3561 5175 me
3593 5135 3712 5175 cum
3754 5116 3860 5171 viris

2348 5218 2657 5273 Persarum.
2689 5217 2846 5269 Certe
2885 5214 3047 5268 dictat
3075 5213 3168 5269 tibi
3208 5213 3420 5265 animus
3471 5221 3595 5263 tuus
3623 5224 3736 5279 qua
3774 5218 3857 5259 non

2348 5314 2667 5376 asSequetur
2717 5320 2910 5360 rnauus
2941 5314 3049 5370 tua,
3088 5319 3183 5357 nec
3237 5300 3591 5371 apprehendit
3639 5294 3857 5368 cogitatio

2348 5408 2458 5451 tua.
2491 5396 2598 5466 Ego
2626 5404 2803 5450 autem
2844 5394 2908 5447 ad
2937 5404 2986 5447 te
3021 5407 3207 5446 revera
3237 5391 3549 5459 proficiscar
3571 5404 3688 5446 cum
3712 5382 3855 5441 leoni-

2349 5488 2817 5561 lltlSle'JECOI'UIlI,
2860 5496 2910 5538 et
2950 5483 3221 5553 quomodo
3246 5498 3304 5536 se
3352 5496 3434 5534 res
3465 5480 3658 5534 habeat
3686 5474 3854 5531 docebo

2348 5587 2399 5631 te
2431 5580 2517 5630 ubi
2544 5577 2755 5630 obriam
2796 5576 2889 5628 tibi
2926 5573 3098 5627 factus
3145 5572 3313 5625 fuero.
3358 5570 3475 5624 Misi
3532 5570 3736 5624 interitu
3778 5561 3851 5617 tibi

2348 5683 2455 5738 quo
2486 5668 2803 5730 dignoscere
2833 5665 3005 5735 possis
3062 5672 3264 5739 quanto
3316 5661 3554 5716 acriores
3580 5658 3729 5730 272
3752 5653 3851 5708 viris
