  <div class='ocr_page' id='page_1' title='image "/cluster/home/n/w/nwhite01/storage/ocr_20150623/111/hvd.32044010574143/492.png"; bbox 0 0 4138 6478; ppageno 0'>
   <div class='ocr_carea' id='block_1_1' title="bbox 411 378 513 436">
    <p class='ocr_par' dir='ltr' id='par_1_1' title="bbox 411 378 513 436">
     <span class='ocr_line' id='line_1_1' title="bbox 411 378 513 436; baseline 0.01 -1"><span class='ocrx_word' id='word_1_1' title='bbox 411 378 513 436; x_wconf 72' lang='grc'><strong>969</strong></span> 
     </span>
    </p>
   </div>
   <div class='ocr_carea' id='block_1_2' title="bbox 1830 393 2194 454">
    <p class='ocr_par' dir='ltr' id='par_1_2' title="bbox 1830 393 2194 454">
     <span class='ocr_line' id='line_1_2' title="bbox 1830 393 2194 454; baseline 0.005 -5"><span class='ocrx_word' id='word_1_2' title='bbox 1830 393 2194 454; x_wconf 63' lang='grc' dir='ltr'><strong>ΑΝΝἈιΕς.</strong></span> 
     </span>
    </p>
   </div>
   <div class='ocr_carea' id='block_1_3' title="bbox 3522 402 3624 462">
    <p class='ocr_par' dir='ltr' id='par_1_3' title="bbox 3522 402 3624 462">
     <span class='ocr_line' id='line_1_3' title="bbox 3522 402 3624 462; baseline -0.01 0"><span class='ocrx_word' id='word_1_3' title='bbox 3522 402 3624 462; x_wconf 72' lang='lat'><strong>970</strong></span> 
     </span>
    </p>
   </div>
   <div class='ocr_carea' id='block_1_4' title="bbox 409 486 3622 578">
    <p class='ocr_par' dir='ltr' id='par_1_4' title="bbox 409 486 3622 578">
     <span class='ocr_line' id='line_1_4' title="bbox 409 486 3622 578; baseline 0.008 -39"><span class='ocrx_word' id='word_1_4' title='bbox 409 487 509 540; x_wconf 87' lang='lat' dir='ltr'><strong>tuis</strong></span> <span class='ocrx_word' id='word_1_5' title='bbox 540 486 737 543; x_wconf 86' lang='lat' dir='ltr'><strong>fuerint</strong></span> <span class='ocrx_word' id='word_1_6' title='bbox 769 491 865 545; x_wconf 88' lang='lat' dir='ltr'><strong>viri</strong></span> <span class='ocrx_word' id='word_1_7' title='bbox 918 495 1044 547; x_wconf 78' lang='lat' dir='ltr'><strong>mei.</strong></span> <span class='ocrx_word' id='word_1_8' title='bbox 1084 493 1230 550; x_wconf 84' lang='lat' dir='ltr'><strong>Vale.</strong></span> <span class='ocrx_word' id='word_1_9' title='bbox 1267 496 1409 551; x_wconf 80' lang='lat' dir='ltr'><strong>Misit</strong></span> <span class='ocrx_word' id='word_1_10' title='bbox 1440 509 1618 555; x_wconf 88' lang='lat' dir='ltr'><strong>autem</strong></span> <span class='ocrx_word' id='word_1_11' title='bbox 1670 500 1734 554; x_wconf 89' lang='lat' dir='ltr'><strong>ad</strong></span> <span class='ocrx_word' id='word_1_12' title='bbox 1775 503 1952 572; x_wconf 86' lang='lat' dir='ltr'><strong>ipsum</strong></span> <span class='ocrx_word' id='word_1_13' title='bbox 1985 508 2029 561; x_wconf 77' lang='grc' dir='ltr'><strong>Α</strong></span> <span class='ocrx_word' id='word_1_14' title='bbox 2058 503 2271 574; x_wconf 87' lang='lat' dir='ltr'><strong>natum]</strong></span> <span class='ocrx_word' id='word_1_15' title='bbox 2308 520 2320 556; x_wconf 93' lang='lat'><strong>:</strong></span> <span class='ocrx_word' id='word_1_16' title='bbox 2356 512 2474 574; x_wconf 87' lang='lat' dir='ltr'><strong>pete</strong></span> <span class='ocrx_word' id='word_1_17' title='bbox 2511 513 2688 558; x_wconf 87' lang='lat' dir='ltr'><strong>autent</strong></span> <span class='ocrx_word' id='word_1_18' title='bbox 2735 521 2762 559; x_wconf 88' lang='lat' dir='ltr'><strong>a</strong></span> <span class='ocrx_word' id='word_1_19' title='bbox 2805 523 2887 562; x_wconf 88' lang='lat' dir='ltr'><strong>me</strong></span> <span class='ocrx_word' id='word_1_20' title='bbox 2918 511 3055 578; x_wconf 88' lang='lat' dir='ltr'><strong>quod</strong></span> <span class='ocrx_word' id='word_1_21' title='bbox 3089 511 3184 566; x_wconf 89' lang='lat' dir='ltr'><strong>tibi</strong></span> <span class='ocrx_word' id='word_1_22' title='bbox 3223 511 3399 566; x_wconf 83' lang='lat' dir='ltr'><strong>visunt</strong></span> <span class='ocrx_word' id='word_1_23' title='bbox 3441 514 3622 569; x_wconf 79' lang='lat' dir='ltr'><strong>fuerit.</strong></span> 
     </span>
    </p>
   </div>
   <div class='ocr_carea' id='block_1_5' title="bbox 404 583 1953 661">
    <p class='ocr_par' dir='ltr' id='par_1_5' title="bbox 404 583 1953 661">
     <span class='ocr_line' id='line_1_5' title="bbox 404 583 1953 661; baseline 0.011 -30"><span class='ocrx_word' id='word_1_24' title='bbox 404 592 613 633; x_wconf 85' lang='lat' dir='ltr'><strong>saccum</strong></span> <span class='ocrx_word' id='word_1_25' title='bbox 662 583 887 650; x_wconf 84' lang='lat' dir='ltr'><strong>sinapis.</strong></span> <span class='ocrx_word' id='word_1_26' title='bbox 925 585 1212 640; x_wconf 78' lang='lat' dir='ltr'><strong>&#39;Reversus</strong></span> <span class='ocrx_word' id='word_1_27' title='bbox 1245 602 1375 656; x_wconf 86' lang='lat' dir='ltr'><strong>ergo</strong></span> <span class='ocrx_word' id='word_1_28' title='bbox 1406 590 1470 643; x_wconf 90' lang='lat' dir='ltr'><strong>ad</strong></span> <span class='ocrx_word' id='word_1_29' title='bbox 1507 590 1684 660; x_wconf 90' lang='lat' dir='ltr'><strong>ipsum</strong></span> <span class='ocrx_word' id='word_1_30' title='bbox 1745 593 1953 661; x_wconf 77' lang='lat' dir='ltr'><strong>legatus</strong></span> 
     </span>
    </p>
   </div>
   <div class='ocr_carea' id='block_1_6' title="bbox 404 666 1956 747">
    <p class='ocr_par' dir='ltr' id='par_1_6' title="bbox 404 666 1956 747">
     <span class='ocr_line' id='line_1_6' title="bbox 404 666 1956 747; baseline 0.011 -28"><span class='ocrx_word' id='word_1_31' title='bbox 404 666 596 736; x_wconf 81' lang='lat' dir='ltr'><strong>ipsius,</strong></span> <span class='ocrx_word' id='word_1_32' title='bbox 621 671 749 739; x_wconf 89' lang='lat' dir='ltr'><strong>quid</strong></span> <span class='ocrx_word' id='word_1_33' title='bbox 783 671 997 726; x_wconf 91' lang='lat' dir='ltr'><strong>fecisset</strong></span> <span class='ocrx_word' id='word_1_34' title='bbox 1037 676 1343 731; x_wconf 83' lang='lat' dir='ltr'><strong>Alexander</strong></span> <span class='ocrx_word' id='word_1_35' title='bbox 1377 680 1475 747; x_wconf 83' lang='lat' dir='ltr'><strong>ipsi</strong></span> <span class='ocrx_word' id='word_1_36' title='bbox 1507 681 1792 735; x_wconf 86' lang='lat' dir='ltr'><strong>nuntiavit.</strong></span> <span class='ocrx_word' id='word_1_37' title='bbox 1838 683 1956 737; x_wconf 84' lang='lat' dir='ltr'><strong>Ale-</strong></span> 
     </span>
    </p>
   </div>
   <div class='ocr_carea' id='block_1_7' title="bbox 402 750 1951 843">
    <p class='ocr_par' dir='ltr' id='par_1_7' title="bbox 402 750 1951 843">
     <span class='ocr_line' id='line_1_7' title="bbox 402 750 1951 843; baseline 0.012 -32"><span class='ocrx_word' id='word_1_38' title='bbox 402 750 602 813; x_wconf 73' lang='lat' dir='ltr'><strong>iau&#39;der</strong></span> <span class='ocrx_word' id='word_1_39' title='bbox 618 772 821 827; x_wconf 84' lang='lat' dir='ltr'><strong>autem,</strong></span> <span class='ocrx_word' id='word_1_40' title='bbox 842 768 1150 820; x_wconf 82' lang='lat' dir='ltr'><strong>convocatis</strong></span> <span class='ocrx_word' id='word_1_41' title='bbox 1169 759 1407 836; x_wconf 73' lang='lat' dir='ltr'><strong>patriciis</strong></span> <span class='ocrx_word' id='word_1_42' title='bbox 1423 787 1485 825; x_wconf 91' lang='lat' dir='ltr'><strong>ac</strong></span> <span class='ocrx_word' id='word_1_43' title='bbox 1509 774 1639 826; x_wconf 85' lang='lat' dir='ltr'><strong>viris</strong></span> <span class='ocrx_word' id='word_1_44' title='bbox 1658 775 1951 843; x_wconf 86' lang='lat' dir='ltr'><strong>primariis,</strong></span> 
     </span>
    </p>
   </div>
   <div class='ocr_carea' id='block_1_8' title="bbox 399 848 1954 934">
    <p class='ocr_par' dir='ltr' id='par_1_8' title="bbox 399 848 1954 934">
     <span class='ocr_line' id='line_1_8' title="bbox 399 848 1954 934; baseline 0.014 -34"><span class='ocrx_word' id='word_1_45' title='bbox 399 848 476 901; x_wconf 81' lang='lat' dir='ltr'><strong>sic</strong></span> <span class='ocrx_word' id='word_1_46' title='bbox 511 849 631 903; x_wconf 89' lang='lat' dir='ltr'><strong>illos</strong></span> <span class='ocrx_word' id='word_1_47' title='bbox 661 852 926 906; x_wconf 84' lang='lat' dir='ltr'><strong>allocutus</strong></span> <span class='ocrx_word' id='word_1_48' title='bbox 957 864 1081 910; x_wconf 87' lang='lat' dir='ltr'><strong>est:</strong></span> <span class='ocrx_word' id='word_1_49' title='bbox 1117 858 1161 911; x_wconf 85' lang='grc' dir='ltr'><strong>Ο</strong></span> <span class='ocrx_word' id='word_1_50' title='bbox 1195 862 1410 928; x_wconf 73' lang='lat' dir='ltr'><strong>populo,</strong></span> <span class='ocrx_word' id='word_1_51' title='bbox 1449 863 1624 920; x_wconf 89' lang='lat' dir='ltr'><strong>tribus</strong></span> <span class='ocrx_word' id='word_1_52' title='bbox 1649 868 1954 934; x_wconf 74' lang='lat' dir='ltr'><strong>probrieta-</strong></span> 
     </span>
    </p>
   </div>
   <div class='ocr_carea' id='block_1_9' title="bbox 399 941 1951 1020">
    <p class='ocr_par' dir='ltr' id='par_1_9' title="bbox 399 941 1951 1020">
     <span class='ocr_line' id='line_1_9' title="bbox 399 941 1951 1020; baseline 0.01 -26"><span class='ocrx_word' id='word_1_53' title='bbox 399 941 540 994; x_wconf 90' lang='lat' dir='ltr'><strong>tibus</strong></span> <span class='ocrx_word' id='word_1_54' title='bbox 562 942 915 1010; x_wconf 90' lang='lat' dir='ltr'><strong>perﬁciuntur</strong></span> <span class='ocrx_word' id='word_1_55' title='bbox 937 961 1044 1009; x_wconf 90' lang='lat' dir='ltr'><strong>res,</strong></span> <span class='ocrx_word' id='word_1_56' title='bbox 1080 949 1331 1005; x_wconf 83' lang='lat' dir='ltr'><strong>videlicet</strong></span> <span class='ocrx_word' id='word_1_57' title='bbox 1361 955 1591 1008; x_wconf 90' lang='lat' dir='ltr'><strong>consilio</strong></span> <span class='ocrx_word' id='word_1_58' title='bbox 1622 957 1784 1020; x_wconf 89' lang='lat' dir='ltr'><strong>bono,</strong></span> <span class='ocrx_word' id='word_1_59' title='bbox 1819 957 1951 1010; x_wconf 87' lang='lat' dir='ltr'><strong>viri-</strong></span> 
     </span>
    </p>
   </div>
   <div class='ocr_carea' id='block_1_10' title="bbox 396 1033 1950 1118">
    <p class='ocr_par' dir='ltr' id='par_1_10' title="bbox 396 1033 1950 1118">
     <span class='ocr_line' id='line_1_10' title="bbox 396 1033 1950 1118; baseline 0.012 -33"><span class='ocrx_word' id='word_1_60' title='bbox 396 1033 496 1085; x_wconf 90' lang='lat' dir='ltr'><strong>bus</strong></span> <span class='ocrx_word' id='word_1_61' title='bbox 528 1033 595 1085; x_wconf 86' lang='lat' dir='ltr'><strong>ad</strong></span> <span class='ocrx_word' id='word_1_62' title='bbox 627 1034 764 1087; x_wconf 90' lang='lat' dir='ltr'><strong>idem</strong></span> <span class='ocrx_word' id='word_1_63' title='bbox 785 1034 1259 1112; x_wconf 82' lang='lat' dir='ltr'><strong>[exsequendum],</strong></span> <span class='ocrx_word' id='word_1_64' title='bbox 1283 1043 1474 1100; x_wconf 89' lang='lat' dir='ltr'><strong>deinde</strong></span> <span class='ocrx_word' id='word_1_65' title='bbox 1503 1047 1614 1102; x_wconf 65' lang='lat' dir='ltr'><strong>haec</strong></span> <span class='ocrx_word' id='word_1_66' title='bbox 1639 1059 1866 1118; x_wconf 89' lang='lat' dir='ltr'><strong>utraque</strong></span> <span class='ocrx_word' id='word_1_67' title='bbox 1899 1051 1950 1103; x_wconf 88' lang='lat' dir='ltr'><strong>in</strong></span> 
     </span>
    </p>
   </div>
   <div class='ocr_carea' id='block_1_11' title="bbox 393 1124 1949 1208">
    <p class='ocr_par' dir='ltr' id='par_1_11' title="bbox 393 1124 1949 1208">
     <span class='ocr_line' id='line_1_11' title="bbox 393 1124 1949 1208; baseline 0.013 -35"><span class='ocrx_word' id='word_1_68' title='bbox 393 1132 572 1175; x_wconf 86' lang='lat' dir='ltr'><strong>actum</strong></span> <span class='ocrx_word' id='word_1_69' title='bbox 600 1124 902 1181; x_wconf 85' lang='lat' dir='ltr'><strong>intentione</strong></span> <span class='ocrx_word' id='word_1_70' title='bbox 932 1131 1145 1185; x_wconf 86' lang='lat' dir='ltr'><strong>sincera</strong></span> <span class='ocrx_word' id='word_1_71' title='bbox 1189 1135 1552 1202; x_wconf 89' lang='lat' dir='ltr'><strong>perducendo.</strong></span> <span class='ocrx_word' id='word_1_72' title='bbox 1586 1140 1848 1208; x_wconf 77' lang='lat' dir='ltr'><strong>Quisquis</strong></span> <span class='ocrx_word' id='word_1_73' title='bbox 1876 1141 1949 1194; x_wconf 89' lang='lat' dir='ltr'><strong>ita</strong></span> 
     </span>
    </p>
   </div>
   <div class='ocr_carea' id='block_1_12' title="bbox 391 1215 1950 1298">
    <p class='ocr_par' dir='ltr' id='par_1_12' title="bbox 391 1215 1950 1298">
     <span class='ocr_line' id='line_1_12' title="bbox 391 1215 1950 1298; baseline 0.012 -35"><span class='ocrx_word' id='word_1_74' title='bbox 391 1222 734 1279; x_wconf 83' lang='lat' dir='ltr'><strong>comparatus</strong></span> <span class='ocrx_word' id='word_1_75' title='bbox 775 1215 960 1282; x_wconf 90' lang='lat' dir='ltr'><strong>fuerit,</strong></span> <span class='ocrx_word' id='word_1_76' title='bbox 1010 1219 1236 1276; x_wconf 87' lang='lat' dir='ltr'><strong>idoneus</strong></span> <span class='ocrx_word' id='word_1_77' title='bbox 1287 1233 1370 1278; x_wconf 90' lang='lat' dir='ltr'><strong>est</strong></span> <span class='ocrx_word' id='word_1_78' title='bbox 1419 1227 1483 1280; x_wconf 91' lang='lat' dir='ltr'><strong>ad</strong></span> <span class='ocrx_word' id='word_1_79' title='bbox 1529 1242 1592 1280; x_wconf 90' lang='lat' dir='ltr'><strong>ea</strong></span> <span class='ocrx_word' id='word_1_80' title='bbox 1626 1244 1746 1296; x_wconf 62' lang='lat' dir='ltr'><strong>quae</strong></span> <span class='ocrx_word' id='word_1_81' title='bbox 1803 1231 1950 1298; x_wconf 90' lang='lat' dir='ltr'><strong>cupit</strong></span> 
     </span>
    </p>
   </div>
   <div class='ocr_carea' id='block_1_13' title="bbox 389 1303 1948 1378">
    <p class='ocr_par' dir='ltr' id='par_1_13' title="bbox 389 1303 1948 1378">
     <span class='ocr_line' id='line_1_13' title="bbox 389 1303 1948 1378; baseline 0.013 -28"><span class='ocrx_word' id='word_1_82' title='bbox 389 1303 764 1368; x_wconf 87' lang='lat' dir='ltr'><strong>assequenda;</strong></span> <span class='ocrx_word' id='word_1_83' title='bbox 817 1304 862 1357; x_wconf 88' lang='lat' dir='ltr'><strong>si</strong></span> <span class='ocrx_word' id='word_1_84' title='bbox 907 1307 1029 1374; x_wconf 85' lang='lat' dir='ltr'><strong>quis</strong></span> <span class='ocrx_word' id='word_1_85' title='bbox 1057 1323 1187 1378; x_wconf 87' lang='lat' dir='ltr'><strong>ergo</strong></span> <span class='ocrx_word' id='word_1_86' title='bbox 1233 1321 1471 1365; x_wconf 86' lang='lat' dir='ltr'><strong>vestrum</strong></span> <span class='ocrx_word' id='word_1_87' title='bbox 1525 1314 1610 1368; x_wconf 88' lang='lat' dir='ltr'><strong>bis</strong></span> <span class='ocrx_word' id='word_1_88' title='bbox 1652 1316 1948 1371; x_wconf 88' lang='lat' dir='ltr'><strong>instructus</strong></span> 
     </span>
    </p>
   </div>
   <div class='ocr_carea' id='block_1_14' title="bbox 389 1386 1950 1471">
    <p class='ocr_par' dir='ltr' id='par_1_14' title="bbox 389 1386 1950 1471">
     <span class='ocr_line' id='line_1_14' title="bbox 389 1386 1950 1471; baseline 0.015 -33"><span class='ocrx_word' id='word_1_89' title='bbox 389 1386 577 1452; x_wconf 90' lang='lat' dir='ltr'><strong>fuerit,</strong></span> <span class='ocrx_word' id='word_1_90' title='bbox 612 1393 742 1446; x_wconf 86' lang='lat' dir='ltr'><strong>mihi</strong></span> <span class='ocrx_word' id='word_1_91' title='bbox 791 1409 850 1448; x_wconf 81' lang='lat' dir='ltr'><strong>se</strong></span> <span class='ocrx_word' id='word_1_92' title='bbox 896 1396 1180 1466; x_wconf 76' lang='lat' dir='ltr'><strong>adiungat,</strong></span> <span class='ocrx_word' id='word_1_93' title='bbox 1231 1409 1285 1454; x_wconf 90' lang='lat' dir='ltr'><strong>et</strong></span> <span class='ocrx_word' id='word_1_94' title='bbox 1329 1403 1642 1471; x_wconf 83' lang='lat' dir='ltr'><strong>quicunque</strong></span> <span class='ocrx_word' id='word_1_95' title='bbox 1687 1421 1845 1460; x_wconf 82' lang='lat' dir='ltr'><strong>secus</strong></span> <span class='ocrx_word' id='word_1_96' title='bbox 1893 1424 1950 1461; x_wconf 85' lang='lat' dir='ltr'><strong>sc</strong></span> 
     </span>
    </p>
   </div>
   <div class='ocr_carea' id='block_1_15' title="bbox 387 1479 1947 1558">
    <p class='ocr_par' dir='ltr' id='par_1_15' title="bbox 387 1479 1947 1558">
     <span class='ocr_line' id='line_1_15' title="bbox 387 1479 1947 1558; baseline 0.013 -28"><span class='ocrx_word' id='word_1_97' title='bbox 387 1479 662 1546; x_wconf 70' lang='lat' dir='ltr'><strong>habuerit,</strong></span> <span class='ocrx_word' id='word_1_98' title='bbox 701 1498 728 1536; x_wconf 90' lang='lat' dir='ltr'><strong>a</strong></span> <span class='ocrx_word' id='word_1_99' title='bbox 771 1500 855 1540; x_wconf 93' lang='lat' dir='ltr'><strong>me</strong></span> <span class='ocrx_word' id='word_1_100' title='bbox 890 1488 1130 1541; x_wconf 85' lang='lat' dir='ltr'><strong>recedat.</strong></span> <span class='ocrx_word' id='word_1_101' title='bbox 1182 1488 1598 1558; x_wconf 63' lang='lat' dir='ltr'><strong>Responderunt</strong></span> <span class='ocrx_word' id='word_1_102' title='bbox 1659 1494 1732 1547; x_wconf 89' lang='lat' dir='ltr'><strong>illi</strong></span> <span class='ocrx_word' id='word_1_103' title='bbox 1767 1512 1781 1548; x_wconf 89' lang='lat'><strong><em>:</em></strong></span> <span class='ocrx_word' id='word_1_104' title='bbox 1816 1496 1947 1550; x_wconf 82' lang='lat' dir='ltr'><strong>Pro-</strong></span> 
     </span>
    </p>
   </div>
   <div class='ocr_carea' id='block_1_16' title="bbox 385 1572 1950 1647">
    <p class='ocr_par' dir='ltr' id='par_1_16' title="bbox 385 1572 1950 1647">
     <span class='ocr_line' id='line_1_16' title="bbox 385 1572 1950 1647; baseline 0.012 -25"><span class='ocrx_word' id='word_1_105' title='bbox 385 1572 640 1638; x_wconf 88' lang='lat' dir='ltr'><strong>prietates</strong></span> <span class='ocrx_word' id='word_1_106' title='bbox 685 1576 814 1630; x_wconf 87' lang='lat' dir='ltr'><strong>istas</strong></span> <span class='ocrx_word' id='word_1_107' title='bbox 850 1577 899 1629; x_wconf 90' lang='lat' dir='ltr'><strong>in</strong></span> <span class='ocrx_word' id='word_1_108' title='bbox 929 1593 1054 1646; x_wconf 85' lang='lat' dir='ltr'><strong>rege</strong></span> <span class='ocrx_word' id='word_1_109' title='bbox 1085 1579 1423 1647; x_wconf 69' lang='lat' dir='ltr'><strong>coniunctas,</strong></span> <span class='ocrx_word' id='word_1_110' title='bbox 1479 1584 1528 1635; x_wconf 93' lang='lat' dir='ltr'><strong>in</strong></span> <span class='ocrx_word' id='word_1_111' title='bbox 1566 1585 1718 1638; x_wconf 83' lang='lat' dir='ltr'><strong>nobis</strong></span> <span class='ocrx_word' id='word_1_112' title='bbox 1747 1587 1950 1642; x_wconf 86' lang='lat' dir='ltr'><strong>discre-</strong></span> 
     </span>
    </p>
   </div>
   <div class='ocr_carea' id='block_1_17' title="bbox 385 1663 1945 1747">
    <p class='ocr_par' dir='ltr' id='par_1_17' title="bbox 385 1663 1945 1747">
     <span class='ocr_line' id='line_1_17' title="bbox 385 1663 1945 1747; baseline 0.013 -36"><span class='ocrx_word' id='word_1_113' title='bbox 385 1668 469 1712; x_wconf 90' lang='lat' dir='ltr'><strong>tas</strong></span> <span class='ocrx_word' id='word_1_114' title='bbox 523 1663 704 1730; x_wconf 90' lang='lat' dir='ltr'><strong>posuit</strong></span> <span class='ocrx_word' id='word_1_115' title='bbox 768 1666 928 1730; x_wconf 89' lang='lat' dir='ltr'><strong>Deus,</strong></span> <span class='ocrx_word' id='word_1_116' title='bbox 983 1683 1081 1722; x_wconf 88' lang='lat' dir='ltr'><strong>nec</strong></span> <span class='ocrx_word' id='word_1_117' title='bbox 1130 1671 1364 1724; x_wconf 86' lang='lat' dir='ltr'><strong>cessabit</strong></span> <span class='ocrx_word' id='word_1_118' title='bbox 1394 1688 1425 1724; x_wconf 89' lang='lat' dir='ltr'><strong>e</strong></span> <span class='ocrx_word' id='word_1_119' title='bbox 1473 1676 1626 1728; x_wconf 87' lang='lat' dir='ltr'><strong>nobis</strong></span> <span class='ocrx_word' id='word_1_120' title='bbox 1678 1679 1945 1747; x_wconf 85' lang='lat' dir='ltr'><strong>quispiam</strong></span> 
     </span>
    </p>
   </div>
   <div class='ocr_carea' id='block_1_18' title="bbox 383 1751 1942 1837">
    <p class='ocr_par' dir='ltr' id='par_1_18' title="bbox 383 1751 1942 1837">
     <span class='ocr_line' id='line_1_18' title="bbox 383 1751 1942 1837; baseline 0.012 -33"><span class='ocrx_word' id='word_1_121' title='bbox 383 1751 633 1805; x_wconf 87' lang='lat' dir='ltr'><strong>ultimum</strong></span> <span class='ocrx_word' id='word_1_122' title='bbox 669 1753 811 1821; x_wconf 89' lang='lat' dir='ltr'><strong>quod</strong></span> <span class='ocrx_word' id='word_1_123' title='bbox 842 1769 1008 1822; x_wconf 87' lang='lat' dir='ltr'><strong>penes</strong></span> <span class='ocrx_word' id='word_1_124' title='bbox 1030 1756 1204 1825; x_wconf 86' lang='lat' dir='ltr'><strong>ipsum</strong></span> <span class='ocrx_word' id='word_1_125' title='bbox 1242 1761 1400 1814; x_wconf 83' lang='lat' dir='ltr'><strong>fuerit</strong></span> <span class='ocrx_word' id='word_1_126' title='bbox 1431 1760 1756 1837; x_wconf 61' lang='lat' dir='ltr'><strong>[praestare].</strong></span> <span class='ocrx_word' id='word_1_127' title='bbox 1791 1769 1942 1832; x_wconf 89' lang='lat' dir='ltr'><strong>Quod</strong></span> 
     </span>
    </p>
   </div>
   <div class='ocr_carea' id='block_1_19' title="bbox 2065 591 3624 665">
    <p class='ocr_par' dir='ltr' id='par_1_19' title="bbox 2065 591 3624 665">
     <span class='ocr_line' id='line_1_19' title="bbox 2065 591 3624 665; baseline 0.008 -21"><span class='ocrx_word' id='word_1_128' title='bbox 2065 591 2193 645; x_wconf 80' lang='lat' dir='ltr'><strong>Tria</strong></span> <span class='ocrx_word' id='word_1_129' title='bbox 2243 595 2338 647; x_wconf 86' lang='lat' dir='ltr'><strong>tibi</strong></span> <span class='ocrx_word' id='word_1_130' title='bbox 2387 610 2416 648; x_wconf 92' lang='lat' dir='ltr'><strong>a</strong></span> <span class='ocrx_word' id='word_1_131' title='bbox 2447 610 2532 649; x_wconf 76' lang='lat' dir='ltr'><strong>me</strong></span> <span class='ocrx_word' id='word_1_132' title='bbox 2585 598 2878 665; x_wconf 89' lang='lat' dir='ltr'><strong>impetrare</strong></span> <span class='ocrx_word' id='word_1_133' title='bbox 2929 599 3130 662; x_wconf 85' lang='lat' dir='ltr'><strong>licebit,</strong></span> <span class='ocrx_word' id='word_1_134' title='bbox 3189 613 3241 655; x_wconf 85' lang='grc' dir='ltr'><strong>ιιι</strong></span> <span class='ocrx_word' id='word_1_135' title='bbox 3293 619 3457 654; x_wconf 88' lang='lat' dir='ltr'><strong>ttnttnt</strong></span> <span class='ocrx_word' id='word_1_136' title='bbox 3494 603 3624 656; x_wconf 88' lang='lat' dir='ltr'><strong>mibi</strong></span> 
     </span>
    </p>
   </div>
   <div class='ocr_carea' id='block_1_20' title="bbox 2063 687 3623 757">
    <p class='ocr_par' dir='ltr' id='par_1_20' title="bbox 2063 687 3623 757">
     <span class='ocr_line' id='line_1_20' title="bbox 2063 687 3623 757; baseline 0.008 -21"><span class='ocrx_word' id='word_1_137' title='bbox 2063 692 2272 737; x_wconf 87' lang='lat' dir='ltr'><strong>tantum</strong></span> <span class='ocrx_word' id='word_1_138' title='bbox 2310 687 2597 742; x_wconf 82' lang='lat' dir='ltr'><strong>concedas.</strong></span> <span class='ocrx_word' id='word_1_139' title='bbox 2640 687 2784 741; x_wconf 82' lang='lat' dir='ltr'><strong>Dixit</strong></span> <span class='ocrx_word' id='word_1_140' title='bbox 2832 704 2959 757; x_wconf 88' lang='lat' dir='ltr'><strong>ergo</strong></span> <span class='ocrx_word' id='word_1_141' title='bbox 2988 691 3062 743; x_wconf 92' lang='lat' dir='ltr'><strong>illi</strong></span> <span class='ocrx_word' id='word_1_142' title='bbox 3112 693 3340 749; x_wconf 87' lang='lat' dir='ltr'><strong>Darius:</strong></span> <span class='ocrx_word' id='word_1_143' title='bbox 3376 694 3486 748; x_wconf 93' lang='lat' dir='ltr'><strong>Iloc</strong></span> <span class='ocrx_word' id='word_1_144' title='bbox 3514 703 3623 749; x_wconf 90' lang='lat' dir='ltr'><strong>ate</strong></span> 
     </span>
    </p>
   </div>
   <div class='ocr_carea' id='block_1_21' title="bbox 2064 776 3624 853">
    <p class='ocr_par' dir='ltr' id='par_1_21' title="bbox 2064 776 3624 853">
     <span class='ocr_line' id='line_1_21' title="bbox 2064 776 3624 853; baseline 0.01 -26"><span class='ocrx_word' id='word_1_145' title='bbox 2064 785 2207 845; x_wconf 88' lang='lat' dir='ltr'><strong>peto,</strong></span> <span class='ocrx_word' id='word_1_146' title='bbox 2247 791 2312 829; x_wconf 91' lang='lat' dir='ltr'><strong>ne</strong></span> <span class='ocrx_word' id='word_1_147' title='bbox 2341 776 2559 831; x_wconf 82' lang='lat' dir='ltr'><strong>familiis</strong></span> <span class='ocrx_word' id='word_1_148' title='bbox 2603 781 2738 849; x_wconf 84' lang='lat' dir='ltr'><strong>apud</strong></span> <span class='ocrx_word' id='word_1_149' title='bbox 2792 780 2987 837; x_wconf 78' lang='lat' dir='ltr'><strong>Persas</strong></span> <span class='ocrx_word' id='word_1_150' title='bbox 3029 784 3329 840; x_wconf 86' lang='lat' dir='ltr'><strong>illustribus</strong></span> <span class='ocrx_word' id='word_1_151' title='bbox 3360 798 3524 853; x_wconf 85' lang='lat' dir='ltr'><strong>satos,</strong></span> <span class='ocrx_word' id='word_1_152' title='bbox 3570 799 3624 842; x_wconf 85' lang='lat' dir='ltr'><strong>et</strong></span> 
     </span>
    </p>
   </div>
   <div class='ocr_carea' id='block_1_22' title="bbox 2063 867 3620 947">
    <p class='ocr_par' dir='ltr' id='par_1_22' title="bbox 2063 867 3620 947">
     <span class='ocr_line' id='line_1_22' title="bbox 2063 867 3620 947; baseline 0.008 -27"><span class='ocrx_word' id='word_1_153' title='bbox 2063 867 2272 931; x_wconf 84' lang='lat' dir='ltr'><strong>nobiles</strong></span> <span class='ocrx_word' id='word_1_154' title='bbox 2319 869 2530 934; x_wconf 85' lang='lat' dir='ltr'><strong>perdas,</strong></span> <span class='ocrx_word' id='word_1_155' title='bbox 2573 873 2663 924; x_wconf 87' lang='lat' dir='ltr'><strong>sed</strong></span> <span class='ocrx_word' id='word_1_156' title='bbox 2713 872 2916 926; x_wconf 90' lang='lat' dir='ltr'><strong>liberos</strong></span> <span class='ocrx_word' id='word_1_157' title='bbox 2959 874 3240 941; x_wconf 80' lang='lat' dir='ltr'><strong>dimittas;</strong></span> <span class='ocrx_word' id='word_1_158' title='bbox 3273 889 3396 945; x_wconf 88' lang='lat' dir='ltr'><strong>peto</strong></span> <span class='ocrx_word' id='word_1_159' title='bbox 3435 882 3620 947; x_wconf 88' lang='lat' dir='ltr'><strong>etiam,</strong></span> 
     </span>
    </p>
   </div>
   <div class='ocr_carea' id='block_1_23' title="bbox 2062 958 3622 1036">
    <p class='ocr_par' dir='ltr' id='par_1_23' title="bbox 2062 958 3622 1036">
     <span class='ocr_line' id='line_1_23' title="bbox 2062 958 3622 1036; baseline 0.01 -25"><span class='ocrx_word' id='word_1_160' title='bbox 2062 973 2128 1012; x_wconf 89' lang='lat' dir='ltr'><strong>ne</strong></span> <span class='ocrx_word' id='word_1_161' title='bbox 2162 958 2367 1027; x_wconf 89' lang='lat' dir='ltr'><strong>Igniuut</strong></span> <span class='ocrx_word' id='word_1_162' title='bbox 2415 960 2558 1013; x_wconf 80' lang='lat' dir='ltr'><strong>:edes</strong></span> <span class='ocrx_word' id='word_1_163' title='bbox 2613 963 2821 1027; x_wconf 78' lang='lat' dir='ltr'><strong>diritas,</strong></span> <span class='ocrx_word' id='word_1_164' title='bbox 2877 980 3174 1036; x_wconf 80' lang='lat' dir='ltr'><strong>earumque</strong></span> <span class='ocrx_word' id='word_1_165' title='bbox 3212 968 3438 1024; x_wconf 72' lang='lat' dir='ltr'><strong>atdituos</strong></span> <span class='ocrx_word' id='word_1_166' title='bbox 3489 971 3622 1026; x_wconf 85' lang='lat' dir='ltr'><strong>bene</strong></span> 
     </span>
    </p>
   </div>
   <div class='ocr_carea' id='block_1_24' title="bbox 2064 1047 3622 1122">
    <p class='ocr_par' dir='ltr' id='par_1_24' title="bbox 2064 1047 3622 1122">
     <span class='ocr_line' id='line_1_24' title="bbox 2064 1047 3622 1122; baseline 0.01 -22"><span class='ocrx_word' id='word_1_167' title='bbox 2064 1047 2280 1101; x_wconf 74' lang='lat' dir='ltr'><strong>tractari</strong></span> <span class='ocrx_word' id='word_1_168' title='bbox 2330 1049 2561 1118; x_wconf 85' lang='lat' dir='ltr'><strong>jubeas;</strong></span> <span class='ocrx_word' id='word_1_169' title='bbox 2627 1053 2860 1122; x_wconf 78' lang='lat' dir='ltr'><strong>denique</strong></span> <span class='ocrx_word' id='word_1_170' title='bbox 2912 1066 2970 1110; x_wconf 89' lang='lat' dir='ltr'><strong>ut</strong></span> <span class='ocrx_word' id='word_1_171' title='bbox 3025 1073 3109 1111; x_wconf 89' lang='lat' dir='ltr'><strong>me</strong></span> <span class='ocrx_word' id='word_1_172' title='bbox 3158 1059 3224 1114; x_wconf 87' lang='lat' dir='ltr'><strong>de</strong></span> <span class='ocrx_word' id='word_1_173' title='bbox 3278 1059 3622 1116; x_wconf 73' lang='lat' dir='ltr'><strong>interfectore</strong></span> 
     </span>
    </p>
   </div>
   <div class='ocr_carea' id='block_1_25' title="bbox 2064 1140 3621 1218">
    <p class='ocr_par' dir='ltr' id='par_1_25' title="bbox 2064 1140 3621 1218">
     <span class='ocr_line' id='line_1_25' title="bbox 2064 1140 3621 1218; baseline 0.013 -30"><span class='ocrx_word' id='word_1_174' title='bbox 2064 1153 2180 1192; x_wconf 90' lang='lat' dir='ltr'><strong>meo</strong></span> <span class='ocrx_word' id='word_1_175' title='bbox 2215 1140 2520 1204; x_wconf 81' lang='lat' dir='ltr'><strong>ulciscaris,</strong></span> <span class='ocrx_word' id='word_1_176' title='bbox 2568 1142 2855 1213; x_wconf 77' lang='lat' dir='ltr'><strong>ipsumque</strong></span> <span class='ocrx_word' id='word_1_177' title='bbox 2897 1147 3025 1200; x_wconf 85' lang='lat' dir='ltr'><strong>iuilti</strong></span> <span class='ocrx_word' id='word_1_178' title='bbox 3074 1149 3339 1218; x_wconf 80' lang='lat' dir='ltr'><strong>adjungas</strong></span> <span class='ocrx_word' id='word_1_179' title='bbox 3376 1170 3387 1205; x_wconf 95' lang='lat'>:</span> <span class='ocrx_word' id='word_1_180' title='bbox 3422 1169 3540 1206; x_wconf 85' lang='lat' dir='ltr'><strong>nam</strong></span> <span class='ocrx_word' id='word_1_181' title='bbox 3575 1156 3621 1208; x_wconf 91' lang='lat' dir='ltr'><strong>si</strong></span> 
     </span>
    </p>
   </div>
   <div class='ocr_carea' id='block_1_26' title="bbox 2061 1233 3622 1297">
    <p class='ocr_par' dir='ltr' id='par_1_26' title="bbox 2061 1233 3622 1297">
     <span class='ocr_line' id='line_1_26' title="bbox 2061 1233 3622 1297; baseline 0.009 -15"><span class='ocrx_word' id='word_1_182' title='bbox 2061 1239 2337 1297; x_wconf 88' lang='lat' dir='ltr'><strong>superstes</strong></span> <span class='ocrx_word' id='word_1_183' title='bbox 2365 1233 2647 1297; x_wconf 77' lang='lat' dir='ltr'><strong>manserit,</strong></span> <span class='ocrx_word' id='word_1_184' title='bbox 2677 1243 2888 1288; x_wconf 89' lang='lat' dir='ltr'><strong>tuorum</strong></span> <span class='ocrx_word' id='word_1_185' title='bbox 2919 1239 3080 1291; x_wconf 85' lang='lat' dir='ltr'><strong>etiam</strong></span> <span class='ocrx_word' id='word_1_186' title='bbox 3105 1239 3489 1295; x_wconf 88' lang='lat' dir='ltr'><strong>beneﬁciorum</strong></span> <span class='ocrx_word' id='word_1_187' title='bbox 3525 1243 3622 1296; x_wconf 82' lang='lat' dir='ltr'><strong>im-</strong></span> 
     </span>
    </p>
   </div>
   <div class='ocr_carea' id='block_1_27' title="bbox 2062 1321 3621 1398">
    <p class='ocr_par' dir='ltr' id='par_1_27' title="bbox 2062 1321 3621 1398">
     <span class='ocr_line' id='line_1_27' title="bbox 2062 1321 3621 1398; baseline 0.01 -28"><span class='ocrx_word' id='word_1_188' title='bbox 2062 1333 2269 1372; x_wconf 86' lang='lat' dir='ltr'><strong>memor</strong></span> <span class='ocrx_word' id='word_1_189' title='bbox 2313 1321 2440 1384; x_wconf 87' lang='lat' dir='ltr'><strong>erit,</strong></span> <span class='ocrx_word' id='word_1_190' title='bbox 2483 1330 2541 1373; x_wconf 90' lang='lat' dir='ltr'><strong>ut</strong></span> <span class='ocrx_word' id='word_1_191' title='bbox 2575 1337 2699 1392; x_wconf 88' lang='lat' dir='ltr'><strong>erga</strong></span> <span class='ocrx_word' id='word_1_192' title='bbox 2737 1338 2822 1376; x_wconf 89' lang='lat' dir='ltr'><strong>me</strong></span> <span class='ocrx_word' id='word_1_193' title='bbox 2869 1335 3023 1379; x_wconf 85' lang='lat' dir='ltr'><strong>antea</strong></span> <span class='ocrx_word' id='word_1_194' title='bbox 3059 1341 3118 1382; x_wconf 87' lang='lat' dir='ltr'><strong>se</strong></span> <span class='ocrx_word' id='word_1_195' title='bbox 3149 1321 3421 1398; x_wconf 84' lang='lat' dir='ltr'><strong>ingratum</strong></span> <span class='ocrx_word' id='word_1_196' title='bbox 3490 1348 3621 1397; x_wconf 68' lang='lat' dir='ltr'><strong>pra:-</strong></span> 
     </span>
    </p>
   </div>
   <div class='ocr_carea' id='block_1_28' title="bbox 2058 1411 3621 1489">
    <p class='ocr_par' dir='ltr' id='par_1_28' title="bbox 2058 1411 3621 1489">
     <span class='ocr_line' id='line_1_28' title="bbox 2058 1411 3621 1489; baseline 0.008 -26"><span class='ocrx_word' id='word_1_197' title='bbox 2058 1411 2213 1464; x_wconf 88' lang='lat' dir='ltr'><strong>stitit.</strong></span> <span class='ocrx_word' id='word_1_198' title='bbox 2271 1411 2527 1465; x_wconf 81' lang='lat' dir='ltr'><strong>Promisit</strong></span> <span class='ocrx_word' id='word_1_199' title='bbox 2579 1428 2711 1482; x_wconf 85' lang='lat' dir='ltr'><strong>ergo</strong></span> <span class='ocrx_word' id='word_1_200' title='bbox 2771 1415 3073 1471; x_wconf 79' lang='lat' dir='ltr'><strong>Alexander</strong></span> <span class='ocrx_word' id='word_1_201' title='bbox 3137 1423 3505 1489; x_wconf 71' lang='lat' dir='ltr'><strong>prtestiturum</strong></span> <span class='ocrx_word' id='word_1_202' title='bbox 3561 1440 3621 1476; x_wconf 74' lang='lat' dir='ltr'><strong>se</strong></span> 
     </span>
    </p>
   </div>
   <div class='ocr_carea' id='block_1_29' title="bbox 2058 1501 3613 1578">
    <p class='ocr_par' dir='ltr' id='par_1_29' title="bbox 2058 1501 3613 1578">
     <span class='ocr_line' id='line_1_29' title="bbox 2058 1501 3613 1578; baseline 0.01 -26"><span class='ocrx_word' id='word_1_203' title='bbox 2058 1501 2200 1566; x_wconf 84' lang='lat' dir='ltr'><strong>quod</strong></span> <span class='ocrx_word' id='word_1_204' title='bbox 2236 1502 2484 1570; x_wconf 89' lang='lat' dir='ltr'><strong>petierat.</strong></span> <span class='ocrx_word' id='word_1_205' title='bbox 2516 1504 2661 1557; x_wconf 82' lang='lat' dir='ltr'><strong>Dixit</strong></span> <span class='ocrx_word' id='word_1_206' title='bbox 2703 1505 2902 1561; x_wconf 89' lang='lat' dir='ltr'><strong>deinde</strong></span> <span class='ocrx_word' id='word_1_207' title='bbox 2935 1509 3236 1566; x_wconf 88' lang='lat' dir='ltr'><strong>Alexander</strong></span> <span class='ocrx_word' id='word_1_208' title='bbox 3264 1529 3277 1565; x_wconf 89' lang='lat'>:</span> <span class='ocrx_word' id='word_1_209' title='bbox 3307 1515 3459 1578; x_wconf 83' lang='lat' dir='ltr'><strong>Quod</strong></span> <span class='ocrx_word' id='word_1_210' title='bbox 3497 1532 3524 1568; x_wconf 92' lang='lat' dir='ltr'><strong>a</strong></span> <span class='ocrx_word' id='word_1_211' title='bbox 3563 1527 3613 1568; x_wconf 81' lang='lat' dir='ltr'><strong>te</strong></span> 
     </span>
    </p>
   </div>
   <div class='ocr_carea' id='block_1_30' title="bbox 2058 1591 3615 1658">
    <p class='ocr_par' dir='ltr' id='par_1_30' title="bbox 2058 1591 3615 1658">
     <span class='ocr_line' id='line_1_30' title="bbox 2058 1591 3615 1658; baseline 0.012 -19"><span class='ocrx_word' id='word_1_212' title='bbox 2058 1591 2245 1643; x_wconf 86' lang='lat' dir='ltr'><strong>vellem</strong></span> <span class='ocrx_word' id='word_1_213' title='bbox 2292 1602 2399 1655; x_wconf 87' lang='lat' dir='ltr'><strong>est,</strong></span> <span class='ocrx_word' id='word_1_214' title='bbox 2427 1603 2481 1647; x_wconf 90' lang='lat' dir='ltr'><strong>ut</strong></span> <span class='ocrx_word' id='word_1_215' title='bbox 2512 1595 2673 1647; x_wconf 86' lang='lat' dir='ltr'><strong>ﬁliam</strong></span> <span class='ocrx_word' id='word_1_216' title='bbox 2727 1604 2873 1649; x_wconf 87' lang='lat' dir='ltr'><strong>luant</strong></span> <span class='ocrx_word' id='word_1_217' title='bbox 2930 1596 3173 1654; x_wconf 80' lang='lat' dir='ltr'><strong>Ruslttac</strong></span> <span class='ocrx_word' id='word_1_218' title='bbox 3220 1605 3349 1655; x_wconf 85' lang='lat' dir='ltr'><strong>mibi</strong></span> <span class='ocrx_word' id='word_1_219' title='bbox 3396 1607 3445 1656; x_wconf 88' lang='lat' dir='ltr'><strong>itt</strong></span> <span class='ocrx_word' id='word_1_220' title='bbox 3482 1623 3615 1658; x_wconf 70' lang='lat' dir='ltr'><strong>uxo-</strong></span> 
     </span>
    </p>
   </div>
   <div class='ocr_carea' id='block_1_31' title="bbox 2057 1683 3618 1748">
    <p class='ocr_par' dir='ltr' id='par_1_31' title="bbox 2057 1683 3618 1748">
     <span class='ocr_line' id='line_1_31' title="bbox 2057 1683 3618 1748; baseline 0.012 -18"><span class='ocrx_word' id='word_1_221' title='bbox 2057 1693 2171 1732; x_wconf 89' lang='lat' dir='ltr'><strong>rem</strong></span> <span class='ocrx_word' id='word_1_222' title='bbox 2216 1683 2504 1744; x_wconf 80' lang='lat' dir='ltr'><strong>concedas,</strong></span> <span class='ocrx_word' id='word_1_223' title='bbox 2543 1685 2672 1736; x_wconf 90' lang='lat' dir='ltr'><strong>illud</strong></span> <span class='ocrx_word' id='word_1_224' title='bbox 2718 1687 2862 1739; x_wconf 85' lang='lat' dir='ltr'><strong>enim</strong></span> <span class='ocrx_word' id='word_1_225' title='bbox 2912 1697 2964 1741; x_wconf 92' lang='lat' dir='ltr'><strong>te</strong></span> <span class='ocrx_word' id='word_1_226' title='bbox 3013 1691 3218 1744; x_wconf 85' lang='lat' dir='ltr'><strong>sciente</strong></span> <span class='ocrx_word' id='word_1_227' title='bbox 3248 1708 3336 1747; x_wconf 87' lang='lat' dir='ltr'><strong>ac</strong></span> <span class='ocrx_word' id='word_1_228' title='bbox 3386 1709 3618 1748; x_wconf 82' lang='lat' dir='ltr'><strong>consen-</strong></span> 
     </span>
    </p>
   </div>
   <div class='ocr_carea' id='block_1_32' title="bbox 2059 1770 3611 1846">
    <p class='ocr_par' dir='ltr' id='par_1_32' title="bbox 2059 1770 3611 1846">
     <span class='ocr_line' id='line_1_32' title="bbox 2059 1770 3611 1846; baseline 0.013 -24"><span class='ocrx_word' id='word_1_229' title='bbox 2059 1770 2226 1824; x_wconf 89' lang='lat' dir='ltr'><strong>tiente</strong></span> <span class='ocrx_word' id='word_1_230' title='bbox 2253 1771 2368 1825; x_wconf 77' lang='lat' dir='ltr'><strong>ﬁeri</strong></span> <span class='ocrx_word' id='word_1_231' title='bbox 2398 1775 2611 1827; x_wconf 82' lang='lat' dir='ltr'><strong>vellem.</strong></span> <span class='ocrx_word' id='word_1_232' title='bbox 2638 1775 2932 1846; x_wconf 79' lang='lat' dir='ltr'><strong>Respondit</strong></span> <span class='ocrx_word' id='word_1_233' title='bbox 2958 1781 3030 1833; x_wconf 92' lang='lat' dir='ltr'><strong>illi</strong></span> <span class='ocrx_word' id='word_1_234' title='bbox 3060 1781 3259 1838; x_wconf 88' lang='lat' dir='ltr'><strong>Darius</strong></span> <span class='ocrx_word' id='word_1_235' title='bbox 3285 1803 3298 1838; x_wconf 88' lang='lat'><strong>:</strong></span> <span class='ocrx_word' id='word_1_236' title='bbox 3332 1786 3481 1840; x_wconf 90' lang='lat' dir='ltr'><strong>Illam</strong></span> <span class='ocrx_word' id='word_1_237' title='bbox 3517 1791 3611 1842; x_wconf 88' lang='lat' dir='ltr'><strong>tibi</strong></span> 
     </span>
    </p>
   </div>
   <div class='ocr_carea' id='block_1_33' title="bbox 383 1843 3607 1945">
    <p class='ocr_par' dir='ltr' id='par_1_33' title="bbox 383 1843 3607 1945">
     <span class='ocr_line' id='line_1_33' title="bbox 383 1843 3607 1945; baseline 0.01 -49"><span class='ocrx_word' id='word_1_238' title='bbox 383 1843 629 1911; x_wconf 86' lang='lat' dir='ltr'><strong>ipsorum</strong></span> <span class='ocrx_word' id='word_1_239' title='bbox 672 1860 989 1914; x_wconf 87' lang='lat' dir='ltr'><strong>responsum</strong></span> <span class='ocrx_word' id='word_1_240' title='bbox 1039 1863 1161 1902; x_wconf 89' lang='lat' dir='ltr'><strong>cum</strong></span> <span class='ocrx_word' id='word_1_241' title='bbox 1195 1852 1820 1922; x_wconf 86' lang='lat' dir='ltr'><strong>probassetAlexander,</strong></span> <span class='ocrx_word' id='word_1_242' title='bbox 1847 1874 1942 1927; x_wconf 86' lang='lat' dir='ltr'><strong>pa-</strong></span> <span class='ocrx_word' id='word_1_243' title='bbox 1979 1846 2018 1898; x_wconf 73' lang='grc' dir='ltr'><strong>Β</strong></span> <span class='ocrx_word' id='word_1_244' title='bbox 2052 1861 2102 1913; x_wconf 92' lang='lat' dir='ltr'><strong>itt</strong></span> <span class='ocrx_word' id='word_1_245' title='bbox 2153 1877 2375 1915; x_wconf 81' lang='lat' dir='ltr'><strong>uxorem</strong></span> <span class='ocrx_word' id='word_1_246' title='bbox 2432 1867 2588 1918; x_wconf 87' lang='lat' dir='ltr'><strong>trado</strong></span> <span class='ocrx_word' id='word_1_247' title='bbox 2630 1843 3100 1936; x_wconf 45' lang='lat' dir='ltr'><strong>bac—conditione,</strong></span> <span class='ocrx_word' id='word_1_248' title='bbox 3155 1885 3212 1928; x_wconf 93' lang='lat' dir='ltr'><strong>ut</strong></span> <span class='ocrx_word' id='word_1_249' title='bbox 3266 1885 3389 1945; x_wconf 77' lang='lat' dir='ltr'><strong>post</strong></span> <span class='ocrx_word' id='word_1_250' title='bbox 3429 1887 3481 1931; x_wconf 92' lang='lat' dir='ltr'><strong>tc</strong></span> <span class='ocrx_word' id='word_1_251' title='bbox 3521 1897 3607 1934; x_wconf 79' lang='lat' dir='ltr'><strong>re-</strong></span> 
     </span>
    </p>
   </div>
   <div class='ocr_carea' id='block_1_34' title="bbox 380 1934 1944 2004">
    <p class='ocr_par' dir='ltr' id='par_1_34' title="bbox 380 1934 1944 2004">
     <span class='ocr_line' id='line_1_34' title="bbox 380 1934 1944 2004; baseline 0.011 -17"><span class='ocrx_word' id='word_1_252' title='bbox 380 1934 521 1987; x_wconf 84' lang='lat' dir='ltr'><strong>ratis</strong></span> <span class='ocrx_word' id='word_1_253' title='bbox 553 1935 733 1987; x_wconf 87' lang='lat' dir='ltr'><strong>statim</strong></span> <span class='ocrx_word' id='word_1_254' title='bbox 769 1935 943 2004; x_wconf 90' lang='lat' dir='ltr'><strong>copiis</strong></span> <span class='ocrx_word' id='word_1_255' title='bbox 1003 1941 1068 1991; x_wconf 89' lang='lat' dir='ltr'><strong>ad</strong></span> <span class='ocrx_word' id='word_1_256' title='bbox 1138 1939 1336 1994; x_wconf 87' lang='lat' dir='ltr'><strong>bellum</strong></span> <span class='ocrx_word' id='word_1_257' title='bbox 1399 1943 1556 1998; x_wconf 90' lang='lat' dir='ltr'><strong>Dario</strong></span> <span class='ocrx_word' id='word_1_258' title='bbox 1607 1945 1944 2004; x_wconf 87' lang='lat' dir='ltr'><strong>inferendum</strong></span> 
     </span>
    </p>
   </div>
   <div class='ocr_carea' id='block_1_35' title="bbox 379 2021 780 2090">
    <p class='ocr_par' dir='ltr' id='par_1_35' title="bbox 379 2021 780 2090">
     <span class='ocr_line' id='line_1_35' title="bbox 379 2021 780 2090; baseline 0.012 -16"><span class='ocrx_word' id='word_1_259' title='bbox 379 2021 656 2090; x_wconf 80' lang='lat' dir='ltr'><strong>profectus</strong></span> <span class='ocrx_word' id='word_1_260' title='bbox 680 2035 780 2079; x_wconf 88' lang='lat' dir='ltr'><strong>est.</strong></span> 
     </span>
    </p>
   </div>
   <div class='ocr_carea' id='block_1_36' title="bbox 448 2113 1942 2196">
    <p class='ocr_par' dir='ltr' id='par_1_36' title="bbox 448 2113 1942 2196">
     <span class='ocr_line' id='line_1_36' title="bbox 448 2113 1942 2196; baseline 0.016 -32"><span class='ocrx_word' id='word_1_261' title='bbox 448 2113 692 2178; x_wconf 86' lang='lat' dir='ltr'><strong>Quicum</strong></span> <span class='ocrx_word' id='word_1_262' title='bbox 725 2118 775 2168; x_wconf 93' lang='lat' dir='ltr'><strong>in</strong></span> <span class='ocrx_word' id='word_1_263' title='bbox 802 2115 1190 2186; x_wconf 84' lang='lat' dir='ltr'><strong>Mesopotamia</strong></span> <span class='ocrx_word' id='word_1_264' title='bbox 1215 2128 1636 2196; x_wconf 86' lang='lat' dir='ltr'><strong>concurrissent,</strong></span> <span class='ocrx_word' id='word_1_265' title='bbox 1670 2130 1770 2186; x_wconf 82' lang='lat' dir='ltr'><strong>fuit</strong></span> <span class='ocrx_word' id='word_1_266' title='bbox 1801 2133 1942 2188; x_wconf 84' lang='lat' dir='ltr'><strong>inter</strong></span> 
     </span>
    </p>
   </div>
   <div class='ocr_carea' id='block_1_37' title="bbox 377 2203 1939 2286">
    <p class='ocr_par' dir='ltr' id='par_1_37' title="bbox 377 2203 1939 2286">
     <span class='ocr_line' id='line_1_37' title="bbox 377 2203 1939 2286; baseline 0.017 -30"><span class='ocrx_word' id='word_1_267' title='bbox 377 2203 529 2272; x_wconf 86' lang='lat' dir='ltr'><strong>ipsos</strong></span> <span class='ocrx_word' id='word_1_268' title='bbox 581 2207 942 2278; x_wconf 83' lang='lat' dir='ltr'><strong>quadraginta</strong></span> <span class='ocrx_word' id='word_1_269' title='bbox 994 2215 1203 2268; x_wconf 90' lang='lat' dir='ltr'><strong>dierum</strong></span> <span class='ocrx_word' id='word_1_270' title='bbox 1251 2221 1428 2286; x_wconf 89' lang='lat' dir='ltr'><strong>spatio</strong></span> <span class='ocrx_word' id='word_1_271' title='bbox 1473 2223 1697 2279; x_wconf 89' lang='lat' dir='ltr'><strong>bellum.</strong></span> <span class='ocrx_word' id='word_1_272' title='bbox 1747 2227 1939 2284; x_wconf 87' lang='lat' dir='ltr'><strong>Darius</strong></span> 
     </span>
    </p>
   </div>
   <div class='ocr_carea' id='block_1_38' title="bbox 377 2301 1936 2383">
    <p class='ocr_par' dir='ltr' id='par_1_38' title="bbox 377 2301 1936 2383">
     <span class='ocr_line' id='line_1_38' title="bbox 377 2301 1936 2383; baseline 0.015 -33"><span class='ocrx_word' id='word_1_273' title='bbox 377 2310 514 2350; x_wconf 83' lang='lat' dir='ltr'><strong>vero</strong></span> <span class='ocrx_word' id='word_1_274' title='bbox 547 2301 793 2370; x_wconf 87' lang='lat' dir='ltr'><strong>quinque</strong></span> <span class='ocrx_word' id='word_1_275' title='bbox 829 2305 1095 2360; x_wconf 84' lang='lat' dir='ltr'><strong>confectis</strong></span> <span class='ocrx_word' id='word_1_276' title='bbox 1130 2306 1296 2364; x_wconf 86' lang='lat' dir='ltr'><strong>fossis</strong></span> <span class='ocrx_word' id='word_1_277' title='bbox 1345 2313 1399 2365; x_wconf 91' lang='lat' dir='ltr'><strong>in</strong></span> <span class='ocrx_word' id='word_1_278' title='bbox 1457 2314 1686 2383; x_wconf 78' lang='lat' dir='ltr'><strong>singulis</strong></span> <span class='ocrx_word' id='word_1_279' title='bbox 1746 2319 1936 2374; x_wconf 90' lang='lat' dir='ltr'><strong>ducent</strong></span> 
     </span>
    </p>
   </div>
   <div class='ocr_carea' id='block_1_39' title="bbox 375 2391 1936 2473">
    <p class='ocr_par' dir='ltr' id='par_1_39' title="bbox 375 2391 1936 2473">
     <span class='ocr_line' id='line_1_39' title="bbox 375 2391 1936 2473; baseline 0.013 -33"><span class='ocrx_word' id='word_1_280' title='bbox 375 2402 505 2441; x_wconf 90' lang='lat' dir='ltr'><strong>cum</strong></span> <span class='ocrx_word' id='word_1_281' title='bbox 574 2391 860 2446; x_wconf 87' lang='lat' dir='ltr'><strong>duodecim</strong></span> <span class='ocrx_word' id='word_1_282' title='bbox 933 2397 1175 2451; x_wconf 88' lang='lat' dir='ltr'><strong>virorum</strong></span> <span class='ocrx_word' id='word_1_283' title='bbox 1251 2401 1492 2458; x_wconf 90' lang='lat' dir='ltr'><strong>millibus</strong></span> <span class='ocrx_word' id='word_1_284' title='bbox 1550 2407 1936 2473; x_wconf 84' lang='lat' dir='ltr'><strong>collocaverat,</strong></span> 
     </span>
    </p>
   </div>
   <div class='ocr_carea' id='block_1_40' title="bbox 373 2486 1938 2571">
    <p class='ocr_par' dir='ltr' id='par_1_40' title="bbox 373 2486 1938 2571">
     <span class='ocr_line' id='line_1_40' title="bbox 373 2486 1938 2571; baseline 0.015 -39"><span class='ocrx_word' id='word_1_285' title='bbox 373 2495 610 2547; x_wconf 85' lang='lat' dir='ltr'><strong>quorum</strong></span> <span class='ocrx_word' id='word_1_286' title='bbox 659 2486 791 2538; x_wconf 88' lang='lat' dir='ltr'><strong>nulli</strong></span> <span class='ocrx_word' id='word_1_287' title='bbox 845 2487 949 2542; x_wconf 85' lang='lat' dir='ltr'><strong>nisi</strong></span> <span class='ocrx_word' id='word_1_288' title='bbox 1004 2492 1199 2558; x_wconf 83' lang='lat' dir='ltr'><strong>quinto</strong></span> <span class='ocrx_word' id='word_1_289' title='bbox 1239 2495 1478 2562; x_wconf 85' lang='lat' dir='ltr'><strong>quolibet</strong></span> <span class='ocrx_word' id='word_1_290' title='bbox 1525 2498 1614 2551; x_wconf 89' lang='lat' dir='ltr'><strong>die</strong></span> <span class='ocrx_word' id='word_1_291' title='bbox 1662 2504 1938 2571; x_wconf 81' lang='lat' dir='ltr'><strong>pugnandi</strong></span> 
     </span>
    </p>
   </div>
   <div class='ocr_carea' id='block_1_41' title="bbox 373 2571 1936 2662">
    <p class='ocr_par' dir='ltr' id='par_1_41' title="bbox 373 2571 1936 2662">
     <span class='ocr_line' id='line_1_41' title="bbox 373 2571 1936 2662; baseline 0.017 -40"><span class='ocrx_word' id='word_1_292' title='bbox 373 2571 523 2627; x_wconf 87' lang='lat' dir='ltr'><strong>vices</strong></span> <span class='ocrx_word' id='word_1_293' title='bbox 573 2574 908 2644; x_wconf 80' lang='lat' dir='ltr'><strong>obtigerunt.</strong></span> <span class='ocrx_word' id='word_1_294' title='bbox 965 2579 1091 2636; x_wconf 91' lang='lat' dir='ltr'><strong>Suis</strong></span> <span class='ocrx_word' id='word_1_295' title='bbox 1141 2585 1309 2638; x_wconf 86' lang='lat' dir='ltr'><strong>etiam</strong></span> <span class='ocrx_word' id='word_1_296' title='bbox 1343 2585 1655 2656; x_wconf 77' lang='lat' dir='ltr'><strong>injunxerat</strong></span> <span class='ocrx_word' id='word_1_297' title='bbox 1705 2594 1936 2662; x_wconf 85' lang='lat' dir='ltr'><strong>singulis</strong></span> 
     </span>
    </p>
   </div>
   <div class='ocr_carea' id='block_1_42' title="bbox 370 2659 1931 2755">
    <p class='ocr_par' dir='ltr' id='par_1_42' title="bbox 370 2659 1931 2755">
     <span class='ocr_line' id='line_1_42' title="bbox 370 2659 1931 2755; baseline 0.016 -41"><span class='ocrx_word' id='word_1_298' title='bbox 370 2659 567 2718; x_wconf 87' lang='lat' dir='ltr'><strong>diebus</strong></span> <span class='ocrx_word' id='word_1_299' title='bbox 611 2665 842 2721; x_wconf 89' lang='lat' dir='ltr'><strong>duorum</strong></span> <span class='ocrx_word' id='word_1_300' title='bbox 895 2667 1050 2743; x_wconf 89' lang='lat' dir='ltr'><strong>[sibi]</strong></span> <span class='ocrx_word' id='word_1_301' title='bbox 1097 2671 1409 2731; x_wconf 69' lang='lat' dir='ltr'><strong>Graecorum</strong></span> <span class='ocrx_word' id='word_1_302' title='bbox 1446 2681 1624 2747; x_wconf 87' lang='lat' dir='ltr'><strong>capita</strong></span> <span class='ocrx_word' id='word_1_303' title='bbox 1665 2659 1931 2755; x_wconf 78' lang='lat' dir='ltr'><strong>[afferre].</strong></span> 
     </span>
    </p>
   </div>
   <div class='ocr_carea' id='block_1_43' title="bbox 370 2753 1933 2832">
    <p class='ocr_par' dir='ltr' id='par_1_43' title="bbox 370 2753 1933 2832">
     <span class='ocr_line' id='line_1_43' title="bbox 370 2753 1933 2832; baseline 0.016 -30"><span class='ocrx_word' id='word_1_304' title='bbox 370 2753 549 2806; x_wconf 79' lang='lat' dir='ltr'><strong>Allata</strong></span> <span class='ocrx_word' id='word_1_305' title='bbox 603 2766 732 2810; x_wconf 82' lang='lat' dir='ltr'><strong>sunt</strong></span> <span class='ocrx_word' id='word_1_306' title='bbox 782 2774 913 2828; x_wconf 88' lang='lat' dir='ltr'><strong>ergo</strong></span> <span class='ocrx_word' id='word_1_307' title='bbox 967 2761 1044 2815; x_wconf 87' lang='lat' dir='ltr'><strong>illi</strong></span> <span class='ocrx_word' id='word_1_308' title='bbox 1083 2764 1328 2832; x_wconf 89' lang='lat' dir='ltr'><strong>quotidie</strong></span> <span class='ocrx_word' id='word_1_309' title='bbox 1371 2767 1604 2822; x_wconf 84' lang='lat' dir='ltr'><strong>duorum</strong></span> <span class='ocrx_word' id='word_1_310' title='bbox 1641 2774 1720 2826; x_wconf 77' lang='lat' dir='ltr'><strong>vel</strong></span> <span class='ocrx_word' id='word_1_311' title='bbox 1773 2753 1933 2828; x_wconf 77' lang='lat' dir='ltr'><strong>unius</strong></span> 
     </span>
    </p>
   </div>
   <div class='ocr_carea' id='block_1_44' title="bbox 370 2844 1929 2932">
    <p class='ocr_par' dir='ltr' id='par_1_44' title="bbox 370 2844 1929 2932">
     <span class='ocr_line' id='line_1_44' title="bbox 370 2844 1929 2932; baseline 0.015 -36"><span class='ocrx_word' id='word_1_312' title='bbox 370 2847 568 2898; x_wconf 83' lang='lat' dir='ltr'><strong>saltent</strong></span> <span class='ocrx_word' id='word_1_313' title='bbox 618 2844 928 2904; x_wconf 63' lang='lat' dir='ltr'><strong>Graecorum</strong></span> <span class='ocrx_word' id='word_1_314' title='bbox 983 2856 1185 2922; x_wconf 86' lang='lat' dir='ltr'><strong>capita.</strong></span> <span class='ocrx_word' id='word_1_315' title='bbox 1217 2852 1300 2910; x_wconf 89' lang='lat' dir='ltr'><strong>0b</strong></span> <span class='ocrx_word' id='word_1_316' title='bbox 1342 2859 1490 2928; x_wconf 90' lang='lat' dir='ltr'><strong>quod</strong></span> <span class='ocrx_word' id='word_1_317' title='bbox 1522 2876 1718 2932; x_wconf 87' lang='lat' dir='ltr'><strong>magna</strong></span> <span class='ocrx_word' id='word_1_318' title='bbox 1762 2865 1929 2919; x_wconf 90' lang='lat' dir='ltr'><strong>animi</strong></span> 
     </span>
    </p>
   </div>
   <div class='ocr_carea' id='block_1_45' title="bbox 365 2936 1929 3026">
    <p class='ocr_par' dir='ltr' id='par_1_45' title="bbox 365 2936 1929 3026">
     <span class='ocr_line' id='line_1_45' title="bbox 365 2936 1929 3026; baseline 0.017 -40"><span class='ocrx_word' id='word_1_319' title='bbox 365 2936 593 2990; x_wconf 86' lang='lat' dir='ltr'><strong>tristitia</strong></span> <span class='ocrx_word' id='word_1_320' title='bbox 614 2938 971 3012; x_wconf 76' lang='lat'><strong>273-275</strong></span> <span class='ocrx_word' id='word_1_321' title='bbox 989 2944 1233 3012; x_wconf 63' lang='lat' dir='ltr'><strong>affectus,</strong></span> <span class='ocrx_word' id='word_1_322' title='bbox 1263 2949 1450 3018; x_wconf 88' lang='lat' dir='ltr'><strong>iraque</strong></span> <span class='ocrx_word' id='word_1_323' title='bbox 1475 2967 1672 3021; x_wconf 87' lang='lat' dir='ltr'><strong>quanta</strong></span> <span class='ocrx_word' id='word_1_324' title='bbox 1694 2956 1805 3011; x_wconf 88' lang='lat' dir='ltr'><strong>ﬁeri</strong></span> <span class='ocrx_word' id='word_1_325' title='bbox 1830 2963 1929 3026; x_wconf 67' lang='lat' dir='ltr'><strong>po&#39;o</strong></span> 
     </span>
    </p>
   </div>
   <div class='ocr_carea' id='block_1_46' title="bbox 365 3027 1925 3135">
    <p class='ocr_par' dir='ltr' id='par_1_46' title="bbox 365 3027 1925 3135">
     <span class='ocr_line' id='line_1_46' title="bbox 365 3027 1925 3135; baseline 0.016 -58"><span class='ocrx_word' id='word_1_326' title='bbox 365 3027 471 3080; x_wconf 93' lang='lat' dir='ltr'><strong>tuit</strong></span> <span class='ocrx_word' id='word_1_327' title='bbox 501 3038 809 3111; x_wconf 82' lang='lat' dir='ltr'><strong>exaestuans</strong></span> <span class='ocrx_word' id='word_1_328' title='bbox 853 3036 1156 3091; x_wconf 78' lang='lat' dir='ltr'><strong>Alexander</strong></span> <span class='ocrx_word' id='word_1_329' title='bbox 1191 3039 1337 3095; x_wconf 90' lang='lat' dir='ltr'><strong>misit</strong></span> <span class='ocrx_word' id='word_1_330' title='bbox 1362 3042 1431 3096; x_wconf 89' lang='lat' dir='ltr'><strong>ad</strong></span> <span class='ocrx_word' id='word_1_331' title='bbox 1457 3043 1676 3099; x_wconf 88' lang='lat' dir='ltr'><strong>Darium</strong></span> <span class='ocrx_word' id='word_1_332' title='bbox 1701 3048 1925 3135; x_wconf 42' lang='lat' dir='ltr'><strong>qui’ipsi</strong></span> 
     </span>
    </p>
   </div>
   <div class='ocr_carea' id='block_1_47' title="bbox 2047 1955 3608 2036">
    <p class='ocr_par' dir='ltr' id='par_1_47' title="bbox 2047 1955 3608 2036">
     <span class='ocr_line' id='line_1_47' title="bbox 2047 1955 3608 2036; baseline 0.015 -35"><span class='ocrx_word' id='word_1_333' title='bbox 2047 1966 2211 2018; x_wconf 89' lang='lat' dir='ltr'><strong>gnum</strong></span> <span class='ocrx_word' id='word_1_334' title='bbox 2234 1955 2507 2022; x_wconf 84' lang='lat' dir='ltr'><strong>progeniei</strong></span> <span class='ocrx_word' id='word_1_335' title='bbox 2535 1964 2640 2010; x_wconf 72' lang='lat' dir='ltr'><strong>tua:</strong></span> <span class='ocrx_word' id='word_1_336' title='bbox 2657 1959 2721 2012; x_wconf 83' lang='lat' dir='ltr'><strong>ab</strong></span> <span class='ocrx_word' id='word_1_337' title='bbox 2742 1960 2856 2028; x_wconf 87' lang='lat' dir='ltr'><strong>ipsa</strong></span> <span class='ocrx_word' id='word_1_338' title='bbox 2876 1956 3120 2018; x_wconf 71' lang='lat' dir='ltr'><strong>Oriuttdzc</strong></span> <span class='ocrx_word' id='word_1_339' title='bbox 3139 1968 3436 2036; x_wconf 80' lang='lat' dir='ltr'><strong>relinquas.</strong></span> <span class='ocrx_word' id='word_1_340' title='bbox 3453 1970 3608 2034; x_wconf 83' lang='lat' dir='ltr'><strong>Quod</strong></span> 
     </span>
    </p>
   </div>
   <div class='ocr_carea' id='block_1_48' title="bbox 2045 2049 3607 2117">
    <p class='ocr_par' dir='ltr' id='par_1_48' title="bbox 2045 2049 3607 2117">
     <span class='ocr_line' id='line_1_48' title="bbox 2045 2049 3607 2117; baseline 0.014 -23"><span class='ocrx_word' id='word_1_341' title='bbox 2045 2053 2167 2094; x_wconf 91' lang='lat' dir='ltr'><strong>cum</strong></span> <span class='ocrx_word' id='word_1_342' title='bbox 2209 2056 2493 2099; x_wconf 84' lang='lat' dir='ltr'><strong>annutsset</strong></span> <span class='ocrx_word' id='word_1_343' title='bbox 2525 2049 2624 2114; x_wconf 87' lang='lat' dir='ltr'><strong>ipsi</strong></span> <span class='ocrx_word' id='word_1_344' title='bbox 2655 2050 2958 2106; x_wconf 76' lang='lat' dir='ltr'><strong>Alexander</strong></span> <span class='ocrx_word' id='word_1_345' title='bbox 2999 2053 3146 2108; x_wconf 90' lang='lat' dir='ltr'><strong>illam</strong></span> <span class='ocrx_word' id='word_1_346' title='bbox 3177 2071 3399 2112; x_wconf 81' lang='lat' dir='ltr'><strong>uxorem</strong></span> <span class='ocrx_word' id='word_1_347' title='bbox 3435 2061 3607 2117; x_wconf 79' lang='lat' dir='ltr'><strong>duxit.</strong></span> 
     </span>
    </p>
   </div>
   <div class='ocr_carea' id='block_1_49' title="bbox 2114 2125 3608 2218">
    <p class='ocr_par' dir='ltr' id='par_1_49' title="bbox 2114 2125 3608 2218">
     <span class='ocr_line' id='line_1_49' title="bbox 2114 2125 3608 2218; baseline 0.017 -40"><span class='ocrx_word' id='word_1_348' title='bbox 2114 2125 2384 2184; x_wconf 83' lang='lat' dir='ltr'><strong>Mortuum</strong></span> <span class='ocrx_word' id='word_1_349' title='bbox 2429 2144 2610 2188; x_wconf 89' lang='lat' dir='ltr'><strong>autem</strong></span> <span class='ocrx_word' id='word_1_350' title='bbox 2652 2139 3073 2204; x_wconf 85' lang='lat' dir='ltr'><strong>pretiosissimis</strong></span> <span class='ocrx_word' id='word_1_351' title='bbox 3103 2160 3222 2211; x_wconf 68' lang='lat' dir='ltr'><strong>qua:</strong></span> <span class='ocrx_word' id='word_1_352' title='bbox 3246 2149 3385 2215; x_wconf 89' lang='lat' dir='ltr'><strong>apud</strong></span> <span class='ocrx_word' id='word_1_353' title='bbox 3429 2165 3608 2218; x_wconf 55' lang='lat' dir='ltr'><strong>regem</strong></span> 
     </span>
    </p>
   </div>
   <div class='ocr_carea' id='block_1_50' title="bbox 2043 2221 3606 2294">
    <p class='ocr_par' dir='ltr' id='par_1_50' title="bbox 2043 2221 3606 2294">
     <span class='ocr_line' id='line_1_50' title="bbox 2043 2221 3606 2294; baseline 0.015 -25"><span class='ocrx_word' id='word_1_354' title='bbox 2043 2229 2196 2273; x_wconf 85' lang='lat' dir='ltr'><strong>erant</strong></span> <span class='ocrx_word' id='word_1_355' title='bbox 2252 2221 2434 2278; x_wconf 89' lang='lat' dir='ltr'><strong>linteis</strong></span> <span class='ocrx_word' id='word_1_356' title='bbox 2469 2223 2668 2280; x_wconf 85' lang='lat' dir='ltr'><strong>involvi</strong></span> <span class='ocrx_word' id='word_1_357' title='bbox 2730 2231 2979 2292; x_wconf 82' lang='lat' dir='ltr'><strong>curavit;</strong></span> <span class='ocrx_word' id='word_1_358' title='bbox 3037 2232 3236 2289; x_wconf 85' lang='lat' dir='ltr'><strong>deinde</strong></span> <span class='ocrx_word' id='word_1_359' title='bbox 3295 2237 3606 2294; x_wconf 56' lang='lat' dir='ltr'><strong>Graecorum</strong></span> 
     </span>
    </p>
   </div>
   <div class='ocr_carea' id='block_1_51' title="bbox 2041 2307 3606 2383">
    <p class='ocr_par' dir='ltr' id='par_1_51' title="bbox 2041 2307 3606 2383">
     <span class='ocr_line' id='line_1_51' title="bbox 2041 2307 3606 2383; baseline 0.015 -23"><span class='ocrx_word' id='word_1_360' title='bbox 2041 2307 2443 2380; x_wconf 79' lang='lat' dir='ltr'><strong>Persarumque</strong></span> <span class='ocrx_word' id='word_1_361' title='bbox 2490 2317 2784 2380; x_wconf 86' lang='lat' dir='ltr'><strong>exercitus,</strong></span> <span class='ocrx_word' id='word_1_362' title='bbox 2837 2319 3097 2375; x_wconf 83' lang='lat' dir='ltr'><strong>feretrum</strong></span> <span class='ocrx_word' id='word_1_363' title='bbox 3151 2335 3396 2382; x_wconf 79' lang='lat' dir='ltr'><strong>armatos</strong></span> <span class='ocrx_word' id='word_1_364' title='bbox 3432 2333 3606 2383; x_wconf 81' lang='lat' dir='ltr'><strong>conti-</strong></span> 
     </span>
    </p>
   </div>
   <div class='ocr_carea' id='block_1_52' title="bbox 2041 2399 3600 2474">
    <p class='ocr_par' dir='ltr' id='par_1_52' title="bbox 2041 2399 3600 2474">
     <span class='ocr_line' id='line_1_52' title="bbox 2041 2399 3600 2474; baseline 0.014 -22"><span class='ocrx_word' id='word_1_365' title='bbox 2041 2399 2142 2452; x_wconf 90' lang='lat' dir='ltr'><strong>tari</strong></span> <span class='ocrx_word' id='word_1_366' title='bbox 2191 2401 2418 2469; x_wconf 77' lang='lat' dir='ltr'><strong>iubens,</strong></span> <span class='ocrx_word' id='word_1_367' title='bbox 2474 2405 2592 2473; x_wconf 89' lang='lat' dir='ltr'><strong>ipse</strong></span> <span class='ocrx_word' id='word_1_368' title='bbox 2659 2407 2821 2461; x_wconf 88' lang='lat' dir='ltr'><strong>etiam</strong></span> <span class='ocrx_word' id='word_1_369' title='bbox 2901 2425 3024 2464; x_wconf 89' lang='lat' dir='ltr'><strong>cum</strong></span> <span class='ocrx_word' id='word_1_370' title='bbox 3075 2417 3333 2470; x_wconf 87' lang='lat' dir='ltr'><strong>comitum</strong></span> <span class='ocrx_word' id='word_1_371' title='bbox 3379 2435 3600 2474; x_wconf 84' lang='lat' dir='ltr'><strong>suorum</strong></span> 
     </span>
    </p>
   </div>
   <div class='ocr_carea' id='block_1_53' title="bbox 2039 2491 3598 2580">
    <p class='ocr_par' dir='ltr' id='par_1_53' title="bbox 2039 2491 3598 2580">
     <span class='ocr_line' id='line_1_53' title="bbox 2039 2491 3598 2580; baseline 0.018 -45"><span class='ocrx_word' id='word_1_372' title='bbox 2039 2491 2404 2561; x_wconf 75' lang='lat'><strong>277-279</strong></span> <span class='ocrx_word' id='word_1_373' title='bbox 2420 2495 2704 2564; x_wconf 62' lang='lat' dir='ltr'><strong>praecipuis</strong></span> <span class='ocrx_word' id='word_1_374' title='bbox 2724 2498 2862 2552; x_wconf 88' lang='lat' dir='ltr'><strong>idettt</strong></span> <span class='ocrx_word' id='word_1_375' title='bbox 2890 2512 3108 2557; x_wconf 89' lang='lat' dir='ltr'><strong>secutus</strong></span> <span class='ocrx_word' id='word_1_376' title='bbox 3136 2515 3219 2558; x_wconf 79' lang='lat' dir='ltr'><strong>est</strong></span> <span class='ocrx_word' id='word_1_377' title='bbox 3238 2508 3405 2564; x_wconf 85' lang='lat' dir='ltr'><strong>donee</strong></span> <span class='ocrx_word' id='word_1_378' title='bbox 3427 2513 3598 2580; x_wconf 65' lang='lat' dir='ltr'><strong>ipSll‘J‘</strong></span> 
     </span>
    </p>
   </div>
   <div class='ocr_carea' id='block_1_54' title="bbox 2040 2585 3601 2677">
    <p class='ocr_par' dir='ltr' id='par_1_54' title="bbox 2040 2585 3601 2677">
     <span class='ocr_line' id='line_1_54' title="bbox 2040 2585 3601 2677; baseline 0.012 -41"><span class='ocrx_word' id='word_1_379' title='bbox 2040 2591 2196 2636; x_wconf 72' lang='lat' dir='ltr'><strong>terra:</strong></span> <span class='ocrx_word' id='word_1_380' title='bbox 2241 2585 2582 2640; x_wconf 86' lang='lat' dir='ltr'><strong>mandasset.</strong></span> <span class='ocrx_word' id='word_1_381' title='bbox 2632 2587 2778 2641; x_wconf 84' lang='lat' dir='ltr'><strong>Dixit</strong></span> <span class='ocrx_word' id='word_1_382' title='bbox 2823 2605 2951 2659; x_wconf 83' lang='lat' dir='ltr'><strong>ergo</strong></span> <span class='ocrx_word' id='word_1_383' title='bbox 2981 2594 3307 2650; x_wconf 78' lang='lat' dir='ltr'><strong>.Alexander</strong></span> <span class='ocrx_word' id='word_1_384' title='bbox 3336 2617 3348 2650; x_wconf 90' lang='lat'><em>:</em></span> <span class='ocrx_word' id='word_1_385' title='bbox 3382 2600 3601 2677; x_wconf 78' lang='lat' dir='ltr'><strong>Etiamsj</strong></span> 
     </span>
    </p>
   </div>
   <div class='ocr_carea' id='block_1_55' title="bbox 2038 2674 3604 2757">
    <p class='ocr_par' dir='ltr' id='par_1_55' title="bbox 2038 2674 3604 2757">
     <span class='ocr_line' id='line_1_55' title="bbox 2038 2674 3604 2757; baseline 0.012 -32"><span class='ocrx_word' id='word_1_386' title='bbox 2038 2674 2388 2743; x_wconf 64' lang='lat' dir='ltr'><strong>prazstiterim</strong></span> <span class='ocrx_word' id='word_1_387' title='bbox 2423 2674 2584 2729; x_wconf 90' lang='lat' dir='ltr'><strong>Dario</strong></span> <span class='ocrx_word' id='word_1_388' title='bbox 2627 2678 2772 2745; x_wconf 90' lang='lat' dir='ltr'><strong>quod</strong></span> <span class='ocrx_word' id='word_1_389' title='bbox 2826 2681 3057 2746; x_wconf 87' lang='lat' dir='ltr'><strong>vidistis,</strong></span> <span class='ocrx_word' id='word_1_390' title='bbox 3097 2684 3486 2757; x_wconf 81' lang='lat' dir='ltr'><strong>usquequaque</strong></span> <span class='ocrx_word' id='word_1_391' title='bbox 3520 2674 3604 2744; x_wconf 52' lang='lat' dir='ltr'><strong>ta;</strong></span> 
     </span>
    </p>
   </div>
   <div class='ocr_carea' id='block_1_56' title="bbox 2035 2765 3604 2842">
    <p class='ocr_par' dir='ltr' id='par_1_56' title="bbox 2035 2765 3604 2842">
     <span class='ocr_line' id='line_1_56' title="bbox 2035 2765 3604 2842; baseline 0.014 -28"><span class='ocrx_word' id='word_1_392' title='bbox 2035 2777 2157 2815; x_wconf 90' lang='lat' dir='ltr'><strong>men</strong></span> <span class='ocrx_word' id='word_1_393' title='bbox 2195 2765 2371 2818; x_wconf 88' lang='lat' dir='ltr'><strong>Itostis</strong></span> <span class='ocrx_word' id='word_1_394' title='bbox 2420 2765 2548 2818; x_wconf 85' lang='lat' dir='ltr'><strong>tttilti</strong></span> <span class='ocrx_word' id='word_1_395' title='bbox 2599 2765 2719 2829; x_wconf 92' lang='lat' dir='ltr'><strong>fuit,</strong></span> <span class='ocrx_word' id='word_1_396' title='bbox 2769 2784 2832 2822; x_wconf 89' lang='lat' dir='ltr'><strong>ac</strong></span> <span class='ocrx_word' id='word_1_397' title='bbox 2869 2780 3014 2825; x_wconf 86' lang='lat' dir='ltr'><strong>certe</strong></span> <span class='ocrx_word' id='word_1_398' title='bbox 3051 2789 3296 2842; x_wconf 81' lang='lat' dir='ltr'><strong>magnam</strong></span> <span class='ocrx_word' id='word_1_399' title='bbox 3336 2795 3445 2834; x_wconf 82' lang='lat' dir='ltr'><strong>t&#39;etn</strong></span> <span class='ocrx_word' id='word_1_400' title='bbox 3489 2793 3604 2836; x_wconf 88' lang='lat' dir='ltr'><strong>ten-</strong></span> 
     </span>
    </p>
   </div>
   <div class='ocr_carea' id='block_1_57' title="bbox 2035 2855 3596 2946">
    <p class='ocr_par' dir='ltr' id='par_1_57' title="bbox 2035 2855 3596 2946">
     <span class='ocr_line' id='line_1_57' title="bbox 2035 2855 3596 2946; baseline 0.013 -40"><span class='ocrx_word' id='word_1_401' title='bbox 2035 2855 2166 2907; x_wconf 90' lang='lat' dir='ltr'><strong>tavit</strong></span> <span class='ocrx_word' id='word_1_402' title='bbox 2197 2855 2287 2924; x_wconf 87' lang='lat' dir='ltr'><strong>qui</strong></span> <span class='ocrx_word' id='word_1_403' title='bbox 2323 2859 2426 2910; x_wconf 83' lang='lat' dir='ltr'><strong>tne&#39;</strong></span> <span class='ocrx_word' id='word_1_404' title='bbox 2455 2856 2558 2910; x_wconf 87' lang='lat' dir='ltr'><strong>hoc</strong></span> <span class='ocrx_word' id='word_1_405' title='bbox 2586 2860 2804 2924; x_wconf 76' lang='lat' dir='ltr'><strong>negotio</strong></span> <span class='ocrx_word' id='word_1_406' title='bbox 2834 2863 3131 2928; x_wconf 79' lang='lat' dir='ltr'><strong>expedivit,</strong></span> <span class='ocrx_word' id='word_1_407' title='bbox 3164 2868 3250 2919; x_wconf 90' lang='lat' dir='ltr'><strong>eui</strong></span> <span class='ocrx_word' id='word_1_408' title='bbox 3290 2874 3596 2946; x_wconf 82' lang='lat' dir='ltr'><strong>mercedem</strong></span> 
     </span>
    </p>
   </div>
   <div class='ocr_carea' id='block_1_58' title="bbox 2034 2943 3594 3029">
    <p class='ocr_par' dir='ltr' id='par_1_58' title="bbox 2034 2943 3594 3029">
     <span class='ocr_line' id='line_1_58' title="bbox 2034 2943 3594 3029; baseline 0.013 -32"><span class='ocrx_word' id='word_1_409' title='bbox 2034 2946 2329 3013; x_wconf 86' lang='lat' dir='ltr'><strong>rependere</strong></span> <span class='ocrx_word' id='word_1_410' title='bbox 2385 2943 2610 3002; x_wconf 80' lang='lat' dir='ltr'><strong>necesse</strong></span> <span class='ocrx_word' id='word_1_411' title='bbox 2670 2950 2879 3016; x_wconf 86' lang='lat' dir='ltr'><strong>habeo;</strong></span> <span class='ocrx_word' id='word_1_412' title='bbox 2938 2953 3178 3008; x_wconf 87' lang='lat' dir='ltr'><strong>libellum</strong></span> <span class='ocrx_word' id='word_1_413' title='bbox 3241 2974 3370 3029; x_wconf 84' lang='lat' dir='ltr'><strong>ergo</strong></span> <span class='ocrx_word' id='word_1_414' title='bbox 3435 2943 3594 3017; x_wconf 84' lang='lat' dir='ltr'><strong>suum</strong></span> 
     </span>
    </p>
   </div>
   <div class='ocr_carea' id='block_1_59' title="bbox 2033 3037 3594 3121">
    <p class='ocr_par' dir='ltr' id='par_1_59' title="bbox 2033 3037 3594 3121">
     <span class='ocr_line' id='line_1_59' title="bbox 2033 3037 3594 3121; baseline 0.012 -33"><span class='ocrx_word' id='word_1_415' title='bbox 2033 3037 2165 3088; x_wconf 88' lang='lat' dir='ltr'><strong>mihi</strong></span> <span class='ocrx_word' id='word_1_416' title='bbox 2203 3037 2481 3109; x_wconf 82' lang='lat' dir='ltr'><strong>porrigat;</strong></span> <span class='ocrx_word' id='word_1_417' title='bbox 2528 3048 2715 3093; x_wconf 87' lang='lat' dir='ltr'><strong>sancte</strong></span> <span class='ocrx_word' id='word_1_418' title='bbox 2747 3042 2892 3094; x_wconf 88' lang='lat' dir='ltr'><strong>ettittt</strong></span> <span class='ocrx_word' id='word_1_419' title='bbox 2931 3058 3024 3110; x_wconf 88' lang='lat' dir='ltr'><strong>per</strong></span> <span class='ocrx_word' id='word_1_420' title='bbox 3059 3043 3227 3098; x_wconf 88' lang='lat' dir='ltr'><strong>Deuttt</strong></span> <span class='ocrx_word' id='word_1_421' title='bbox 3261 3050 3385 3116; x_wconf 88' lang='lat' dir='ltr'><strong>jttro</strong></span> <span class='ocrx_word' id='word_1_422' title='bbox 3417 3053 3594 3121; x_wconf 89' lang='lat' dir='ltr'><strong>ipsum</strong></span> 
     </span>
    </p>
   </div>
   <div class='ocr_carea' id='block_1_60' title="bbox 361 3117 3595 3225">
    <p class='ocr_par' dir='ltr' id='par_1_60' title="bbox 361 3117 3595 3225">
     <span class='ocr_line' id='line_1_60' title="bbox 361 3117 3595 3225; baseline 0.012 -53"><span class='ocrx_word' id='word_1_423' title='bbox 361 3117 814 3186; x_wconf 57' lang='lat' dir='ltr'><strong>dicere-“Parum</strong></span> <span class='ocrx_word' id='word_1_424' title='bbox 836 3125 987 3180; x_wconf 89' lang='lat' dir='ltr'><strong>abest</strong></span> <span class='ocrx_word' id='word_1_425' title='bbox 1005 3136 1278 3186; x_wconf 89' lang='lat' dir='ltr'><strong>nemutuo</strong></span> <span class='ocrx_word' id='word_1_426' title='bbox 1301 3147 1719 3204; x_wconf 87' lang='lat' dir='ltr'><strong>consumantur;</strong></span> <span class='ocrx_word' id='word_1_427' title='bbox 1748 3118 1922 3196; x_wconf 77' lang='lat' dir='ltr'><strong>visum</strong></span> <span class='ocrx_word' id='word_1_428' title='bbox 1951 3166 1993 3225; x_wconf 67' lang='grc' dir='ltr'>ο</span> <span class='ocrx_word' id='word_1_429' title='bbox 2031 3127 2326 3180; x_wconf 56' lang='lat' dir='ltr'><strong>culmum</strong></span> <span class='ocrx_word' id='word_1_430' title='bbox 2363 3129 2518 3225; x_wconf 55' lang='lat' dir='ltr'><strong>irif‘</strong></span> <span class='ocrx_word' id='word_1_431' title='bbox 2553 3145 2581 3182; x_wconf 75' lang='grc'><strong>³</strong></span> <span class='ocrx_word' id='word_1_432' title='bbox 2615 3146 2698 3185; x_wconf 67' lang='lat' dir='ltr'><strong>me</strong></span> <span class='ocrx_word' id='word_1_433' title='bbox 2757 3149 2922 3202; x_wconf 68' lang='grc' dir='ltr'><strong>δυβνθ</strong></span> <span class='ocrx_word' id='word_1_434' title='bbox 2983 3150 3173 3190; x_wconf 63' lang='lat' dir='ltr'><strong>omnes</strong></span> <span class='ocrx_word' id='word_1_435' title='bbox 3223 3141 3403 3196; x_wconf 63' lang='lat' dir='ltr'><strong>SOCiOS</strong></span> <span class='ocrx_word' id='word_1_436' title='bbox 3449 3159 3595 3199; x_wconf 71' lang='lat'><strong>&quot;&#39;00!</strong></span> 
     </span>
    </p>
   </div>
   <div class='ocr_carea' id='block_1_61' title="bbox 361 3214 1926 3292">
    <p class='ocr_par' dir='ltr' id='par_1_61' title="bbox 361 3214 1926 3292">
     <span class='ocr_line' id='line_1_61' title="bbox 361 3214 1926 3292; baseline 0.014 -28"><span class='ocrx_word' id='word_1_437' title='bbox 361 3216 448 3264; x_wconf 79' lang='lat' dir='ltr'><strong>est</strong></span> <span class='ocrx_word' id='word_1_438' title='bbox 473 3220 652 3265; x_wconf 87' lang='lat' dir='ltr'><strong>autem</strong></span> <span class='ocrx_word' id='word_1_439' title='bbox 690 3214 820 3268; x_wconf 90' lang='lat' dir='ltr'><strong>mibi</strong></span> <span class='ocrx_word' id='word_1_440' title='bbox 850 3219 992 3285; x_wconf 89' lang='lat' dir='ltr'><strong>quod</strong></span> <span class='ocrx_word' id='word_1_441' title='bbox 1019 3219 1180 3274; x_wconf 90' lang='lat' dir='ltr'><strong>saluti</strong></span> <span class='ocrx_word' id='word_1_442' title='bbox 1214 3232 1414 3278; x_wconf 69' lang='lat' dir='ltr'><strong>nostra:</strong></span> <span class='ocrx_word' id='word_1_443' title='bbox 1451 3227 1613 3281; x_wconf 91' lang='lat' dir='ltr'><strong>simul</strong></span> <span class='ocrx_word' id='word_1_444' title='bbox 1650 3239 1704 3292; x_wconf 83' lang='lat' dir='ltr'><strong>et</strong></span> <span class='ocrx_word' id='word_1_445' title='bbox 1732 3245 1926 3286; x_wconf 66' lang='lat' dir='ltr'><strong>vestrae</strong></span> 
     </span>
    </p>
   </div>
   <div class='ocr_carea' id='block_1_62' title="bbox 361 3303 1922 3388">
    <p class='ocr_par' dir='ltr' id='par_1_62' title="bbox 361 3303 1922 3388">
     <span class='ocr_line' id='line_1_62' title="bbox 361 3303 1922 3388; baseline 0.016 -34"><span class='ocrx_word' id='word_1_446' title='bbox 361 3303 704 3366; x_wconf 88' lang='lat' dir='ltr'><strong>consulatur,</strong></span> <span class='ocrx_word' id='word_1_447' title='bbox 734 3307 987 3361; x_wconf 88' lang='lat' dir='ltr'><strong>nimirum</strong></span> <span class='ocrx_word' id='word_1_448' title='bbox 1023 3319 1081 3364; x_wconf 91' lang='lat' dir='ltr'><strong>ut</strong></span> <span class='ocrx_word' id='word_1_449' title='bbox 1108 3326 1229 3366; x_wconf 88' lang='lat' dir='ltr'><strong>cum</strong></span> <span class='ocrx_word' id='word_1_450' title='bbox 1259 3315 1593 3374; x_wconf 86' lang='lat' dir='ltr'><strong>instruendae</strong></span> <span class='ocrx_word' id='word_1_451' title='bbox 1620 3321 1727 3374; x_wconf 91' lang='lat' dir='ltr'><strong>sint</strong></span> <span class='ocrx_word' id='word_1_452' title='bbox 1751 3326 1922 3388; x_wconf 89' lang='lat' dir='ltr'><strong>acies,</strong></span> 
     </span>
    </p>
   </div>
   <div class='ocr_carea' id='block_1_63' title="bbox 359 3394 1921 3478">
    <p class='ocr_par' dir='ltr' id='par_1_63' title="bbox 359 3394 1921 3478">
     <span class='ocr_line' id='line_1_63' title="bbox 359 3394 1921 3478; baseline 0.017 -34"><span class='ocrx_word' id='word_1_453' title='bbox 359 3394 597 3462; x_wconf 76' lang='lat' dir='ltr'><strong>spatium</strong></span> <span class='ocrx_word' id='word_1_454' title='bbox 643 3397 958 3467; x_wconf 82' lang='lat' dir='ltr'><strong>relinquant</strong></span> <span class='ocrx_word' id='word_1_455' title='bbox 999 3401 1161 3456; x_wconf 90' lang='lat' dir='ltr'><strong>nobis</strong></span> <span class='ocrx_word' id='word_1_456' title='bbox 1189 3405 1420 3461; x_wconf 89' lang='lat' dir='ltr'><strong>comites</strong></span> <span class='ocrx_word' id='word_1_457' title='bbox 1453 3408 1527 3461; x_wconf 90' lang='lat' dir='ltr'><strong>tui</strong></span> <span class='ocrx_word' id='word_1_458' title='bbox 1555 3425 1664 3478; x_wconf 88' lang='lat' dir='ltr'><strong>quo</strong></span> <span class='ocrx_word' id='word_1_459' title='bbox 1699 3416 1921 3470; x_wconf 89' lang='lat' dir='ltr'><strong>ordines</strong></span> 
     </span>
    </p>
   </div>
   <div class='ocr_carea' id='block_1_64' title="bbox 359 3484 1922 3565">
    <p class='ocr_par' dir='ltr' id='par_1_64' title="bbox 359 3484 1922 3565">
     <span class='ocr_line' id='line_1_64' title="bbox 359 3484 1922 3565; baseline 0.015 -28"><span class='ocrx_word' id='word_1_460' title='bbox 359 3489 485 3537; x_wconf 87' lang='lat' dir='ltr'><strong>tuos</strong></span> <span class='ocrx_word' id='word_1_461' title='bbox 534 3484 600 3538; x_wconf 86' lang='lat' dir='ltr'><strong>ad</strong></span> <span class='ocrx_word' id='word_1_462' title='bbox 634 3486 858 3540; x_wconf 91' lang='lat' dir='ltr'><strong>ditionis</strong></span> <span class='ocrx_word' id='word_1_463' title='bbox 904 3498 1008 3542; x_wconf 74' lang='lat' dir='ltr'><strong>tua:</strong></span> <span class='ocrx_word' id='word_1_464' title='bbox 1037 3490 1262 3546; x_wconf 88' lang='lat' dir='ltr'><strong>limitem</strong></span> <span class='ocrx_word' id='word_1_465' title='bbox 1292 3503 1686 3565; x_wconf 81' lang='lat' dir='ltr'><strong>pertranseam,</strong></span> <span class='ocrx_word' id='word_1_466' title='bbox 1726 3503 1922 3559; x_wconf 88' lang='lat' dir='ltr'><strong>deinde</strong></span> 
     </span>
    </p>
   </div>
   <div class='ocr_carea' id='block_1_65' title="bbox 357 3573 1919 3655">
    <p class='ocr_par' dir='ltr' id='par_1_65' title="bbox 357 3573 1919 3655">
     <span class='ocr_line' id='line_1_65' title="bbox 357 3573 1919 3655; baseline 0.016 -30"><span class='ocrx_word' id='word_1_467' title='bbox 357 3573 424 3627; x_wconf 76' lang='lat' dir='ltr'><strong>ad</strong></span> <span class='ocrx_word' id='word_1_468' title='bbox 475 3578 706 3644; x_wconf 87' lang='lat' dir='ltr'><strong>patriam</strong></span> <span class='ocrx_word' id='word_1_469' title='bbox 761 3594 931 3632; x_wconf 87' lang='lat' dir='ltr'><strong>meam</strong></span> <span class='ocrx_word' id='word_1_470' title='bbox 988 3592 1254 3640; x_wconf 88' lang='lat' dir='ltr'><strong>revertar.</strong></span> <span class='ocrx_word' id='word_1_471' title='bbox 1291 3585 1477 3655; x_wconf 83' lang='lat' dir='ltr'><strong>Neque</strong></span> <span class='ocrx_word' id='word_1_472' title='bbox 1510 3593 1654 3644; x_wconf 90' lang='lat' dir='ltr'><strong>enim</strong></span> <span class='ocrx_word' id='word_1_473' title='bbox 1703 3595 1919 3650; x_wconf 89' lang='lat' dir='ltr'><strong>animus</strong></span> 
     </span>
    </p>
   </div>
   <div class='ocr_carea' id='block_1_66' title="bbox 357 3666 1920 3753">
    <p class='ocr_par' dir='ltr' id='par_1_66' title="bbox 357 3666 1920 3753">
     <span class='ocr_line' id='line_1_66' title="bbox 357 3666 1920 3753; baseline 0.013 -33"><span class='ocrx_word' id='word_1_474' title='bbox 357 3666 519 3722; x_wconf 82' lang='lat' dir='ltr'><strong>nobis</strong></span> <span class='ocrx_word' id='word_1_475' title='bbox 565 3678 649 3721; x_wconf 89' lang='lat' dir='ltr'><strong>est</strong></span> <span class='ocrx_word' id='word_1_476' title='bbox 693 3679 969 3725; x_wconf 89' lang='lat' dir='ltr'><strong>certamen</strong></span> <span class='ocrx_word' id='word_1_477' title='bbox 1021 3674 1362 3742; x_wconf 89' lang='lat' dir='ltr'><strong>detrectare;</strong></span> <span class='ocrx_word' id='word_1_478' title='bbox 1398 3690 1544 3733; x_wconf 90' lang='lat' dir='ltr'><strong>esset</strong></span> <span class='ocrx_word' id='word_1_479' title='bbox 1590 3685 1690 3738; x_wconf 90' lang='lat' dir='ltr'><strong>boc</strong></span> <span class='ocrx_word' id='word_1_480' title='bbox 1719 3700 1920 3753; x_wconf 86' lang='lat' dir='ltr'><strong>oppro-</strong></span> 
     </span>
    </p>
   </div>
   <div class='ocr_carea' id='block_1_67' title="bbox 354 3758 1916 3844">
    <p class='ocr_par' dir='ltr' id='par_1_67' title="bbox 354 3758 1916 3844">
     <span class='ocr_line' id='line_1_67' title="bbox 354 3758 1916 3844; baseline 0.013 -32"><span class='ocrx_word' id='word_1_481' title='bbox 354 3758 533 3814; x_wconf 77' lang='lat' dir='ltr'><strong>brium</strong></span> <span class='ocrx_word' id='word_1_482' title='bbox 576 3760 720 3829; x_wconf 84' lang='lat' dir='ltr'><strong>quod</strong></span> <span class='ocrx_word' id='word_1_483' title='bbox 753 3762 883 3826; x_wconf 89' lang='lat' dir='ltr'><strong>elui,</strong></span> <span class='ocrx_word' id='word_1_484' title='bbox 919 3765 1142 3833; x_wconf 77' lang='lat' dir='ltr'><strong>macula</strong></span> <span class='ocrx_word' id='word_1_485' title='bbox 1196 3783 1317 3836; x_wconf 74' lang='lat' dir='ltr'><strong>quae</strong></span> <span class='ocrx_word' id='word_1_486' title='bbox 1353 3772 1626 3839; x_wconf 88' lang='lat' dir='ltr'><strong>mundari,</strong></span> <span class='ocrx_word' id='word_1_487' title='bbox 1655 3774 1916 3844; x_wconf 81' lang='lat' dir='ltr'><strong>flagitium</strong></span> 
     </span>
    </p>
   </div>
   <div class='ocr_carea' id='block_1_68' title="bbox 357 3848 1917 3927">
    <p class='ocr_par' dir='ltr' id='par_1_68' title="bbox 357 3848 1917 3927">
     <span class='ocr_line' id='line_1_68' title="bbox 357 3848 1917 3927; baseline 0.014 -26"><span class='ocrx_word' id='word_1_488' title='bbox 357 3848 445 3902; x_wconf 85' lang='lat' dir='ltr'><strong>cui</strong></span> <span class='ocrx_word' id='word_1_489' title='bbox 499 3849 729 3919; x_wconf 84' lang='lat' dir='ltr'><strong>ignosci,</strong></span> <span class='ocrx_word' id='word_1_490' title='bbox 778 3867 885 3905; x_wconf 91' lang='lat' dir='ltr'><strong>non</strong></span> <span class='ocrx_word' id='word_1_491' title='bbox 927 3862 1134 3922; x_wconf 74' lang='lat' dir='ltr'><strong>posset.</strong></span> <span class='ocrx_word' id='word_1_492' title='bbox 1184 3856 1486 3927; x_wconf 79' lang='lat' dir='ltr'><strong>Respondit</strong></span> <span class='ocrx_word' id='word_1_493' title='bbox 1535 3862 1917 3924; x_wconf 85' lang='lat' dir='ltr'><strong>Darius:Non</strong></span> 
     </span>
    </p>
   </div>
   <div class='ocr_carea' id='block_1_69' title="bbox 355 3937 1915 4016">
    <p class='ocr_par' dir='ltr' id='par_1_69' title="bbox 355 3937 1915 4016">
     <span class='ocr_line' id='line_1_69' title="bbox 355 3937 1915 4016; baseline 0.014 -26"><span class='ocrx_word' id='word_1_494' title='bbox 355 3937 532 3991; x_wconf 83' lang='lat' dir='ltr'><strong>visum</strong></span> <span class='ocrx_word' id='word_1_495' title='bbox 563 3947 648 3992; x_wconf 88' lang='lat' dir='ltr'><strong>est</strong></span> <span class='ocrx_word' id='word_1_496' title='bbox 676 3941 835 3993; x_wconf 91' lang='lat' dir='ltr'><strong>nobis</strong></span> <span class='ocrx_word' id='word_1_497' title='bbox 864 3941 972 3994; x_wconf 91' lang='lat' dir='ltr'><strong>ullo</strong></span> <span class='ocrx_word' id='word_1_498' title='bbox 1000 3943 1160 3998; x_wconf 91' lang='lat' dir='ltr'><strong>modo</strong></span> <span class='ocrx_word' id='word_1_499' title='bbox 1185 3947 1327 4014; x_wconf 91' lang='lat' dir='ltr'><strong>quod</strong></span> <span class='ocrx_word' id='word_1_500' title='bbox 1358 3949 1562 4016; x_wconf 85' lang='lat' dir='ltr'><strong>petiisti</strong></span> <span class='ocrx_word' id='word_1_501' title='bbox 1592 3956 1915 4012; x_wconf 83' lang='lat' dir='ltr'><strong>concedere.</strong></span> 
     </span>
    </p>
   </div>
   <div class='ocr_carea' id='block_1_70' title="bbox 355 4023 1916 4110">
    <p class='ocr_par' dir='ltr' id='par_1_70' title="bbox 355 4023 1916 4110">
     <span class='ocr_line' id='line_1_70' title="bbox 355 4023 1916 4110; baseline 0.01 -31"><span class='ocrx_word' id='word_1_502' title='bbox 355 4023 512 4091; x_wconf 82' lang='lat' dir='ltr'><strong>Quod</strong></span> <span class='ocrx_word' id='word_1_503' title='bbox 564 4041 687 4080; x_wconf 90' lang='lat' dir='ltr'><strong>cum</strong></span> <span class='ocrx_word' id='word_1_504' title='bbox 745 4031 971 4084; x_wconf 83' lang='lat' dir='ltr'><strong>vidisset</strong></span> <span class='ocrx_word' id='word_1_505' title='bbox 1006 4032 1334 4101; x_wconf 83' lang='lat' dir='ltr'><strong>Alexander,</strong></span> <span class='ocrx_word' id='word_1_506' title='bbox 1375 4035 1674 4110; x_wconf 87' lang='lat' dir='ltr'><strong>[homines]</strong></span> <span class='ocrx_word' id='word_1_507' title='bbox 1718 4046 1781 4094; x_wconf 88' lang='lat' dir='ltr'><strong>ad</strong></span> <span class='ocrx_word' id='word_1_508' title='bbox 1818 4044 1916 4096; x_wconf 91' lang='lat' dir='ltr'><strong>ali-</strong></span> 
     </span>
    </p>
   </div>
   <div class='ocr_carea' id='block_1_71' title="bbox 351 4119 1915 4189">
    <p class='ocr_par' dir='ltr' id='par_1_71' title="bbox 351 4119 1915 4189">
     <span class='ocr_line' id='line_1_71' title="bbox 351 4119 1915 4189; baseline 0.011 -20"><span class='ocrx_word' id='word_1_509' title='bbox 351 4119 483 4185; x_wconf 88' lang='lat' dir='ltr'><strong>quid</strong></span> <span class='ocrx_word' id='word_1_510' title='bbox 519 4129 710 4173; x_wconf 91' lang='lat' dir='ltr'><strong>coutra</strong></span> <span class='ocrx_word' id='word_1_511' title='bbox 756 4129 919 4189; x_wconf 88' lang='lat' dir='ltr'><strong>caput</strong></span> <span class='ocrx_word' id='word_1_512' title='bbox 967 4121 1140 4188; x_wconf 91' lang='lat' dir='ltr'><strong>ipsius</strong></span> <span class='ocrx_word' id='word_1_513' title='bbox 1189 4124 1610 4182; x_wconf 86' lang='lat' dir='ltr'><strong>maehinandum</strong></span> <span class='ocrx_word' id='word_1_514' title='bbox 1668 4130 1915 4185; x_wconf 88' lang='lat' dir='ltr'><strong>incitavit</strong></span> 
     </span>
    </p>
   </div>
   <div class='ocr_carea' id='block_1_72' title="bbox 349 4207 1914 4300">
    <p class='ocr_par' dir='ltr' id='par_1_72' title="bbox 349 4207 1914 4300">
     <span class='ocr_line' id='line_1_72' title="bbox 349 4207 1914 4300; baseline 0.012 -40"><span class='ocrx_word' id='word_1_515' title='bbox 349 4207 541 4264; x_wconf 79' lang='lat' dir='ltr'><strong>dicens</strong></span> <span class='ocrx_word' id='word_1_516' title='bbox 571 4226 584 4263; x_wconf 90' lang='lat'><strong>:</strong></span> <span class='ocrx_word' id='word_1_517' title='bbox 612 4208 793 4264; x_wconf 78' lang='lat' dir='ltr'><strong>Heus!</strong></span> <span class='ocrx_word' id='word_1_518' title='bbox 828 4210 1022 4274; x_wconf 67' lang='lat' dir='ltr'><strong>Graeci,</strong></span> <span class='ocrx_word' id='word_1_519' title='bbox 1057 4223 1140 4266; x_wconf 91' lang='lat' dir='ltr'><strong>est</strong></span> <span class='ocrx_word' id='word_1_520' title='bbox 1170 4213 1273 4268; x_wconf 90' lang='lat' dir='ltr'><strong>hoc</strong></span> <span class='ocrx_word' id='word_1_521' title='bbox 1311 4215 1677 4300; x_wconf 66' lang='lat' dir='ltr'><strong>imbecillitas,</strong></span> <span class='ocrx_word' id='word_1_522' title='bbox 1710 4232 1764 4276; x_wconf 88' lang='lat' dir='ltr'><strong>et</strong></span> <span class='ocrx_word' id='word_1_523' title='bbox 1796 4228 1914 4295; x_wconf 83' lang='lat' dir='ltr'><strong>Opis</strong></span> 
     </span>
    </p>
   </div>
   <div class='ocr_carea' id='block_1_73' title="bbox 351 4301 1912 4383">
    <p class='ocr_par' dir='ltr' id='par_1_73' title="bbox 351 4301 1912 4383">
     <span class='ocr_line' id='line_1_73' title="bbox 351 4301 1912 4383; baseline 0.007 -26"><span class='ocrx_word' id='word_1_524' title='bbox 351 4301 669 4371; x_wconf 87' lang='lat' dir='ltr'><strong>indigentia.</strong></span> <span class='ocrx_word' id='word_1_525' title='bbox 725 4302 895 4355; x_wconf 85' lang='lat' dir='ltr'><strong>Estne</strong></span> <span class='ocrx_word' id='word_1_526' title='bbox 934 4317 964 4355; x_wconf 89' lang='lat' dir='ltr'><strong>e</strong></span> <span class='ocrx_word' id='word_1_527' title='bbox 996 4301 1152 4356; x_wconf 89' lang='lat' dir='ltr'><strong>vobis</strong></span> <span class='ocrx_word' id='word_1_528' title='bbox 1177 4314 1269 4356; x_wconf 87' lang='lat' dir='ltr'><strong>aut</strong></span> <span class='ocrx_word' id='word_1_529' title='bbox 1302 4321 1331 4358; x_wconf 73' lang='grc' dir='ltr'>ε</span> <span class='ocrx_word' id='word_1_530' title='bbox 1362 4305 1562 4373; x_wconf 67' lang='grc' dir='ltr'><strong>Ρετείε,</strong></span> <span class='ocrx_word' id='word_1_531' title='bbox 1586 4313 1676 4381; x_wconf 89' lang='lat' dir='ltr'><strong>qui</strong></span> <span class='ocrx_word' id='word_1_532' title='bbox 1709 4315 1912 4383; x_wconf 90' lang='lat' dir='ltr'><strong>aliquid</strong></span> 
     </span>
    </p>
   </div>
   <div class='ocr_carea' id='block_1_74' title="bbox 349 4394 1914 4471">
    <p class='ocr_par' dir='ltr' id='par_1_74' title="bbox 349 4394 1914 4471">
     <span class='ocr_line' id='line_1_74' title="bbox 349 4394 1914 4471; baseline 0.01 -25"><span class='ocrx_word' id='word_1_533' title='bbox 349 4394 488 4465; x_wconf 80' lang='lat' dir='ltr'><strong>mihi</strong></span> <span class='ocrx_word' id='word_1_534' title='bbox 517 4394 620 4448; x_wconf 86' lang='lat' dir='ltr'><strong>hoc</strong></span> <span class='ocrx_word' id='word_1_535' title='bbox 658 4394 710 4446; x_wconf 89' lang='lat' dir='ltr'><strong>in</strong></span> <span class='ocrx_word' id='word_1_536' title='bbox 757 4394 972 4462; x_wconf 88' lang='lat' dir='ltr'><strong>negotio</strong></span> <span class='ocrx_word' id='word_1_537' title='bbox 1003 4397 1468 4464; x_wconf 74' lang='lat' dir='ltr'><strong>comminiscetur,</strong></span> <span class='ocrx_word' id='word_1_538' title='bbox 1499 4417 1608 4471; x_wconf 91' lang='lat' dir='ltr'><strong>quo</strong></span> <span class='ocrx_word' id='word_1_539' title='bbox 1636 4421 1721 4460; x_wconf 89' lang='lat' dir='ltr'><strong>me</strong></span> <span class='ocrx_word' id='word_1_540' title='bbox 1753 4424 1780 4458; x_wconf 90' lang='lat' dir='ltr'><strong>a</strong></span> <span class='ocrx_word' id='word_1_541' title='bbox 1818 4409 1914 4461; x_wconf 89' lang='lat' dir='ltr'><strong>tri-</strong></span> 
     </span>
    </p>
   </div>
   <div class='ocr_carea' id='block_1_75' title="bbox 2030 3216 3596 3291">
    <p class='ocr_par' dir='ltr' id='par_1_75' title="bbox 2030 3216 3596 3291">
     <span class='ocr_line' id='line_1_75' title="bbox 2030 3216 3596 3291; baseline 0.011 -21"><span class='ocrx_word' id='word_1_542' title='bbox 2030 3216 2391 3273; x_wconf 78' lang='lat' dir='ltr'><strong>evehenilum.</strong></span> <span class='ocrx_word' id='word_1_543' title='bbox 2441 3219 2635 3274; x_wconf 87' lang='lat' dir='ltr'><strong>Statim</strong></span> <span class='ocrx_word' id='word_1_544' title='bbox 2691 3238 2820 3291; x_wconf 85' lang='lat' dir='ltr'><strong>ergo</strong></span> <span class='ocrx_word' id='word_1_545' title='bbox 2853 3241 2910 3278; x_wconf 90' lang='lat' dir='ltr'><strong>se</strong></span> <span class='ocrx_word' id='word_1_546' title='bbox 2955 3225 3026 3278; x_wconf 94' lang='lat' dir='ltr'><strong>illi</strong></span> <span class='ocrx_word' id='word_1_547' title='bbox 3061 3227 3348 3284; x_wconf 67' lang='lat' dir='ltr'><strong>offerentes</strong></span> <span class='ocrx_word' id='word_1_548' title='bbox 3384 3233 3596 3288; x_wconf 65' lang='lat' dir='ltr'><strong>Clteslto</strong></span> 
     </span>
    </p>
   </div>
   <div class='ocr_carea' id='block_1_76' title="bbox 2028 3309 3595 3385">
    <p class='ocr_par' dir='ltr' id='par_1_76' title="bbox 2028 3309 3595 3385">
     <span class='ocr_line' id='line_1_76' title="bbox 2028 3309 3595 3385; baseline 0.013 -24"><span class='ocrx_word' id='word_1_549' title='bbox 2028 3309 2197 3376; x_wconf 88' lang='lat' dir='ltr'><strong>nesplt</strong></span> <span class='ocrx_word' id='word_1_550' title='bbox 2227 3318 2281 3363; x_wconf 88' lang='lat' dir='ltr'><strong>et</strong></span> <span class='ocrx_word' id='word_1_551' title='bbox 2311 3309 2625 3378; x_wconf 87' lang='lat' dir='ltr'><strong>Adarsltist,</strong></span> <span class='ocrx_word' id='word_1_552' title='bbox 2651 3313 2982 3370; x_wconf 85' lang='lat' dir='ltr'><strong>Adarbacltti</strong></span> <span class='ocrx_word' id='word_1_553' title='bbox 3015 3319 3131 3385; x_wconf 88' lang='lat' dir='ltr'><strong>filii,</strong></span> <span class='ocrx_word' id='word_1_554' title='bbox 3163 3321 3417 3376; x_wconf 84' lang='lat' dir='ltr'><strong>dixerunt</strong></span> <span class='ocrx_word' id='word_1_555' title='bbox 3446 3342 3464 3378; x_wconf 88' lang='lat'><em>:</em></span> <span class='ocrx_word' id='word_1_556' title='bbox 3487 3327 3595 3382; x_wconf 83' lang='lat' dir='ltr'><strong>Nos</strong></span> 
     </span>
    </p>
   </div>
   <div class='ocr_carea' id='block_1_77' title="bbox 2026 3399 3594 3478">
    <p class='ocr_par' dir='ltr' id='par_1_77' title="bbox 2026 3399 3594 3478">
     <span class='ocr_line' id='line_1_77' title="bbox 2026 3399 3594 3478; baseline 0.012 -26"><span class='ocrx_word' id='word_1_557' title='bbox 2026 3399 2173 3453; x_wconf 83' lang='lat' dir='ltr'><strong>Darii</strong></span> <span class='ocrx_word' id='word_1_558' title='bbox 2211 3401 2443 3454; x_wconf 81' lang='lat' dir='ltr'><strong>comites</strong></span> <span class='ocrx_word' id='word_1_559' title='bbox 2477 3418 2686 3467; x_wconf 85' lang='lat' dir='ltr'><strong>sumus,</strong></span> <span class='ocrx_word' id='word_1_560' title='bbox 2724 3415 2777 3458; x_wconf 91' lang='lat' dir='ltr'><strong>et</strong></span> <span class='ocrx_word' id='word_1_561' title='bbox 2810 3408 2899 3474; x_wconf 91' lang='lat' dir='ltr'><strong>qui</strong></span> <span class='ocrx_word' id='word_1_562' title='bbox 2937 3411 3213 3478; x_wconf 73' lang='lat' dir='ltr'><strong>negotium</strong></span> <span class='ocrx_word' id='word_1_563' title='bbox 3246 3414 3346 3467; x_wconf 81' lang='lat' dir='ltr'><strong>lioe</strong></span> <span class='ocrx_word' id='word_1_564' title='bbox 3375 3417 3470 3469; x_wconf 87' lang='lat' dir='ltr'><strong>tibi</strong></span> <span class='ocrx_word' id='word_1_565' title='bbox 3502 3435 3594 3470; x_wconf 82' lang='lat' dir='ltr'><strong>ex—</strong></span> 
     </span>
    </p>
   </div>
   <div class='ocr_carea' id='block_1_78' title="bbox 2025 3488 3588 3570">
    <p class='ocr_par' dir='ltr' id='par_1_78' title="bbox 2025 3488 3588 3570">
     <span class='ocr_line' id='line_1_78' title="bbox 2025 3488 3588 3570; baseline 0.014 -30"><span class='ocrx_word' id='word_1_566' title='bbox 2025 3488 2334 3556; x_wconf 90' lang='lat' dir='ltr'><strong>pedivimus</strong></span> <span class='ocrx_word' id='word_1_567' title='bbox 2369 3507 2381 3543; x_wconf 90' lang='lat'>:</span> <span class='ocrx_word' id='word_1_568' title='bbox 2419 3502 2611 3558; x_wconf 70' lang='lat' dir='ltr'><strong>prmsta</strong></span> <span class='ocrx_word' id='word_1_569' title='bbox 2646 3495 2813 3562; x_wconf 85' lang='lat' dir='ltr'><strong>igitur</strong></span> <span class='ocrx_word' id='word_1_570' title='bbox 2845 3498 3001 3552; x_wconf 90' lang='lat' dir='ltr'><strong>nobis</strong></span> <span class='ocrx_word' id='word_1_571' title='bbox 3033 3502 3177 3567; x_wconf 89' lang='lat' dir='ltr'><strong>quod</strong></span> <span class='ocrx_word' id='word_1_572' title='bbox 3211 3504 3484 3570; x_wconf 87' lang='lat' dir='ltr'><strong>pollicitus</strong></span> <span class='ocrx_word' id='word_1_573' title='bbox 3510 3524 3588 3562; x_wconf 89' lang='lat' dir='ltr'><strong>es.</strong></span> 
     </span>
    </p>
   </div>
   <div class='ocr_carea' id='block_1_79' title="bbox 2021 3575 3590 3652">
    <p class='ocr_par' dir='ltr' id='par_1_79' title="bbox 2021 3575 3590 3652">
     <span class='ocr_line' id='line_1_79' title="bbox 2021 3575 3590 3652; baseline 0.013 -23"><span class='ocrx_word' id='word_1_574' title='bbox 2021 3575 2192 3632; x_wconf 76' lang='lat' dir='ltr'><strong>Iussit</strong></span> <span class='ocrx_word' id='word_1_575' title='bbox 2238 3595 2364 3650; x_wconf 89' lang='lat' dir='ltr'><strong>ergo</strong></span> <span class='ocrx_word' id='word_1_576' title='bbox 2414 3582 2559 3649; x_wconf 88' lang='lat' dir='ltr'><strong>ipsos</strong></span> <span class='ocrx_word' id='word_1_577' title='bbox 2595 3599 2758 3652; x_wconf 88' lang='lat' dir='ltr'><strong>super</strong></span> <span class='ocrx_word' id='word_1_578' title='bbox 2807 3585 3021 3643; x_wconf 90' lang='lat' dir='ltr'><strong>duabus</strong></span> <span class='ocrx_word' id='word_1_579' title='bbox 3059 3594 3319 3647; x_wconf 82' lang='lat' dir='ltr'><strong>trabibus</strong></span> <span class='ocrx_word' id='word_1_580' title='bbox 3349 3597 3590 3650; x_wconf 87' lang='lat' dir='ltr'><strong>sublimi-</strong></span> 
     </span>
    </p>
   </div>
   <div class='ocr_carea' id='block_1_80' title="bbox 2021 3668 3588 3742">
    <p class='ocr_par' dir='ltr' id='par_1_80' title="bbox 2021 3668 3588 3742">
     <span class='ocr_line' id='line_1_80' title="bbox 2021 3668 3588 3742; baseline 0.013 -22"><span class='ocrx_word' id='word_1_581' title='bbox 2021 3668 2122 3722; x_wconf 89' lang='lat' dir='ltr'><strong>bus</strong></span> <span class='ocrx_word' id='word_1_582' title='bbox 2176 3670 2471 3738; x_wconf 89' lang='lat' dir='ltr'><strong>suspendi;</strong></span> <span class='ocrx_word' id='word_1_583' title='bbox 2516 3672 2800 3742; x_wconf 84' lang='lat' dir='ltr'><strong>dixitque:</strong></span> <span class='ocrx_word' id='word_1_584' title='bbox 2832 3677 2988 3731; x_wconf 88' lang='lat' dir='ltr'><strong>Certe</strong></span> <span class='ocrx_word' id='word_1_585' title='bbox 3024 3681 3073 3731; x_wconf 91' lang='lat' dir='ltr'><strong>lti</strong></span> <span class='ocrx_word' id='word_1_586' title='bbox 3109 3681 3216 3734; x_wconf 92' lang='lat' dir='ltr'><strong>duo</strong></span> <span class='ocrx_word' id='word_1_587' title='bbox 3249 3686 3427 3738; x_wconf 89' lang='lat' dir='ltr'><strong>meriti</strong></span> <span class='ocrx_word' id='word_1_588' title='bbox 3461 3699 3588 3741; x_wconf 90' lang='lat' dir='ltr'><strong>sunt</strong></span> 
     </span>
    </p>
   </div>
   <div class='ocr_carea' id='block_1_81' title="bbox 2022 3758 3585 3840">
    <p class='ocr_par' dir='ltr' id='par_1_81' title="bbox 2022 3758 3585 3840">
     <span class='ocr_line' id='line_1_81' title="bbox 2022 3758 3585 3840; baseline 0.013 -30"><span class='ocrx_word' id='word_1_589' title='bbox 2022 3758 2124 3812; x_wconf 90' lang='lat' dir='ltr'><strong>ltoc</strong></span> <span class='ocrx_word' id='word_1_590' title='bbox 2154 3762 2296 3828; x_wconf 93' lang='lat' dir='ltr'><strong>quod</strong></span> <span class='ocrx_word' id='word_1_591' title='bbox 2350 3763 2486 3830; x_wconf 86' lang='lat' dir='ltr'><strong>ipsis</strong></span> <span class='ocrx_word' id='word_1_592' title='bbox 2528 3763 2644 3817; x_wconf 88' lang='lat' dir='ltr'><strong>ﬁeri</strong></span> <span class='ocrx_word' id='word_1_593' title='bbox 2672 3764 2834 3831; x_wconf 85' lang='lat' dir='ltr'><strong>jussi,</strong></span> <span class='ocrx_word' id='word_1_594' title='bbox 2867 3769 2937 3820; x_wconf 93' lang='lat' dir='ltr'><strong>ob</strong></span> <span class='ocrx_word' id='word_1_595' title='bbox 2969 3784 3122 3822; x_wconf 89' lang='lat' dir='ltr'><strong>suam</strong></span> <span class='ocrx_word' id='word_1_596' title='bbox 3153 3788 3276 3840; x_wconf 84' lang='lat' dir='ltr'><strong>erga</strong></span> <span class='ocrx_word' id='word_1_597' title='bbox 3308 3775 3585 3830; x_wconf 86' lang='lat' dir='ltr'><strong>dominum</strong></span> 
     </span>
    </p>
   </div>
   <div class='ocr_carea' id='block_1_82' title="bbox 2023 3851 3586 3928">
    <p class='ocr_par' dir='ltr' id='par_1_82' title="bbox 2023 3851 3586 3928">
     <span class='ocr_line' id='line_1_82' title="bbox 2023 3851 3586 3928; baseline 0.01 -24"><span class='ocrx_word' id='word_1_598' title='bbox 2023 3866 2179 3904; x_wconf 89' lang='lat' dir='ltr'><strong>suum</strong></span> <span class='ocrx_word' id='word_1_599' title='bbox 2231 3851 2607 3907; x_wconf 89' lang='lat' dir='ltr'><strong>inﬁdelitatem</strong></span> <span class='ocrx_word' id='word_1_600' title='bbox 2655 3871 2717 3909; x_wconf 89' lang='lat' dir='ltr'><strong>ac</strong></span> <span class='ocrx_word' id='word_1_601' title='bbox 2748 3857 3026 3924; x_wconf 87' lang='lat' dir='ltr'><strong>fraudem;</strong></span> <span class='ocrx_word' id='word_1_602' title='bbox 3062 3863 3151 3928; x_wconf 85' lang='lat' dir='ltr'><strong>qui</strong></span> <span class='ocrx_word' id='word_1_603' title='bbox 3187 3866 3328 3918; x_wconf 91' lang='lat' dir='ltr'><strong>enim</strong></span> <span class='ocrx_word' id='word_1_604' title='bbox 3366 3867 3586 3922; x_wconf 86' lang='lat' dir='ltr'><strong>domino</strong></span> 
     </span>
    </p>
   </div>
   <div class='ocr_carea' id='block_1_83' title="bbox 2018 3941 3584 4022">
    <p class='ocr_par' dir='ltr' id='par_1_83' title="bbox 2018 3941 3584 4022">
     <span class='ocr_line' id='line_1_83' title="bbox 2018 3941 3584 4022; baseline 0.011 -27"><span class='ocrx_word' id='word_1_605' title='bbox 2018 3957 2120 3996; x_wconf 92' lang='lat' dir='ltr'><strong>suo</strong></span> <span class='ocrx_word' id='word_1_606' title='bbox 2150 3941 2307 3996; x_wconf 84' lang='lat' dir='ltr'><strong>fidem</strong></span> <span class='ocrx_word' id='word_1_607' title='bbox 2340 3959 2445 3997; x_wconf 91' lang='lat' dir='ltr'><strong>non</strong></span> <span class='ocrx_word' id='word_1_608' title='bbox 2483 3947 2879 4012; x_wconf 67' lang='lat' dir='ltr'><strong>praestiterunt,</strong></span> <span class='ocrx_word' id='word_1_609' title='bbox 2919 3966 3016 4003; x_wconf 89' lang='lat' dir='ltr'><strong>nec</strong></span> <span class='ocrx_word' id='word_1_610' title='bbox 3049 3952 3202 4006; x_wconf 85' lang='lat' dir='ltr'><strong>alteri</strong></span> <span class='ocrx_word' id='word_1_611' title='bbox 3234 3959 3584 4022; x_wconf 76' lang='lat' dir='ltr'><strong>przestabunt.</strong></span> 
     </span>
    </p>
   </div>
   <div class='ocr_carea' id='block_1_84' title="bbox 2018 4031 3580 4105">
    <p class='ocr_par' dir='ltr' id='par_1_84' title="bbox 2018 4031 3580 4105">
     <span class='ocr_line' id='line_1_84' title="bbox 2018 4031 3580 4105; baseline 0.012 -21"><span class='ocrx_word' id='word_1_612' title='bbox 2018 4031 2131 4102; x_wconf 89' lang='lat' dir='ltr'><strong>Ego</strong></span> <span class='ocrx_word' id='word_1_613' title='bbox 2175 4034 2393 4088; x_wconf 91' lang='lat' dir='ltr'><strong>interim</strong></span> <span class='ocrx_word' id='word_1_614' title='bbox 2446 4036 2592 4102; x_wconf 91' lang='lat' dir='ltr'><strong>quod</strong></span> <span class='ocrx_word' id='word_1_615' title='bbox 2645 4038 2780 4104; x_wconf 88' lang='lat' dir='ltr'><strong>ipsis</strong></span> <span class='ocrx_word' id='word_1_616' title='bbox 2826 4040 3102 4105; x_wconf 89' lang='lat' dir='ltr'><strong>pollicitus</strong></span> <span class='ocrx_word' id='word_1_617' title='bbox 3148 4060 3267 4097; x_wconf 91' lang='lat' dir='ltr'><strong>sum</strong></span> <span class='ocrx_word' id='word_1_618' title='bbox 3317 4049 3580 4102; x_wconf 84' lang='lat' dir='ltr'><strong>exhibui:</strong></span> 
     </span>
    </p>
   </div>
   <div class='ocr_carea' id='block_1_85' title="bbox 2022 4124 3580 4193">
    <p class='ocr_par' dir='ltr' id='par_1_85' title="bbox 2022 4124 3580 4193">
     <span class='ocr_line' id='line_1_85' title="bbox 2022 4124 3580 4193; baseline 0.01 -18"><span class='ocrx_word' id='word_1_619' title='bbox 2022 4124 2174 4192; x_wconf 87' lang='lat' dir='ltr'><strong>ipsos</strong></span> <span class='ocrx_word' id='word_1_620' title='bbox 2226 4139 2392 4193; x_wconf 87' lang='lat' dir='ltr'><strong>supra</strong></span> <span class='ocrx_word' id='word_1_621' title='bbox 2429 4141 2620 4181; x_wconf 90' lang='lat' dir='ltr'><strong>omnes</strong></span> <span class='ocrx_word' id='word_1_622' title='bbox 2674 4130 2857 4183; x_wconf 89' lang='lat' dir='ltr'><strong>socios</strong></span> <span class='ocrx_word' id='word_1_623' title='bbox 2908 4146 3053 4185; x_wconf 87' lang='lat' dir='ltr'><strong>meos</strong></span> <span class='ocrx_word' id='word_1_624' title='bbox 3096 4135 3392 4190; x_wconf 85' lang='lat' dir='ltr'><strong>eveltendo.</strong></span> <span class='ocrx_word' id='word_1_625' title='bbox 3445 4137 3580 4190; x_wconf 87' lang='lat' dir='ltr'><strong>Tum</strong></span> 
     </span>
    </p>
   </div>
   <div class='ocr_carea' id='block_1_86' title="bbox 2022 4214 3581 4284">
    <p class='ocr_par' dir='ltr' id='par_1_86' title="bbox 2022 4214 3581 4284">
     <span class='ocr_line' id='line_1_86' title="bbox 2022 4214 3581 4284; baseline 0.012 -18"><span class='ocrx_word' id='word_1_626' title='bbox 2022 4214 2076 4266; x_wconf 92' lang='lat' dir='ltr'><strong>in</strong></span> <span class='ocrx_word' id='word_1_627' title='bbox 2104 4214 2246 4267; x_wconf 87' lang='lat' dir='ltr'><strong>Darii</strong></span> <span class='ocrx_word' id='word_1_628' title='bbox 2279 4226 2504 4269; x_wconf 90' lang='lat' dir='ltr'><strong>matrem</strong></span> <span class='ocrx_word' id='word_1_629' title='bbox 2534 4232 2757 4272; x_wconf 86' lang='lat' dir='ltr'><strong>uxorem</strong></span> <span class='ocrx_word' id='word_1_630' title='bbox 2786 4229 2836 4272; x_wconf 91' lang='lat' dir='ltr'><strong>et</strong></span> <span class='ocrx_word' id='word_1_631' title='bbox 2865 4221 3026 4274; x_wconf 89' lang='lat' dir='ltr'><strong>ﬁliam</strong></span> <span class='ocrx_word' id='word_1_632' title='bbox 3057 4222 3281 4279; x_wconf 80' lang='lat' dir='ltr'><strong>donaria</strong></span> <span class='ocrx_word' id='word_1_633' title='bbox 3309 4241 3370 4280; x_wconf 91' lang='lat' dir='ltr'><strong>ac</strong></span> <span class='ocrx_word' id='word_1_634' title='bbox 3402 4239 3581 4284; x_wconf 80' lang='lat' dir='ltr'><strong>vestes</strong></span> 
     </span>
    </p>
   </div>
   <div class='ocr_carea' id='block_1_87' title="bbox 2015 4302 3576 4379">
    <p class='ocr_par' dir='ltr' id='par_1_87' title="bbox 2015 4302 3576 4379">
     <span class='ocr_line' id='line_1_87' title="bbox 2015 4302 3576 4379; baseline 0.012 -23"><span class='ocrx_word' id='word_1_635' title='bbox 2015 4302 2250 4379; x_wconf 77' lang='lat' dir='ltr'><strong>conferri</strong></span> <span class='ocrx_word' id='word_1_636' title='bbox 2302 4305 2485 4374; x_wconf 86' lang='lat' dir='ltr'><strong>jussit,</strong></span> <span class='ocrx_word' id='word_1_637' title='bbox 2549 4309 2801 4379; x_wconf 83' lang='lat' dir='ltr'><strong>ipsasque</strong></span> <span class='ocrx_word' id='word_1_638' title='bbox 2855 4311 3059 4367; x_wconf 88' lang='lat' dir='ltr'><strong>ltonore</strong></span> <span class='ocrx_word' id='word_1_639' title='bbox 3113 4314 3292 4370; x_wconf 79' lang='lat' dir='ltr'><strong>aﬁ&#39;ecit</strong></span> <span class='ocrx_word' id='word_1_640' title='bbox 3342 4334 3354 4370; x_wconf 93' lang='lat'>:</span> <span class='ocrx_word' id='word_1_641' title='bbox 3411 4319 3576 4374; x_wconf 83' lang='lat' dir='ltr'><strong>duces</strong></span> 
     </span>
    </p>
   </div>
   <div class='ocr_carea' id='block_1_88' title="bbox 2015 4376 3576 4474">
    <p class='ocr_par' dir='ltr' id='par_1_88' title="bbox 2015 4393 3576 4474">
     <span class='ocr_line' id='line_1_88' title="bbox 2015 4393 3576 4474; baseline 0.012 -28"><span class='ocrx_word' id='word_1_642' title='bbox 2015 4393 2177 4447; x_wconf 89' lang='lat' dir='ltr'><strong>etiam</strong></span> <span class='ocrx_word' id='word_1_643' title='bbox 2228 4410 2291 4449; x_wconf 89' lang='lat' dir='ltr'><strong>ac</strong></span> <span class='ocrx_word' id='word_1_644' title='bbox 2347 4395 2490 4451; x_wconf 83' lang='lat' dir='ltr'><strong>viros</strong></span> <span class='ocrx_word' id='word_1_645' title='bbox 2530 4395 2824 4452; x_wconf 85' lang='lat' dir='ltr'><strong>Persarum</strong></span> <span class='ocrx_word' id='word_1_646' title='bbox 2876 4404 3187 4470; x_wconf 90' lang='lat' dir='ltr'><strong>primarios,</strong></span> <span class='ocrx_word' id='word_1_647' title='bbox 3242 4411 3576 4474; x_wconf 90' lang='lat' dir='ltr'><strong>muneribus,</strong></span> 
     </span>
    </p>
   </div>
   <div class='ocr_carea' id='block_1_89' title="bbox 343 4485 1923 4569">
    <p class='ocr_par' dir='ltr' id='par_1_89' title="bbox 343 4485 1906 4569">
     <span class='ocr_line' id='line_1_89' title="bbox 343 4485 1906 4569; baseline 0.004 -30"><span class='ocrx_word' id='word_1_648' title='bbox 343 4485 491 4539; x_wconf 86' lang='lat' dir='ltr'><strong>stitia</strong></span> <span class='ocrx_word' id='word_1_649' title='bbox 517 4487 619 4539; x_wconf 88' lang='lat' dir='ltr'><strong>ista</strong></span> <span class='ocrx_word' id='word_1_650' title='bbox 649 4485 913 4546; x_wconf 82' lang='lat' dir='ltr'><strong>exsolvat,</strong></span> <span class='ocrx_word' id='word_1_651' title='bbox 949 4486 1076 4558; x_wconf 78' lang='lat' dir='ltr'><strong>[hac</strong></span> <span class='ocrx_word' id='word_1_652' title='bbox 1097 4490 1370 4562; x_wconf 86' lang='lat' dir='ltr'><strong>mercede]</strong></span> <span class='ocrx_word' id='word_1_653' title='bbox 1403 4502 1457 4546; x_wconf 92' lang='lat' dir='ltr'><strong>ut</strong></span> <span class='ocrx_word' id='word_1_654' title='bbox 1490 4495 1560 4548; x_wconf 89' lang='lat' dir='ltr'><strong>sit</strong></span> <span class='ocrx_word' id='word_1_655' title='bbox 1593 4497 1689 4564; x_wconf 90' lang='lat' dir='ltr'><strong>ipsi</strong></span> <span class='ocrx_word' id='word_1_656' title='bbox 1713 4514 1906 4569; x_wconf 83' lang='lat' dir='ltr'><strong>regno.</strong></span> 
     </span>
    </p>
   </div>
   <div class='ocr_carea' id='block_1_90' title="bbox 2033 4485 3576 4569">
    <p class='ocr_par' dir='ltr' id='par_1_90' title="bbox 2033 4485 3576 4563">
     <span class='ocr_line' id='line_1_90' title="bbox 2033 4485 3576 4563; baseline 0.015 -29"><span class='ocrx_word' id='word_1_657' title='bbox 2033 4485 2276 4546; x_wconf 64' lang='lat' dir='ltr'><strong>restibus,</strong></span> <span class='ocrx_word' id='word_1_658' title='bbox 2324 4486 2654 4552; x_wconf 85' lang='lat' dir='ltr'><strong>honerariis,</strong></span> <span class='ocrx_word' id='word_1_659' title='bbox 2708 4492 2992 4563; x_wconf 70' lang='lat' dir='ltr'><strong>rebusque”</strong></span> <span class='ocrx_word' id='word_1_660' title='bbox 3024 4497 3088 4547; x_wconf 89' lang='lat' dir='ltr'><strong>ad</strong></span> <span class='ocrx_word' id='word_1_661' title='bbox 3145 4498 3344 4552; x_wconf 86' lang='lat' dir='ltr'><strong>victum</strong></span> <span class='ocrx_word' id='word_1_662' title='bbox 3391 4516 3576 4556; x_wconf 87' lang='lat' dir='ltr'><strong>neces-</strong></span> 
     </span>
    </p>
   </div>
   <div class='ocr_carea' id='block_1_91' title="bbox 343 4574 1905 4661">
    <p class='ocr_par' dir='ltr' id='par_1_91' title="bbox 343 4574 1905 4661">
     <span class='ocr_line' id='line_1_91' title="bbox 343 4574 1905 4661; baseline 0.013 -35"><span class='ocrx_word' id='word_1_663' title='bbox 343 4588 464 4626; x_wconf 91' lang='lat' dir='ltr'><strong>rum</strong></span> <span class='ocrx_word' id='word_1_664' title='bbox 522 4574 719 4629; x_wconf 66' lang='lat' dir='ltr'><strong>Persize</strong></span> <span class='ocrx_word' id='word_1_665' title='bbox 775 4584 827 4630; x_wconf 89' lang='lat' dir='ltr'><strong>et</strong></span> <span class='ocrx_word' id='word_1_666' title='bbox 881 4575 1123 4644; x_wconf 71' lang='lat' dir='ltr'><strong>Graeciae,</strong></span> <span class='ocrx_word' id='word_1_667' title='bbox 1179 4596 1278 4635; x_wconf 89' lang='lat' dir='ltr'><strong>nec</strong></span> <span class='ocrx_word' id='word_1_668' title='bbox 1341 4598 1446 4637; x_wconf 89' lang='lat' dir='ltr'><strong>non</strong></span> <span class='ocrx_word' id='word_1_669' title='bbox 1492 4589 1732 4641; x_wconf 90' lang='lat' dir='ltr'><strong>omnium</strong></span> <span class='ocrx_word' id='word_1_670' title='bbox 1785 4608 1905 4661; x_wconf 67' lang='lat' dir='ltr'><strong>qua:</strong></span> 
     </span>
    </p>
   </div>
   <div class='ocr_carea' id='block_1_92' title="bbox 340 4665 1902 4740">
    <p class='ocr_par' dir='ltr' id='par_1_92' title="bbox 340 4665 1902 4740">
     <span class='ocr_line' id='line_1_92' title="bbox 340 4665 1902 4740; baseline 0.013 -24"><span class='ocrx_word' id='word_1_671' title='bbox 340 4665 393 4716; x_wconf 89' lang='lat' dir='ltr'><strong>itt</strong></span> <span class='ocrx_word' id='word_1_672' title='bbox 421 4666 822 4735; x_wconf 85' lang='lat' dir='ltr'><strong>gazopltylaciis</strong></span> <span class='ocrx_word' id='word_1_673' title='bbox 851 4667 1073 4735; x_wconf 89' lang='lat' dir='ltr'><strong>fuerint,</strong></span> <span class='ocrx_word' id='word_1_674' title='bbox 1107 4669 1430 4727; x_wconf 82' lang='lat' dir='ltr'><strong>dimidium?</strong></span> <span class='ocrx_word' id='word_1_675' title='bbox 1457 4675 1588 4740; x_wconf 69' lang='lat' dir='ltr'><strong>Qua:</strong></span> <span class='ocrx_word' id='word_1_676' title='bbox 1614 4680 1902 4738; x_wconf 80' lang='lat' dir='ltr'><strong>Alexandri</strong></span> 
     </span>
    </p>
   </div>
   <div class='ocr_carea' id='block_1_93' title="bbox 337 4758 1901 4832">
    <p class='ocr_par' dir='ltr' id='par_1_93' title="bbox 337 4758 1901 4832">
     <span class='ocr_line' id='line_1_93' title="bbox 337 4758 1901 4832; baseline 0.014 -26"><span class='ocrx_word' id='word_1_677' title='bbox 337 4758 503 4813; x_wconf 86' lang='lat' dir='ltr'><strong>verba</strong></span> <span class='ocrx_word' id='word_1_678' title='bbox 530 4773 650 4810; x_wconf 92' lang='lat' dir='ltr'><strong>cum</strong></span> <span class='ocrx_word' id='word_1_679' title='bbox 681 4758 964 4814; x_wconf 88' lang='lat' dir='ltr'><strong>audissent</strong></span> <span class='ocrx_word' id='word_1_680' title='bbox 990 4759 1305 4832; x_wconf 84' lang='lat' dir='ltr'><strong>Cltesnesplt</strong></span> <span class='ocrx_word' id='word_1_681' title='bbox 1335 4776 1388 4819; x_wconf 89' lang='lat' dir='ltr'><strong>et</strong></span> <span class='ocrx_word' id='word_1_682' title='bbox 1415 4768 1702 4824; x_wconf 82' lang='lat' dir='ltr'><strong>Adarsltist</strong></span> <span class='ocrx_word' id='word_1_683' title='bbox 1727 4774 1901 4828; x_wconf 85' lang='lat' dir='ltr'><strong>Adar-</strong></span> 
     </span>
    </p>
   </div>
   <div class='ocr_carea' id='block_1_94' title="bbox 341 4845 1899 4925">
    <p class='ocr_par' dir='ltr' id='par_1_94' title="bbox 341 4845 1899 4925">
     <span class='ocr_line' id='line_1_94' title="bbox 341 4845 1899 4925; baseline 0.012 -27"><span class='ocrx_word' id='word_1_684' title='bbox 341 4845 525 4899; x_wconf 87' lang='lat' dir='ltr'><strong>baebti</strong></span> <span class='ocrx_word' id='word_1_685' title='bbox 562 4845 678 4910; x_wconf 79' lang='lat' dir='ltr'><strong>ﬁlii,</strong></span> <span class='ocrx_word' id='word_1_686' title='bbox 723 4849 817 4916; x_wconf 92' lang='lat' dir='ltr'><strong>qui</strong></span> <span class='ocrx_word' id='word_1_687' title='bbox 847 4849 1176 4906; x_wconf 88' lang='lat' dir='ltr'><strong>satellitibus</strong></span> <span class='ocrx_word' id='word_1_688' title='bbox 1223 4851 1370 4906; x_wconf 89' lang='lat' dir='ltr'><strong>Darii</strong></span> <span class='ocrx_word' id='word_1_689' title='bbox 1408 4854 1537 4925; x_wconf 65' lang='grc' dir='ltr'><strong>μοι,</strong></span> <span class='ocrx_word' id='word_1_690' title='bbox 1568 4858 1720 4924; x_wconf 88' lang='lat' dir='ltr'><strong>juxta</strong></span> <span class='ocrx_word' id='word_1_691' title='bbox 1754 4863 1899 4917; x_wconf 90' lang='lat' dir='ltr'><strong>aliud</strong></span> 
     </span>
    </p>
   </div>
   <div class='ocr_carea' id='block_1_95' title="bbox 335 4935 1898 5018">
    <p class='ocr_par' dir='ltr' id='par_1_95' title="bbox 335 4935 1898 5018">
     <span class='ocr_line' id='line_1_95' title="bbox 335 4935 1898 5018; baseline 0.01 -30"><span class='ocrx_word' id='word_1_692' title='bbox 335 4935 637 5004; x_wconf 80' lang='lat' dir='ltr'><strong>exemplar,</strong></span> <span class='ocrx_word' id='word_1_693' title='bbox 694 4937 1049 5009; x_wconf 81' lang='lat' dir='ltr'><strong>exercitibus]</strong></span> <span class='ocrx_word' id='word_1_694' title='bbox 1102 4951 1392 5008; x_wconf 62' lang='lat' dir='ltr'><strong>praeerant,</strong></span> <span class='ocrx_word' id='word_1_695' title='bbox 1443 4947 1739 5001; x_wconf 90' lang='lat' dir='ltr'><strong>commissa</strong></span> <span class='ocrx_word' id='word_1_696' title='bbox 1785 4949 1898 5018; x_wconf 87' lang='lat' dir='ltr'><strong>jam</strong></span> 
     </span>
    </p>
   </div>
   <div class='ocr_carea' id='block_1_96' title="bbox 332 5027 1900 5100">
    <p class='ocr_par' dir='ltr' id='par_1_96' title="bbox 332 5027 1900 5100">
     <span class='ocr_line' id='line_1_96' title="bbox 332 5027 1900 5100; baseline 0.012 -24"><span class='ocrx_word' id='word_1_697' title='bbox 332 5042 512 5096; x_wconf 88' lang='lat' dir='ltr'><strong>pugna</strong></span> <span class='ocrx_word' id='word_1_698' title='bbox 536 5027 779 5080; x_wconf 79' lang='lat' dir='ltr'><strong>Darium</strong></span> <span class='ocrx_word' id='word_1_699' title='bbox 813 5029 988 5082; x_wconf 87' lang='lat' dir='ltr'><strong>adorti</strong></span> <span class='ocrx_word' id='word_1_700' title='bbox 1023 5031 1214 5098; x_wconf 89' lang='lat' dir='ltr'><strong>gladiis</strong></span> <span class='ocrx_word' id='word_1_701' title='bbox 1252 5034 1634 5100; x_wconf 84' lang='lat' dir='ltr'><strong>confoderunt,</strong></span> <span class='ocrx_word' id='word_1_702' title='bbox 1671 5039 1806 5094; x_wconf 87' lang='lat' dir='ltr'><strong>adeo</strong></span> <span class='ocrx_word' id='word_1_703' title='bbox 1845 5051 1900 5094; x_wconf 92' lang='lat' dir='ltr'><strong>ut</strong></span> 
     </span>
    </p>
   </div>
   <div class='ocr_carea' id='block_1_97' title="bbox 332 5119 1897 5194">
    <p class='ocr_par' dir='ltr' id='par_1_97' title="bbox 332 5119 1897 5194">
     <span class='ocr_line' id='line_1_97' title="bbox 332 5119 1897 5194; baseline 0.01 -24"><span class='ocrx_word' id='word_1_704' title='bbox 332 5134 540 5188; x_wconf 82' lang='lat' dir='ltr'><strong>pronus</strong></span> <span class='ocrx_word' id='word_1_705' title='bbox 583 5119 878 5174; x_wconf 90' lang='lat' dir='ltr'><strong>decideret.</strong></span> <span class='ocrx_word' id='word_1_706' title='bbox 915 5121 1095 5176; x_wconf 64' lang='lat' dir='ltr'><strong>Persa:</strong></span> <span class='ocrx_word' id='word_1_707' title='bbox 1137 5132 1314 5177; x_wconf 90' lang='lat' dir='ltr'><strong>autem</strong></span> <span class='ocrx_word' id='word_1_708' title='bbox 1346 5125 1396 5177; x_wconf 90' lang='lat' dir='ltr'><strong>in</strong></span> <span class='ocrx_word' id='word_1_709' title='bbox 1426 5124 1605 5194; x_wconf 88' lang='lat' dir='ltr'><strong>fugam</strong></span> <span class='ocrx_word' id='word_1_710' title='bbox 1650 5135 1897 5187; x_wconf 85' lang='lat' dir='ltr'><strong>conversi</strong></span> 
     </span>
    </p>
   </div>
   <div class='ocr_carea' id='block_1_98' title="bbox 331 5212 1894 5298">
    <p class='ocr_par' dir='ltr' id='par_1_98' title="bbox 331 5212 1894 5298">
     <span class='ocr_line' id='line_1_98' title="bbox 331 5212 1894 5298; baseline 0.012 -38"><span class='ocrx_word' id='word_1_711' title='bbox 331 5220 455 5266; x_wconf 85' lang='lat' dir='ltr'><strong>sunt</strong></span> <span class='ocrx_word' id='word_1_712' title='bbox 497 5225 688 5279; x_wconf 88' lang='lat' dir='ltr'><strong>magna</strong></span> <span class='ocrx_word' id='word_1_713' title='bbox 720 5212 965 5280; x_wconf 91' lang='lat' dir='ltr'><strong>ipsorum</strong></span> <span class='ocrx_word' id='word_1_714' title='bbox 1017 5225 1204 5283; x_wconf 88' lang='lat' dir='ltr'><strong>strage</strong></span> <span class='ocrx_word' id='word_1_715' title='bbox 1234 5216 1398 5271; x_wconf 89' lang='lat' dir='ltr'><strong>edita.</strong></span> <span class='ocrx_word' id='word_1_716' title='bbox 1432 5219 1736 5298; x_wconf 80' lang='lat' dir='ltr'><strong>Alexander</strong></span> <span class='ocrx_word' id='word_1_717' title='bbox 1769 5241 1894 5280; x_wconf 85' lang='lat' dir='ltr'><strong>vero</strong></span> 
     </span>
    </p>
   </div>
   <div class='ocr_carea' id='block_1_99' title="bbox 331 5296 1888 5381">
    <p class='ocr_par' dir='ltr' id='par_1_99' title="bbox 331 5296 1888 5381">
     <span class='ocr_line' id='line_1_99' title="bbox 331 5296 1888 5381; baseline 0.01 -27"><span class='ocrx_word' id='word_1_718' title='bbox 331 5305 421 5357; x_wconf 89' lang='lat' dir='ltr'><strong>ttbi</strong></span> <span class='ocrx_word' id='word_1_719' title='bbox 464 5305 530 5358; x_wconf 86' lang='lat' dir='ltr'><strong>ad</strong></span> <span class='ocrx_word' id='word_1_720' title='bbox 563 5304 783 5358; x_wconf 85' lang='lat' dir='ltr'><strong>Darium</strong></span> <span class='ocrx_word' id='word_1_721' title='bbox 822 5319 885 5359; x_wconf 90' lang='lat' dir='ltr'><strong>eo</strong></span> <span class='ocrx_word' id='word_1_722' title='bbox 936 5306 1096 5359; x_wconf 90' lang='lat' dir='ltr'><strong>modo</strong></span> <span class='ocrx_word' id='word_1_723' title='bbox 1126 5324 1184 5360; x_wconf 88' lang='lat' dir='ltr'><strong>se</strong></span> <span class='ocrx_word' id='word_1_724' title='bbox 1213 5296 1501 5363; x_wconf 80' lang='lat' dir='ltr'><strong>habentem</strong></span> <span class='ocrx_word' id='word_1_725' title='bbox 1528 5296 1888 5381; x_wconf 84' lang='lat' dir='ltr'><strong>pervenisset,</strong></span> 
     </span>
    </p>
   </div>
   <div class='ocr_carea' id='block_1_100' title="bbox 332 5395 1893 5469">
    <p class='ocr_par' dir='ltr' id='par_1_100' title="bbox 332 5395 1893 5469">
     <span class='ocr_line' id='line_1_100' title="bbox 332 5395 1893 5469; baseline 0.007 -22"><span class='ocrx_word' id='word_1_726' title='bbox 332 5395 494 5464; x_wconf 81' lang='lat'><strong>276</strong></span> <span class='ocrx_word' id='word_1_727' title='bbox 527 5410 666 5463; x_wconf 90' lang='lat' dir='ltr'><strong>equo</strong></span> <span class='ocrx_word' id='word_1_728' title='bbox 691 5395 1032 5450; x_wconf 89' lang='lat' dir='ltr'><strong>descendens</strong></span> <span class='ocrx_word' id='word_1_729' title='bbox 1063 5395 1206 5451; x_wconf 89' lang='lat' dir='ltr'><strong>Darii</strong></span> <span class='ocrx_word' id='word_1_730' title='bbox 1239 5408 1409 5467; x_wconf 86' lang='lat' dir='ltr'><strong>eaput-</strong></span> <span class='ocrx_word' id='word_1_731' title='bbox 1430 5403 1633 5469; x_wconf 88' lang='lat' dir='ltr'><strong>gremio</strong></span> <span class='ocrx_word' id='word_1_732' title='bbox 1662 5419 1762 5458; x_wconf 92' lang='lat' dir='ltr'><strong>suo</strong></span> <span class='ocrx_word' id='word_1_733' title='bbox 1795 5407 1893 5458; x_wconf 80' lang='lat' dir='ltr'><strong>im-</strong></span> 
     </span>
    </p>
   </div>
   <div class='ocr_carea' id='block_1_101' title="bbox 337 5478 1889 5564">
    <p class='ocr_par' dir='ltr' id='par_1_101' title="bbox 337 5478 1889 5564">
     <span class='ocr_line' id='line_1_101' title="bbox 337 5478 1889 5564; baseline 0.007 -26"><span class='ocrx_word' id='word_1_734' title='bbox 337 5478 538 5555; x_wconf 72' lang='lat' dir='ltr'><strong>posuit,</strong></span> <span class='ocrx_word' id='word_1_735' title='bbox 563 5486 920 5554; x_wconf 84' lang='lat' dir='ltr'><strong>abstersaque</strong></span> <span class='ocrx_word' id='word_1_736' title='bbox 951 5486 1087 5539; x_wconf 90' lang='lat' dir='ltr'><strong>facie</strong></span> <span class='ocrx_word' id='word_1_737' title='bbox 1113 5495 1166 5540; x_wconf 87' lang='lat' dir='ltr'><strong>et</strong></span> <span class='ocrx_word' id='word_1_738' title='bbox 1195 5490 1413 5543; x_wconf 90' lang='lat' dir='ltr'><strong>vulnere</strong></span> <span class='ocrx_word' id='word_1_739' title='bbox 1441 5490 1683 5560; x_wconf 85' lang='lat' dir='ltr'><strong>alligato,</strong></span> <span class='ocrx_word' id='word_1_740' title='bbox 1719 5497 1889 5564; x_wconf 89' lang='lat' dir='ltr'><strong>ipsum</strong></span> 
     </span>
    </p>
   </div>
   <div class='ocr_carea' id='block_1_102' title="bbox 2011 4576 3576 4656">
    <p class='ocr_par' dir='ltr' id='par_1_102' title="bbox 2011 4576 3576 4656">
     <span class='ocr_line' id='line_1_102' title="bbox 2011 4576 3576 4656; baseline 0.009 -25"><span class='ocrx_word' id='word_1_741' title='bbox 2011 4576 2170 4631; x_wconf 77' lang='lat' dir='ltr'><strong>saviis</strong></span> <span class='ocrx_word' id='word_1_742' title='bbox 2204 4577 2396 4631; x_wconf 89' lang='lat' dir='ltr'><strong>donari</strong></span> <span class='ocrx_word' id='word_1_743' title='bbox 2426 4578 2648 4646; x_wconf 86' lang='lat' dir='ltr'><strong>jubens,</strong></span> <span class='ocrx_word' id='word_1_744' title='bbox 2693 4580 2844 4652; x_wconf 90' lang='lat' dir='ltr'><strong>ipsos</strong></span> <span class='ocrx_word' id='word_1_745' title='bbox 2877 4587 2926 4636; x_wconf 95' lang='lat' dir='ltr'><strong>in</strong></span> <span class='ocrx_word' id='word_1_746' title='bbox 2965 4585 3157 4640; x_wconf 89' lang='lat' dir='ltr'><strong>iisdem</strong></span> <span class='ocrx_word' id='word_1_747' title='bbox 3194 4591 3391 4656; x_wconf 85' lang='lat' dir='ltr'><strong>quibus</strong></span> <span class='ocrx_word' id='word_1_748' title='bbox 3421 4603 3576 4645; x_wconf 87' lang='lat' dir='ltr'><strong>erant</strong></span> 
     </span>
    </p>
   </div>
   <div class='ocr_carea' id='block_1_103' title="bbox 2009 4668 3573 4752">
    <p class='ocr_par' dir='ltr' id='par_1_103' title="bbox 2009 4668 3573 4752">
     <span class='ocr_line' id='line_1_103' title="bbox 2009 4668 3573 4752; baseline 0.01 -30"><span class='ocrx_word' id='word_1_749' title='bbox 2009 4668 2340 4738; x_wconf 88' lang='lat' dir='ltr'><strong>dignitatum</strong></span> <span class='ocrx_word' id='word_1_750' title='bbox 2411 4671 2671 4740; x_wconf 85' lang='lat' dir='ltr'><strong>gradibus</strong></span> <span class='ocrx_word' id='word_1_751' title='bbox 2725 4675 3061 4729; x_wconf 85' lang='lat' dir='ltr'><strong>confirmavit</strong></span> <span class='ocrx_word' id='word_1_752' title='bbox 3122 4697 3134 4732; x_wconf 88' lang='lat'><strong>:</strong></span> <span class='ocrx_word' id='word_1_753' title='bbox 3182 4696 3350 4748; x_wconf 89' lang='lat' dir='ltr'><strong>quare</strong></span> <span class='ocrx_word' id='word_1_754' title='bbox 3397 4683 3573 4752; x_wconf 90' lang='lat' dir='ltr'><strong>ipsum</strong></span> 
     </span>
    </p>
   </div>
   <div class='ocr_carea' id='block_1_104' title="bbox 2007 4761 3571 4828">
    <p class='ocr_par' dir='ltr' id='par_1_104' title="bbox 2007 4761 3571 4828">
     <span class='ocr_line' id='line_1_104' title="bbox 2007 4761 3571 4828; baseline 0.009 -17"><span class='ocrx_word' id='word_1_755' title='bbox 2007 4773 2194 4812; x_wconf 89' lang='lat' dir='ltr'><strong>amore</strong></span> <span class='ocrx_word' id='word_1_756' title='bbox 2261 4761 2539 4826; x_wconf 86' lang='lat' dir='ltr'><strong>prosecuti</strong></span> <span class='ocrx_word' id='word_1_757' title='bbox 2605 4771 2755 4826; x_wconf 89' lang='lat' dir='ltr'><strong>sunt,</strong></span> <span class='ocrx_word' id='word_1_758' title='bbox 2813 4779 2876 4818; x_wconf 86' lang='lat' dir='ltr'><strong>ac</strong></span> <span class='ocrx_word' id='word_1_759' title='bbox 2939 4771 3393 4822; x_wconf 87' lang='lat' dir='ltr'><strong>consuetudinem</strong></span> <span class='ocrx_word' id='word_1_760' title='bbox 3453 4789 3571 4828; x_wconf 86' lang='lat' dir='ltr'><strong>cum</strong></span> 
     </span>
    </p>
   </div>
   <div class='ocr_carea' id='block_1_105' title="bbox 2005 4850 3568 4928">
    <p class='ocr_par' dir='ltr' id='par_1_105' title="bbox 2005 4850 3568 4928">
     <span class='ocr_line' id='line_1_105' title="bbox 2005 4850 3568 4928; baseline 0.009 -25"><span class='ocrx_word' id='word_1_761' title='bbox 2005 4850 2123 4918; x_wconf 90' lang='lat' dir='ltr'><strong>ipso</strong></span> <span class='ocrx_word' id='word_1_762' title='bbox 2158 4850 2487 4903; x_wconf 85' lang='lat' dir='ltr'><strong>habuerunt.</strong></span> <span class='ocrx_word' id='word_1_763' title='bbox 2538 4851 2793 4908; x_wconf 91' lang='lat' dir='ltr'><strong>Invitavit</strong></span> <span class='ocrx_word' id='word_1_764' title='bbox 2827 4856 2989 4910; x_wconf 90' lang='lat' dir='ltr'><strong>etiam</strong></span> <span class='ocrx_word' id='word_1_765' title='bbox 3023 4873 3214 4912; x_wconf 89' lang='lat' dir='ltr'><strong>eorum</strong></span> <span class='ocrx_word' id='word_1_766' title='bbox 3248 4877 3383 4928; x_wconf 86' lang='lat' dir='ltr'><strong>quos</strong></span> <span class='ocrx_word' id='word_1_767' title='bbox 3419 4864 3568 4917; x_wconf 83' lang='lat' dir='ltr'><strong>libuit</strong></span> 
     </span>
    </p>
   </div>
   <div class='ocr_carea' id='block_1_106' title="bbox 2006 4942 3566 5025">
    <p class='ocr_par' dir='ltr' id='par_1_106' title="bbox 2006 4942 3566 5025">
     <span class='ocr_line' id='line_1_106' title="bbox 2006 4942 3566 5025; baseline 0.012 -32"><span class='ocrx_word' id='word_1_768' title='bbox 2006 4943 2069 4995; x_wconf 92' lang='lat' dir='ltr'><strong>ad</strong></span> <span class='ocrx_word' id='word_1_769' title='bbox 2114 4942 2325 4996; x_wconf 82' lang='lat' dir='ltr'><strong>Indiam</strong></span> <span class='ocrx_word' id='word_1_770' title='bbox 2375 4946 2542 5014; x_wconf 77' lang='lat'><strong>280</strong></span> <span class='ocrx_word' id='word_1_771' title='bbox 2586 4948 2984 5014; x_wconf 84' lang='lat' dir='ltr'><strong>invadendant,‘</strong></span> <span class='ocrx_word' id='word_1_772' title='bbox 3023 4955 3114 5022; x_wconf 90' lang='lat' dir='ltr'><strong>qui</strong></span> <span class='ocrx_word' id='word_1_773' title='bbox 3147 4970 3275 5024; x_wconf 86' lang='lat' dir='ltr'><strong>ergo</strong></span> <span class='ocrx_word' id='word_1_774' title='bbox 3308 4959 3404 5025; x_wconf 91' lang='lat' dir='ltr'><strong>ipsi</strong></span> <span class='ocrx_word' id='word_1_775' title='bbox 3441 4974 3566 5024; x_wconf 88' lang='lat' dir='ltr'><strong>ope-</strong></span> 
     </span>
    </p>
   </div>
   <div class='ocr_carea' id='block_1_107' title="bbox 2003 5037 3563 5118">
    <p class='ocr_par' dir='ltr' id='par_1_107' title="bbox 2003 5037 3563 5118">
     <span class='ocr_line' id='line_1_107' title="bbox 2003 5037 3563 5118; baseline 0.011 -32"><span class='ocrx_word' id='word_1_776' title='bbox 2003 5049 2116 5089; x_wconf 91' lang='lat' dir='ltr'><strong>ram</strong></span> <span class='ocrx_word' id='word_1_777' title='bbox 2150 5037 2356 5090; x_wconf 88' lang='lat' dir='ltr'><strong>alacres</strong></span> <span class='ocrx_word' id='word_1_778' title='bbox 2402 5052 2467 5090; x_wconf 86' lang='lat' dir='ltr'><strong>ac</strong></span> <span class='ocrx_word' id='word_1_779' title='bbox 2517 5039 2621 5092; x_wconf 63' lang='lat' dir='ltr'><strong>laeti</strong></span> <span class='ocrx_word' id='word_1_780' title='bbox 2677 5045 3072 5108; x_wconf 67' lang='lat' dir='ltr'><strong>prrestiterunt.</strong></span> <span class='ocrx_word' id='word_1_781' title='bbox 3130 5047 3200 5099; x_wconf 89' lang='lat' dir='ltr'><strong>Ita</strong></span> <span class='ocrx_word' id='word_1_782' title='bbox 3253 5049 3302 5099; x_wconf 94' lang='lat' dir='ltr'><strong>in</strong></span> <span class='ocrx_word' id='word_1_783' title='bbox 3360 5061 3563 5118; x_wconf 69' lang='lat' dir='ltr'><strong>septem</strong></span> 
     </span>
    </p>
   </div>
   <div class='ocr_carea' id='block_1_108' title="bbox 2002 5127 3110 5199">
    <p class='ocr_par' dir='ltr' id='par_1_108' title="bbox 2002 5127 3110 5199">
     <span class='ocr_line' id='line_1_108' title="bbox 2002 5127 3110 5199; baseline 0.01 -21"><span class='ocrx_word' id='word_1_784' title='bbox 2002 5127 2218 5180; x_wconf 86' lang='lat' dir='ltr'><strong>climata</strong></span> <span class='ocrx_word' id='word_1_785' title='bbox 2250 5143 2416 5198; x_wconf 88' lang='lat' dir='ltr'><strong>regno</strong></span> <span class='ocrx_word' id='word_1_786' title='bbox 2447 5130 2648 5199; x_wconf 86' lang='lat' dir='ltr'><strong>potitus</strong></span> <span class='ocrx_word' id='word_1_787' title='bbox 2679 5143 2763 5184; x_wconf 89' lang='lat' dir='ltr'><strong>est</strong></span> <span class='ocrx_word' id='word_1_788' title='bbox 2789 5134 3110 5190; x_wconf 85' lang='lat' dir='ltr'><strong>Alexander.</strong></span> 
     </span>
    </p>
   </div>
   <div class='ocr_carea' id='block_1_109' title="bbox 2066 5216 3553 5298">
    <p class='ocr_par' dir='ltr' id='par_1_109' title="bbox 2066 5216 3553 5298">
     <span class='ocr_line' id='line_1_109' title="bbox 2066 5216 3553 5298; baseline 0.009 -27"><span class='ocrx_word' id='word_1_789' title='bbox 2066 5218 2242 5273; x_wconf 83' lang='lat' dir='ltr'><strong>Jama</strong></span> <span class='ocrx_word' id='word_1_790' title='bbox 2276 5216 2587 5289; x_wconf 82' lang='lat' dir='ltr'><strong>captivitate</strong></span> <span class='ocrx_word' id='word_1_791' title='bbox 2647 5224 2969 5294; x_wconf 84' lang='lat' dir='ltr'><strong>Babylonica</strong></span> <span class='ocrx_word' id='word_1_792' title='bbox 3034 5228 3098 5281; x_wconf 91' lang='lat' dir='ltr'><strong>ad</strong></span> <span class='ocrx_word' id='word_1_793' title='bbox 3148 5245 3373 5298; x_wconf 87' lang='lat' dir='ltr'><strong>regnum</strong></span> <span class='ocrx_word' id='word_1_794' title='bbox 3429 5237 3553 5286; x_wconf 78' lang='lat' dir='ltr'><strong>Ale—</strong></span> 
     </span>
    </p>
   </div>
   <div class='ocr_carea' id='block_1_110' title="bbox 1997 5311 3559 5393">
    <p class='ocr_par' dir='ltr' id='par_1_110' title="bbox 1997 5311 3559 5393">
     <span class='ocr_line' id='line_1_110' title="bbox 1997 5311 3559 5393; baseline 0.009 -31"><span class='ocrx_word' id='word_1_795' title='bbox 1997 5311 2182 5363; x_wconf 85' lang='lat' dir='ltr'><strong>xandri</strong></span> <span class='ocrx_word' id='word_1_796' title='bbox 2217 5313 2344 5364; x_wconf 91' lang='lat' dir='ltr'><strong>anni</strong></span> <span class='ocrx_word' id='word_1_797' title='bbox 2369 5322 2497 5365; x_wconf 87' lang='lat' dir='ltr'><strong>sunt</strong></span> <span class='ocrx_word' id='word_1_798' title='bbox 2523 5312 2738 5367; x_wconf 88' lang='lat' dir='ltr'><strong>ducenti</strong></span> <span class='ocrx_word' id='word_1_799' title='bbox 2774 5317 3051 5384; x_wconf 84' lang='lat' dir='ltr'><strong>sexaginta</strong></span> <span class='ocrx_word' id='word_1_800' title='bbox 3105 5327 3236 5372; x_wconf 91' lang='lat' dir='ltr'><strong>tres.</strong></span> <span class='ocrx_word' id='word_1_801' title='bbox 3297 5325 3340 5374; x_wconf 81' lang='grc' dir='ltr'>Α</span> <span class='ocrx_word' id='word_1_802' title='bbox 3397 5340 3559 5393; x_wconf 82' lang='lat' dir='ltr'><strong>regno</strong></span> 
     </span>
    </p>
   </div>
   <div class='ocr_carea' id='block_1_111' title="bbox 1999 5398 3561 5472">
    <p class='ocr_par' dir='ltr' id='par_1_111' title="bbox 1999 5398 3561 5472">
     <span class='ocr_line' id='line_1_111' title="bbox 1999 5398 3561 5472; baseline 0.011 -23"><span class='ocrx_word' id='word_1_803' title='bbox 1999 5398 2245 5466; x_wconf 87' lang='lat' dir='ltr'><strong>Davidis,</strong></span> <span class='ocrx_word' id='word_1_804' title='bbox 2283 5404 2609 5470; x_wconf 88' lang='lat' dir='ltr'><strong>septingenti</strong></span> <span class='ocrx_word' id='word_1_805' title='bbox 2666 5405 3046 5472; x_wconf 88' lang='lat' dir='ltr'><strong>quadraginta.</strong></span> <span class='ocrx_word' id='word_1_806' title='bbox 3087 5409 3168 5461; x_wconf 88' lang='lat' dir='ltr'><strong>Ab</strong></span> <span class='ocrx_word' id='word_1_807' title='bbox 3202 5413 3345 5464; x_wconf 82' lang='lat' dir='ltr'><strong>exitu</strong></span> <span class='ocrx_word' id='word_1_808' title='bbox 3397 5414 3561 5466; x_wconf 84' lang='lat' dir='ltr'><strong>Israe-</strong></span> 
     </span>
    </p>
   </div>
   <div class='ocr_carea' id='block_1_112' title="bbox 1999 5490 3554 5569">
    <p class='ocr_par' dir='ltr' id='par_1_112' title="bbox 1999 5490 3554 5569">
     <span class='ocr_line' id='line_1_112' title="bbox 1999 5490 3554 5569; baseline 0.008 -28"><span class='ocrx_word' id='word_1_809' title='bbox 1999 5490 2218 5544; x_wconf 87' lang='lat' dir='ltr'><strong>lilarunt</strong></span> <span class='ocrx_word' id='word_1_810' title='bbox 2248 5508 2311 5545; x_wconf 83' lang='lat' dir='ltr'><strong>ex</strong></span> <span class='ocrx_word' id='word_1_811' title='bbox 2342 5492 2596 5562; x_wconf 66' lang='lat' dir='ltr'><strong>Aﬂgyplo,</strong></span> <span class='ocrx_word' id='word_1_812' title='bbox 2626 5496 2771 5547; x_wconf 82' lang='lat' dir='ltr'><strong>mille</strong></span> <span class='ocrx_word' id='word_1_813' title='bbox 2799 5498 3022 5549; x_wconf 87' lang='lat' dir='ltr'><strong>trecenti</strong></span> <span class='ocrx_word' id='word_1_814' title='bbox 3056 5499 3415 5569; x_wconf 83' lang='lat' dir='ltr'><strong>quadraginta</strong></span> <span class='ocrx_word' id='word_1_815' title='bbox 3444 5517 3554 5556; x_wconf 82' lang='lat' dir='ltr'><strong>sex.</strong></span> 
     </span>
    </p>
   </div>
   <div class='ocr_carea' id='block_1_113' title="bbox 328 5576 1888 5652">
    <p class='ocr_par' dir='ltr' id='par_1_113' title="bbox 328 5576 1888 5652">
     <span class='ocr_line' id='line_1_113' title="bbox 328 5576 1888 5652; baseline 0.007 -25"><span class='ocrx_word' id='word_1_816' title='bbox 328 5578 604 5631; x_wconf 88' lang='lat' dir='ltr'><strong>osculatus</strong></span> <span class='ocrx_word' id='word_1_817' title='bbox 631 5587 680 5631; x_wconf 91' lang='lat' dir='ltr'><strong>et</strong></span> <span class='ocrx_word' id='word_1_818' title='bbox 712 5578 764 5629; x_wconf 90' lang='lat' dir='ltr'><strong>in</strong></span> <span class='ocrx_word' id='word_1_819' title='bbox 795 5576 1063 5643; x_wconf 82' lang='lat' dir='ltr'><strong>Iaerymas</strong></span> <span class='ocrx_word' id='word_1_820' title='bbox 1097 5579 1347 5646; x_wconf 91' lang='lat' dir='ltr'><strong>profusus</strong></span> <span class='ocrx_word' id='word_1_821' title='bbox 1378 5582 1513 5634; x_wconf 89' lang='lat' dir='ltr'><strong>dixit</strong></span> <span class='ocrx_word' id='word_1_822' title='bbox 1541 5601 1552 5635; x_wconf 86' lang='lat'><strong>:</strong></span> <span class='ocrx_word' id='word_1_823' title='bbox 1588 5582 1729 5639; x_wconf 82' lang='lat' dir='ltr'><strong>Laus</strong></span> <span class='ocrx_word' id='word_1_824' title='bbox 1766 5587 1888 5652; x_wconf 78' lang='lat' dir='ltr'><strong>Deo,</strong></span> 
     </span>
    </p>
   </div>
   <div class='ocr_carea' id='block_1_114' title="bbox 329 5667 3547 5751">
    <p class='ocr_par' dir='ltr' id='par_1_114' title="bbox 329 5667 3547 5751">
     <span class='ocr_line' id='line_1_114' title="bbox 329 5667 3547 5751; baseline 0.005 -32"><span class='ocrx_word' id='word_1_825' title='bbox 329 5670 418 5736; x_wconf 90' lang='lat' dir='ltr'><strong>qtti</strong></span> <span class='ocrx_word' id='word_1_826' title='bbox 457 5676 507 5722; x_wconf 85' lang='lat' dir='ltr'><strong>te</strong></span> <span class='ocrx_word' id='word_1_827' title='bbox 542 5667 772 5721; x_wconf 88' lang='lat' dir='ltr'><strong>interﬁci</strong></span> <span class='ocrx_word' id='word_1_828' title='bbox 827 5667 994 5721; x_wconf 88' lang='lat' dir='ltr'><strong>uoluit</strong></span> <span class='ocrx_word' id='word_1_829' title='bbox 1026 5684 1054 5720; x_wconf 88' lang='lat' dir='ltr'><strong>a</strong></span> <span class='ocrx_word' id='word_1_830' title='bbox 1103 5670 1359 5722; x_wconf 88' lang='lat' dir='ltr'><strong>comitum</strong></span> <span class='ocrx_word' id='word_1_831' title='bbox 1396 5687 1639 5727; x_wconf 88' lang='lat' dir='ltr'><strong>meorum</strong></span> <span class='ocrx_word' id='word_1_832' title='bbox 1674 5677 1888 5744; x_wconf 80' lang='lat' dir='ltr'><strong>aliquo;</strong></span> <span class='ocrx_word' id='word_1_833' title='bbox 1993 5677 2035 5726; x_wconf 81' lang='grc' dir='ltr'><strong>Α</strong></span> <span class='ocrx_word' id='word_1_834' title='bbox 2065 5674 2321 5738; x_wconf 77' lang='lat' dir='ltr'><strong>Pltaleko,</strong></span> <span class='ocrx_word' id='word_1_835' title='bbox 2376 5677 2455 5728; x_wconf 88' lang='lat' dir='ltr'><strong>bis</strong></span> <span class='ocrx_word' id='word_1_836' title='bbox 2490 5677 2635 5728; x_wconf 88' lang='lat' dir='ltr'><strong>ntille</strong></span> <span class='ocrx_word' id='word_1_837' title='bbox 2688 5680 2913 5731; x_wconf 85' lang='lat' dir='ltr'><strong>trecenti</strong></span> <span class='ocrx_word' id='word_1_838' title='bbox 2971 5685 3262 5751; x_wconf 73' lang='lat' dir='ltr'><strong>nonaginta</strong></span> <span class='ocrx_word' id='word_1_839' title='bbox 3299 5693 3547 5748; x_wconf 63' lang='lat' dir='ltr'><strong>quatuor.</strong></span> 
     </span>
    </p>
   </div>
   <div class='ocr_carea' id='block_1_115' title="bbox 329 5757 3540 5849">
    <p class='ocr_par' dir='ltr' id='par_1_115' title="bbox 329 5757 3540 5849">
     <span class='ocr_line' id='line_1_115' title="bbox 329 5757 3540 5849; baseline 0.007 -46"><span class='ocrx_word' id='word_1_840' title='bbox 329 5767 442 5812; x_wconf 74' lang='lat' dir='ltr'><strong>erat</strong></span> <span class='ocrx_word' id='word_1_841' title='bbox 481 5760 599 5822; x_wconf 80' lang='lat' dir='ltr'><strong>hoc,</strong></span> <span class='ocrx_word' id='word_1_842' title='bbox 635 5757 775 5825; x_wconf 83' lang='lat' dir='ltr'><strong>quod</strong></span> <span class='ocrx_word' id='word_1_843' title='bbox 802 5759 1447 5829; x_wconf 68' lang='lat' dir='ltr'><strong>vitlemus,_pr:Bscicntia</strong></span> <span class='ocrx_word' id='word_1_844' title='bbox 1481 5764 1569 5818; x_wconf 86' lang='lat' dir='ltr'><strong>Dei</strong></span> <span class='ocrx_word' id='word_1_845' title='bbox 1606 5766 1889 5836; x_wconf 71' lang='grc' dir='ltr'><strong>[ιῖρισεῐιηὶ-</strong></span> <span class='ocrx_word' id='word_1_846' title='bbox 1994 5772 2034 5820; x_wconf 80' lang='grc' dir='ltr'>Α</span> <span class='ocrx_word' id='word_1_847' title='bbox 2068 5769 2293 5832; x_wconf 80' lang='lat' dir='ltr'><strong>diluvio,</strong></span> <span class='ocrx_word' id='word_1_848' title='bbox 2340 5767 2420 5819; x_wconf 83' lang='lat' dir='ltr'><strong>bis</strong></span> <span class='ocrx_word' id='word_1_849' title='bbox 2456 5767 2600 5820; x_wconf 77' lang='lat' dir='ltr'><strong>mille</strong></span> <span class='ocrx_word' id='word_1_850' title='bbox 2641 5771 2897 5837; x_wconf 79' lang='lat' dir='ltr'><strong>nongenti</strong></span> <span class='ocrx_word' id='word_1_851' title='bbox 2945 5773 3125 5839; x_wconf 80' lang='lat' dir='ltr'><strong>viginti</strong></span> <span class='ocrx_word' id='word_1_852' title='bbox 3165 5774 3419 5849; x_wconf 69' lang='lat' dir='ltr'><strong>quinque.</strong></span> <span class='ocrx_word' id='word_1_853' title='bbox 3463 5772 3540 5827; x_wconf 81' lang='lat' dir='ltr'><strong>Ab</strong></span> 
     </span>
    </p>
   </div>
   <div class='ocr_carea' id='block_1_116' title="bbox 645 5852 3131 5922">
    <p class='ocr_par' dir='ltr' id='par_1_116' title="bbox 645 5852 3131 5922">
     <span class='ocr_line' id='line_1_116' title="bbox 645 5852 3131 5922; baseline 0.004 -12"><span class='ocrx_word' id='word_1_854' title='bbox 645 5853 912 5910; x_wconf 73' lang='lat' dir='ltr'><strong>I’A&#39;rROL.</strong></span> <span class='ocrx_word' id='word_1_855' title='bbox 955 5854 1065 5909; x_wconf 75' lang='lat' dir='ltr'><strong>(in.</strong></span> <span class='ocrx_word' id='word_1_856' title='bbox 1107 5852 1264 5911; x_wconf 79' lang='lat' dir='ltr'><strong>CXI.</strong></span> <span class='ocrx_word' id='word_1_857' title='bbox 3067 5861 3131 5922; x_wconf 81' lang='lat' dir='ltr'><strong>3i</strong></span> 
     </span>
    </p>
   </div>
   <div class='ocr_carea' id='block_1_117' title="bbox 1995 5583 3554 5661">
    <p class='ocr_par' dir='ltr' id='par_1_117' title="bbox 1995 5583 3554 5661">
     <span class='ocr_line' id='line_1_117' title="bbox 1995 5583 3554 5661; baseline 0.009 -28"><span class='ocrx_word' id='word_1_858' title='bbox 1995 5583 2074 5635; x_wconf 81' lang='lat' dir='ltr'><strong>Ab</strong></span> <span class='ocrx_word' id='word_1_859' title='bbox 2107 5584 2438 5648; x_wconf 82' lang='lat' dir='ltr'><strong>Abraltanto,</strong></span> <span class='ocrx_word' id='word_1_860' title='bbox 2473 5587 2615 5637; x_wconf 89' lang='lat' dir='ltr'><strong>mille</strong></span> <span class='ocrx_word' id='word_1_861' title='bbox 2650 5589 2948 5655; x_wconf 88' lang='lat' dir='ltr'><strong>octingenti</strong></span> <span class='ocrx_word' id='word_1_862' title='bbox 2985 5591 3371 5661; x_wconf 76' lang='lat' dir='ltr'><strong>quinquaginta</strong></span> <span class='ocrx_word' id='word_1_863' title='bbox 3420 5603 3554 5651; x_wconf 81' lang='lat' dir='ltr'><strong>tres.</strong></span> 
     </span>
    </p>
   </div>
  </div>
