4138 6462
522 263 622 330 971

1529 250 1896 316 EUTYCilil
1926 243 2459 308 ALEXANDRINI
2504 242 2719 302 I'ATR.

3657 237 3760 304 972

525 383 758 437 Adamn,
791 371 1085 442 quinquies
1141 369 1290 423 mille
1317 373 1534 422 centum
1592 362 1870 431 octoginta
1937 371 2098 410 intus.
2132 361 2182 418 Α
2214 374 2230 408 α
2272 353 2460 418 tendo,
2494 367 2560 406 ne
2595 350 2905 405 dominetur
2946 347 3041 400 tibi
3073 348 3316 401 tristitia.
3361 347 3590 416 Scripta:
3637 361 3759 407 sum

521 466 815 521 Alexandri
849 472 1155 532 praeceptor
1212 457 1665 514 fuitAristotcies
1717 449 2092 521 philosophus.

523 556 647 610 Fuit
673 555 837 609 etiam
873 551 1105 607 Athenis
1157 550 1382 620 sapiens
1411 548 1634 602 nomine
1673 543 1958 611 Diogenes.
2002 539 2100 591 De-

521 649 656 701 vicit
711 661 843 713 ergo
895 641 1207 698 Alexander
1263 639 1534 707 regiones.
1585 636 1952 702 suberantquc
1995 630 2097 699 ipsi

522 741 839 795 Graecorum
908 751 1064 807 reges
1119 731 1407 794 tredecim,
1437 727 1695 785 tredecim
1735 726 1900 780 etiam
1937 723 2100 777 urbes

522 832 790 897 condidit,
817 844 1047 899 quarum
1069 827 1190 881 alia:
1219 826 1274 879 in
1298 823 1614 885 Occidente,
1639 820 1756 873 aliae
1774 819 1824 872 in
1858 815 2097 870 Oriente.

523 923 670 979 Belia
703 922 867 978 etiam
921 920 1115 990 gessit,
1153 932 1217 971 ac
1273 917 1537 969 victorias
1568 913 1872 982 reportavit
1913 911 2100 978 quales

525 1030 708 1086 tegunt
738 1012 961 1085 [praeter
1016 1007 1220 1081 ipsum]
1262 1020 1444 1062 nemo.
1505 1001 1702 1059 Urbem
1753 1000 1918 1054 etiam
1969 1013 2101 1052 eon-

522 1111 659 1166 didit
695 1122 860 1179 quam
893 1106 961 1162 de
994 1105 1217 1160 nomine
1267 1116 1368 1158 suo
1423 1093 1809 1154 Alexandriam
1865 1089 2102 1160 appella-

523 1203 633 1268 vit;
671 1200 737 1256 ad
775 1211 938 1267 quam
998 1212 1028 1249 a
1084 1190 1402 1250 Macedonia
1453 1185 1741 1256 imperium
1797 1180 2100 1236 transtulit.

524 1293 760 1346 Pharum
795 1289 959 1343 etiam
1009 1282 1356 1341 Alexandriae
1383 1276 1676 1338 exstruxit,
1713 1287 1878 1342 quam
1921 1269 2106 1324 omni-

522 1387 626 1440 bus
653 1379 1042 1452 navigantibus
1076 1377 1132 1432 in
1165 1375 1408 1444 signum,
1456 1383 1566 1440 quo
1616 1366 1683 1421 ad
1709 1363 2100 1420 Alexandriam

520 1474 914 1542 dirigerentur,
948 1469 1156 1538 posuit.
1182 1463 1481 1532 Postquam
1524 1467 1707 1514 autem
1758 1452 1986 1510 devictis
2020 1465 2105 1505 re-

523 1566 683 1635 gibus
731 1572 786 1618 et
832 1560 1132 1629 subjugato
1178 1554 1386 1610 mundo
1423 1551 1678 1606 Babelem
1739 1544 2100 1617 pervenisset,

2209 467 2226 500 ι
2264 448 2328 502 ad
2361 457 2410 501 te
2437 447 2631 501 littera:
2658 445 2775 497 ista:
2804 457 2956 504 meae,
3009 441 3096 493 die
3145 438 3304 509 hujus
3339 439 3520 492 tnundi
3547 439 3757 504 ultimo,

2209 560 2225 593 ι
2269 539 2436 594 futuri
2471 539 2684 609 primo:
2720 536 2822 588 hac
2852 549 2947 601 spe
2976 542 3034 586 ut
3061 532 3155 585 tibi
3212 532 3278 584 ad
3329 530 3758 586 consolationem

2208 653 2225 685 ι
2268 633 2606 686 inservitum
2649 629 2782 692 sint,
2837 635 3112 696 grauique
3181 624 3390 679 futurae.
3449 622 3526 679 Ne
3583 631 3760 676 autem

2209 745 2228 777 ί
2268 733 2466 778 contra
2489 738 2552 776 ac
2598 723 2795 789 opinor
2827 719 3016 781 facias,
3050 732 3226 787 neque
3277 717 3528 788 spiritum
3582 723 3759 772 meum

2210 840 2226 870 ι
2259 817 2570 873 contristes.
2609 813 2760 867 Vale.
2805 832 2822 863 ι

2275 910 2414 964 Tum
2445 907 2650 977 signari
2682 907 2920 968 litteras,
2979 912 3143 972 atque
3204 901 3270 956 ad
3323 910 3548 954 matrem
3612 913 3760 954 suam

2205 1011 2417 1060 secreto
2449 1000 2588 1054 mitti
2621 998 2788 1067 jussit
2823 1013 2835 1050 :
2873 1011 2936 1050 ac
2965 1010 3088 1050 cum
3117 992 3418 1050 Philemoni
3450 990 3765 1046 consiliario

2205 1109 2327 1158 suo,
2357 1101 2417 1148 ut
2468 1101 2698 1146 mortem
2747 1104 2901 1143 suam
2952 1088 3180 1150 celaret,
3226 1095 3279 1140 et
3329 1083 3595 1140 citissime
3639 1081 3787 1136 Aleo-

2204 1185 2493 1240 xandriam
2530 1185 2654 1248 iret,
2689 1188 3042 1251 praeceperat,
3075 1179 3218 1233 diem
3250 1177 3406 1232 obiit.
3441 1175 3636 1230 Fertur
3664 1189 3764 1229 au-

2207 1287 2315 1332 tem
2345 1273 2742 1337 Alexandrum,
2802 1287 2926 1326 cum
2991 1269 3287 1324 Komosum
3319 1268 3679 1338 pervenisset,
3711 1265 3766 1318 in

2207 1368 2457 1423 morbum
2485 1379 2700 1436 gravem
2729 1363 3006 1424 incidisse,
3043 1377 3153 1430 quo
3177 1359 3436 1414 cominus
3482 1356 3767 1418 laboravit,

2207 1468 2484 1516 crescente
2512 1459 2564 1511 in
2582 1457 2698 1513 dies
2716 1454 3070 1526 285-287
3095 1451 3410 1524 egritudine
3433 1466 3449 1504 :
3474 1459 3773 1503 narratum-

2207 1569 2313 1623 que
2335 1552 2435 1622 ipsi
2461 1567 2492 1607 a
2513 1560 2688 1605 matre
2713 1551 2882 1603 fuisse
2907 1547 3210 1616 astrologos
3229 1559 3349 1598 eunt
3384 1543 3560 1612 primo
3581 1554 3771 1596 nasce—

525 1633 791 1710 venenum
855 1651 932 1704 illi
989 1645 1285 1703 bibendum
1343 1643 1635 1704 dederunt,
1698 1652 1807 1708 quo
1849 1642 2099 1689 mortuus

2216 1655 2359 1702 retur
2385 1644 2614 1708 dixisse,
2638 1641 2960 1696 Moriturum
2988 1639 3160 1707 ipsum
3209 1637 3259 1690 in
3307 1635 3425 1689 loco
3453 1633 3611 1703 cujus
3661 1646 3773 1686 cte-

524 1756 626 1801 est.
690 1742 863 1811 Cujus
911 1753 1079 1794 causa
1135 1737 1260 1802 fuit,
1312 1733 1456 1805 quod
1521 1745 1646 1786 cum
1697 1737 1873 1782 mater
1924 1722 2097 1794 ipsius
2133 1796 2149 1814 ⁸

524 1837 799 1909 Olympias
825 1835 1036 1888 litteras
1065 1831 1132 1885 ad
1161 1830 1340 1901 ipsum
1375 1824 1714 1895 scripsisset,
1781 1821 1835 1873 in
1897 1817 2099 1888 quibus

525 1929 672 1983 illum
724 1942 884 1996 quem
943 1920 1278 1977 Macedoniae
1339 1912 1662 1988 praefecerat
1722 1914 2096 1969 accusaverat,

521 2017 875 2092 281-283
907 2016 1080 2070 iratus
1103 2009 1414 2067 Alexander
1440 2015 1613 2062 morte
1644 2003 1794 2058 illum
1817 1999 2028 2054 allicere
2048 1997 2100 2049 in

526 2114 706 2166 animo
738 2111 994 2171 haberet;
1025 2119 1136 2174 quo
1168 2103 1443 2157 intellecto
1484 2099 1571 2152 vir
1617 2095 1708 2149 ille
1742 2095 1912 2147 filium
1941 2103 2100 2144 suum

526 2219 644 2257 cum
675 2201 998 2255 muneribus
1033 2194 1274 2267 pulchris
1307 2185 1794 2252 mittens,tradidit
1814 2182 1977 2240 etiam
2000 2180 2101 2247 ipsi

526 2310 792 2352 venenum
826 2288 1420 2358 mortiferum,jubens
1453 2284 1638 2353 aliquo
1680 2278 1761 2332 uti
1791 2279 2105 2332 commento

526 2404 631 2461 quo
662 2388 840 2458 ipsum
877 2396 1088 2437 veneno
1121 2380 1437 2451 perimeret.
1472 2373 1765 2428 Profectus
1816 2367 1984 2436 igitur
2011 2362 2106 2431 ju-

529 2457 701 2546 venis,
743 2493 868 2534 cum
903 2491 1025 2545 qua:
1056 2487 1240 2529 secum
1289 2468 1484 2523 habuit
1530 2476 1758 2519 munera
1790 2457 2103 2518 obtulisset,

530 2578 672 2627 inter
697 2570 940 2639 reliquos
992 2569 1048 2622 in
1098 2561 1397 2622 Alexandri
1448 2555 1830 2628 pocillatorem
1884 2547 2098 2607 incidit,

530 2667 642 2729 cui,
681 2661 828 2732 quod
861 2675 969 2714 non
1006 2659 1078 2712 ita
1134 2655 1343 2725 pridem
1377 2652 1554 2705 iratus
1580 2645 1890 2702 Alexander
1924 2640 2101 2709 ipsum

530 2761 891 2827 percusserat,
924 2761 1113 2818 pectus
1149 2749 1226 2800 ira
1258 2743 1558 2803 aestuabat;
1605 2738 1696 2791 hic
1747 2748 1880 2803 ergo
1911 2743 2110 2802 propo-

530 2825 635 2902 sito
669 2845 846 2916 ipsius
874 2842 1008 2895 favit
1037 2861 1051 2894 :
1087 2837 1440 2906 conspirante
1467 2831 1630 2886 etiam
1665 2841 1788 2905 cum
1820 2825 1950 2894 ipsis
1980 2835 2114 2892 quo-

531 2939 650 2992 dam
702 2953 765 2990 ex
815 2930 1112 2988 Alexandri
1169 2924 1558 2981 familiaribus.
1606 2917 1854 2987 Contigit
1921 2923 2106 2967 autem

2203 1739 2336 1802 lum,
2369 1750 2559 1790 aurum
2586 1741 2751 1796 esset,
2779 1740 2924 1787 terra
2963 1727 3169 1782 ferrum
3203 1742 3220 1780 :
3252 1725 3430 1796 ipsum
3458 1738 3586 1792 ergo
3617 1721 3776 1776 ita'se

2205 1828 2492 1882 habentem
2527 1825 2834 1896 perrexisse
2857 1837 3030 1892 usque
3057 1821 3183 1876 dum
3209 1817 3277 1872 ad
3312 1814 3627 1870 Sltahrazur
3653 1825 3780 1880 per-

2203 1919 2439 1983 veniret;
2470 1926 2524 1970 at
2551 1918 2694 1969 inter
2722 1912 2960 1966 eundum
2992 1925 3116 1966 cum
3144 1910 3554 1978 ingravescente
3583 1903 3778 1959 morbo

2203 2008 2585 2069 descenderet,
2614 2005 2914 2076 suppositae
2943 2011 3072 2058 sunt
3102 2001 3206 2067 ipsi
3237 1997 3438 2053 tabulae
3485 1995 3645 2056 binae,
3674 2009 3777 2047 su-

2208 2101 2560 2173 perimposita
2611 2099 2778 2152 lorica
2839 2097 3036 2158 ferrea,
3091 2093 3179 2148 cui
3253 2089 3492 2152 insedit,
3565 2090 3781 2155 tegente

2206 2194 2648 2264 ipsumquodam
2699 2193 2893 2261 clypeo
2957 2190 3262 2252 deaurato:
3330 2199 3442 2254 quo
3483 2187 3780 2250 conspecta

2205 2291 2325 2358 ejus
2355 2287 2503 2358 quod
2547 2292 2869 2340 narraverat
2898 2283 3000 2352 ipsi
3038 2290 3232 2341 mater,
3266 2277 3636 2335 recordatum,
3689 2286 3785 2326 aco

2207 2382 2407 2436 cersito
2430 2380 2522 2449 qui
2561 2377 2662 2448 ipsi
2693 2391 2724 2431 a
2751 2375 2999 2430 consiliis
3036 2381 3176 2430 erat.
3201 2370 3410 2438 litteras
3441 2366 3505 2420 ad
3549 2374 3778 2418 matrem

2207 2475 2468 2534 dictasse,
2498 2485 2562 2524 ac
2590 2478 2702 2522 tum
2727 2468 2868 2521 diem
2908 2465 3133 2519 obiisse.
3175 2461 3245 2517 At
3299 2459 3388 2514 ubi
3441 2460 3508 2512 ad
3543 2465 3778 2511 matrem

2213 2563 2390 2632 ipsius
2417 2558 2795 2628 pervenissent
2845 2556 3060 2616 litterie,
3097 2555 3211 2622 ipsa
3241 2551 3461 2615 epulum
3499 2547 3600 2603 sibi
3623 2543 3782 2600 insti-

2209 2653 2499 2722 tuijussit,
2557 2652 2624 2706 ad
2668 2648 2816 2719 quod
2870 2646 3068 2702 deinde
3130 2643 3379 2699 homines
3431 2636 3782 2698 convocavit,

2213 2747 2519 2816 praeficiens
2569 2743 2746 2810 portis
2773 2741 2866 2810 qui
2911 2738 3184 2794 neminem
3233 2735 3457 2789 introire
3516 2734 3784 2793 sinerent,

2217 2843 2321 2896 nisi
2373 2839 2459 2893 cui
2510 2837 2718 2891 nullum
2767 2832 3061 2888 accidisset
3098 2828 3476 2885 infortunium.
3507 2825 3788 2881 Ianitores

2213 2949 2366 3003 ergo,
2395 2945 2588 2984 mnnes
2643 2928 2738 2998 qui
2792 2925 3118 2980 accederent
3172 2907 3592 2987 interrogantes.
3650 2932 3780 2972 eum

531 3038 590 3085 ut
615 3027 924 3083 Alexander
959 3021 1255 3076 comitibus
1295 3017 1412 3071 suis
1435 3012 1750 3068 convivium
1781 3011 2103 3064 instrueret,

2216 3027 2446 3094 aliquem
2473 3020 2837 3075 infortunium
2869 3015 3091 3086 aliquod
3147 3027 3370 3082 passum
3407 3009 3578 3065 fuisse
3623 3023 3789 3076 repe-

533 3123 733 3193 quibus
755 3118 1046 3174 edentibus
1071 3129 1134 3166 ac
1161 3108 1496 3172 bibentibus,
1551 3105 1669 3174 ipse
1715 3117 1839 3156 cum
1878 3098 2109 3152 familia-

534 3216 685 3268 rihns
719 3226 780 3264 ac
812 3206 1058 3262 convivis
1083 3205 1199 3258 suis
1244 3199 1516 3262 consedit,
1546 3195 1821 3249 hilaritate
1853 3206 1915 3245 ac
1944 3189 2114 3244 collo-

535 3305 661 3374 quin
696 3301 1007 3369 indulgens.
1042 3297 1178 3349 Cum
1205 3307 1336 3361 ergo
1371 3291 1500 3344 vino
1535 3289 1712 3341 victus
1745 3291 1914 3346 esset,
1946 3296 2114 3336 vene-

537 3371 665 3449 num
701 3391 836 3446 illud
893 3389 1036 3457 regis
1073 3385 1269 3454 poculo
1314 3383 1632 3436 immiscens
1659 3377 1968 3447 pocillator,
1999 3371 2111 3440 regi

538 3483 816 3557 porrexit;
846 3495 954 3550 qun
978 3474 1163 3547 epoto,
1222 3471 1513 3528 confestim
1541 3480 1772 3525 mortem
1828 3465 2114 3537 [ingruen-

541 3576 678 3648 tem]
709 3575 880 3631 sensit
900 3589 914 3637 ;
936 3585 1108 3640 quare
1127 3567 1396 3621 accersito
1418 3563 1594 3618 scriba
1622 3576 1741 3626 suo,
1774 3560 1878 3628 ipsi
1900 3559 1967 3612 ad
2001 3572 2118 3610 ma-

549 3688 682 3726 trem
715 3681 870 3721 suam
893 3661 1175 3734 epistolam
1208 3657 1454 3716 dictavit,
1477 3653 1634 3721 cujus
1667 3654 1768 3705 hoc
1788 3652 2067 3721 exemplar
2101 3669 2114 3705 :

549 3786 562 3814 ι
596 3763 675 3817 Ab
707 3755 1016 3813 Alexandro
1043 3765 1204 3806 servo
1235 3748 1351 3812 Dei,
1407 3746 1500 3816 qui
1535 3745 1651 3798 lteri
1680 3746 1926 3797 omnium
1963 3754 2119 3797 terrze

548 3873 566 3904 ι
608 3853 798 3904 finiunt
831 3844 1107 3905 dominus,
1162 3840 1324 3892 hodie
1357 3833 1598 3903 ejusdem
1653 3832 1962 3900 depositum
2015 3841 2116 3897 est,

551 3965 568 3996 ι
607 3943 672 3997 ad
711 3935 1085 4009 Olympiadem
1117 3940 1346 3985 matrem
1414 3942 1568 3982 suam
1611 3927 1922 3994 benignam,
1953 3925 2122 3978 misc-

553 4057 567 4085 ι
613 4032 905 4088 ricordem,
957 4040 1061 4095 qua
1109 4024 1332 4093 propius
1380 4018 1484 4072 frui
1529 4031 1634 4070 non
1693 4018 1840 4071 licet.
1878 4015 1988 4068 Pax
2023 4014 2122 4069 tibi

557 4147 570 4174 ι
612 4127 840 4190 integra,
879 4119 1104 4182 optima.
1141 4112 1294 4165 Viam
1355 4126 1520 4179 quam
1573 4109 1724 4161 ealco
1777 4122 1899 4172 ego,
1943 4122 2005 4160 ea
2039 4116 2122 4161 est

559 4239 574 4267 ι
611 4232 771 4284 quam
806 4213 1091 4263 culcut‘unt
1140 4206 1232 4274 qui
1281 4208 1679 4273 praecesserunt
1722 4198 1958 4268 priores.
2013 4197 2118 4259 Tu,

559 4330 576 4359 ι
607 4306 897 4370 exterique
918 4301 1006 4368 qui
1034 4298 1162 4350 mihi
1191 4294 1514 4363 superstites
1535 4299 1682 4347 sunt,
1704 4288 1942 4355 vestigiis
1961 4285 2125 4356 284.

2216 3118 2438 3174 rissent,
2472 3113 2699 3166 introire
2732 3124 2838 3162 non
2873 3107 3151 3170 sinebant,
3182 3104 3317 3158 adeo
3351 3111 3404 3155 ut
3441 3114 3657 3164 omnes,
3686 3111 3788 3153 nc-

2217 3207 2361 3259 niiue
2385 3205 2600 3266 relicto,
2637 3201 2898 3256 redirent.
2936 3198 3093 3265 Quod
3131 3211 3252 3250 cum
3287 3195 3535 3256 vidisset.
3583 3206 3790 3248 conso-

2215 3296 2418 3352 latione
2480 3295 2718 3348 admissa
2756 3292 3075 3361 patientiam
3119 3288 3326 3352 induit,
3361 3300 3462 3358 pro
3496 3293 3790 3357 ouantem

2217 3389 2428 3442 habens
2476 3387 2620 3440 viam
2678 3400 2802 3439 esse
2863 3385 3004 3438 hanc
3057 3381 3342 3454 [omnibus
3387 3379 3785 3454 communem].

2218 3481 2389 3535 Porro
2413 3479 2693 3532 Philemon
2731 3476 3076 3531 consiliarius
3121 3476 3422 3530 Alexandri
3459 3489 3656 3545 corpus
3681 3474 3785 3528 bos

2220 3574 2373 3626 noris
2401 3586 2565 3624 causa
2605 3584 2747 3622 arcae
2783 3584 2964 3622 aurem
3021 3568 3304 3637 imposuit.
3346 3567 3406 3620 In
3449 3567 3557 3620 alio
3604 3580 3790 3621 exem-

2219 3668 2354 3738 plari
2383 3667 2577 3733 legitur
2612 3663 2788 3733 ipsum
2833 3660 2963 3715 illud
3013 3660 3169 3714 melle
3227 3658 3562 3727 implevisse,
3612 3644 3790 3710 morte

2221 3761 2340 3826 ejus
2371 3758 2568 3818 celata,
2617 3753 2893 3808 exercitus
2939 3760 2994 3805 et
3051 3750 3340 3804 thesauros
3397 3747 3788 3802 Alexandriam

2221 3849 2510 3902 deduxiSse
2534 3863 2548 3911 ;
2570 3862 2634 3900 eo
2661 3855 2839 3898 autem
2873 3858 2996 3897 cum
3023 3841 3381 3910 pervenisset,
3415 3846 3645 3893 mortem
3666 3839 3790 3907 ejus

2223 3945 2407 3991 notam
2458 3935 2768 3988 hominibus
2798 3930 2967 4000 288
3004 3930 3221 3993 fecisse,
3267 3943 3396 3982 arca
3448 3928 3503 3981 in
3551 3927 3790 3982 medium

2225 4027 2457 4098 prolata,
2493 4040 2666 4094 eaque
2719 4025 2775 4077 in
2822 4027 3131 4092 pavimento
3179 4020 3451 4090 deposita.
3513 4019 3792 4088 sapientes

2222 4119 2453 4188 jussisse
2487 4130 2924 4184 unumquemque
2949 4113 3257 4183 Epicedium
3281 4125 3475 4165 canere
3494 4110 3636 4180 quod
3659 4112 3797 4164 ami-

2227 4210 2306 4264 cis
2362 4208 2631 4271 solandis,
2686 4207 2944 4259 omnibus
3022 4203 3401 4264 instituendis.
3482 4188 3794 4256 inserviret.

2229 4300 2376 4354 Dixit
2418 4316 2546 4369 ergo
2595 4292 2877 4350 Philemon
2913 4297 3173 4365 sapiens:
3217 4293 3468 4363 Magnum
3527 4293 3614 4347 hic
3676 4293 3795 4345 dies

559 4421 575 4451 ι
607 4389 1150 4470 [ιιυδιιεὶδὶιιδιδιίιι5].
1172 4385 1450 4454 Siquidem
1470 4382 1599 4434 illud
1620 4380 1706 4433 cui
1725 4381 1777 4432 in
1807 4380 1906 4431 hoc
1926 4382 2113 4430 tnundt

2235 4390 2538 4459 exemplum
2589 4387 2830 4441 exhibet.
2888 4385 3171 4439 Praecessit
3223 4386 3421 4437 malmn
3470 4383 3612 4451 ejus,
3647 4380 3794 4451 quod

569 4513 587 4543 ι
610 4469 834 4544 similes
860 4497 1072 4544 sumus,
1107 4489 1190 4532 est
1216 4478 1331 4530 dies
1358 4476 1674 4536 hodiernus,
1701 4475 1793 4538 qui
1819 4469 2126 4539 prmeeden—

562 4605 578 4631 ι
617 4591 723 4636 tem
766 4578 936 4648 pellit.
968 4573 1043 4626 Ne
1077 4581 1253 4624 autem
1282 4568 1350 4622 ob
1395 4565 1655 4620 rnundnm
1721 4566 1861 4616 hunc
1918 4561 2126 4616 contri-

564 4695 582 4726 ι
619 4672 802 4733 steris,
832 4683 952 4722 cum
989 4679 1120 4718 suos
1153 4662 1338 4714 fallere
1367 4664 1562 4712 soleat.
1595 4656 1915 4723 Exemplum
1965 4653 2129 4720 hujus

567 4785 585 4813 ι
625 4763 704 4816 rei
729 4762 898 4813 babes
929 4759 982 4811 in
1017 4772 1081 4809 eo
1103 4754 1246 4823 quod
1275 4753 1370 4803 tibi
1403 4760 1588 4803 notum
1616 4755 1699 4801 cst
1744 4745 1811 4799 de
1841 4759 1967 4813 rege
2002 4745 2131 4798 Phi-

567 4875 584 4907 ι
630 4855 796 4922 lippo,
828 4851 919 4918 qui
951 4847 1098 4899 nullo
1128 4844 1288 4896 modo
1316 4844 1565 4894 obtinere
1597 4840 1792 4908 potuit,
1825 4847 1883 4891 ut
1915 4837 1999 4889 vel
2051 4846 2134 4889 te-

568 4968 585 4996 ς
636 4961 756 4997 cum
792 4948 1156 5009 permaneret,
1187 4939 1264 4988 vel
1295 4933 1425 4984 mihi
1459 4939 1737 5000 superstes
1761 4939 1910 4984 esset
1945 4948 1957 4981 :
1995 4942 2133 4996 prae-

575 5063 590 5088 ι
635 5039 788 5104 cinge
819 5035 979 5101 igitur
1011 5043 1060 5083 te
1104 5027 1385 5099 patientia,
1437 5037 1486 5079 et
1546 5022 1933 5091 impatientiam
1977 5020 2132 5089 pelle,

575 5152 591 5181 ι
638 5140 792 5195 teque
831 5141 860 5178 a
892 5124 1049 5175 turba
1086 5120 1414 5181 subduceris,
1441 5114 1632 5184 jnheas
1661 5129 1728 5167 ne
1765 5113 1829 5165 ad
1854 5124 1903 5166 te
1947 5115 2133 5180 ingre.

576 5242 593 5271 ι
639 5221 823 5272 diatur
846 5216 993 5286 quis,
1024 5213 1128 5266 nisi
1166 5212 1253 5263 cui
1300 5207 1663 5261 infortunium
1715 5205 1937 5273 aliquod
1991 5205 2135 5257 acci-

579 5334 594 5363 ι
628 5310 790 5372 derit,
827 5321 936 5375 quo
965 5304 1097 5372 quid
1130 5302 1198 5354 sit
1229 5301 1360 5352 illud
1390 5299 1532 5352 scire
1558 5297 1784 5366 poteris,
1838 5305 1888 5348 et
1939 5306 2135 5348 statum

580 5425 596 5453 ι
638 5416 788 5456 tuum
811 5400 1001 5453 melius
1037 5396 1328 5465 percipias.
1389 5393 1468 5444 'l‘u
1522 5406 1608 5444 res
1657 5399 1778 5443 tuas
1831 5404 1950 5456 age.
2008 5387 2137 5441 illud

585 5517 600 5545 I
643 5502 821 5546 autem
849 5496 912 5541 art
952 5489 1092 5555 quod
1138 5501 1239 5554 ego
1288 5484 1472 5549 tendo,
1509 5483 1701 5537 melius
1769 5493 1869 5544 est,
1907 5499 1969 5534 ac
2007 5481 2142 5534 faci-

591 5601 603 5631 l
647 5584 748 5631 lius
774 5595 964 5645 coquo
996 5575 1069 5628 fni
1105 5573 1320 5645 [statu].
1375 5573 1515 5627 Bene
1573 5580 1752 5625 autem
1809 5572 1962 5635 mihi,
2017 5573 2142 5625 tibi-

595 5698 606 5722 ι
641 5689 742 5741 que
773 5674 871 5739 ipsi
900 5671 1063 5725 facias
1091 5658 1518 5725 censolatiouetn
1541 5681 1589 5721 et
1611 5669 1924 5738 patientiam
1948 5669 2140 5722 admit-

2231 4498 2259 4534 a
2313 4490 2465 4548 tergo
2523 4487 2675 4544 «rat;
2734 4487 2788 4530 et
2857 4489 3002 4530 retro
3026 4477 3160 4529 abiit
3223 4476 3424 4528 bonum
3484 4476 3618 4544 ejus,
3647 4475 3792 4543 quod

2233 4580 2619 4640 praecesserat;
2677 4569 3000 4636 Quicunque
3049 4578 3228 4620 autem
3277 4582 3400 4621 eum
3449 4567 3605 4634 cujus
3658 4568 3794 4621 abiit

2240 4678 2494 4731 reg-num,
2527 4660 2725 4715 deflere
2745 4660 2891 4723 velit,
2924 4658 3135 4712 deﬂeat.
3163 4656 3311 4711 Plato
3331 4660 3547 4728 sapiens
3574 4674 3586 4710 :
3613 4657 3787 4714 flens!

2235 4755 2324 4821 qui
2363 4767 2457 4819 per
2481 4753 2585 4803 vim
2635 4747 2865 4820 [omnia]
2903 4749 3124 4818 agebas,
3153 4748 3416 4818 collegisti
3447 4748 3591 4816 quod
3623 4757 3674 4804 tc
3699 4749 3794 4803 de—

2235 4844 2401 4913 cepit,
2431 4851 2484 4895 et
2519 4857 2546 4894 a
2579 4850 2631 4894 te
2669 4847 2934 4903 recessit;
2961 4843 3033 4892 ita
3068 4848 3126 4891 ut
3177 4838 3272 4891 tibi
3305 4839 3576 4894 adiuereat
3607 4851 3791 4896 reatus

2237 4937 2378 5004 ejus,
2418 4936 2628 4988 utilitas
2663 4942 2844 4987 autem
2879 4933 2943 4985 ad
2989 4932 3157 4986 alium
3190 4933 3435 4987 redierit.
3470 4932 3792 4990 Aristoteles

2237 5028 2447 5094 sapiens
2477 5045 2488 5080 :
2524 5026 2672 5079 Abiit
2693 5041 2720 5078 a
2763 5025 2917 5079 nobis
2937 5024 3241 5078 Alexander
3263 5024 3515 5092 loquens,
3543 5040 3792 5081 reversus

2238 5130 2322 5177 est
2357 5122 2420 5173 ad
2454 5135 2554 5174 nos
2594 5121 2783 5174 silens.
2815 5118 2998 5174 Naren
3027 5119 3248 5189 sapiens
3296 5138 3310 5173 :
3349 5117 3441 5173 Dic
3486 5121 3631 5189 gregi
3666 5118 3792 5174 Ale-

2245 5210 2455 5274 xandri,
2495 5211 2592 5265 llic
2647 5219 2729 5265 est
2759 5212 2875 5264 dies
2910 5212 2962 5262 in
2991 5225 3097 5280 quo
3129 5210 3361 5264 custodit
3411 5225 3542 5279 grex
3603 5219 3788 5280 pasto-

2242 5317 2355 5356 rem
2388 5317 2571 5356 suum.
2601 5300 2760 5355 Nilon
2797 5319 2809 5353 :
2848 5301 2929 5354 An
2981 5300 3355 5355 eonsolabitur
3416 5317 3536 5365 nos,
3583 5303 3654 5357 ob
3711 5318 3792 5358 re-

2242 5411 2359 5463 gem
2411 5403 2679 5456 nostrum,
2741 5394 2841 5446 nisi
2878 5394 2965 5462 qui
3025 5391 3380 5445 infortunium
3431 5407 3624 5461 passus
3657 5394 3796 5468 sol;-

2247 5495 2373 5537 tsum
2408 5483 2657 5550 accepit?
2691 5481 2831 5534 Dixit
2882 5484 3023 5535 alius
3056 5499 3070 5535 :
3101 5479 3247 5533 llzec'
3282 5487 3362 5533 est
3398 5480 3502 5541 via,
3551 5493 3655 5547 qua
3704 5493 3796 5531 ne-

2247 5591 2402 5630 cesse
2426 5577 2662 5629 eundum
2699 5586 2799 5628 est.
2858 5574 3054 5628 Eodem
3109 5589 3238 5643 ergo
3301 5575 3495 5627 atl'ectu
3531 5572 3674 5642 quod
3701 5573 3797 5624 du-

2250 5680 2490 5725 raturum
2516 5683 2595 5727 est
2624 5671 2868 5741 quzcrite,
2903 5685 3009 5739 quo
3040 5669 3276 5735 peritura
3301 5667 3563 5736 quaeritis.
3593 5665 3742 5719 Alius
3773 5680 3788 5715 :
