4038 6456
268 206 389 267 973

1709 198 2070 264 ANNALES.
2098 204 2109 211 ’

3386 212 3489 272 974

260 320 493 375 ὃτιιΐιείι
524 319 626 370 hoe
662 316 715 367 in
751 313 1053 382 exemplum
1098 329 1109 366 :
1141 312 1252 365 heri
1321 310 1419 365 fuit
1470 324 1661 365 aurum
1715 312 1837 367 Ale-
1868 326 1911 379 Α
1944 316 2223 386 losotiliis:
2257 318 2314 371 Si
2354 300 2517 372 vestri
2538 319 2920 376 deAlexandro
2940 310 3486 377 sermonesilludendi

260 415 493 467 xandro
526 414 834 467 thesaurus,
902 406 1058 459 hodie
1112 404 1423 458 Alexander
1483 405 1536 457 in
1580 419 1712 458 auro
1756 423 1837 458 τοι

258 506 559 559 Conditus.
586 502 738 555 Alius
779 524 789 554 ;
821 498 1095 566 Sequetttr
1127 506 1179 550 te
1212 496 1302 564 qui
1372 504 1543 548 morte
1579 504 1668 547 tua
1706 512 1838 564 gan-

258 597 386 661 det,
421 591 884 665 quemadmodum
913 598 969 644 tu
993 598 1216 643 secutus
1243 603 1301 642 es
1323 602 1446 642 eum
1480 588 1634 655 cujus
1668 596 1840 642 morte

258 691 506 756 gavisus
531 700 608 739 es.
643 683 789 737 Dixit
820 682 983 736 Lotas
1034 678 1392 750 philosophus
1420 694 1432 730 :
1467 677 1542 731 Ne
1573 678 1837 731 miremini

256 792 432 839 eum,
462 777 552 845 qui
583 790 704 829 cum
728 774 796 827 in
838 773 945 825 vita
985 786 1083 825 sua
1134 785 1233 824 nos
1254 785 1358 822 non
1394 769 1709 833 instituerit,
1742 782 1841 821 no-

258 866 356 920 bis
394 869 616 919 tandem
646 880 705 919 se
729 873 903 916 morte
935 876 1030 915 sua
1060 862 1379 914 monitOretn
1419 859 1665 927 praebuit.
1700 858 1842 911 Dixit

261 958 491 1012 Metron
529 957 746 1025 sapiens
780 973 792 1008 :
823 954 972 1020 Heri,
1008 954 1141 1007 heus
1166 954 1249 1006 tul
1276 951 1623 1021 289-291
1653 948 1841 1004 audire

257 1048 583 1119 potuimus,
616 1061 722 1099 non
753 1056 933 1099 autem
982 1043 1127 1110 loqui
1165 1041 1367 1113 [coram
1404 1037 1504 1109 te],
1546 1051 1686 1091 nunc
1715 1050 1841 1090 vero

258 1156 410 1194 num
440 1139 593 1193 audis
623 1153 739 1208 qua:
763 1133 1073 1206 loquimur?
1105 1133 1247 1185 Dixit
1295 1130 1383 1185 Sis
1427 1132 1645 1201 sapiens
1682 1146 1697 1182 :
1742 1126 1841 1183 ilic

260 1231 487 1285 multos
515 1239 685 1284 morte
707 1229 885 1281 alfeeit
915 1243 984 1282 ne
1015 1232 1342 1289 moreretur,
1366 1232 1421 1277 at
1447 1231 1696 1276 mortuus
1716 1230 1797 1276 est
1820 1236 1838 1285 ς

257 1323 555 1393 quomodo
587 1338 695 1376 non
722 1321 897 1389 potuit
924 1332 955 1372 a
992 1334 1052 1373 se
1085 1328 1311 1371 mortem
1343 1325 1513 1370 morte
1540 1313 1842 1382 repellere?

258 1417 430 1470 Dixit
458 1416 599 1469 alios
631 1432 645 1467 ε
672 1396 788 1467 Non
838 1410 909 1463 ita
971 1410 1205 1463 erudivit
1251 1422 1351 1462 nos
1385 1407 1691 1462 Alexander
1729 1420 1840 1462 ser-

258 1523 444 1563 mone
470 1521 592 1566 suo.
618 1520 680 1558 ac
708 1504 925 1559 silentio
975 1516 1076 1556 suo
1129 1514 1230 1554 nos
1282 1498 1483 1553 erudit.
1537 1497 1682 1551 Dixit
1739 1496 1842 1551 De-

257 1599 511 1653 metrius
539 1596 757 1665 sapiens
784 1613 797 1649 :
830 1592 973 1647 ileus
998 1603 1051 1645 tu
1074 1593 1087 1645 ε
1114 1592 1270 1660 cujus
1298 1594 1378 1643 ira
1414 1604 1561 1644 mors
1586 1589 1706 1656 fuit,
1742 1606 1839 1645 cur

1944 408 2299 477 293295
2330 410 2501 477 gratia
2546 409 2783 474 fuerunt,
2820 413 3029 482 reliquit
3070 411 3323 481 poculum
3348 412 3487 479 quod

1941 501 2131 565 ebibit,
2158 504 2459 563 vobiscum,
2490 502 2555 555 de
2606 518 2713 571 quo
2741 503 3026 556 videndum
3056 502 3137 558 eét
3177 504 3331 558 vobis
3358 518 3491 556 om-

1942 592 2101 645 nibus
2128 594 2255 659 quid
2286 594 2554 648 sentiatis.
2579 592 2675 647 Sin
2698 593 2765 647 ad
2786 594 3207 649 consolationem
3229 604 3281 651 et
3313 595 3492 649 luctus

1942 681 2177 748 signum,
2206 694 2390 747 parate
2439 699 2534 737 vos
2568 683 2633 735 ad
2682 684 3154 753 respondendum,
3210 694 3262 738 et
3326 700 3491 755 argu-

1942 779 2121 824 menta
2162 773 2489 839 conquit'ilt‘,
2551 774 2820 842 siquidem
2852 775 3122 844 gustaturi
3171 775 3301 829 estis
3346 778 3491 845 quod

1907 860 2035 917 ‘ille
2065 863 2392 930 degustat-it.
2444 865 2567 917 Sint
2615 882 2742 933 ergo
2776 882 2938 933 Opera
2972 877 3149 920 vestra
3208 866 3368 922 dictis
3398 883 3489 921 ve-

1942 953 2069 1007 stris
2092 960 2480 1014 consentanea,
2513 968 2684 1021 neque
2713 957 2855 1008 enim
2898 956 2950 1009 in
2995 956 3288 1011 securitate
3331 956 3490 1025 positi

1943 1043 2096 1098 estis.
2142 1044 2277 1096 Tum
2301 1058 2521 1113 egressa
2570 1044 2863 1099 Alexandri
2891 1055 3059 1100 mater
3081 1062 3215 1114 gena
3238 1062 3331 1100 sua
3355 1062 3494 1101 arca:

1944 1132 2161 1186 admota
2202 1134 2379 1187 dixit:
2424 1135 2653 1188 Abunde
2702 1150 2801 1189 nos
2846 1134 3108 1188 consolati
3139 1136 3289 1192 estis.
3338 1137 3496 1191 Certe

1942 1224 2085 1293 quod
2126 1227 2412 1294 timueram
2442 1225 2777 1288 Alexandro,
2799 1226 2910 1295 jam
2954 1226 3030 1279 illi
3062 1224 3284 1291 accidit,
3322 1244 3496 1296 neque

1942 1318 2208 1388 reliquum
2235 1327 2319 1372 est
2343 1317 2416 1371 illi
2454 1310 2538 1371 vel
2586 1327 2777 1372 contra
2830 1318 2981 1371 illum
3029 1334 3287 1387 regnum;
3342 1319 3496 1372 valde

1939 1424 2068 1477 ergo
2102 1426 2129 1462 a
2160 1409 2364 1463 mundo
2388 1408 2728 1476 abstineatis,
2763 1419 2818 1463 et
2852 1409 2995 1478 quod
3060 1424 3088 1462 a
3145 1410 3298 1465 vobis
3348 1409 3497 1464 debi-

1944 1510 2055 1552 tum
2086 1511 2169 1554 est
2206 1510 2475 1577 przestatc.
2514 1501 2712 1570 Accepi
2757 1502 3183 1556 consolationem
3236 1511 3495 1567 vestram,

1944 1588 2227 1658 ipsumque
2252 1585 2465 1660 sepeliri
2485 1591 2670 1658 juheo.

258 1704 387 1743 non
422 1689 524 1757 ipsi
558 1661 721 1741 ιιι-οτιί
749 1686 922 1739 iratus
952 1683 1052 1739 es?
1091 1681 1231 1736 Dixit
1260 1681 1402 1736 alius
1432 1698 1446 1735 :
1481 1680 1700 1736 Timent
1722 1680 1834 1750 jam
1874 1661 1914 1714 Β
2010 1679 2277 1750 Regnavit-
2302 1695 2478 1737 autem
2532 1683 2835 1739 Alexander
2874 1702 3047 1740 annos
3077 1688 3315 1742 sedecim
3349 1706 3364 1743 :
3417 1690 3497 1743 vi-

257 1789 583 1843 arcestute,
614 1794 645 1832 ο
678 1774 794 1840 rex,
840 1784 896 1830 et
947 1789 1153 1829 secura:
1180 1784 1305 1828 sunt
1357 1788 1515 1827 arces
1557 1782 1609 1827 te
1656 1774 1843 1826 timen-

259 1872 439 1924 tium.
467 1868 609 1923 Dixit
640 1869 821 1923 alius:
850 1866 1024 1932 Quam
1050 1853 1229 1943 caute
1259 1864 1371 1934 jam
1399 1879 1427 1917 a
1486 1874 1538 1918 te
1568 1863 1841 1918 abstinent

259 1958 555 2025 homines,
582 1973 615 2011 ο
644 1973 762 2023 rex,
789 1968 843 2012 et
863 1971 1025 2032 quam
1070 1957 1226 2011 avide
1275 1970 1413 2009 arcte
1448 1963 1553 2010 tute
1592 1953 1836 2007 inhiant!

261 2050 426 2105 Dixit
457 2050 599 2105 alius
633 2050 840 2115 :Quam
884 2050 1147 2103 veraciter
1178 2048 1287 2119 agit
1327 2062 1475 2101 mors
1529 2060 1652 2100 cum
1704 2045 1838 2111 suis,

259 2139 384 2199 nisi
420 2138 567 2208 quod
601 2139 675 2192 illi
707 2139 899 2194 oculos
928 2153 1059 2193 suos
1086 2138 1369 2201 claudant,
1396 2148 1449 2191 et
1477 2151 1639 2192 aures
1677 2135 1838 2191 obtu-

259 2231 436 2285 rent!
478 2214 960 2284 DixltPhilokatou
985 2229 1201 2299 sapiens
1227 2246 1243 2287 :
1266 2228 1420 2296 Quod
1450 2228 1514 2284 ad
1551 2228 1835 2294 mundum,

259 2324 434 2389 cujus
460 2316 683 2375 boc'est
714 2321 983 2384 ultimum,
1009 2330 1157 2375 certe
1190 2320 1347 2375 nobis
1379 2321 1552 2375 satius
1586 2321 1782 2399 fuisset
1806 2334 1837 2375 a

258 2411 455 2481 primo
479 2412 597 2481 ejus
613 2411 965 2466 abstinuisse.
996 2411 1137 2465 Dixit
1155 2411 1299 2466 alius
1321 2425 1336 2464 :
1356 2410 1535 2473 iieusl
1568 2412 1837 2478 homines,

261 2520 337 2560 ne
368 2503 622 2562 delicatis
672 2505 821 2559 illum
878 2506 972 2575 qui
1016 2505 1144 2560 ﬂere
1201 2504 1385 2569 desiit,
1430 2499 1539 2561 "sed
1596 2508 1835 2577 seipsum

261 2584 659 2666 unusquisque
714 2609 955 2652 vestrum
1002 2597 1215 2653 defleat.
1274 2596 1423 2652 Dixit
1460 2599 1648 2653 alius:
1684 2599 1837 2670 Rogo

263 2688 409 2742 mihi
438 2688 612 2754 dicas,
648 2687 741 2756 qui
793 2688 1035 2741 animum
1074 2688 1356 2758 regionum
1384 2689 1736 2759 amplitudine
1760 2690 1837 2744 la-

261 2780 475 2833 tiorem
498 2779 741 2849 gessisti.
773 2779 1047 2847 quomodo
1106 2778 1380 2849 jamvpati
1442 2791 1595 2850 potes
1658 2782 1835 2836 locum

263 2882 385 2924 tam
416 2870 746 2940 angustum?
800 2869 942 2926 Dixit
1000 2873 1145 2927 alios
1174 2890 1187 2926 :
1253 2872 1309 2926 Si
1342 2887 1450 2927 non
1482 2872 1744 2928 deﬂeatur
1771 2874 1839 2929 de

1942 1769 2023 1825 xit
2046 1771 2100 1825 in
2120 1779 2287 1849 totum
2319 1772 2539 1842 triginta
2562 1772 2720 1828 duos.
2746 1774 2910 1827 Porro
2929 1776 3240 1844 prmfecerat
3261 1778 3466 1833 Alexan
3482 1807 3497 1818 -

1942 1862 2039 1917 der
2064 1863 2360 1934 unicuique
2382 1866 2585 1935 regioni
2619 1880 2835 1921 servum
2863 1864 2945 1937 [at
2971 1868 3125 1935 juxta
3153 1869 3294 1923 aliud
3316 1886 3497 1925 exem-

1940 1955 2077 2024 plar,
2110 1955 2477 2026 praefectum],
2503 1969 2695 2014 vetans
2726 1975 2793 2014 ne
2825 1959 2893 2012 ad
2926 1975 3083 2028 quem
3125 1959 3179 2014 in
3221 1962 3493 2028 provincia

1940 2046 2028 2102 cui
2050 2053 2299 2117 praeerat,
2334 2048 2679 2105 mitterentur
2725 2045 2917 2104 litterae
2959 2051 3029 2104 ab
3078 2051 3186 2105 alio
3232 2050 3326 2122 qui
3377 2052 3497 2119 ipso

1939 2144 2209 2205 potestate
2241 2140 2417 2206 major
2454 2147 2619 2193 esset.
2658 2138 2740 2193 Ab
2770 2140 3025 2194 omnibus
3081 2151 3261 2196 autent
3320 2141 3386 2195 ad
3439 2158 3498 2198 se

1939 2225 2059 2281 dari
2090 2228 2303 2284 litteras
2338 2226 2558 2298 lubens,
2590 2244 2689 2284 nec
2726 2246 2886 2300 quem
2915 2232 3075 2286 etiam
3136 2249 3195 2288 se
3246 2246 3497 2305 excepto,

1888 2316 1891 2319 “
1939 2330 2120 2385 regem
2162 2316 2447 2386 appellari.
2488 2317 2694 2372 Mortuo
2762 2319 2928 2388 igitur
2970 2320 3277 2377 Alexandro
3320 2339 3497 2379 unus-

1939 2407 2171 2477 quisque
2216 2408 2557 2479 provinciam
2589 2425 2744 2464 suam
2798 2414 3109 2481 occupavit.
3161 2412 3225 2466 Et
3268 2414 3498 2471 divisum

1938 2506 2020 2551 est
2047 2496 2413 2554 Barbarorutn
2447 2501 2756 2571 imperium,
2785 2501 2983 2558 Persia:
3011 2486 3063 2559 et
3089 2504 3304 2560 Ahwazi
3333 2523 3500 2578 regno

1941 2602 2105 2658 penes
2140 2589 2517 2661 Asbaganidas
2572 2602 2846 2656 manente,
2896 2596 2988 2661 qui
3051 2595 3288 2649 tribuum
3346 2611 3499 2666 reges

1939 2680 2250 2735 audierunt.
2282 2682 2341 2736 in
2360 2680 2741 2738 Alexandriam
2770 2692 2951 2748 autem
2974 2692 3027 2739 et
3054 2684 3346 2755 «Egyptum
3380 2698 3501 2754 post

1940 2769 2302 2826 Alexandrum
2362 2784 2567 2842 septem
2617 2789 2789 2829 annos
2844 2774 3088 2847 regnavit
3128 2774 3293 2831 frater
3325 2776 3500 2847 ipsius

1939 2862 2354 2952 296‘nomine
2401 2863 2705 2933 Philippus,
2762 2866 2855 2934 qui
2902 2866 3225 2927 i’tolomtnus
3255 2866 3499 2923 Aridteus

264 2971 452 3015 morte
478 2960 579 3015 nisi
612 2960 823 3014 novitas
852 2962 987 3029 ejus,
1030 2970 1178 3016 certe
1216 2962 1462 3031 quotidie
1514 2952 1661 3017 mors
1698 2980 1836 3017 nova

1942 2955 2358 3025 cognominatus
2395 2964 2475 3009 est
2515 2954 2647 3031 [vel
2674 2957 2828 3025 juxta
2870 2958 3013 3011 aliud
3073 2959 3368 3028 exemplar,
3400 2974 3497 3013 an-

264 3050 506 3109 accidit.
539 3052 687 3105 Dixit
720 3052 900 3107 alius:
957 3052 1012 3107 Si
1046 3054 1223 3108 elatus
1264 3053 1434 3121 fuisti,
1469 3055 1580 3123 jam
1621 3055 1842 3110 humilis

265 3159 355 3207 es,
393 3152 449 3197 et
488 3142 534 3198 si
561 3143 884 3199 invidendus
916 3143 1120 3210 fueras,
1170 3144 1284 3214 jam
1317 3154 1466 3199 certe
1498 3145 1840 3201 miserandus

265 3251 355 3291 es.
381 3234 524 3290 Dixit
544 3236 685 3289 alius
717 3253 731 3289 :
760 3234 899 3301 Quid
925 3234 1043 3291 est?
1062 3244 1177 3291 otu
1204 3234 1366 3306 cujus
1395 3237 1474 3299 ira
1502 3237 1839 3293 formidanda

268 3334 415 3392 erat,
470 3337 521 3380 et
568 3326 707 3379 latus
760 3328 1049 3392 munitum,
1086 3327 1247 3397 292
1279 3343 1377 3381 cur
1415 3344 1521 3383 non
1551 3332 1721 3384 iratus
1755 3344 1836 3396 es,

282 3427 333 3469 ll
366 3432 398 3468 a
434 3424 487 3470 te
523 3416 826 3470 discederet
861 3416 1045 3471 mors?
1081 3427 1195 3482 aut,
1222 3432 1322 3471 cur
1350 3434 1457 3472 non
1504 3426 1560 3472 te
1602 3418 1838 3487 protexi-

279 3509 374 3566 tti.
405 3517 458 3561 ut
505 3524 534 3561 a
580 3518 633 3562 te
691 3508 1072 3577 impotentiam
1103 3510 1435 3579 repelleres?
1474 3508 1617 3564 Dixit
1650 3510 1836 3564 alius:
1892 3554 1895 3557 .

280 3598 489 3654 Sufﬁcit
523 3600 680 3669 vulgo
712 3600 763 3653 in
812 3602 1120 3669 exemplum
1158 3613 1312 3655 mors
1343 3584 1565 3671 regunt;
1603 3609 1659 3655 et
1692 3601 1842 3655 sufﬁ-

280 3692 352 3747 :it
383 3690 604 3761 regibus
639 3693 692 3744 lu
753 3692 1260 3758 commonitionem,
1298 3700 1443 3747 mo‘rs
1491 3692 1656 3762 vulgi.
1694 3692 1855 3759 Dixit,

282 3784 458 3836 alius:
511 3779 628 3835 Non
678 3783 825 3835 aliud
888 3782 1058 3837 edidit
1098 3782 1404 3838 Alexander
1445 3784 1838 3839 documentum

282 3873 574 3937 illustrius,
605 3884 779 3928 morte
832 3889 951 3929 sua.
993 3874 1139 3929 Dixit
1189 3876 1329 3928 alius
1365 3893 1377 3929 :
1410 3873 1535 3929 Fuit
1587 3890 1691 3930 vox
1746 3885 1839 3929 tua

282 3963 562 4027 terribilis,
596 3974 649 4017 et
692 3979 917 4033 regnum
982 3973 1140 4018 tuum
1189 3966 1540 4035 praecelsum;
1566 3966 1679 4035 jam
1714 3980 1840 4020 vero

282 4056 480 4111 .lelecit
511 4071 609 4111 vox
645 4064 759 4118 tua,
811 4065 865 4110 et
890 4087 903 4098 ι
933 4072 1153 4125 regnum
1196 4062 1346 4110 tuum“
1388 4058 1704 4127 depressum
1735 4066 1839 4112 est.

283 4152 422 4205 Dixit
458 4150 598 4205 alius
629 4169 641 4203 :
684 4148 809 4203 Fuit
853 4151 949 4203 tibi
985 4150 1141 4219 copia
1174 4149 1571 4221 benefaciendi,
1601 4166 1709 4204 non
1742 4166 1845 4204 au-

226 4244 234 4250 “
274 4260 391 4299 tetu
426 4244 557 4296 mihi
586 4243 880 4311 loquendi;
932 4242 1044 4311 jam
1085 4257 1210 4295 vero
1242 4249 1326 4296 est
1378 4243 1511 4296 mihi
1554 4236 1708 4311 copia
1760 4243 1845 4296 lo-

1942 3061 2043 3101 nos
2071 3044 2477 3117 quadraginta].
2513 3046 2647 3102 Post
2670 3049 2854 3117 ipsum
2897 3048 3241 3115 Ριοιοιυειιυε,
3270 3049 3357 3104 cui
3398 3065 3498 3103 no-

1944 3129 2067 3192 men
2094 3136 2417 3203 Alexander,
2464 3154 2761 3209 cognomen
2818 3140 3146 3205 Gaicb-Vzr,
3195 3158 3368 3199 annos
3421 3145 3504 3195 vi.

1943 3228 2080 3296 ginti
2112 3237 2319 3298 septem
2356 3218 2529 3298 [aliud
2560 3230 2836 3298 exemplar
2867 3230 3055 3300 viginti
3092 3246 3257 3285 uuuut
3292 3233 3499 3306 habet].

1945 3315 2045 3371 Hic
2073 3333 2216 3371 anno
2251 3324 2401 3389 regni
2432 3317 2514 3372 sui
2547 3317 2809 3373 vicesimo
2850 3316 3215 3389 Hierosolyma
3265 3320 3501 3382 mittens,

1943 3408 2069 3463 inde
2106 3409 2447 3479 septuaginta
2481 3409 2628 3463 viros
2681 3424 2711 3462 e
2757 3408 2958 3463 Judzris
3001 3409 3379 3463 Alexandriam
3410 3410 3503 3461 ad-

1943 3500 2069 3554 duci
2106 3500 2337 3567 curavit,
2385 3515 2522 3569 qwos
2566 3494 2682 3554 'sihi
2722 3500 2890 3570 legem
2940 3502 3222 3571 librosque
3273 3502 3505 3571 prophe-
3542 3513 3551 3567 ζ

1945 3592 2328 3661 ticoselingua
2362 3590 2626 3645 Hebraica
2652 3594 2703 3646 in
2730 3592 2970 3646 Cra'cam
3002 3590 3499 3661 transferrejussit,

1944 3685 2185 3753 ipsorum
2230 3685 2457 3751 singulis
2518 3685 2749 3738 scorsim
2813 3686 2879 3737 ab
2936 3684 3058 3737 aliis
3101 3685 3154 3736 in
3208 3684 3366 3737 domo
3398 3684 3500 3738 sibi

1920 3778 1923 3779 ⁷
1948 3774 2166 3843 propria
2187 3775 2490 3840 collocatis,
2518 3783 2577 3827 ut
2603 3775 2676 3828 ita
2698 3774 2970 3842 quomodo
3005 3790 3062 3828 se
3089 3774 3338 3828 habitura
3362 3786 3507 3828 esset

1949 3858 2385 3934 uniuscujusque
2449 3866 2826 3935 interpretatio
2895 3864 3119 3918 videret.
3182 3863 3315 3917 Cum
3376 3880 3507 3933 ergo

1948 3966 2233 4025 postquam
2286 3956 2454 4010 librOs
2500 3956 2636 4009 istos
2697 3954 3122 4018 transtulissent,
3186 3955 3507 4023 interpreta-

1948 4050 2127 4103 tiones
2151 4049 2391 4118 ipsorttm
2419 4045 2764 4115 inspexisset,
2817 4048 3126 4100 uniusmodi
3156 4059 3273 4101 erat
3305 4051 3505 4113 versio,

1950 4139 2095 4192 nulla
2124 4153 2352 4209 prorsus
2380 4137 2772 4205 discrepantia.
2835 4136 3024 4190 Libros
3076 4136 3504 4206 igiturinunum

1950 4231 2229 4292 collectos,
2261 4240 2313 4282 et
2338 4228 2540 4281 annulo
2578 4242 2692 4281 suo
2744 4227 2983 4295 signatos
3017 4228 3067 4279 iu
3123 4228 3322 4295 templo
3356 4228 3505 4288 idoli,

284 4333 511 4404 quendi,
549 4348 657 4385 non
690 4340 872 4384 autem
900 4332 998 4383 tibi
1046 4329 1438 4385 benefaciendi.
1474 4330 1619 4384 Dixit
1650 4330 1789 4385 alius
1827 4348 1839 4383 :
1879 4330 1918 4382 D
1950 4320 2231 4389 Serapidis
2265 4317 2419 4383 ἀίειί»
2469 4318 2739 4388 τεροειιίιο
2782 4320 2908 4371 Ενὶιῑ
2938 4335 2967 4371 0
2996 4320 3340 4386 εοριυθιδῑιιω
3377 4318 3507 4372 ίδῑυ·

284 4423 338 4477 Si
398 4423 512 4477 heri
584 4435 613 4473 a
657 4429 708 4475 te
760 4436 865 4474 non
935 4421 1033 4473 fuit
1071 4420 1359 4489 quisquam
1401 4434 1651 4486 securus,
1686 4419 1844 4475 hodie
1884 4490 1893 4499 .

284 4522 432 4570 certe
461 4528 564 4566 non
608 4512 760 4565 timet
812 4523 863 4563 te
918 4511 1228 4579 quisquam.
1273 4509 1418 4563 Dixit
1464 4510 1645 4565 alius:
1712 4510 1842 4563 Heri

284 4605 552 4664 sollicitus
603 4603 705 4655 fuit
762 4612 947 4670 pastor
989 4603 1060 4656 oh
1100 4616 1340 4670 gregem,
1404 4600 1566 4655 hodie
1616 4616 1745 4671 grex
1775 4599 1845 4655 ob

285 4704 555 4767 pastorem
589 4708 769 4747 suum.
826 4692 969 4747 Dixit
1022 4694 1213 4747 alius:
1271 4692 1568 4748 Pervenisti
1617 4694 1727 4761 jam
1777 4692 1842 4747 ad

230 4846 233 4847 ν
286 4790 438 4843 illum
475 4786 563 4839 cui
586 4786 801 4838 debitor
859 4800 1004 4848 eras,
1034 4786 1103 4839 ob
1139 4785 1384 4838 debitum
1419 4784 1567 4855 quod
1622 4797 1846 4839 necesse

286 4890 371 4936 est
402 4889 460 4933 ut
491 4879 693 4941 solvas,
723 4889 887 4945 atque
932 4877 1140 4931 utinam
1197 4876 1390 4931 scirem
1441 4891 1547 4945 qua
1584 4878 1845 4945 patientia

288 4973 458 5028 uteris
483 4971 539 5027 in
574 4972 758 5026 debito
780 4984 889 5039 quo
929 4970 1129 5023 teneris
1159 4969 1459 5023 solvendo?
1488 4969 1630 5025 Dixit
1659 4969 1797 5023 alius
1826 4986 1838 5021 :

288 5064 344 5120 Si
374 5073 537 5117 antea
564 5077 627 5117 ea
660 5061 851 5116 fuisset
888 5061 986 5114 tibi
1022 5061 1278 5127 gravitas,
1310 5070 1364 5113 et
1408 5061 1698 5129 temperies
1727 5076 1845 5129 quae

289 5155 450 5210 hodie
482 5165 584 5218 εει,
610 5161 757 5207 certe
778 5152 1015 5220 prudens
1045 5151 1264 5205 fuisses.
1298 5150 1545 5221 Cumque
1581 5152 1839 5221 loquendi

289 5250 397 5316 jam
432 5248 590 5300 tinem
631 5246 892 5300 fecissent
933 5245 1264 5313 philoswphi,
1308 5260 1539 5314 surgens
1581 5244 1842 5306 Rushtac,

292 5337 435 5391 Darii
469 5340 609 5405 regis
647 5338 940 5391 Persarum
991 5337 1120 5399 lilia,
1174 5335 1469 5389 Alexandri
1532 5352 1689 5399 uxor,
1727 5350 1846 5403 qua:

289 5431 534 5485 omnium
582 5428 891 5483 Alexandro
926 5428 1249 5483 charissima
1314 5427 1435 5492 luit,
1488 5444 1647 5482 manu
1709 5442 1847 5482 arca:

292 5521 538 5589 imposita
563 5521 696 5574 dixit
731 5538 743 5572 :
778 5520 889 5572 Non
923 5528 1257 5587 putaveram,
1288 5532 1319 5571 ο
1340 5534 1452 5580 rex,
1472 5532 1595 5571 cum
1624 5518 1843 5569 Darium

294 5614 554 5675 vinceres,
580 5626 799 5677 regnum
832 5620 977 5667 tuum
1005 5610 1273 5667 delictum
1297 5610 1381 5663 iri.
1404 5605 1539 5661 Tum
1560 5609 1694 5663 dixit
1724 5598 1843 5677 phi-

356 5628 554 5675 uceres,
580 5628 633 5665 re
674 5628 799 5664 num
832 5628 846 5662 ι

356 5704 378 5737 ⁸
418 5704 549 5761 Luc.
586 5628 711 5780 "59
740 5720 852 5769 seq.

1948 4430 2067 4469 rum
2092 4426 2341 4474 numero,
2384 4412 2467 4466 vir
2524 4412 2743 4480 quidam
2780 4404 2995 4464 nomine
3026 4408 3242 4463 Simeon
3300 4410 3504 4479 justus,

1946 4508 2040 4577 qui
2077 4505 2365 4559 Dominum
2426 4512 2667 4557 nostrum
2713 4502 2987 4555 Christum
3025 4518 3052 4555 e
3096 4503 3293 4569 templo
3319 4516 3506 4555 susce-

1945 4599 2043 4668 pit.
2075 4595 2173 4651 Hic
2198 4598 2326 4650 dum
2360 4598 2528 4663 legem
2562 4604 2617 4649 et
2656 4594 2824 4647 libros
2882 4594 3265 4663 prophetarum
3317 4608 3347 4647 e
3405 4593 3504 4645 liu-

1946 4703 2051 4758 gua
2081 4688 2342 4743 Hebraica
2391 4688 2442 4741 in
2470 4684 2711 4740 Graecam
2746 4685 3087 4748 transferret,
3149 4685 3501 4752 quotiescun-

1946 4794 2054 4849 que
2086 4793 2299 4833 comma
2326 4777 2546 4847 aliquod
2579 4778 2631 4829 in
2665 4790 2773 4846 quo
2812 4776 3091 4845 prophetia
3123 4786 3267 4830 esset
3297 4776 3362 4828 dc
3401 4774 3503 4828 Do-

1948 4872 2097 4926 mino
2122 4870 2342 4925 Christo
2375 4872 2852 4938 interpretaretur,
2904 4869 2977 4919 illi
3030 4866 3189 4921 corde
3240 4881 3341 4921 suo
3396 4883 3503 4921 non

1948 4962 2275 5026 assentiens,
2312 4961 2547 5024 dixerat,
2602 4958 2716 5013 Hoc
2768 4960 2883 5013 ﬁeri
2934 4974 3039 5012 non
3087 4965 3305 5026 potest:
3364 4959 3503 5014 Deus

1948 5068 2074 5123 ergo
2103 5043 2227 5106 vitae
2260 5053 2547 5106 terminum
2582 5050 2685 5120 ipsi
2728 5050 2898 5111 auxit,
2936 5048 3071 5101 adeo
3115 5058 3168 5099 ut
3193 5062 3363 5102 annos
3392 5059 3502 5104 tre-

1949 5153 2139 5199 centos
2162 5144 2556 5213 quinquaginta
2604 5143 2826 5203 viveret,
2862 5140 3030 5192 donec
3088 5139 3361 5193 Christum
3400 5139 3503 5193 Do-

1949 5240 2153 5291 minum
2200 5237 2439 5302 videret;
2492 5231 2849 5303 297-299
2899 5240 3058 5301 quem
3118 5233 3206 5285 ubi
3258 5233 3500 5295 vidisset,

1948 5330 2125 5392 Nunc,
2156 5328 2576 5397 inqoit,dimitte,
2599 5343 2627 5376 ο
2650 5322 2890 5386 Domine,
2917 5341 3118 5377 servum
3152 5333 3293 5376 tuum
3321 5340 3501 5377 secun-

1946 5423 2069 5472 dum
2098 5421 2300 5474 verbum
2324 5430 2465 5469 tuum
2500 5419 2552 5471 in
2578 5433 2737 5485 pace;
2774 5416 2892 5484 jam
2915 5418 3047 5469 enim
3100 5416 3332 5467 t-iderunt
3364 5417 3501 5467 oculi

1947 5515 2277 5567 msisulutem
2302 5526 2457 5580 quant
2479 5512 2879 5578 parasticoram
2911 5510 3144 5561 omnibus
3180 5509 3413 5577 pentibus
3431 5508 3499 5559 °°.

2022 5606 2231 5662 Mortuo
2260 5602 2550 5658 Ptolemaeo
2578 5601 2868 5674 G.~le,bvro,
2900 5603 3140 5668 regnavit
3174 5612 3291 5669 post
3326 5602 3495 5671 ipsum
