4038 6474
564 312 665 375 9ῖ5

1563 303 1921 385 EUTYCilIl
1962 300 2489 363 ALEXANDRINI
2534 303 2748 365 PATR.

3667 311 3762 369 976

552 437 736 479 annos
754 420 944 491 viginti
982 435 1171 477 novem
1198 419 1523 475 Ptolomaeus
1563 419 1985 488 cognominatus
2011 416 2115 471 Le-
2146 421 2190 475 A
2221 431 2338 470 rum
2391 432 2421 470 a
2461 416 2664 471 familia
2716 414 2991 480 Davidica,
3034 431 3097 471 ex
3145 432 3256 487 quo
3300 415 3504 487 captivi
3556 415 3767 471 abducti
3803 425 3813 432 ‘

551 528 688 585 lpus.
746 511 845 567 Hic
873 512 1215 568 Alexandriae
1262 510 1691 581 llippodromum
1747 523 1998 576 magnum
2050 506 2114 561 ad

512 591 519 596 ’
563 618 826 673 equorum
841 612 1116 657 certamen
1134 601 1421 666 exstruxit,
1437 602 1527 670 qui
1543 608 1779 670 tempore
1793 597 2024 653 Zenonis
2036 611 2122 651 rc-

554 692 648 762 .gis
671 693 794 763 igne
812 692 1001 761 periit.
1030 692 1159 746 Post
1175 692 1325 746 illum
1348 705 1521 745 annos
1543 690 1730 761 viginti
1747 704 1841 744 sex
1864 687 2111 758 regnavit

568 782 709 837 filius
762 783 957 851 ipsius,
1002 781 1395 852 Philadelphus
1440 770 1878 849 cognominatus.
1916 777 2118 834 Deinde

551 889 745 930 annos
776 875 978 944 viginti
1016 875 1269 944 quinque
1314 872 1658 937 Ptolomaeus,
1701 870 2118 940 cognominatus

564 960 875 1031 Evcrgetes.
928 962 1005 1015 Et
1056 969 1187 1031 post
1261 966 1436 1032 ipsum
1506 976 1680 1016 annos
1731 959 2115 1028 septemdecim

553 1043 893 1106 Ptolomaeus
930 1051 1348 1120 cognominatus
1386 1050 1719 1121 Philopator.
1772 1049 1975 1105 Deinde
2017 1065 2119 1104 an-

566 1157 667 1198 nos
692 1143 881 1214 viginti
917 1152 1149 1212 quatuor
1178 1144 1505 1199 Ptolomaeus
1541 1142 1955 1212 cognominatus
1992 1141 2120 1195 Illa-

565 1233 711 1287 stris.
752 1232 884 1287 Post
932 1233 1082 1287 illum
1118 1247 1293 1288 annos
1331 1233 1519 1303 viginti
1558 1230 1885 1287 Ptolomaeus
1930 1231 2118 1287 Philo-

566 1332 758 1376 metor.
801 1321 931 1391 Ejus
983 1331 1225 1391 tempore
1267 1321 1590 1388 Antiochus,
1633 1322 1948 1376 Graecorum
1999 1332 2118 1386 rex,

566 1413 793 1469 devictis
837 1412 992 1485 Syria
1022 1412 1305 1479 etJndaea,
1335 1414 1552 1469 Judaeos
1596 1428 1628 1467 e
1662 1411 1820 1483 Syria
1871 1410 2119 1481 expulit,

563 1504 855 1572 omniaque
891 1503 998 1557 illis
1046 1503 1216 1569 mala,
1248 1510 1304 1558 et
1366 1504 1705 1557 cruciatuum
1736 1516 1935 1572 genera
1975 1503 2121 1557 intu-

566 1594 649 1646 lit.
686 1593 814 1648 Post
852 1593 1286 1664 illumsregnavit
1333 1593 1504 1648 fra'er
1551 1594 1729 1662 ipsius
1758 1592 2119 1659 Ptolomaus,

564 1684 858 1755 Evergetes
884 1687 1047 1740 etiam
1077 1687 1286 1749 dictus,
1313 1699 1488 1740 annos
1524 1684 1716 1755 viginti
1748 1691 1880 1739 tres.
1924 1681 2000 1735 Eo
2031 1698 2119 1735 re-

564 1782 763 1841 gnante
790 1776 1035 1829 condidit
1064 1774 1389 1840 Antiochus,
1425 1763 1741 1830 Graecorum
1774 1789 1894 1839 rex,
1927 1776 2121 1829 Antio-

564 1863 766 1931 chiam,
821 1865 910 1919 cui
952 1865 1021 1919 de
1055 1865 1276 1919 nomine
1314 1879 1418 1920 suo
1460 1865 1873 1935 appellationem
1927 1865 2125 1921 indidit

563 1968 670 2022 qua
716 1964 907 2009 vocata
946 1963 1053 2011 est.
1080 1953 1225 2012 Post
1256 1957 1437 2027 ipsum
1477 1958 1725 2026 regnavit
1758 1954 2121 2021 Ptolomaeus,

564 2043 845 2101 Liberator
878 2047 1079 2114 dictus,
1118 2063 1292 2103 annos
1318 2048 1532 2118 viginti,
1564 2048 1721 2119 cujus
1760 2056 2006 2119 tempore
2028 2064 2124 2105 ex-
2170 2074 2173 2075 ν

568 2148 778 2193 structa
808 2142 1049 2195 esturbs
1074 2138 1355 2196 Seleucia.
1392 2141 1600 2196 Deinde
1639 2140 1998 2205 Ptolomaeus,
2033 2140 2123 2195 cui

566 2229 731 2283 etiam
784 2245 1091 2301 cognomen
1147 2231 1475 2297 Liberator,
1533 2245 1707 2286 annos
1780 2231 2122 2302 quindecim.

569 2319 774 2377 Deinde
808 2320 1133 2378 Ptolomaeus
1165 2324 1385 2378 nomine
1424 2322 1747 2386 Alexander,
1798 2322 2125 2394 cognomine

568 2411 787 2484 .‘asphis
833 2413 1169 2485 Philopator,
1213 2429 1387 2472 annos
1411 2414 1598 2471 decem
1640 2413 1746 2487 [vel
1770 2415 1927 2485 juxta
1976 2414 2123 2471 aliud

447 2509 451 2512 ’
538 2504 865 2581 exemplar,
930 2505 1262 2579 duodecim].
1315 2506 1519 2561 Deinde
1574 2507 1906 2581 Ptolomaeus
1962 2506 2126 2577 300

569 2594 980 2658 cognominatus
1010 2578 1238 2659 Phosas,
1273 2596 1575 2651 octodecim
1608 2578 1755 2651 dies'
1776 2594 1881 2668 [vel
1923 2611 2123 2652 secun-

570 2687 694 2742 dum
725 2687 868 2743 aliud
908 2688 1206 2759 exemplar,
1242 2696 1364 2744 octo
1392 2686 1609 2761 annos].
1645 2687 1773 2744 Post
1795 2690 1972 2759 ipsum
1996 2686 2125 2743 Pto-

571 2784 793 2836 Iommns
832 2779 1121 2852 Dionysius
1146 2796 1316 2836 annos
1346 2783 1535 2853 viginti
1565 2796 1782 2836 novem.
1817 2781 1943 2836 Post
1963 2794 2123 2849 quem

572 2869 676 2925 lilia
722 2872 895 2941 ipsius
945 2872 1230 2940 Cleopatra
1285 2874 1465 2942 (cujus
1516 2870 1751 2925 nominis
1787 2869 2125 2939 significatus

572 2971 651 3017 est
703 2975 902 3031 petram
969 2963 1207 3034 deﬂens),
1280 2977 1454 3018 annos
1507 2960 1695 3030 viginti
1775 2961 1932 3015 duos.
2000 2959 2126 3016 llaec

2220 516 2348 561 sunt
2379 522 2409 561 a
2442 506 2893 562 Bochtanassero.
2939 506 3127 576 Neque
3157 509 3301 562 enim
3331 509 3387 562 in
3422 509 3579 562 [tunc
3610 522 3771 575 usque

2218 597 2361 652 diem
2392 598 2694 667 praeﬁciunt
2738 599 2843 653 sibi
2884 597 3056 652 Judaei
3088 613 3267 667 regem
3327 599 3432 652 nisi
3481 616 3513 653 e
3555 597 3775 652 Davidis

2220 688 2409 757 stirpe.
2461 687 2729 743 Sacerdos
2778 703 2906 743 vero
2948 689 3049 744 fuit
3085 690 3258 759 stirpe
3293 688 3549 744 Davidica
3584 691 3770 745 oriun-

2220 778 2345 841 dus,
2401 780 2616 834 nomine
2644 780 3011 846 Aristobulus,
3037 781 3129 850 qui
3191 781 3341 849 regio
3378 795 3533 836 more
3561 780 3777 836 Judzos

2220 870 2378 923 rexit.
2431 869 2576 923 Misit
2632 885 2761 942 ergo
2810 872 3096 941 Augustus
3132 872 3324 926 ducem
3364 886 3396 925 e
3428 872 3546 926 suis
3590 888 3779 941 quem-

2221 961 2344 1015 dam
2378 962 2597 1016 nomine
2638 960 2841 1016 Paetum
2875 963 2969 1027 qui
3002 962 3376 1033 Hierosolyma
3404 965 3637 1019 obsessa
3661 978 3781 1017 cum

2219 1054 2495 1123 cepisset,
2569 1053 2946 1109 Aristobulum
3025 1052 3337 1109 Iudaeorum
3402 1055 3785 1121 sacerdotem,

2220 1141 2575 1219 compedibus
2607 1145 2877 1209 vinctum,
2932 1159 3056 1198 cum
3094 1145 3283 1201 multis
3328 1160 3360 1200 e
3409 1145 3581 1200 sociis
3614 1145 3786 1214 ipsius

2221 1232 2446 1287 Romam
2481 1233 2653 1297 misit,
2688 1235 3006 1306 tributaque
3040 1234 3248 1291 Iudaeis
3283 1236 3544 1305 imposito
3573 1234 3647 1288 ab
3679 1235 3785 1290 illis

2220 1322 2495 1379 discessit.
2525 1322 2716 1395 Magna
2749 1340 2880 1380 vero
2920 1327 3140 1380 miseria
3166 1322 3389 1380 Judzeos
3411 1325 3636 1380 invasit.
3685 1324 3783 1377 Sa-

2221 1414 2416 1470 cerdos
2467 1424 2645 1470 autem
2693 1415 2989 1470 Aristobuli
3054 1416 3179 1471 loco
3244 1416 3419 1471 factus
3472 1423 3560 1470 est
3622 1415 3787 1470 frater

2219 1502 2415 1573 ipsius,
2471 1504 2557 1560 cui
2612 1518 2808 1561 nomen
2862 1504 3067 1560 Arkan.
3109 1503 3335 1560 Arkano
3369 1504 3460 1561 isti
3489 1520 3621 1560 cum
3673 1506 3785 1559 viro

2222 1591 2456 1662 quodam
2510 1593 2729 1650 nomine
2754 1594 3063 1665 Antipatro,
3098 1593 3441 1665 Askalonita,
3470 1594 3787 1649 intercessit

2221 1684 2485 1748 amicitia,
2512 1685 2613 1755 qui
2650 1685 2809 1740 idolii
2855 1684 3142 1756 cujusdam
3172 1685 3409 1741 adituus
3454 1683 3586 1749 fult,
3618 1684 3787 1739 idem-

2222 1789 2330 1843 que
2355 1772 2586 1829 Herodis
2611 1782 2784 1843 pater,
2814 1789 2984 1845 genus
3016 1790 3048 1830 e
3074 1773 3256 1844 Cypro
3278 1773 3509 1831 ducens.
3562 1772 3790 1829 Consti-

2223 1866 2329 1921 tuit
2350 1874 2531 1922 autem
2576 1864 2756 1920 Arkan
2790 1866 3054 1923 sacerdos
3105 1866 3371 1936 Herodem
3403 1867 3619 1921 viarum
3650 1879 3787 1934 pra:-

2220 1956 2423 2013 fectum
2471 1967 2667 2013 contra
2712 1958 2972 2022 latrones,
3020 1972 3141 2012 cum
3194 1955 3282 2011 vir
3327 1955 3529 2027 ingenii
3586 1954 3788 2009 ferocis

2220 2055 2391 2104 esset.
2421 2047 2744 2104 invadentes
2771 2047 2934 2119 30E.
2962 2054 3141 2103 autem
3164 2045 3539 2119 Hierosolyma
3563 2045 3785 2117 quidam

2205 2145 2286 2194 'ex
2312 2138 2377 2192 Al
2409 2137 2576 2194 Gauri
2601 2138 2797 2193 incolis
2829 2138 3105 2194 Arkanum
3144 2138 3484 2194 sacerdotem
3510 2137 3788 2205 captivum

2223 2227 2589 2294 abduxerunt,
2633 2228 2943 2300 Antipatro,
2979 2226 3210 2284 Herodis
3243 2236 3419 2297 patre,
3446 2227 3785 2283 interfecto:

2223 2320 2407 2392 itaque
2441 2320 2630 2376 relicta
2663 2312 2747 2374 est
2778 2321 2911 2375 urbs
2941 2320 3060 2376 sine
3089 2317 3349 2391 praefecto
3386 2327 3483 2372 aut
3510 2316 3792 2388 principe.

2225 2408 2470 2479 Herodes
2511 2425 2643 2482 ergo
2684 2411 2961 2466 Romanos
3007 2411 3101 2479 qui
3144 2408 3545 2479 Hierosolymis
3585 2406 3792 2462 substi-

2224 2510 2410 2557 terunt
2456 2501 2776 2558 demulcens
2807 2502 3083 2571 multaque
3116 2486 3250 2571 ipsis
3293 2500 3489 2565 collata
3532 2499 3791 2569 pecunia,

2224 2593 2347 2648 urbi
2400 2601 2459 2646 ut
2508 2593 2764 2663 princeps
2814 2592 3050 2662 praefuit.
3114 2590 3430 2660 Auditoque
3481 2592 3791 2659 Augustum

2224 2670 2515 2756 Egyptum
2569 2685 2793 2740 tendere
2837 2684 3124 2754 quaesitum
3162 2682 3530 2752 Cleopatram,
3583 2679 3791 2734 Ramla

2225 2778 2334 2847 ipsi
2377 2775 2591 2831 obviam
2638 2773 2836 2840 factus,
2870 2774 3054 2830 multis
3078 2773 3180 2843 ipsi
3204 2773 3529 2829 muneribus
3556 2771 3789 2836 oblatis,

2224 2868 2397 2937 ipsius
2421 2867 2522 2922 sibi
2551 2867 2839 2922 amicitiam
2867 2865 3193 2921 conciliavit.
3222 2866 3499 2936 Augustus
3519 2877 3655 2918 vero
3670 2875 3793 2918 cum

2224 2957 2515 3030 Egyptum
2565 2960 2927 3027 pervenisset,
2978 2972 3120 3014 ceso
3181 2956 3440 3022 Antonio,
3490 2953 3793 3030 Cleopatra:

573 3029 911 3107 Alexandriae
963 3029 1455 3108 tnulta‘vexstruxit
1501 3029 1728 3106 aedilicia
1773 3067 2006 3120 magna,
2069 3061 2123 3106 et
2150 3087 2195 3148 ο
2228 3051 2507 3120 deputata,
2566 3049 2949 3105 Alexandriam
2996 3049 3169 3118 ipsam
3203 3049 3491 3119 qumsitum
3533 3029 3787 3109 tetendit,

574 3145 868 3210 miranda;
927 3145 1161 3214 fecitque
1241 3158 1406 3214 opera
1487 3144 1785 3199 tessellata.
1841 3142 2123 3196 Exstruxit

575 3237 731 3290 etiam
786 3237 1040 3306 templum
1082 3250 1360 3305 magnum,
1409 3239 1553 3304 quod
1595 3234 1813 3289 Saturni
1864 3233 2125 3303 templum

576 3326 877 3397 appellavit,
924 3327 1069 3398 quod
1106 3329 1208 3383 sub
1250 3326 1671 3383 Christianismo
1718 3327 1773 3381 in
1842 3326 2126 3381 ecclesiam

576 3433 915 3483 conversum,
970 3418 1152 3474 Sancti
1202 3419 1485 3474 Michaelis
1549 3417 1833 3473 ecclesiam
1883 3419 2127 3472 nomina-

576 3518 741 3576 runt;
774 3524 894 3579 quae
936 3511 1122 3564 eadem
1178 3507 1525 3563 Alkaisariah
1581 3509 1850 3577 appellata
1887 3513 2010 3573 est,
2064 3523 2127 3562 ac

578 3618 693 3673 igne
733 3602 891 3670 periit
920 3616 1030 3671 quo
1058 3612 1303 3669 tempore
1340 3598 1569 3669 ingressi
1601 3608 1729 3653 sunt
1754 3597 2128 3654 Occidentales

578 3693 955 3748 Alexandriam
1007 3707 1129 3746 cum
1165 3692 1389 3746 domino
1424 3698 1615 3744 nostro
1646 3689 1967 3745 Almansore
2001 3691 2131 3744 Abi—

576 3784 769 3845 kalem,
829 3782 923 3851 qui
974 3781 1237 3836 Ahdallah
1281 3780 1455 3845 audit,
1507 3788 1563 3835 et
1616 3779 1865 3834 liabbasa
1916 3778 2127 3834 Chalifa

579 3885 707 3927 tunc
756 3874 821 3929 Al
865 3872 1180 3929 lllolttadaro
1218 3871 1457 3936 Jaafaro,
1488 3879 1540 3925 et
1570 3886 1727 3925 servo
1770 3868 1887 3937 eius
1920 3870 2125 3925 Tacino

578 3960 815 4032 Egypti,
851 3974 904 4017 et
932 3962 1278 4018 Alexandria:
1315 3959 1586 4030 praelecto.
1619 3960 1901 4015 Exstruxit
1938 3960 2126 4015 eadem

578 4056 639 4107 in‘
672 4056 805 4108 urbe
838 4055 1084 4108 Achmim
1126 4054 1438 4107 columnam
1473 4054 1809 4107 meusoriam
1833 4091 1849 4119 ,
1885 4068 1992 4123 qua
2020 4051 2127 4107 Nili

579 4146 974 4198 incrementum
1002 4144 1306 4213 percipitur
1343 4158 1359 4197 :
1398 4156 1496 4196 nec
1526 4158 1633 4195 non
1668 4142 1721 4196 in
1753 4144 1886 4197 urbe
1911 4144 2127 4198 Ansena

582 4236 758 4288 ~tliam.
802 4234 976 4289 Porro
1024 4248 1167 4287 anno
1214 4234 1362 4303 regni
1398 4233 1516 4302 ejus
1550 4234 1745 4302 quarto
1796 4234 1914 4287 urbi
1945 4232 2130 4287 Romae

578 4327 863 4396 imperavit
922 4342 1011 4381 rex
1054 4329 1275 4380 nomine
1322 4324 1488 4379 Caius
1551 4324 1731 4378 Caesar
1778 4338 1951 4378 annos
1996 4340 2132 4394 qua-

2234 3143 2344 3212 quo
2371 3150 2582 3211 captam
2628 3140 2941 3210 ignominiae
2963 3149 3267 3209 exponeret
3305 3138 3571 3195 Romanis
3608 3147 3792 3193 osten-

2233 3247 2373 3289 sam.
2438 3231 2723 3301 Cleopatra
2758 3247 2887 3302 ergo
2914 3232 3101 3287 audito
3140 3247 3339 3306 caesum
3390 3245 3513 3287 esse
3558 3230 3631 3284 ab
3678 3230 3790 3313 Au-

2234 3333 2396 3395 gusto
2424 3323 2634 3380 Caesare
2663 3324 2981 3394 deputatum
3027 3339 3184 3379 suum
3225 3323 3550 3378 Antonium.
3589 3329 3662 3375 et.
3686 3312 3791 3375 'ca-

2233 3426 2379 3487 ptam
2442 3415 2760 3486 Egyptum,
2805 3431 2874 3471 ne
2919 3415 3154 3471 ludibrio
3213 3414 3507 3470 haberetur
3573 3413 3787 3476 timens,

2236 3515 2467 3563 mortem
2502 3508 2770 3577 praetulit;
2807 3516 2863 3561 et
2896 3522 2965 3562 ne
3000 3506 3055 3561 in
3086 3521 3282 3565 manus
3310 3504 3484 3575 ipsius
3513 3502 3785 3565 incidens,

2235 3598 2544 3668 ignominiae
2575 3607 2958 3669 exponeretur,
2997 3613 3186 3654 necem
3209 3596 3314 3653 sibi
3353 3596 3626 3651 conscivit
3649 3611 3666 3661 ;
3690 3594 3789 3647 hoc

2233 3704 2428 3758 nempe
2458 3698 2617 3758 pacto
2636 3707 2667 3763 _:
2702 3691 2839 3744 duas
2866 3689 3114 3752 ancillas,
3138 3702 3367 3758 quarum
3396 3676 3554 3740 alteri
3596 3698 3787 3740 nomen

2233 3782 2398 3841 Ahra.
2415 3795 2532 3849 quae
2549 3781 2721 3850 ipsam
2742 3788 2956 3849 pectere
2971 3790 3026 3834 et
3047 3792 3264 3842 ornare,
3283 3777 3436 3839 alteri
3452 3776 3649 3841 Hatra,
3670 3789 3785 3846 qua

2235 3871 2340 3940 ipsi
2384 3878 2595 3939 ungues
2634 3868 2930 3939 praecidere
2971 3884 3037 3923 ac
3062 3879 3243 3925 vestes
3277 3868 3510 3923 induere
3550 3869 3782 3928 solebat,

2236 3960 2556 4025 accersitas,
2600 3961 2764 4029 jussit
2810 3960 2862 4014 in
2921 3960 3141 4014 hortum
3185 3958 3471 4030 quemdam
3518 3957 3785 4027 profectas

2236 4050 2475 4119 viperam
2506 4066 2626 4120 qua:
2661 4050 2808 4120 aspis
2852 4050 3174 4119 appellatur,
3210 4050 3315 4103 sibi
3342 4048 3576 4104 afferre:
3625 4063 3780 4114 quam

2237 4143 2361 4197 inde
2413 4144 2630 4195 allatam
2699 4156 2821 4195 cum
2900 4140 2953 4194 in
3029 4140 3159 4207 ipsis
3238 4140 3474 4207 primum
3564 4147 3784 4206 experta

2238 4232 2450 4296 fuisset,
2503 4234 2605 4286 illa:
2646 4232 2930 4286 confestim
2994 4239 3219 4283 mortua:
3248 4238 3396 4283 sunt.
3423 4226 3625 4282 Vidcns
3658 4240 3783 4296 ergo

2238 4333 2538 4394 serpentem
2612 4332 2835 4378 mortem
2905 4322 3139 4375 subitam
3222 4319 3455 4383 inferre,
3530 4330 3778 4372 coronam

580 4427 722 4471 tuor.
757 4415 956 4470 Deinde
980 4422 1103 4482 past
1138 4416 1314 4483 ipsum
1344 4414 1622 4481 Augustus
1644 4410 2129 4464 Cazsarmonarcbi
2166 4431 2211 4488 ι)
2240 4431 2392 4471 sua...
2459 4415 2775 4483 prehensam
2830 4410 3181 4482 305-307
3240 4412 3399 4479 capiti
3469 4409 3781 4477 imponens,

583 4510 745 4572 ﬁlius,
789 4508 951 4576 idque
984 4521 1126 4559 anno
1157 4506 1308 4574 regni
1346 4504 1648 4572 Cleopatra:
1680 4492 1990 4555 undecimo.
2032 4500 2132 4557 Hic

581 4601 804 4655 devictis
840 4599 1057 4668 regibus
1106 4597 1223 4651 orhi
1258 4594 1578 4663 imperavit,
1624 4591 1784 4660 cujus
1827 4591 1967 4644 fama
2006 4606 2127 4645 cum

580 4690 647 4744 ad
675 4690 1016 4758 CleOpatram
1049 4685 1415 4757 pervenisset,
1457 4683 1547 4736 illa
1606 4683 1672 4735 ab
1716 4684 1831 4750 ipso
1888 4672 2134 4733 metuens

584 4797 805 4852 regnum
849 4794 1005 4835 suum
1049 4776 1299 4841 munivit,
1339 4784 1617 4828 exstructo
1666 4774 1872 4828 scilicet
1917 4785 1946 4824 a
1984 4781 2135 4839 parte

584 4877 833 4933 orientali
886 4877 949 4929 ad
1000 4874 1106 4927 Nili
1151 4886 1345 4941 ripam,
1396 4883 1554 4923 muro
1602 4884 1630 4920 a
1686 4864 1860 4919 Nubia
1914 4865 2136 4933 regione

583 4967 931 5042 301-303
976 4964 1262 5017 Pharmatn
1302 4975 1493 5030 usque,
1532 4973 1630 5011 nec
1662 4974 1768 5009 non
1817 4956 1924 5009 alio
1970 4970 1997 5006 a
2033 4950 2139 5004 Nu-

586 5068 693 5127 bia,
733 5058 1113 5115 Alexandriam
1162 5068 1334 5121 usque
1372 5068 1399 5104 a
1434 5062 1585 5119 parte
1632 5047 1957 5102 occidentali
1990 5064 2002 5099 :
2041 5044 2135 5114 qui

586 5156 744 5212 hodie
776 5154 944 5219 llayet
971 5148 1033 5202 Oi
1063 5149 1218 5215 Ajuz,
1248 5144 1435 5198 Murus
1465 5141 1648 5196 vetulis
1677 5141 1997 5209 appellatur.

667 5249 949 5315 Cleopatra
1011 5252 1191 5294 autem
1262 5236 1603 5291 Alexandriae
1650 5231 1949 5294 habitavit,
2008 5228 2140 5282 fuit-

591 5355 689 5411 que
740 5338 845 5407 ipsi
908 5336 962 5387 in
1021 5330 1313 5400 {Egyptum
1367 5328 1655 5396 deputatus
1702 5322 1919 5375 nomine
1969 5324 2140 5373 Anto-

592 5436 731 5486 nius.
754 5430 923 5482 Porro
952 5426 1232 5493 Augustus
1262 5418 1443 5473 audita
1490 5419 1606 5485 ejus
1642 5417 1801 5479 lauta,
1836 5412 1939 5482 ipsi
1966 5412 2143 5463 inhia-

594 5530 681 5578 \ll.
725 5522 1038 5583 Nuntiatum
1095 5526 1177 5570 est
1242 5524 1419 5565 autem
1494 5511 1738 5577 Augusto
1812 5503 2025 5558 Iudaeos
2090 5504 2140 5555 in

596 5619 720 5670 urbe
770 5612 1268 5679 Hierosolymorum
1318 5604 1638 5670 obsequium
1677 5600 1779 5668 ipsi
1840 5612 1947 5650 non
2002 5611 2142 5663 pra:-

598 5719 753 5763 itare.
801 5705 1051 5758 Ablatum
1093 5710 1269 5754 autem
1301 5697 1409 5764 jam
1446 5692 1620 5747 fuerat
1668 5704 1889 5759 regnum
1924 5687 2138 5741 indeco-

1604 6448 1621 6453 “
1670 6446 2023 6474 -w
2072 6444 2581 6474 At"
2258 6446 2299 6453 "
2436 6446 2469 6457 ’⁷
2520 6444 2791 6474 ’τ-’Ἰι⁷

2236 4522 2397 4575 seque
2457 4505 2659 4558 tnundo
2711 4518 2811 4558 suo
2872 4503 3121 4555 universo
3177 4515 3415 4563 ornans,
3484 4514 3618 4552 auro
3675 4498 3787 4551 sci-

2235 4598 2381 4660 licet,
2406 4607 2647 4667 argento,
2686 4594 3001 4657 unionibus,
3035 4592 3345 4660 hyacinthis
3380 4605 3441 4644 ac
3464 4587 3779 4657 smaragdis,

2237 4703 2299 4743 ac
2321 4688 2515 4741 deinde
2556 4697 2731 4741 vestes
2762 4684 2969 4752 regales
3006 4684 3212 4746 induta,
3246 4689 3518 4750 acceptam
3550 4681 3780 4749 viperant

2238 4780 2487 4832 mamillae
2532 4779 2770 4833 sinistrae
2798 4775 3030 4848 (scilicet
3060 4775 3277 4842 regione
3332 4773 3419 4826 illa
3453 4772 3615 4828 situm
3666 4780 3782 4823 esse

2239 4884 2335 4923 cor
2364 4868 2609 4937 noverat)
2648 4867 2908 4928 admovit,
2954 4866 3251 4935 statimque
3277 4874 3490 4917 mortua
3528 4872 3634 4915 est.
3660 4856 3778 4912 Visa

2242 4962 2332 5014 illa
2381 4964 2653 5029 Augustus
2700 4970 2811 5012 tum
2842 4959 3010 5027 ipsam
3041 4964 3152 5009 tum
3182 4957 3388 5009 factum
3421 4954 3594 5023 ipsius
3627 4952 3782 5005 mira-

2242 5061 2328 5106 tus
2360 5063 2468 5113 est,
2499 5052 2641 5120 quod
2673 5057 2903 5102 mortem
2936 5048 3183 5101 servituti
3231 5057 3284 5099 et
3318 5044 3631 5114 ignominiae
3658 5055 3781 5110 prte-

2242 5144 2474 5197 tulisset.
2511 5139 2715 5195 Ferunt
2741 5150 2920 5193 autem
2963 5140 3266 5206 Augustum
3304 5135 3575 5190 Caesarem
3610 5145 3776 5201 regem

2242 5236 2546 5303 ingressum
2587 5229 2882 5285 offendisse
2924 5229 3094 5296 ipsam
3134 5242 3392 5280 coronam
3436 5239 3589 5279 suam
3629 5234 3775 5278 manu

2243 5326 2491 5385 sinistra,
2534 5338 2600 5376 ne
2638 5323 2704 5374 de
2747 5321 2926 5387 capite
2960 5320 3276 5380 decideret,
3318 5324 3628 5378 tenentem,
3679 5324 3775 5380 quo

2244 5417 2413 5484 ipsam
2466 5414 2518 5466 in
2560 5426 2723 5479 regno
2771 5425 2870 5464 suo
2914 5410 3192 5464 sedentem
3252 5408 3537 5460 inveniret.
3584 5402 3776 5459 Ferunt

2245 5506 2335 5559 alii
2387 5506 2579 5572 ipsam,
2624 5518 2743 5556 cum
2783 5511 3009 5555 mortem
3046 5501 3147 5561 sibi
3192 5499 3537 5553 consciscere
3594 5496 3771 5554 vellet,

2246 5595 2471 5651 brachio
2518 5608 2617 5646 suo
2648 5594 2819 5643 cultro
2872 5592 3020 5658 prius
3058 5589 3228 5642 inciso
3255 5588 3389 5640 adeo
3421 5596 3477 5639 ut
3513 5585 3776 5654 egredere—

2250 5696 2335 5741 tur
2363 5683 2604 5754 sanguis,
2628 5682 2774 5737 virus
2806 5681 3026 5745 deinde,
3056 5679 3199 5750 quod
3230 5692 3396 5748 penes
3426 5678 3594 5743 ipsam
3628 5680 3772 5732 esset.
