4038 6460
232 387 353 454 ’977

1666 400 2028 462 ANNALES-

3347 422 3454 482 978

251 509 577 575 viperarum,
620 507 827 562 vulneri
873 508 1165 579 iniecisse,
1202 526 1312 581 quo
1350 514 1533 568 statim
1589 526 1796 572 mortua
1827 519 1875 576 A
1901 520 2044 589 gavit
2095 519 2357 586 Herodes,
2396 525 2463 579 de
2505 539 2569 578 eo
2611 526 2754 594 quod
2790 539 3175 585 narraverant:
3211 531 3305 600 qui
3344 533 3448 602 ipsi

248 608 349 650 OSI.

317 685 475 738 Auno
525 693 703 740 autem
755 689 964 757 imperii
1024 692 1250 760 Augusti
1291 693 1523 751 Caesaris
1592 698 1796 752 duode-

253 775 393 828 cimo
427 775 689 830 abolitum
720 788 799 833 esl
833 780 1133 850 Cleopatrae
1168 801 1413 854 regnum.
1444 787 1613 841 Porro
1644 805 1673 842 a
1710 805 1795 843 re-

245 878 352 931 gno
395 865 705 932 Alexandri.
725 871 792 923 ad
821 871 981 926 linem
1013 875 1163 944 regni
1189 875 1489 946 Cleopatrae
1519 881 1643 934 anni
1671 889 1800 936 sunt

245 958 464 1011 ducenti
522 962 798 1030 octoginta
867 980 1082 1020 novem.
1143 965 1410 1025 Redeunti
1470 971 1664 1027 deinde
1729 989 1797 1028 ex

250 1047 486 1118 Egypto
521 1049 750 1106 Romam
795 1053 1038 1122 Augusto
1074 1057 1296 1126 Caesari,
1325 1077 1541 1116 rursum
1581 1064 1797 1118 obviam

247 1141 448 1197 Ramlaa
493 1143 669 1200 factus
740 1148 1006 1216 Herodes,
1049 1152 1218 1205 multa
1278 1155 1478 1208 obtulit
1538 1157 1797 1225 donaria;

243 1249 432 1302 quare,
463 1238 636 1306 ipsum
674 1238 872 1295 Iudaeae
903 1242 1174 1296 universae
1208 1258 1328 1297 cum
1365 1243 1539 1315 ipsius
1582 1250 1800 1304 ditioni-

247 1328 349 1381 btts
387 1337 441 1382 et
483 1330 704 1400 regione
731 1332 966 1387 Galilm
1009 1342 1284 1390 montana:
1319 1338 1644 1406 praeﬁciens,
1684 1343 1797 1396 Au-

242 1432 436 1492 gustus
468 1428 631 1495 capiti
673 1428 848 1496 ipsius
874 1428 1124 1484 diadema
1156 1433 1366 1500 regium
1415 1432 1694 1503 imposuit.
1723 1436 1792 1491 At

241 1531 366 1568 cum
401 1514 770 1585 Hierosolyma
816 1533 912 1574 rex
971 1520 1080 1590 jam
1125 1519 1299 1577 factus
1341 1537 1596 1578 reversus
1627 1536 1796 1590 esset,

242 1606 536 1660 noluerunt
575 1605 746 1661 «ιυόωί
783 1608 962 1676 ipsum
1003 1609 1059 1662 in
1100 1625 1195 1664 eos
1239 1625 1489 1681 regnare.
1530 1612 1626 1670 Ille
1664 1630 1796 1683 ergo

241 1693 589 1760 tyrannidem
644 1694 699 1746 in
762 1695 912 1763 ipsos
982 1711 1286 1762 exercens,
1345 1701 1544 1757 multos
1606 1718 1793 1758 eorum

241 1781 406 1852 308
456 1785 871 1847 morteaﬂ‘ecit.
921 1786 1128 1843 Dirutis
1176 1789 1339 1853 etiam
1388 1790 1543 1847 urbis
1593 1809 1796 1862 propu-

241 1873 474 1941 gnaculo
524 1888 589 1929 ac
642 1876 864 1944 templo,
892 1877 1064 1933 libros
1091 1877 1426 1948 Iudaeorum,
1472 1899 1610 1952 quos
1639 1886 1801 1964 resti-

250 1973 435 2019 tuerat
461 1965 592 2032 ipsis
619 1968 780 2028 Ezra,
813 1969 880 2022 de
908 1969 1149 2024 tribuum
1176 1973 1513 2041 genealogiis
1535 1975 1804 2042 ipsorum-

239 2069 347 2123 que
377 2057 652 2125 prosapia,
694 2059 926 2122 ablatos,
967 2075 1158 2117 omnes
1209 2064 1530 2132 combussit,
1575 2080 1643 2120 ne
1682 2066 1806 2135 quis

241 2160 323 2210 ex,
351 2146 488 2215 ipsis
519 2147 819 2217 .cnjnsnam
851 2159 1000 2205 esset
1028 2151 1224 2219 tribus,
1260 2161 1352 2208 aut
1379 2169 1490 2222 quo
1521 2164 1676 2224 patre
1722 2171 1807 2210 sa-

241 2245 330 2290 tus
376 2236 773 2305 dignosceret:
819 2241 1004 2294 omnia
1047 2243 1210 2296 etiam
1261 2246 1555 2300 sacerdotii
1595 2246 1804 2303 instru-

243 2337 426 2383 menta
466 2330 644 2385 ablata
677 2332 962 2399 vendidit,
1000 2342 1285 2404 vestesque
1317 2336 1662 2392 sacerdotum
1711 2353 1806 2392 an-

242 2420 371 2474 nulo
421 2436 522 2476 suo
567 2423 860 2492 signavit;
913 2424 1046 2494 quin
1095 2434 1150 2479 et
1202 2428 1380 2495 ipsum
1433 2428 1804 2486 sacerdotium

243 2512 432 2574 venale
477 2512 690 2577 habuit,
733 2513 870 2586 adeo
920 2524 977 2569 ut
1009 2530 1132 2569 cum
1169 2515 1413 2585 ipsorum
1453 2516 1577 2586 quis
1624 2505 1808 2573 sacer-

242 2600 425 2653 dotem
472 2615 531 2654 se
574 2600 691 2654 fieri
743 2584 929 2666 vellet,
991 2617 1100 2656 non
1156 2584 1262 2658 nisi
1308 2584 1505 2673 magna
1563 2606 1806 2674 pecunia:

247 2706 462 2745 summa
504 2691 656 2760 prius
695 2703 916 2763 accepta
960 2708 1158 2748 munus
1201 2692 1334 2748 illud
1367 2693 1420 2748 in
1463 2695 1638 2764 ipsum
1669 2711 1804 2751 con-

210 2783 458 2838 ~ferret:
515 2784 862 2854 pessimeque
907 2782 979 2840 ac
1029 2785 1216 2855 inique
1275 2800 1334 2841 se
1388 2786 1442 2839 in
1485 2801 1652 2856 regno
1704 2803 1806 2843 suo

241 2875 432 2942 gessit.

311 2964 481 3022 Porro
511 2981 653 3022 anno
694 2968 909 3039 imperii
960 2969 1196 3039 Augusti
1228 2969 1462 3027 Casaris
1504 2975 1805 3044 quadrage-

242 3057 386 3113 simo
442 3060 646 3126 prodiit
687 3061 755 3116 ab
794 3063 914 3131 ipso
968 3063 1204 3117 edictum
1239 3073 1314 3118 ἰιι
1362 3064 1605 3119 omnium
1637 3080 1805 3134 regno

242 3151 418 3220 ipsius
448 3166 543 3223 per
571 3162 744 3209 totum
778 3155 961 3210 orbem
992 3153 1386 3227 [subditorum]
1427 3159 1802 3218 describeren-

247 3258 335 3300 tur
381 3246 626 3308 nomina,
653 3245 896 3300 virorum
935 3248 1201 3318 (inquam)
1243 3265 1365 3303 cum
1400 3253 1659 3308 uxoribus
1689 3255 1803 3309 suis

243 3337 456 3405 (quales
483 3337 609 3391 olim
639 3352 838 3392 census
863 3338 1280 3406 condebantur),
1303 3348 1362 3394 ut
1391 3356 1579 3396 eorum
1615 3359 1806 3400 nume-

242 3444 361 3482 rum
412 3437 741 3484 recenseret.
783 3430 1092 3498 Misit'ergo
1122 3446 1244 3486 cum
1285 3433 1482 3488 scribis
1525 3435 1718 3488 ducem
1769 3450 1800 3488 e

242 3521 356 3574 suis
388 3521 680 3587 quemdam
715 3521 936 3575 nomine
967 3520 1260 3590 Cyrenium
1281 3561 1296 3583 ,
1345 3539 1504 3590 quem
1541 3525 1708 3595 Syriae
1740 3540 1802 3581 ac

243 3609 444 3663 Iudaeae
490 3609 749 3679 praefecit.
781 3611 938 3664 Anno
970 3619 1149 3664 autem
1197 3613 1410 3682 imperii
1457 3614 1626 3682 ipsius
1671 3631 1804 3683 qua-

245 3699 557 3768 dragesimo
609 3704 794 3770 primo
836 3704 1054 3756 allatum
1087 3712 1173 3758 est
1208 3703 1449 3759 Domina!
1483 3706 1662 3760 Mariae
1685 3707 1807 3761 Vir-

245 3792 352 3859 gini
411 3807 559 3861 purte
611 3793 831 3854 illibatae
879 3795 1130 3848 nuntium
1174 3796 1240 3850 de
1289 3796 1518 3850 Domino
1575 3797 1804 3857 Messia:

246 3897 497 3950 annoque
552 3884 765 3953 imperii
825 3885 1055 3954 Augusti
1103 3887 1336 3943 Ctesaris
1392 3891 1808 3959 quadragesimo

247 3975 510 4038 secundo,
541 3984 595 4028 et
627 3975 778 4044 regni
823 3974 1086 4039 Herodis,
1118 3980 1390 4047 Antipatri
1433 3981 1554 4045 lilii,
1605 3984 1657 4035 in
1705 3980 1805 4053 Sy-

249 4059 382 4114 riam
415 4062 692 4116 tricesimo
722 4065 882 4118 tertio
917 4063 1022 4135 [vel
1055 4063 1207 4133 juxta
1240 4067 1387 4121 aliud
1416 4069 1716 4140 exemplar,
1751 4072 1804 4126 in

249 4157 445 4204 terram
478 4152 883 4223 lsraeliticam],
936 4163 1094 4210 natus
1162 4168 1243 4210 est
1299 4156 1561 4211 Dominus
1620 4167 1807 4215 noster

251 4237 501 4297 Christus
547 4244 632 4296 die
677 4242 865 4296 Canun
924 4245 1082 4312 primi
1134 4246 1397 4301 vicesimo
1456 4247 1802 4320 309-311

250 4333 463 4395 quinto,
504 4332 704 4386 Cahaci
751 4333 1009 4387 vicesimo
1059 4349 1224 4389 nono.
1267 4336 1344 4389 Ad
1380 4336 1658 4393 Christum
1712 4357 1808 4395 au-

252 4433 354 4476 tem
399 4431 586 4476 natum
614 4437 641 4475 a
698 4422 804 4476 line
853 4424 1001 4493 regni
1053 4425 1352 4495 CleOpatraz
1391 4430 1515 4482 anni
1549 4441 1672 4485 sunt
1713 4433 1808 4486 tri-

1907 613 2341 680 responderunt:
2390 614 2616 671 Stellam
2654 632 2905 686 magnam
2953 620 3005 673 in
3049 619 3274 691 Oriente
3320 637 3454 676 con-

1904 703 2184 770 speximus
2223 721 2343 775 quae
2373 707 2632 763 indicavit
2677 710 2848 764 nobis.
2880 719 3062 763 natum
3093 728 3214 767 esse
3247 710 3450 782 Regem

1905 809 2184 863 magnum,
2223 813 2381 866 quem
2427 800 2711 855 adoratum
2746 801 3036 865 venimus;
3076 817 3256 871 neque
3293 803 3464 856 desiit

1904 884 2059 938 stella
2088 886 2246 939 nobis
2281 888 2490 954 praeire,
2518 905 2579 944 ac
2608 906 2665 944 se
2694 891 2792 946 via:
2822 892 3016 948 ducem
3058 892 3319 960 praebere,
3353 893 3452 946 do,

1906 987 2025 1036 nec,
2078 972 2168 1025 ubi
2230 974 2295 1028 ad
2341 975 2485 1030 hunc
2524 977 2709 1047 locum,
2750 979 3135 1048 pervenimus,
3182 995 3240 1034 se
3300 979 3455 1035 nobis

1909 1063 2251 1119 subduxerit.
2285 1063 2512 1132 Rogavit
2535 1081 2663 1135 ergo
2697 1068 2936 1124 Herodes
2968 1068 3183 1126 Iudaeos
3206 1068 3398 1124 dicens
3436 1086 3452 1122 :

1907 1151 2012 1208 Ubi
2064 1154 2212 1208 nasci
2251 1153 2410 1209 debet
2459 1155 2752 1210 Christus?
2783 1157 2874 1226 qui
2915 1157 3024 1226 ipsi
3054 1159 3306 1211 dixerunt
3340 1174 3355 1212 :
3391 1154 3453 1209 tn

1907 1244 2217 1300 Bethlebem
2249 1243 2470 1300 Iudaeae.
2502 1245 2645 1299 Tum
2667 1246 2929 1308 Herodes,
2955 1246 3093 1300 clam
3123 1246 3328 1300 vocatis
3351 1243 3461 1298 Ma-

1903 1337 2013 1407 gis,
2055 1335 2355 1405 eaquisivit
2387 1337 2466 1396 ab.
2499 1337 2632 1407 ipsis
2676 1352 2785 1406 quo
2818 1338 2977 1407 312
3030 1338 3289 1405 temporis
3332 1352 3463 1404 spa-

1905 1427 1981 1481 tio
2028 1427 2368 1495 apparuisset
2413 1426 2520 1482 illis
2569 1427 2768 1494 stella;
2809 1428 3259 1498 respondentibus
3301 1426 3409 1481 illis
3441 1465 3460 1490 ,

1911 1519 1954 1570 A
1993 1518 2217 1572 biennio
2255 1517 2412 1572 nobis
2453 1517 2507 1572 in
2542 1518 2762 1573 Oriente
2793 1519 3080 1588 apparuit;
3125 1519 3262 1573 dixit
3304 1516 3459 1587 ipsis.

1903 1607 2138 1662 Profecti
2162 1609 2384 1676 quaerite
2413 1608 2613 1678 Regem
2655 1610 2803 1664 hunc
2833 1625 3029 1667 recens
3059 1619 3273 1672 natum,
3299 1622 3459 1679 quem

1903 1699 2184 1754 inventum
2226 1702 2318 1755 ubi
2348 1701 2729 1769 adoraveritis,
2761 1703 2965 1757 reversi
3005 1703 3136 1758 mihi
3191 1702 3454 1762 indicate.

1905 1796 1967 1842 ut
2020 1795 2073 1841 et
2117 1788 2233 1858 ipse
2263 1780 2551 1857 profectus
2579 1807 2700 1846 eum
2737 1791 2980 1846 adorem.
3035 1792 3284 1863 Egressis
3329 1806 3460 1862 ergo

1898 1877 1966 1932 ab
1985 1875 2194 1933 Herode
2223 1877 2389 1949 Magis
2413 1893 2676 1948 apparens
2693 1883 2850 1937 stella
2876 1882 3009 1950 ipsis
3041 1881 3448 1936 Bethlchemum

1905 1969 2135 2037 pmivit,
2184 1983 2361 2039 usque
2422 1970 2490 2026 ad
2539 1972 2718 2027 locum
2776 1973 2834 2026 in
2891 1987 2999 2042 quo
3055 1971 3156 2026 fuit
3200 1973 3458 2027 Dominus

1906 2069 2095 2115 noster
2150 2059 2399 2116 Christus
2443 2077 2548 2115 una
2598 2077 2721 2117 cum
2783 2063 3008 2117 Domina
3051 2070 3239 2117 nostra
3289 2061 3460 2116 Maria

1906 2151 2079 2220 ipsius
2114 2161 2306 2209 matre.
2352 2153 2666 2208 Adorarunt
2711 2155 2875 2223 igitur
2909 2155 3084 2223 ipsum
3133 2169 3195 2209 ac
3237 2168 3460 2208 munera

1905 2239 2007 2310 ipsi
2040 2240 2374 2308 obtulerunt,
2421 2256 2638 2307 aurum,
2673 2243 2946 2314 myrrham
2973 2253 3025 2297 et
3059 2243 3204 2298 thus.
3252 2245 3463 2298 Praece-

1905 2337 2054 2398 ptum
2110 2341 2292 2386 autem
2348 2340 2432 2386 est
2470 2333 2603 2400 ipsis
2654 2335 2711 2388 in
2767 2349 2982 2397 somno,
3034 2345 3092 2389 ut
3133 2335 3186 2389 in
3227 2336 3457 2403 patriam

1905 2435 2060 2474 suam
2094 2437 2187 2489 per
2217 2421 2375 2475 aliam
2402 2423 2543 2476 viam
2569 2423 2803 2492 regressi
2829 2422 2898 2477 ad
2937 2422 3205 2479 llerodem
3233 2441 3340 2478 non
3372 2439 3461 2479 re-

1905 2520 2260 2566 verterentur.
2333 2510 2503 2566 Porro
2550 2528 2614 2566 ex
2664 2527 2772 2582 quo
2812 2515 3062 2582 apparuit
3103 2514 3269 2583 Magis
3305 2514 3462 2569 stella

1907 2605 2209 2670 usquedum
2256 2603 2482 2658 adorato
2516 2603 2745 2660 Domino
2792 2615 2982 2660 nostro
3013 2606 3234 2661 Christo
3263 2608 3328 2662 -in
3371 2624 3464 2676 pa-

1906 2691 2062 2744 triam
2109 2705 2261 2745 suam
2307 2692 2508 2746 reversi
2550 2703 2720 2760 sunt,
2773 2694 2930 2748 ﬂuxit
2959 2694 3264 2751 biennium.
3315 2695 3464 2751 Jose-

1906 2783 2049 2852 phus
2093 2794 2271 2837 autem
2316 2782 2496 2838 Mariae
2532 2800 2765 2854 sponsus
2803 2786 3116 2843 admonitus
3162 2788 3213 2840 in
3269 2802 3463 2842 somno

1911 2875 2030 2937 l'uit,
2087 2883 2146 2928 ut
2204 2878 2442 2946 acceptis
2492 2878 2719 2946 puerulo
2770 2887 2823 2932 et
2869 2889 3043 2934 matre
3096 2880 3290 2949 ipsius,
3338 2896 3461 2935 cum

1906 2964 2037 3032 ipsis
2093 2967 2147 3019 in
2193 2966 2488 3038 Egyptnm
2545 2970 2792 3038 fugeret:
2836 2971 2977 3037 quod
3026 2979 3080 3024 et
3134 2972 3262 3026 fecit
3311 2971 3464 3026 Jose-

1907 3056 2069 3125 phus.
2109 3055 2476 3113 Tardantibus
2509 3067 2686 3114 autem
2731 3059 2900 3129 Magis
2929 3102 2943 3127 ,
2985 3061 3247 3128 Herodes,
3280 3061 3367 3115 ubi
3405 3077 3462 3115 se

1909 3148 1976 3201 ab
2011 3149 2118 3204 illis
2142 3150 2361 3203 illusum
2397 3152 2590 3216 sensit,
2625 3150 2702 3204 ira
2735 3133 3326 3208 valde-excandescens
3347 3168 3464 3207 om-

1914 3254 2009 3292 nes
2035 3239 2087 3291 in
2117 3220 2467 3292 Bethlehemo
2510 3255 2711 3310 pueros
2733 3255 2762 3294 a
2789 3240 3008 3295 bimulis
3040 3249 3093 3294 et
3113 3240 3464 3297 inferioribus
3489 3254 3505 3266 '

1908 3318 2144 3384 interimi
2180 3330 2365 3398 jussit.
2415 3329 2687 3386 lnterl‘ecti
2719 3340 2847 3387 sunt
2895 3347 3022 3402 ergo
3055 3333 3326 3396 infantes,
3398 3349 3464 3388 ne

1907 3435 2017 3475 uno
2051 3423 2342 3501 superstite
2390 3423 2602 3477 relicto.
2656 3423 2797 3478 Deus
2844 3435 3023 3477 autem
3067 3424 3121 3477 in
3192 3423 3461 3480 Herodem

1907 3513 2039 3566 iram
2089 3524 2253 3582 atque
2289 3513 2718 3584 indignationem
2763 3530 2919 3569 suam
2966 3514 3180 3580 clTudit,
3229 3515 3364 3568 adeo
3405 3523 3466 3569 ut

1907 3605 1960 3657 in
2017 3605 2266 3658 morbum
2311 3620 2530 3676 gravem
2573 3606 2860 3670 incideret,
2907 3621 3015 3673 quo
3060 3606 3297 3660 cruciari
3354 3622 3463 3660 non

1907 3697 2070 3752 desiit
2109 3697 2287 3771 donec
2336 3708 2662 3761 moreretur,
2717 3714 2840 3752 cum
2891 3713 3063 3753 annos
3105 3699 3320 3768 triginta
3377 3714 3465 3753 sc-

1908 3797 2049 3859 ptem
2085 3797 2385 3858 regnasset.
2435 3789 2793 3859 313-315
2829 3780 3018 3845 Filios'
3049 3800 3288 3857 quatuor
3337 3790 3465 3845 reli-

1907 3881 2045 3949 quit,
2073 3895 2323 3950 quorum
2363 3896 2503 3935 unus
2554 3883 2772 3935 nomine
2824 3882 3148 3945 Archelaus,
3192 3880 3468 3937 secundus

1907 3973 2166 4035 Herodes.
2205 3974 2400 4030 tertius
2431 3973 2738 4044 Philippus,
2777 3985 3006 4041 quartus
3035 3974 3330 4037 Lusanius,
3370 3975 3464 4043 qui

1907 4078 2074 4131 regno
2107 4065 2249 4118 inter
2274 4080 2332 4119 se
2356 4065 2534 4120 diviso
2568 4067 2952 4135 unusquisque
2995 4081 3243 4134 quartam
3292 4065 3463 4135 regio-

1909 4153 1994 4207 nis
2016 4151 2251 4206 Jnilaicze
2286 4164 2492 4220 partem
2527 4154 2627 4209 sibi
2649 4155 2968 4223 assumpsit.
3013 4154 3071 4208 In
3121 4161 3324 4208 sortem
3367 4169 3467 4208 au-

1859 4271 1867 4279 ν
1908 4253 2015 4297 tetu
2059 4242 2324 4298 Archelao
2374 4245 2692 4299 acciderunt
2741 4244 3163 4315 Bethlehemget
3213 4244 3467 4300 Hieroso-

1909 4333 2071 4402 lyma.
2110 4332 2382 4401 Iosephus
2407 4349 2557 4404 ergo,
2594 4333 2788 4388 audito
2838 4343 3109 4388 mortuum
3154 4347 3274 4387 esse
3303 4331 3467 4387 Hcro«

1909 4425 2054 4489 dem,
2087 4441 2150 4478 ex
2200 4424 2436 4496 Egypto
2482 4440 2606 4479 cum
2657 4424 2888 4479 Domino
2925 4434 3111 4480 nostro
3148 4424 3370 4481 Christo
3414 4433 3468 4478 et

249 4515 415 4581 ginta.
458 4517 499 4570 A
544 4531 710 4584 regno
751 4516 1044 4571 Alexandri
1085 4519 1310 4572 trecenti
1361 4523 1716 4592 undeviginti.
1759 4524 1800 4578 A
1828 4524 1881 4584 D
1911 4524 2081 4571 matre
2106 4516 2280 4585 ipsius
2312 4532 2560 4586 egressus
2599 4505 2718 4582 est,
2765 4517 2996 4571 Domino
3035 4516 3256 4569 Christo
3297 4530 3467 4569 annos

249 4611 491 4673 tempore
519 4622 628 4675 quo
659 4606 916 4661 Israelita:
961 4623 1055 4676 per
1080 4609 1570 4666 Bochtanasserem
1605 4617 1803 4683 captivi

252 4690 494 4750 Babelem
524 4695 737 4751 abducti
790 4706 936 4762 sunt,
983 4696 1259 4769 quingenti
1301 4702 1573 4771 octoginta
1605 4704 1732 4757 duo.
1761 4704 1804 4758 A

252 4797 412 4852 regno
442 4784 684 4849 Davidis,
712 4788 858 4840 mille
891 4789 1283 4859 quinquaginta
1313 4807 1525 4847 novem.
1546 4796 1627 4849 Ab
1656 4797 1804 4849 exitu

252 4872 614 4930 Israelitarum
665 4895 730 4932 ex
773 4880 978 4949 Egypto
1037 4883 1181 4936 mille
1230 4887 1471 4940 sexcenti
1525 4889 1805 4957 sexaginta

252 4969 509 5037 quinque.
552 4969 632 5022 Ab
669 4971 979 5026 Ahrahamo
1010 4973 1093 5044 bis
1130 4975 1277 5028 mille
1317 4983 1531 5030 centum
1581 4986 1802 5046 septua-

253 5057 396 5122 ginta
427 5060 556 5115 duu.
599 5061 642 5114 A
673 5061 908 5116 Phalcko
944 5064 1026 5118 bis
1083 5067 1231 5120 mille
1265 5069 1591 5137 septingenti
1626 5071 1806 5124 trede-

253 5149 379 5204 cim.
427 5154 466 5205 A
509 5153 716 5207 diluvio
745 5163 828 5207 ter
861 5156 1005 5210 mille
1035 5157 1251 5212 ducenti
1282 5160 1638 5230 quadraginta
1669 5178 1804 5230 qua-

257 5247 394 5296 tuor.
423 5245 503 5297 Ab
533 5244 741 5298 Adamo
771 5246 1060 5312 quinquies
1096 5249 1240 5301 mille
1270 5251 1575 5319 quingenti.

341 5331 508 5386 Porro
563 5348 708 5386 anno
769 5335 984 5402 imperii
1018 5338 1249 5403 Augusti
1297 5339 1527 5394 Caesaris
1563 5341 1804 5408 quadra-

258 5423 456 5484 gesimo
484 5433 701 5492 quarto,
753 5426 1008 5487 Herodis,
1065 5427 1156 5479 lilii
1201 5427 1494 5496 Antipatri,
1532 5431 1805 5485 tricesimo

257 5511 464 5574 quinto,
488 5514 769 5567 venientes
792 5525 907 5568 trcs
941 5515 1078 5585 Magi
1104 5519 1171 5570 ab
1196 5517 1422 5573 Oriente
1458 5521 1510 5573 in
1541 5519 1805 5586 Judteam,

258 5606 618 5668 quaesiverunt
655 5607 744 5659 uhi
766 5617 923 5660 natus
946 5620 1089 5663 esset
1119 5610 1226 5664 Rex
1258 5611 1358 5666 iste
1384 5629 1630 5682 magnus.
1665 5614 1805 5669 Metu

261 5706 383 5760 ergo
416 5697 665 5764 perculso
719 5696 948 5760 Herode,
983 5714 1044 5752 ac
1075 5707 1186 5752 tota
1237 5699 1549 5756 Judzeorum
1588 5706 1803 5775 regione

261 5779 325 5836 υι)
365 5797 550 5839 eorum
594 5787 753 5841 verba
801 5789 1133 5856 perturbata,
1181 5793 1471 5851 accersitos
1507 5793 1688 5866 Magos
1719 5812 1805 5852 ro.

1872 4646 1874 4648 τ
1909 4617 2037 4662 tunc
2079 4617 2313 4677 quatuor
2343 4617 2494 4663 nato.
2532 4608 2757 4663 Timens
2795 4617 2974 4662 autem
3006 4606 3340 4664 Bethlehemi
3374 4607 3467 4660 ha-

1911 4700 2112 4766 bitare,
2141 4701 2210 4754 ob
2243 4700 2594 4764 Archelaum,
2625 4698 2911 4753 Nazarcthi
2938 4700 3120 4754 sedem
3155 4697 3290 4758 lixit,
3318 4697 3467 4751 idco-

1907 4806 2011 4857 que
2040 4793 2349 4846 Nazarenus
2377 4791 2572 4844 audiit.
2599 4791 2962 4860 Porro,.anno
2984 4789 3232 4842 Archelai
3255 4797 3466 4852 octavo.

1911 4879 2171 4934 Dominus
2206 4881 2479 4946 Christus,
2518 4896 2693 4957 annos
2727 4889 2857 4934 tunc
2887 4890 3045 4933 natus
3069 4879 3376 4941 duodecim,
3414 4880 3465 4933 in

1909 4972 2135 5040 templo,
2186 4973 2238 5025 in
2292 4972 2471 5026 medio
2499 4972 2780 5026 doctorum
2814 4971 3032 5036 sedens,
3065 4970 3264 5034 doctos.
3300 4969 3465 5025 doce-

1907 5062 2023 5115 bat.
2084 5060 2284 5114 Deinde
2327 5069 2579 5114 mortuus
2623 5067 2708 5114 est
2754 5058 3026 5127 Josephus
3055 5058 3146 5126 qui
3189 5057 3465 5112 Christum

1907 5152 2268 5216 educaverat;
2305 5163 2554 5206 mortuus
2583 5153 2745 5205 etiam
2787 5150 3086 5204 Archelaus
3130 5165 3253 5203 cum
3291 5164 3464 5204 annos

1910 5259 2101 5299 novem
2133 5254 2436 5314 regnasset,
2472 5244 2621 5298 nullo
2658 5243 2808 5311 regni
2841 5241 3060 5296 haerede
3083 5241 3294 5297 relicto.
3319 5241 3466 5296 Obiit

1909 5339 2072 5392 etiam
2109 5339 2384 5408 Augustus
2413 5338 2612 5406 Ctesar.
2669 5343 2957 5405 postquam
2995 5350 3166 5390 annos
3196 5336 3463 5403 quinqua-

1908 5432 2058 5499 ginta
2088 5445 2181 5485 sex
2208 5440 2262 5484 et
2291 5444 2620 5486 sexmenses
2649 5429 3012 5497 imperasset;
3043 5426 3127 5478 cui
3158 5427 3208 5478 in
3240 5424 3462 5491 imperio

1909 5523 2169 5576 Romanae
2200 5522 2462 5576 successit
2505 5521 2646 5574 lilins
2692 5519 2863 5588 ipsius
2909 5518 3180 5578 Tiberius,
3231 5514 3462 5569 Domino

1911 5625 2096 5669 nostro
2128 5616 2348 5668 Christo
2375 5627 2550 5667 annos
2596 5622 2729 5666 tunc
2775 5611 3083 5681 quindecim
3139 5617 3284 5660 nato.
3337 5604 3462 5660 Fuit

1910 5715 2090 5760 autem
2123 5703 2343 5757 Tiberio
2375 5703 2488 5765 regi
2521 5702 2732 5755 amicus
2767 5701 2986 5755 nomine
3015 5697 3248 5760 Pilatus,
3289 5711 3352 5748 ex
3381 5695 3459 5746 in-

1911 5800 2028 5857 sulu
2086 5797 2316 5867 quadam
2373 5797 2422 5851 in
2485 5795 2618 5849 mari
2673 5793 2855 5847 liotttzc
2886 5791 3082 5858 vicina,
3128 5806 3247 5859 quae
3294 5788 3459 5843 Ponte
