4038 6486
326 381 440 441 981

328 578 392 631 in
428 578 737 646 llispauiaut
772 579 1053 645 relegavit,
1090 580 1412 646 praefectura
1448 582 1621 648 ipsius
1664 581 1714 632 in
1748 583 1893 633 Pila-

326 677 451 721 tum
480 669 695 721 collata.
726 666 801 719 Eo
830 679 1085 736 regnante
1119 672 1337 722 condita
1367 681 1449 724 est
1477 672 1606 724 urbs
1630 670 1896 735 Tiberius,

328 762 415 813 ita
446 762 511 815 de
561 762 773 813 nomine
809 761 1011 815 Tiberii
1052 764 1396 831 imperatoris
1434 765 1724 833 appellata.
1757 764 1899 819 Obiit

328 851 535 906 deinde
593 850 840 906 Tiberius
887 853 1089 917 Cmsar,
1150 866 1432 923 postquam
1489 871 1661 910 annos
1712 858 1897 926 viginti

328 945 501 1000 duos.
533 958 595 997 ac
627 959 864 997 mensem
904 960 1069 997 unum
1121 958 1397 1013 regnasset
1433 962 1449 1001 :
1485 958 1741 1015 regnante
1778 959 1898 1016 post

329 1033 515 1099 ipsum
575 1032 708 1085 Caio
758 1032 994 1095 Czesare,
1052 1049 1221 1090 annos
1276 1045 1512 1104 quatuor
1550 1051 1673 1089 cum
1726 1038 1899 1090 tribus

332 1125 641 1185 mensibus,
677 1126 793 1177 viro
844 1126 1081 1178 moribtts
1128 1125 1277 1188 feris,
1328 1128 1585 1195 superbo,
1635 1142 1698 1179 ac
1746 1126 1901 1180 valde

332 1232 595 1284 nequam.
640 1215 733 1268 liic
788 1216 1016 1271 Pilatum
1071 1218 1297 1270 Romam
1354 1220 1678 1271 accersitum
1726 1229 1902 1273 morte

332 1310 613 1363 multavit.
652 1310 893 1378 Prolapsi
926 1320 1105 1363 autem
1141 1310 1308 1364 Judmi
1343 1312 1411 1364 ad
1448 1312 1706 1379 majorem
1738 1329 1898 1380 quant

332 1416 449 1466 qua
498 1413 653 1453 atttea
707 1402 915 1454 fuerant
952 1404 1266 1479 nequitiam,
1298 1419 1419 1455 cum
1459 1405 1509 1457 in
1544 1405 1691 1472 ipsos
1724 1405 1895 1457 irrue—

337 1499 464 1556 rent
499 1489 751 1553 Romani,
789 1508 1033 1559 magnam
1091 1507 1275 1545 eorum
1309 1504 1541 1561 stragem
1576 1494 1895 1557 ediderunt;

330 1582 499 1649 cujus
524 1597 645 1635 cum
677 1585 740 1635 ad
774 1583 959 1641 Cuium
993 1582 1262 1636 Caesarem
1298 1586 1680 1650 imperatorem
1710 1601 1900 1651 perve-

330 1673 509 1725 nisset
547 1672 708 1736 fama,
736 1674 824 1724 ille
856 1687 1075 1723 suoruut
1101 1672 1406 1745 quemdam,
1439 1674 1656 1725 nomine
1682 1672 1899 1725 lrudum

329 1760 635 1812 Aristobttli
689 1760 877 1823 filium,
906 1761 995 1826 qui
1039 1768 1093 1812 et
1142 1760 1413 1827 Agrianus
1462 1763 1768 1830 appellatus
1795 1773 1899 1827 est,

330 1850 731 1919 Hiemsolymis
762 1848 1023 1916 praefecit,
1074 1850 1271 1903 additis
1303 1852 1463 1903 etiam
1497 1861 1732 1918 quatuor
1778 1870 1903 1922 pro-

331 1942 537 1995 vinciis
569 1958 707 2009 quas
755 1941 1007 2002 Herodis,
1052 1942 1141 1994 lilii
1188 1942 1481 2011 Antipatri,
1523 1945 1617 1996 lilii
1659 1947 1799 1999 inter
1844 1964 1901 2001 se

329 2034 521 2101 partiti
584 2033 938 2103 325-327
988 2032 1222 2085 fuerant.
1285 2032 1409 2085 Fuit
1470 2034 1744 2102 Agriautts
1804 2038 1902 2091 iste

331 2136 519 2184 prava:
572 2122 1027 2183 conversationis,
1077 2135 1138 2174 ac
1192 2120 1371 2174 multae
1426 2124 1668 2176 malitire-
1704 2128 1805 2188 vir,
1848 2128 1899 2179 itt

332 2203 636 2280 discipulos
689 2210 1065 2265 crudelitatem
1117 2211 1447 2285 [exercens].
1495 2214 1587 2268 Ille
1634 2230 1774 2279 erat,
1810 2220 1899 2287 qui

332 2304 672 2373 Stephanum
712 2315 1000 2373 martyrem
1036 2314 1089 2358 et
1120 2306 1466 2359 diaconorum
1502 2308 1806 2377 principem
1834 2326 1899 2363 ac

330 2398 573 2467 primunt
606 2398 869 2471 lapidibus
895 2398 1146 2450 obrutum
1185 2397 1491 2463 interfecit;
1525 2403 1723 2469 quique
1747 2400 1902 2457 Jaco-

331 2490 465 2542 bum
494 2487 717 2542 Joannis
740 2489 955 2541 fratrem
982 2488 1219 2543 Zebedaai
1244 2490 1408 2543 lilium
1439 2491 1618 2559 gladio
1640 2493 1899 2561 sustulit;

330 2580 666 2649 Petrumque
700 2582 751 2634 in
784 2597 1061 2635 carcerem
1096 2582 1403 2647 conjectum
1437 2597 1467 2636 e
1499 2583 1679 2636 medio
1711 2584 1900 2638 tollere

331 2672 389 2725 in
426 2673 607 2726 animo
638 2674 849 2736 habuit,
870 2689 1044 2743 tquem
1079 2682 1257 2727 tamen
1292 2689 1392 2743 0pc
1423 2691 1519 2727 sua
1556 2673 1700 2727 Deus
1725 2692 1755 2729 e
1787 2692 1901 2728 ma-

330 2765 501 2820 nibus
522 2766 638 2834 ejus
660 2767 901 2835 eripuit;
937 2769 1027 2835 qui
1053 2770 1121 2820 ab
1148 2769 1265 2833 ipso
1296 2766 1632 2821 Antiochiam
1665 2767 1897 2837 fugiens,

331 2857 629 2912 Arcadium
680 2858 981 2912 Antiochia:
1028 2858 1393 2926 patriarcltam
1446 2858 1755 2920 constituit,
1809 2860 1898 2912 cui

335 2965 514 3005 annos
541 2950 730 3018 viginti
767 2959 972 3019 septem
1008 2948 1244 3018 praefuit.
1276 2952 1453 3017 Atque
1483 2950 1573 3003 hic
1604 2950 1813 3017 primus
1844 2951 1896 3003 in

332 3044 471 3097 urbe
494 3043 798 3096 Antiochiae
834 3041 1136 3111 patriarcha
1169 3041 1343 3095 factus
1366 3050 1468 3095 est.
1503 3041 1788 3096 Proiectus
1816 3048 1898 3096 est

1762 362 2149 441 ANNALES.

323 486 604 541 crurifixo
634 487 854 553 gavisus
890 496 1065 547 cssrt;
1101 504 1269 554 quare
1317 488 1543 541 Romam
1583 490 1900 543 accersitum
1935 488 1975 541 Α
2008 490 2350 545 Antiochiam
2381 533 2392 551 ,

2469 493 2604 546 τινος
2670 493 2891 545 Romam
2956 497 3193 564 captisos
3264 498 3538 552 abducens

2076 579 2244 633 Porro
2289 598 2431 635 anno
2478 583 2691 637 Claudii
2742 583 2973 637 Ctesaris
3022 602 3185 645 nono,
3234 587 3560 643 evangelista

2008 670 2218 726 Marcus
2250 674 2302 726 itt
2356 675 2489 727 url‘e
2536 676 2876 729 Alexandria!
2923 675 3168 728 homines
3218 679 3279 728 :ul
3315 679 3468 730 fidem
3510 681 3563 731 in

2006 762 2284 817 Christum
2320 764 2605 817 Dominum
2656 775 2903 819 nostrum
2957 766 3199 818 inritavit
3241 785 3253 817 :
3305 769 3395 834 qui
3435 769 3560 819 dum

2007 854 2194 907 urbem
2235 856 2630 921 perambularet
2665 858 2916 913 diffracta
2965 867 3047 911 est
3094 859 3193 925 ipsi
3240 859 3403 911 calcei
3441 877 3563 911 cur-

2006 945 2181 1011 rigia;
2216 960 2385 1011 quare
2418 947 2480 997 ad
2502 956 2739 1003 sutorem
2776 952 2993 1003 nomine
3014 950 3316 1003 llauaniam
3352 967 3408 1002 se
3440 964 3567 1002 con-

2006 1036 2144 1099 tulit,
2179 1039 2269 1105 qtti
2308 1038 2546 1091 calceum
2594 1039 2762 1107 ipsius
2813 1042 3074 1096 reficeret.
3120 1043 3213 1095 llic
3257 1042 3449 1095 subula
3502 1041 3567 1092 ad

2010 1125 2392 1194 perforandum
2432 1129 2672 1182 calceum
2708 1137 2945 1198 sumpta,
2981 1146 3103 1183 cum
3146 1131 3372 1199 digitum
3410 1146 3566 1183 suum

2008 1216 2362 1284 perforasset.
2420 1219 2555 1273 adeo
2600 1229 2657 1273 ut
2715 1222 2943 1273 multum
2990 1220 3233 1275 efflueret
3284 1220 3569 1285 sanguinis

2008 1324 2107 1362 nec
2136 1310 2257 1364 sine
2314 1310 2497 1364 dolore
2529 1311 2751 1378 ingenti,
2785 1312 2836 1364 itt
2874 1311 3111 1363 Marcum
3156 1311 3567 1365 subtnnrmttra-

2006 1399 2080 1451 vit
2115 1417 2127 1451 :
2169 1401 2253 1453 cui
2290 1416 2416 1467 ergo
2460 1401 2673 1455 Marcus
2715 1400 2818 1456 :Si
2863 1401 3179 1457 credideris.
3213 1401 3564 1470 329-331

2007 1492 2203 1558 inquit,
2241 1493 2290 1545 in
2336 1491 2519 1546 Iesum
2557 1494 2833 1548 Christum
2888 1494 3082 1547 Filium
3129 1494 3241 1555 Dei,
3293 1496 3571 1547 Sanabitur

2007 1582 2208 1647 digitus
2242 1596 2365 1654 tuus
2407 1603 2419 1637 :
2454 1601 2517 1638 ac
2561 1587 2827 1654 prehenso
2870 1580 3043 1652 ipsius
3086 1585 3273 1652 digito,
3308 1570 3480 1637 diuiti
3513 1584 3569 1635 In

2009 1675 2225 1726 nomine
2254 1675 2381 1728 Jesu
2414 1676 2616 1729 Christi
2642 1685 2867 1731 sanetur
2898 1677 3100 1745 digitus
3130 1689 3253 1730 tuus
3281 1694 3295 1739 ;
3320 1676 3408 1743 qui
3440 1690 3568 1737 ergo

2010 1762 2196 1813 trudent
2246 1773 2523 1815 lliOlliPlilt)
2561 1765 2615 1817 in
2659 1767 2947 1818 sanitatem
2994 1749 3278 1817 τρςιίιιίίυς
3310 1774 3410 1823 ρει,
3446 1777 3568 1816 san-

2010 1851 2170 1918 guine
2204 1852 2439 1919 amplius
2488 1868 2591 1906 ncn
2626 1853 2897 1906 eiiiuente.
2953 1853 3191 1905 Credidit
3228 1869 3356 1919 ergo
3392 1854 3458 1904 ab
3504 1869 3567 1904 eo

2007 1952 2249 2011 tempore
2304 1944 2580 1998 llanauias
2627 1944 2680 1997 in
2736 1944 3035 2007 Christum,
3092 1944 3233 1996 unde
3276 1944 3567 2011 baptizavit

2005 2049 2125 2084 eum
2159 2033 2377 2087 Marcus
2408 2044 2459 2085 et
2491 2034 2833 2088 Alexandria:
2873 2034 3239 2099 patriarcham
3266 2035 3565 2087 constituit.

2006 2120 2235 2190 Fuitque
2269 2126 2314 2177 is
2350 2123 2784 2191 patriarcharum
2828 2124 2917 2191 qni
2954 2123 3294 2176 Alexandrize
3329 2125 3564 2189 prailecti

2003 2222 2125 2265 sunt
2158 2213 2385 2280 primus.
2418 2212 2717 2266 Constituit
2754 2222 2933 2266 autem
2971 2213 3299 2282 evangelista
3338 2211 3567 2273 Marcus,

2004 2318 2109 2354 una
2140 2317 2262 2356 cum
2306 2302 2550 2356 lianauia
2584 2303 2919 2371 patriarcha,
2954 2302 3245 2356 duodecim
3288 2303 3571 2371 presbyte-

2006 2408 2115 2457 ros,
2144 2394 2231 2459 qui
2280 2408 2472 2462 nempe
2501 2408 2623 2447 cum
2665 2394 2969 2461 patriarcha
3002 2407 3304 2458 manerent,
3343 2394 3477 2446 adeo
3511 2401 3570 2446 ut

2003 2499 2125 2539 cum
2155 2494 2367 2539 vacaret
2395 2485 2820 2555 patriarchatus,
2847 2499 3013 2537 unum
3040 2498 3069 2537 e
3119 2483 3405 2537 duodecim
3443 2499 3564 2551 prc-

2003 2577 2235 2647 sbyteris
2254 2578 2535 2647 eligerent,
2559 2578 2716 2643 cujus
2746 2560 2907 2646 capiti
2943 2577 3135 2646 reliqui
3166 2577 3412 2631 undecim
3452 2592 3566 2630 nta-

2004 2685 2107 2723 nus
2139 2669 2479 2738 imponentes
2519 2669 2623 2737 ipsi
2680 2668 3066 2722 benedicercnt
3108 2677 3162 2720 et
3204 2666 3566 2735 patriarcham

2004 2769 2294 2825 crearent;
2344 2758 2541 2814 deinde
2577 2760 2753 2812 virum
2811 2759 3043 2828 aliquem
3099 2759 3364 2826 insignem
3405 2759 3572 2828 elige-

2004 2858 2123 2905 rent
2166 2866 2324 2920 quem
2369 2866 2553 2905 sccum
2591 2851 2964 2921 presbyterum
3013 2850 3413 2903 constituerent
3449 2850 3569 2903 loco

2004 2944 2121 3012 ejus
2148 2945 2239 3012 qui
2267 2943 2442 2998 factus
2473 2954 2555 2999 est
2584 2943 2919 3012 patriarcha,
2950 2950 3008 2995 ut
3042 2942 3113 2995 ita
3145 2957 3353 3008 semper
3384 2951 3569 2994 cxsla»

2003 3041 2127 3087 rent
2159 3034 2467 3089 duodecim.
2518 3033 2705 3102 Neque
2753 3034 2913 3087 desiit
2958 3030 3299 3085 Alexandria:
3348 3034 3568 3086 institu-

328 3133 531 3193 deinde
558 3132 749 3189 Petrus
778 3131 1029 3198 Romam,
1057 3132 1198 3200 quod
1227 3147 1369 3186 anno
1396 3131 1543 3203 regni
1576 3130 1691 3185 Caii
1723 3131 1901 3185 Carsa-
1931 3141 1973 3199 (ι
2008 3130 2120 3176 tum
2152 3123 2255 3176 hoc
2278 3122 2344 3177 de
2367 3122 2717 3192 presbyteris,
2741 3121 3033 3183 utscilicet
3061 3121 3398 3189 patriarchas
3421 3137 3572 3176 crea-

335 3223 418 3276 ris
464 3222 702 3275 secundo
740 3222 991 3292 contigit.
1051 3222 1240 3275 Incidit
1288 3230 1473 3274 autem
1524 3222 1796 3291 Agrianas
1845 3222 1899 3276 in

334 3309 621 3363 morbutn‘
651 3325 893 3379 gravent,
949 3324 1060 3378 quo
1109 3318 1433 3379 consumpta
1490 3325 1657 3366 carne
1706 3310 1899 3380 ipsius,

336 3410 505 3469 atque
536 3400 807 3456 exsiccato
834 3415 1082 3470 corpore,
1129 3410 1378 3455 mortuus
1403 3409 1505 3455 est.
1543 3401 1744 3457 Audito
1772 3417 1903 3471 ergo

334 3492 634 3561 Agrianum
661 3500 933 3545 mortuum
962 3506 1102 3553 esse.
1123 3490 1285 3545 alium
1307 3490 1361 3545 in
1389 3490 1566 3545 locum
1594 3493 1711 3559 ejus
1740 3492 1904 3547 suffe-

334 3586 418 3637 cit
472 3584 633 3638 Caius
690 3584 1028 3652 imperator,
1091 3584 1311 3638 nomine
1365 3584 1527 3638 etiam
1578 3584 1901 3655 Agrianum,

336 3688 502 3743 quem
540 3674 909 3745 Hierosolyma
947 3675 1121 3730 misit.

414 3762 583 3819 Porro
606 3782 749 3819 anno
778 3765 928 3833 regni
964 3764 1137 3833 ipsius
1162 3764 1407 3819 secundo
1439 3763 1614 3820 factus
1641 3778 1722 3820 est
1743 3765 1907 3821 Jaco-

342 3859 449 3912 bus
477 3856 701 3927 Iosephi
739 3856 902 3921 tilius,
939 3858 1032 3927 qui
1064 3866 1116 3911 et
1146 3856 1314 3911 frater
1354 3841 1768 3914 Domininustri
1810 3875 1906 3929 ap-

340 3950 597 4017 pellatur,
640 3949 926 4019 episcopus
974 3947 1522 4020 Hierosolymitanus,
1554 3949 1645 4020 qui
1696 3950 1908 4019 primus

342 4039 474 4094 huic
504 4037 711 4093 muneri
750 4036 1137 4108 Hierosolymis
1162 4037 1451 4108 prafectus
1478 4046 1580 4101 est,
1607 4052 1717 4109 quo
1738 4050 1909 4093 annos

341 4130 535 4200 viginti
591 4138 714 4185 octo
762 4128 985 4184 functus
1032 4138 1135 4185 est.
1193 4128 1391 4184 Gravia
1442 4137 1623 4184 autem
1674 4129 1832 4184 valde
1878 4143 1908 4182 a

342 4220 546 4277 Iudaeis
596 4232 652 4277 et
700 4220 962 4276 Romanis
1015 4220 1158 4289 passi
1216 4230 1346 4275 sunt
1395 4219 1669 4289 discipuli,
1727 4216 1938 4275 multis

344 4315 591 4383 ipsorum
625 4323 797 4368 morte
822 4313 1053 4368 affectis.
1086 4313 1297 4368 Mortuo
1319 4321 1499 4367 autem
1523 4313 1654 4367 Caio
1676 4312 1907 4378 Ctesare,

344 4405 530 4459 Romae
560 4414 683 4472 post
718 4404 895 4471 ipsutn
926 4403 1213 4472 imperavit
1243 4402 1409 4473 328
1440 4400 1702 4457 Claudius
1727 4401 1909 4456 Cassar

2004 3223 2127 3268 rent
2156 3230 2221 3269 ex
2266 3214 2600 3285 presbyteris
2639 3212 2950 3275 duodecim,
3002 3227 3174 3281 usque
3217 3213 3281 3264 ad
3331 3223 3571 3282 tempora

2004 3305 2294 3359 Alexandri
2336 3305 2661 3375 patriarcha:
2697 3302 3075 3368 Alexandrini,
3110 3304 3200 3373 qui
3245 3288 3436 3365 fuitis
3467 3320 3567 3357 nu-

2005 3412 2155 3452 tnero
2188 3397 2280 3450 illo
2304 3405 2671 3451 trecentorum
2695 3403 2749 3450 et
2775 3395 3099 3449 octodecim.
3128 3394 3179 3447 Is
3206 3405 3380 3448 autem
3403 3396 3573 3447 vetuit

2008 3503 2077 3543 ne
2126 3488 2384 3557 deinceps
2421 3486 2792 3556 patriai-citam
2842 3485 3145 3555 presbyteri
3194 3495 3459 3541 creat-cut.
3511 3486 3574 3539 Et

2006 3580 2245 3634 decrevit
2273 3590 2331 3632 ttt
2361 3586 2577 3633 mortuo
2606 3577 2917 3647 patriarcha
2948 3576 3305 3638 convenirent
3331 3578 3568 3646 episcopi

2007 3672 2097 3741 qui
2141 3672 2504 3743 patriarcltam
2540 3671 2877 3726 ordinarent.
2912 3669 3163 3725 Decrevit
3204 3669 3331 3725 item
3371 3680 3445 3729 ut.
3479 3680 3587 3723 vae"

2008 3774 2168 3819 caute
2208 3765 2368 3835 332
2398 3763 2791 3833 patriarrhatn,
2838 3762 3104 3831 eligerent
3135 3777 3198 3815 ex
3248 3777 3573 3831 quacunque

2009 3856 2229 3910 tandem
2264 3856 2502 3923 regione,
2536 3854 2649 3909 sive
2679 3868 2743 3907 ex
2769 3851 3056 3906 duodecim
3090 3852 3198 3905 illis
3225 3852 3573 3920 presbyteris,

2009 3947 2123 4003 sive
2157 3947 2298 4009 aliis,
2320 3946 2507 3999 virum
2536 3944 2772 4015 aliquem
2804 3943 3089 4006 eximium,
3124 3952 3419 4012 perspecta:
3452 3958 3575 4010 pro-

2011 4038 2214 4102 bitatis,
2264 4052 2501 4107 eumque
2554 4035 2922 4104 patriarcltam
2964 4045 3232 4088 crearent.
3286 4037 3454 4100 Atque
3503 4035 3576 4086 ita

2012 4132 2231 4187 evanuit
2261 4131 2571 4184 institutum
2606 4127 2736 4182 illud
2789 4128 3087 4196 antiquius,
3138 4143 3246 4196 quo
3280 4128 3450 4179 creari
3488 4142 3577 4179 so-

2012 4224 2140 4278 litus
2164 4239 2191 4275 a
2218 4222 2551 4292 presbyteris
2579 4220 2887 4291 patriarcha
2914 4260 2928 4282 ,
2959 4229 3006 4274 et
3034 4220 3295 4274 successit
3314 4219 3364 4273 in
3395 4220 3575 4272 locum

2012 4315 2130 4384 ejus
2163 4316 2439 4369 decretum
2473 4313 2539 4367 de
2574 4311 2885 4379 patriarcha
2917 4310 2984 4364 ab
3010 4310 3281 4379 episcopis
3316 4311 3572 4363 creando.

2013 4404 2167 4470 Quod
2198 4414 2378 4460 autem
2407 4410 2659 4473 quaerunt
2697 4396 3013 4474 [ncnnulli],
3044 4400 3227 4466 Quare
3269 4401 3576 4468 patriarcha

344 4510 520 4550 annos
552 4493 984 4565 quatuordecim,
1021 4509 1128 4561 quo
1175 4493 1477 4561 imperante
1506 4492 1680 4547 fames
1716 4507 1908 4562 magna
1935 4514 1989 4573 Β
2016 4496 2414 4550 Alexandrinus
2447 4502 2670 4549 vocetur
2715 4493 2855 4560 Papa
2910 4492 3087 4561 (cujus
3119 4492 3355 4544 nominis
3410 4491 3575 4558 signi-

346 4597 402 4643 et
437 4587 617 4657 gravis
646 4602 739 4656 per
768 4593 937 4639 totum
968 4586 1152 4639 orbem
1201 4583 1324 4648 fttit,
1356 4584 1514 4649 cujus
1546 4584 1905 4648 vehementia,

347 4688 403 4733 et
452 4689 600 4747 peste
653 4676 851 4731 mortui
903 4684 1029 4731 sunt
1079 4677 1348 4730 homines.
1401 4674 1654 4743 Ejusdem
1702 4674 1910 4729 Claudii

351 4776 595 4838 Letttpore
620 4764 837 4833 scripsit
866 4764 1147 4819 Mattheus
1176 4763 1563 4835 Evangeliuutn
1596 4780 1755 4817 suum
1787 4762 1913 4818 Ilie-

351 4860 661 4930 rosoiyntis.
724 4859 911 4929 lingua
964 4858 1250 4924 ilehraica,
1302 4858 1448 4928 quod
1505 4856 1695 4913 Graece
1748 4859 1911 4913 vertit

347 4951 587 5007 Joannes
641 4950 994 5018 evangelista.
1044 4949 1213 5003 Porro
1268 4948 1437 5003 ludati
1490 4949 1704 5018 pejores
1750 4963 1911 5019 quam

350 5045 566 5097 fuerant
592 5050 647 5096 et
674 5042 1050 5096 sceleratiores
1074 5050 1388 5105 evaserunt,
1420 5042 1554 5095 adeo
1573 5050 1630 5094 ut
1656 5041 1747 5095 alii
1779 5042 1915 5096 alios

354 5135 406 5188 in
439 5134 628 5204 plateis
675 5142 730 5186 et
763 5133 991 5199 campis,
1028 5147 1134 5200 qua
1193 5140 1347 5186 erant
1399 5134 1635 5200 nequitia
1674 5143 1727 5188 et
1759 5135 1916 5187 mali-

354 5234 450 5291 tia,
482 5224 816 5279 occiderent.
849 5224 1115 5292 Agrianos
1140 5239 1270 5293 ergo
1300 5222 1796 5294 Hierosolymorum
1830 5243 1915 5281 re—

352 5318 542 5388 gimini
575 5316 861 5386 quemdam
897 5316 1119 5369 nomine
1149 5314 1366 5370 Festum
1403 5316 1726 5384 praeliciens,
1759 5332 1819 5371 se
1850 5318 1916 5371 ab

354 5409 486 5479 ipsis
513 5407 741 5462 Romam
779 5407 903 5476 luga
935 5408 1219 5477 proripuit,
1251 5424 1361 5478 quo
1390 5424 1514 5463 cum
1551 5409 1915 5478 pervenisset,

354 5500 583 5556 Claudio
633 5498 834 5553 Ctesari
888 5500 1242 5568 imperatori,
1297 5515 1543 5570 quamam
1598 5510 1917 5556 exercerent

357 5595 561 5650 scelera
599 5592 791 5651 Judzi.
828 5588 1090 5649 narravit.
1123 5592 1226 5659 Qui
1258 5608 1408 5664 ergo,
1441 5594 1686 5649 exercitu
1721 5608 1919 5663 magno

362 5684 731 5754 Hierosolyma
765 5683 1303 5749 misso,.iuda:ortnn,
1353 5702 1458 5740 una
1505 5702 1625 5741 cum
1674 5688 1914 5756 ipsorum

357 5776 620 5832 uxoribus
664 5785 717 5830 et
752 5776 957 5845 liberis,
990 5778 1189 5835 multos
1238 5779 1548 5842 interfecit;
1587 5780 1719 5834 alios
1754 5781 1914 5834 ctiam

2014 4586 2205 4641 ﬁcattts
2227 4598 2330 4645 est.
2357 4584 2546 4648 avus)?
2570 4583 2874 4655 [sciendum
2898 4579 3002 4653 est]
3033 4584 3099 4636 ab
3125 4582 3388 4639 Hauauia.
3415 4599 3574 4649 qttcnt

2014 4675 2297 4730 constituit
2334 4674 2547 4729 Marcus
2576 4675 2911 4743 evangelista
2946 4672 3310 4742 patriarcham
3343 4672 3575 4724 Alt-xan-

2014 4766 2164 4828 «ιι-ξω,
2192 4781 2363 4834 usque
2392 4764 2443 4817 in
2474 4771 2714 4831 tempora
2750 4762 3003 4817 Demetrii
3033 4761 3349 4831 patriarchae
3383 4751 3632 4813 ibidem"

2018 4858 2085 4926 (is
2112 4856 2421 4926 pitriarcha
2451 4855 2554 4909 fuit
2574 4855 2980 4910 Alexandrinus
3004 4852 3344 4919 undecimus)
3371 4853 3575 4905 ttuilum

2018 4948 2189 5003 fuisse
2236 4947 2289 5001 in
2340 4948 2633 5017 provinciis
2678 4946 2893 5015 Ευριί
2943 4944 3297 5012 episcopum;
3350 4958 3445 4995 nec
3480 4957 3576 5009 pa-

2018 5039 2269 5093 triarcha:
2304 5049 2431 5092 ante
2468 5053 2591 5092 eum
2626 5044 2885 5090 crearunt
2919 5035 3229 5104 episcopos.
3274 5033 3367 5085 ille
3395 5040 3575 5085 autem

2020 5132 2199 5186 factus
2234 5131 2542 5201 patriarcha
2582 5139 2690 5182 tres
2720 5127 3006 5183 constituit
3036 5126 3337 5193 episcopos.
3366 5122 3429 5175 Et
3461 5124 3572 5189 pri-

2019 5240 2139 5278 mus
2174 5224 2277 5277 fuit
2316 5223 2401 5277 hic
2444 5220 2756 5291 patriarcha
2806 5217 3209 5273 Alexandrinus
3238 5215 3331 5283 qui
3364 5216 3577 5280 episco-

2020 5331 2116 5387 pos
2140 5316 2287 5371 fecit.

2087 5407 2295 5461 Mortuo
2332 5406 2602 5460 Demetrio
2632 5401 2888 5458 suffectura
2918 5406 3000 5452 est
3032 5397 3289 5453 lieraclas
3335 5395 3569 5463 patriar-

2018 5503 2117 5556 cha
2151 5498 2567 5557 Alexandrinus,
2600 5494 2689 5563 qui
2722 5492 3004 5561 episcopos
3039 5488 3325 5543 constituit
3356 5486 3566 5553 viginti.

2023 5596 2095 5649 Ex
2124 5596 2206 5650 his
2236 5611 2378 5649 unus
2409 5602 2544 5655 erat,
2582 5588 2903 5642 Ammonius
2932 5587 3131 5649 dictus,
3172 5582 3445 5648 religionis
3484 5581 3573 5631 de-

2024 5694 2218 5741 sertor.
2275 5684 2347 5737 De
2380 5698 2486 5750 quo
2518 5679 2679 5735 simul
2718 5694 2781 5732 ac
2807 5678 2872 5733 ad
2941 5676 3217 5730 Ilcraclam
3266 5671 3441 5723 delata
3497 5683 3579 5721 est

2027 5778 2191 5841 fatua,
2226 5771 2571 5843 congregavit
2608 5770 2651 5824 is
2687 5767 2951 5829 synodum
2980 5764 3355 5833 episcoporum
3389 5798 3401 5819 ,
3439 5766 3489 5810 et
3525 5759 3576 5807 iu
