4038 6482
491 255 597 320 983

494 474 769 530 perspecta
795 476 917 516 eum
954 463 1019 516 ad
1047 464 1325 518 veritatem
1352 465 1584 521 reduxit.
1630 465 1766 519 Cum
1797 481 1925 520 vero
1960 465 2059 519 bo-

494 552 665 606 mines
684 551 1284 623 audicrantepisrttpos
1339 555 1610 610 vocitare‘
1648 556 2015 621 patriarcham
2042 598 2057 622 ,

489 642 640 696 Abba
664 656 759 696 seu
784 641 994 697 Patrem
1019 682 1034 706 ,
1069 643 1409 714 333-335
1437 646 1577 699 inter
1604 662 1663 701 se
1687 645 1875 701 dixere
1902 660 1917 698 :
1954 644 2062 700 Nos

490 732 811 805 episcopum
837 734 1130 803 quemlibet
1164 735 1340 801 Abba,
1369 751 1463 790 seu
1516 736 1727 791 Patrem
1756 776 1771 801 ,
1824 737 2061 805 appella-

490 831 715 900 mus,‘et
744 824 1013 895 appellant
1040 826 1280 895 episcopi
1314 828 1678 897 patriarcham
1704 828 1881 883 Abba.
1909 827 2061 882 Unde

491 931 625 971 sane
653 926 865 987 oportet
898 927 956 973 ut
992 933 1250 975 vocemus
1280 935 1381 974 nos
1412 921 1776 991 patriarcham
1832 920 2057 989 Papam,

489 1007 543 1061 id
576 1016 678 1075 est,
700 1011 909 1075 Arum;
946 1026 1070 1065 cum
1101 1012 1173 1066 sit
1200 1010 1359 1067 Pater
1394 1020 1627 1083 patrum.
1658 1013 1732 1066 lta
1762 1026 1790 1065 a
1818 1023 2060 1080 tempore

492 1099 758 1164 lieraclaz,
792 1098 1109 1171 patriarcha
1143 1104 1545 1159 Alexandrinus
1574 1104 1752 1158 dictus
1777 1112 1861 1159 est
1889 1100 2055 1168 Papa,

491 1189 668 1254 idest,
692 1194 861 1247 Arus.
898 1193 1189 1265 Postquam
1219 1202 1400 1248 autem
1427 1193 1709 1248 Hananias
1742 1192 2057 1263 patriarcha

490 1280 921 1345 Alexandrinus.
941 1298 1102 1352 quem
1125 1282 1337 1337 Marcus
1362 1282 1692 1353 evangelista
1718 1284 1770 1337 in
1800 1282 1930 1338 sede
1958 1297 2057 1337 sua

490 1374 801 1439 constituit,
834 1389 1008 1430 annos
1041 1374 1260 1430 sederat
1292 1374 1482 1443 viginti
1513 1372 1643 1439 duo,
1674 1385 1924 1428 mortuus
1948 1381 2055 1429 est.

484 1466 553 1519 Et
580 1463 859 1536 profectus
892 1473 978 1533 est
1010 1465 1227 1521 Marcus
1256 1464 1589 1536 evangelista
1614 1467 1666 1519 in
1698 1464 1919 1519 Baream
1952 1503 1968 1529 ,
2001 1474 2057 1518 ut

484 1558 730 1612 homines
758 1556 825 1610 ad
861 1556 1018 1610 fidem
1052 1556 1105 1610 in
1130 1556 1411 1616 Christum
1465 1556 1658 1611 Filium
1712 1555 1807 1611 Dei
1854 1556 2057 1610 invita-

485 1658 583 1702 ret.
613 1648 756 1703 Obiit
788 1648 913 1703 dein
937 1647 1201 1703 Claudius
1231 1648 1442 1713 Ctesar,
1476 1650 1777 1717 imperator
1806 1686 1821 1711 ,
1850 1655 1905 1703 et
1955 1648 2055 1700 im-

485 1737 691 1804 peravit
720 1736 903 1792 Romae
931 1747 1052 1808 post
1083 1753 1205 1792 eum
1236 1737 1385 1793 filius
1417 1740 1537 1808 ejus
1584 1735 1725 1792 Nero
1751 1736 1937 1792 Caesar
1964 1752 2063 1790 an-

485 1829 892 1891 nistredecim,
953 1829 1046 1897 qui
1108 1829 1319 1899 primus
1364 1828 1463 1883 fuit
1516 1830 1965 1898 gravissimorum
2006 1828 2059 1882 in

480 1918 830 1974 Christianos
860 1919 1129 1974 malorum
1155 1929 1369 1984 auctor,
1399 1919 1561 1975 homo
1587 1928 1776 1987 utpote
1839 1921 1892 1974 in
1927 1934 2061 1974 con-

482 2008 587 2063 silii
615 2017 669 2062 et
696 2008 818 2062 vita:
849 2009 1196 2064 instituendas
1240 2010 1452 2064 ratione
1482 2000 1947 2079 im'probissimus.
1994 2009 2062 2063 Et

485 2109 723 2169 tempore
749 2098 977 2166 Neronis
1031 2100 1283 2163 Caesaris.
1318 2102 1537 2171 scripsit
1569 2102 1800 2162 Petrus‘.
1841 2110 2059 2170 aposto-

483 2194 656 2246 lorum
681 2193 954 2263 princeps,
989 2191 1339 2264 Evangelinm
1359 2191 1547 2255 Marci,
1580 2192 1821 2247 dictante
1843 2190 2059 2256 Marco,

484 2288 660 2355 lingua
692 2284 930 2340 Romana
954 2325 968 2348 ,
1000 2286 1051 2340 iu
1086 2287 1217 2341 urbe
1249 2287 1463 2352 Roma);
1496 2284 1589 2341 sed
1648 2282 2058 2341 atlribuitillud

486 2374 694 2429 Marco.
727 2375 904 2429 Etiam
943 2385 1187 2445 tempore
1219 2376 1385 2442 hujus
1439 2376 1788 2444 imperatoris
1842 2373 2062 2443 scripsit

484 2467 659 2519 Lucas
698 2465 1047 2536 livangelium
1079 2481 1236 2520 suum
1262 2464 1471 2529 Graece,
1504 2466 1580 2539 ad.
1616 2464 1790 2518 virum
1822 2464 2058 2518 nobilem

479 2574 541 2611 ex
572 2558 913 2627 sapientibus
943 2556 1208 2613 Romanis
1229 2597 1245 2621 ,
1277 2557 1366 2611 cui
1420 2570 1619 2612 nomen
1676 2554 2015 2625 Theophilus
2043 2593 2057 2616 ,

480 2650 544 2703 ad
578 2665 735 2717 quem
770 2651 895 2703 item
930 2647 1151 2717 scripsit
1176 2648 1308 2701 Acta
1358 2662 1456 2702 seu
1513 2646 1914 2714 discipulorum
1978 2643 2061 2696 bi-

480 2744 729 2796 storiam.
765 2740 893 2794 Erat
921 2748 1105 2794 autem
1126 2737 1305 2793 Lucas
1333 2737 1663 2807 evangelista
1694 2749 1876 2789 comes
1906 2732 2058 2786 Pauli

420 2839 427 2845 '
478 2832 730 2903 apostoli,
760 2845 994 2899 quocum
1025 2845 1119 2899 per
1143 2836 1362 2900 tempus
1389 2830 1605 2898 aliquod
1642 2830 1866 2883 mansit.
1896 2826 2053 2882 Unde

477 2918 723 2988 estquod
758 2918 953 2985 Paulus
984 2924 1261 2984 apostolus
1317 2917 1482 2988 336
1524 2918 1579 2970 in
1637 2917 1872 2987 quadam
1931 2916 2056 2987 Epig

759 292 767 299 .
1506 260 1864 323 EUTYCHII
1906 260 2436 326 artaxaxmuxi
2483 269 2694 327 l’A'flt.
3617 269 3717 333 sat
3944 76 3981 467 η

763 369 982 424 σιιιιιοιιίἰ
1005 371 1269 467 perrexit,
1304 371 1396 426 ubi
1432 388 1495 467 re
1526 375 1671 467 satis
1728 374 1969 467 cognita!
1999 384 2053 427 et
2090 379 2133 433 Λ
2163 380 2380 435 Oriente
2410 383 2604 445 fuerat,
2634 380 2851 435 nomine
2878 380 3288 450 Vespasianum,
3321 379 3469 435 misit
3490 422 3504 444 ,
3535 392 3589 434 ut
3618 385 3723 437 col-

492 371 677 425 urbem
714 368 982 424 ΑἿιιηοιιίί
1010 371 1269 442 lienem.
1304 371 1396 426 ιιῢὶ
1439 388 1495 429 re
1537 375 1671 429 satis
1728 374 1947 445 Cognita
1999 384 2053 427 Cl
2090 379 2133 433 Λ
2163 380 2380 435 Oriente
2410 383 2604 445 fuerat,
2634 380 2851 435 nomine
2878 380 3288 450 Vespasianum,
3321 379 3469 435 misit
3490 422 3504 444 ,
3535 392 3589 434 ut
3618 385 3723 437 col-

2166 472 2317 526 lectis
2344 472 2518 540 copiis
2547 471 2745 525 ludicre
2775 474 3045 541 regionem
3078 486 3370 540 aggressus
3403 512 3418 534 ,
3468 472 3716 539 populum

2166 561 2478 615 universum
2514 562 2603 627 (ne
2630 577 2739 615 uno
2767 560 3077 631 superstite)
3114 562 3483 615 internecione
3506 559 3718 624 deleret,

2164 654 2469 720 i'omosque
2499 653 2736 720 ipsorum
2779 660 3033 706 vastaret.
3057 651 3177 717 Quo
3204 653 3387 705 audito
3409 651 3719 722 congregati

2162 744 2356 809 Judaei,
2386 744 2674 800 ditioribus
2700 755 2951 816 sumptus
2985 744 3419 798 ministrantibus
3438 746 3583 797 circa
3601 744 3723 795 Hic-

2164 837 2433 907 rosolyma
2468 844 2576 891 tres
2605 818 2920 891 struxerunt
2977 848 3185 900 muros,
3220 828 3429 903 quibus
3482 834 3720 887 turribus

2164 928 2388 980 munitis
2424 943 2486 981 ac
2518 926 2742 983 lirmatis
2771 941 2891 982 sese
2927 933 3254 980 tutarentur.
3283 922 3570 978 Profectus
3598 939 3723 992 ergo

2162 1019 2215 1072 in
2253 1017 2487 1072 Judazam
2529 1015 2892 1086 VeSpasianus
2925 1015 3127 1069 nullam
3166 1016 3218 1075 in
3244 1012 3483 1067 Gallilrea
3534 1012 3720 1065 urbem

2162 1109 2381 1179 reliquit
2414 1123 2576 1178 quam
2610 1122 2714 1161 non
2754 1106 2985 1161 dirutam
3020 1103 3330 1160 incenderet
3355 1111 3582 1157 :contra
3602 1101 3724 1155 Hie-

2161 1203 2429 1272 rosolyma
2460 1216 2609 1266 vero,
2643 1200 2785 1269 quod
2816 1200 2954 1255 adeo
2994 1199 3200 1252 munita
3232 1206 3376 1252 esset
3403 1236 3419 1258 ,
3478 1211 3605 1250 cum
3655 1197 3722 1250 ad

2160 1292 2364 1362 aliquid
2418 1291 2747 1345 moliendum
2816 1290 3113 1360 imparatus
3162 1296 3327 1352 esset,
3400 1302 3510 1357 quo
3554 1288 3723 1341 tutius

2161 1400 2248 1439 res
2282 1393 2484 1455 ageret,
2516 1383 2630 1451 ipsa
2662 1396 2802 1436 anno
2832 1380 3043 1451 integro
3072 1380 3281 1434 obsedit
3316 1418 3330 1442 ,
3379 1377 3581 1433 Iudaeis
3636 1379 3720 1431 in-

2161 1474 2317 1528 terim
2346 1472 2481 1526 clam
2516 1482 2676 1527 noctu
2723 1468 3139 1541 erumpentibus
3195 1466 3575 1536 Romanosque
3620 1482 3722 1521 c2-

2159 1563 2435 1619 dettlibus.

2232 1655 2424 1722 Porro,
2466 1668 2709 1726 tempore
2737 1654 2965 1711 Neronis
3003 1653 3185 1709 ﬂoruit
3226 1652 3467 1707 medicus
3500 1650 3722 1719 quidam

2168 1748 2390 1803 nomine
2427 1746 2855 1809 AndrOntachus,
2893 1744 2984 1813 qui
3032 1742 3226 1797 Neroni
3258 1743 3552 1796 theriacam
3593 1756 3727 1809 pra:-

2162 1840 2551 1894 stantissimam
2585 1836 2836 1893 confecit.
2870 1835 3102 1904 (Arabes
3134 1849 3252 1888 eam
3280 1832 3594 1886 Dberiaratn
3626 1846 3726 1899 ap-

2163 1932 2409 2000 pellant.)
2436 1928 2663 1985 Occisus
2694 1937 2779 1984 est
2810 1938 2989 1982 autem
3020 1926 3498 1994 Neraimperator,
3523 1922 3724 1975 Romae.

2166 2019 2535 2090 Vespasianus
2566 2020 2733 2089 igitur
2762 2018 2950 2073 audito
2985 2017 3331 2089 interfectum
3362 2029 3485 2070 esse
3521 2028 3725 2082 regem,

2168 2112 2670 2182 Hierosolymorum
2703 2110 2989 2166 obsidione
3014 2110 3190 2164 soluta
3218 2149 3235 2172 ,
3289 2108 3587 2162 Caesaream
3642 2120 3724 2159 re-

2164 2216 2353 2257 versus
2387 2202 2459 2257 ibi
2487 2201 2752 2256 substitit.
2778 2200 3070 2269 Imperavit
3128 2206 3307 2253 autem
3366 2209 3489 2268 post
3538 2198 3715 2265 ipsum

2160 2294 2328 2351 Galba
2358 2302 2562 2364 septem
2592 2307 2827 2355 menses,
2856 2291 3052 2346 deinde
3082 2287 3401 2345 interfectus
3449 2298 3571 2353 est;
3621 2287 3721 2341 im-

2108 2453 2115 2459 ,
2162 2400 2382 2457 perante
2412 2395 2534 2458 post
2567 2388 2744 2456 ipsum
2773 2384 2983 2439 Othone
3035 2392 3145 2438 tres
3193 2396 3429 2437 menses.
3457 2379 3618 2451 3w
3647 2379 3723 2432 Eo

2162 2478 2320 2549 pulso
2348 2471 2475 2531 cum
2512 2476 2837 2543 imperasset
2877 2473 3123 2530 Vitellius
3160 2480 3285 2527 octo
3337 2484 3552 2525 menses
3575 2507 3591 2532 ,
3638 2468 3723 2522 in-

2162 2571 2422 2626 terfectua
2451 2578 2556 2623 est.
2596 2566 2733 2622 Tum
2760 2573 3031 2621 commota
3054 2573 3139 2619 est
3169 2563 3325 2619 valde
3350 2563 3599 2616 universa
3617 2558 3723 2613 Ro-

2163 2675 2446 2715 manorum
2466 2659 2624 2723 ditio,
2656 2656 2941 2712 concitatis
2967 2655 3209 2723 undique
3240 2653 3294 2708 in
3326 2667 3423 2707 eos
3450 2650 3720 2721 gentibus;

2162 2761 2216 2808 at
2243 2760 2366 2820 post
2401 2750 2801 2803 contentionem
2826 2760 3066 2818 gravem,
3087 2753 3140 2799 et
3162 2743 3577 2799 commotionem
3606 2757 3720 2797 ma-

2161 2855 2343 2911 gnam,
2373 2840 2631 2902 ducibus,
2663 2837 2940 2908 prafeclis
2966 2850 3031 2890 ac
3061 2834 3278 2899 scribis,
3304 2842 3571 2903 quotquot
3598 2847 3718 2886 cuna

2162 2932 2215 2986 in
2240 2930 2609 2985 Romanorum
2638 2936 2785 2983 terra
2816 2935 2928 2981 tum
2954 2927 3008 2981 in
3031 2925 3249 2979 Oriente
3274 2924 3517 2987 fuerunt,
3546 2921 3720 2977 omni-

478 3012 616 3064 stola
644 3024 738 3064 sua
771 3010 924 3073 dicit,
962 3027 979 3060 ι
1016 3008 1190 3064 Lucas
1218 3009 1459 3064 medicus
1483 3024 1577 3064 vos
1601 3010 1823 3064 salutat.
1872 3026 1891 3059 ι
1921 3009 2057 3063 Pre-

2161 3023 2261 3078 bus
2292 3023 2469 3077 visum
2502 3028 2585 3076 est
2621 3017 3036 3088 Vespasianum,
3066 3015 3157 3085 qui
3188 3013 3582 3086 Hierosolymis
3620 3013 3721 3067 ob-

481 3104 707 3158 hensum
758 3117 885 3157 vero
920 3102 1139 3156 Petrum
1195 3100 1340 3173 Nero
1399 3102 1581 3157 Cassar
1635 3102 1787 3156 cruci
1840 3100 2047 3171 affigit,

475 3211 701 3267 corpore
734 3196 946 3249 scilicet
982 3194 1221 3259 inverso,
1253 3205 1417 3264 atque
1456 3194 1532 3249 ita
1570 3203 1746 3249 morte
1799 3210 1924 3249 emn
1974 3193 2056 3247 af-

480 3289 604 3344 fecit
643 3302 815 3343 :nam
844 3294 899 3340 et
928 3284 1143 3340 dixerat
1189 3286 1239 3340 ei
1300 3284 1541 3341 Petrus:
1604 3286 1662 3340 Si
1720 3286 1805 3341 vis
1847 3296 1909 3339 ut
1957 3299 2058 3353 ego

477 3380 626 3435 cruci
666 3378 873 3447 aﬂigar,
912 3392 1141 3444 corpore
1163 3393 1247 3432 me
1274 3378 1498 3435 inverso
1534 3378 1689 3449 aﬂige
1748 3375 1905 3432 cruci
1938 3415 1953 3439 ,
1990 3391 2058 3431 ne

481 3484 630 3522 mors
662 3467 794 3521 mihi
847 3466 1043 3522 amicta
1076 3467 1274 3523 similis
1341 3468 1412 3522 sit
1458 3470 1505 3523 ei
1548 3484 1668 3537 qua:
1717 3467 2058 3537 inﬂigebatur

482 3559 709 3613 Domino
759 3573 877 3612 meo
911 3558 1153 3623 Christo,
1191 3558 1285 3627 qui
1320 3561 1474 3614 cruci
1504 3559 1699 3614 aﬂixus
1723 3570 1805 3615 est
1829 3574 2057 3628 corpore

481 3661 681 3709 erecto.
750 3649 856 3702 Sed
922 3649 1104 3719 gladio
1155 3649 1450 3703 trucidavit
1515 3648 1771 3704 Paulum.
1829 3650 2058 3706 Occisus

482 3749 660 3795 autem
687 3750 769 3796 est
802 3741 993 3795 Petrus
1014 3741 1116 3795 sub
1143 3755 1349 3794 annum
1388 3741 1711 3797 vicesimum
1747 3744 2053 3797 secundum

483 3842 607 3902 post
632 3832 919 3887 Dominum
961 3839 1215 3885 nostrum
1257 3830 1562 3887 Christum.
1598 3831 1724 3886 Erat
1773 3848 1904 3888 vero
1938 3840 2059 3903 post

486 3928 722 3987 Petrum,
755 3923 928 3979 Linus
958 3922 1271 3992 patriarcha
1310 3921 1496 3977 Roma;
1522 3964 1537 3985 ,
1574 3938 1680 3993 qua
1719 3922 1942 3980 functus
1971 3924 2052 3979 di-

484 4018 693 4085 gnitate
728 4014 1015 4069 duodecim
1049 4028 1225 4069 annos
1256 4013 1412 4068 cbiit.
1447 4014 1515 4069 Et
1551 4014 1637 4068 hic
1688 4014 1900 4084 primus
1943 4024 2062 4072 erat

485 4109 796 4180 patriarcha
827 4106 1129 4162 Romanus.
1160 4106 1293 4161 Erat
1323 4115 1504 4162 autem
1537 4106 1752 4162 Marcus
1783 4104 2059 4184 Evangelii

484 4207 697 4262 auctor,
732 4200 785 4252 in
821 4197 1151 4251 Alexandria
1195 4205 1251 4251 et
1280 4195 1449 4251 Barca
1484 4197 1737 4253 homines
1784 4198 1851 4253 ad
1899 4198 2060 4255 ﬁdem

484 4294 535 4344 in
569 4290 846 4343 Christum
887 4287 1086 4341 Filium
1122 4287 1216 4341 Dei
1251 4286 1493 4341 inritans
1537 4289 1696 4342 annis
1728 4296 1957 4358 septem.
1997 4289 2060 4345 Et

2160 3113 2399 3168 sidendis
2434 3118 2733 3180 occnpatus
2773 3107 2969 3170 fuerat,
3019 3105 3249 3173 imperio
3288 3104 3582 3173 praeficere.
3616 3101 3718 3168 Qui

2158 3219 2291 3275 ergo
2323 3218 2447 3258 cum
2478 3201 2723 3255 Caesarea
2751 3198 2978 3253 Romam
3008 3195 3282 3267 profectus
3327 3210 3396 3251 eo
3449 3196 3721 3263 pervenis-

2159 3303 2263 3354 set,
2298 3293 2569 3347 irruentes
2598 3290 2692 3360 qui
2743 3286 2931 3341 Roma:
2984 3294 3144 3342 erant
3195 3287 3363 3341 duces
3414 3287 3470 3340 in
3531 3285 3719 3339 ducem

2158 3384 2442 3454 quemdam
2477 3383 2700 3438 nomine
2732 3380 3046 3442 Artitinum,
3099 3376 3190 3446 qui
3274 3376 3559 3446 imperium
3620 3374 3721 3430 sibi

2158 3489 2429 3546 occupare
2450 3480 2736 3535 statuerat,
2772 3470 2949 3540 ipsum
3000 3470 3411 3523 interemerunt.
3450 3463 3597 3523 Urbe
3632 3465 3723 3520 de-

2162 3568 2287 3623 inde
2317 3566 2547 3635 egressi,
2578 3561 2915 3632 Vespasiano
2948 3558 3159 3613 obviam
3195 3565 3387 3613 euntes
3409 3597 3424 3621 .
3449 3557 3611 3625 capiti
3644 3556 3721 3625 lp-

2160 3659 2277 3715 sius
2306 3657 2551 3711 diadema
2582 3656 3001 3725 imposuerunt;
3033 3650 3125 3720 qui
3164 3649 3253 3705 ubi
3301 3648 3487 3704 urbem
3519 3648 3723 3718 ingrcs-

2161 3764 2253 3806 sns
2286 3747 2423 3803 solio
2450 3747 2599 3815 regio
2630 3744 2943 3809 insedisset,
2976 3742 3299 3798 sceleratum
3343 3754 3408 3795 ac
3467 3740 3714 3821 rebellem

2159 3855 2428 3909 quemque
2460 3840 2605 3892 inter
2640 3835 2914 3893 Romanos
2944 3842 3119 3891 morte
3153 3833 3399 3887 multavit
3422 3871 3438 3897 ,
3480 3831 3616 3885 adeo
3663 3840 3719 3885 ut

2162 3934 2261 3988 sub
2294 3932 2411 4000 ipso
2442 3929 2496 3984 in
2530 3937 2732 3984 statum
2777 3928 3057 3997 optimum
3074 3934 3128 3981 et
3160 3924 3513 3995 tranquillum
3566 3924 3716 3979 reda-

2161 4036 2246 4075 cta
2275 4022 2343 4075 sit
2376 4018 2741 4073 Romanorum
2772 4026 2939 4072 terra.
2965 4016 3077 4070 Duo
3104 4023 3291 4071 autem
3355 4016 3456 4083 ipsi
3504 4014 3716 4069 fuerunt

2162 4111 2538 4180 ﬂlii,~quorum
2571 4107 2664 4161 uni
2695 4122 2890 4161 nomen
2922 4104 3083 4161 Titus
3115 4145 3131 4169 ,
3156 4103 3311 4160 alteri
3348 4102 3718 4167 Domitianus;

2164 4216 2392 4271 quorum
2430 4198 2789 4253 Domitianum
2822 4197 2997 4265 copiis
3044 4196 3250 4265 magnis
3291 4194 3617 4251 instructum
3656 4195 3719 4249 ad

2164 4300 2353 4363 gentes
2383 4290 2646 4344 barbaras
2678 4288 2847 4352 misit,
2877 4301 3013 4356 quas
3038 4287 3128 4340 ille
3181 4285 3421 4351 occidit,
3465 4285 3719 4355 diripuit,

483 4394 627 4433 anno
662 4378 875 4448 imperii
904 4377 1137 4431 Neronis
1169 4376 1405 4430 Caesaris
1430 4378 1539 4448 jam
1572 4377 1705 4432 dicti
1730 4354 1927 4448 primo,
1952 4395 2054 4461 ρο·
2086 4354 2137 4414 D
2164 4354 2363 4436 delevit
2404 4398 2418 4433 :
2449 4378 2631 4431 Titum
2662 4393 2813 4441 vero,
2856 4354 3099 4431 exercitu
3132 4354 3599 4445 etiam-frequenti
3631 4376 3715 4429 in-

484 4473 629 4525 risus
655 4481 738 4525 est
771 4469 983 4524 Marcus
1024 4465 1367 4544 Alexandriae
1394 4507 1410 4533 ,
1438 4476 1492 4523 et
1532 4484 1733 4539 corpus
1771 4468 1893 4540 ejus
1936 4472 2056 4541 igne

482 4568 567 4613 est
598 4568 928 4613 crematum.

557 4652 727 4706 Porro
759 4668 902 4706 anno
932 4652 1147 4722 imperii
1184 4652 1420 4707 Neronis
1454 4650 1690 4705 Caesaris
1736 4648 2057 4704 duodecimo

474 4742 816 4797 constitutus
839 4751 937 4796 .est
965 4741 1208 4811 lgnatius
1233 4741 1546 4812 patriarcha
1580 4739 1881 4795 Antiochia:
1906 4778 1923 4806 ,
1961 4740 2056 4810 qui

483 4849 604 4888 cum
640 4848 815 4888 annos
868 4834 1094 4902 triginta
1131 4832 1271 4888 duos
1311 4833 1660 4900 przefuisset,
1708 4840 1882 4886 morte
1924 4832 2057 4886 affe-

484 4936 605 4981 ctus
644 4934 749 4980 est.
785 4923 1002 4979 Mortuo
1037 4934 1221 4981 autem
1291 4924 1451 4979 Festo
1482 4964 1497 4989 ,
1552 4922 2054 4995 Hierosolymorum

485 5017 762 5087 praefecto,
793 5018 1093 5085 relictaque
1150 5016 1290 5071 urbe
1341 5015 1461 5070 sine
1510 5016 1755 5085 principe
1794 5015 1888 5084 qui
1934 5028 2053 5068 eam

490 5110 911 5172 moderaretur,
952 5108 1213 5162 concitati
1243 5106 1417 5161 Judaei
1450 5106 1711 5161 Jacobum
1742 5104 1963 5175 Josephi
1997 5104 2059 5158 ii-

489 5200 770 5269 Iium,qui
823 5199 1036 5254 Domini
1078 5198 1247 5253 frater
1301 5198 1498 5261 audit,
1554 5198 1827 5267 lapidibus
1884 5197 2059 5251 donec

491 5303 797 5348 moreretur
876 5292 1183 5361 impetitum
1244 5289 1679 5353 interfecerunt,
1752 5288 2058 5357 multosque

489 5381 840 5453 337-339
865 5381 1254 5449 discipulorum
1279 5380 1609 5433 cruciatibus
1638 5378 1772 5433 male
1800 5379 2057 5432 multatos

492 5479 623 5529 urbe
653 5474 953 5540 ejecerunt.
988 5472 1067 5525 Ex
1101 5472 1229 5525 urbe
1268 5471 1430 5539 igitur
1469 5469 1593 5540 fuga
1634 5470 1872 5539 prolapsi
1898 5469 2055 5522 Chri-

498 5566 680 5625 stiani,
715 5564 1003 5619 Jordanem
1039 5572 1385 5618 transeuntes
1411 5601 1425 5625 ,
1472 5562 1590 5616 loca
1661 5563 1763 5615 ista
1819 5561 2058 5615 incolue~

498 5669 640 5711 runt.
677 5658 769 5715 llis
800 5659 996 5715 auditis
1024 5657 1164 5714 Nero
1192 5656 1377 5713 CiCSill‘
1406 5656 1469 5711 ad
1515 5655 1826 5727 praefectum
1882 5654 1972 5725 qui
2002 5655 2054 5709 iu

2164 4478 2458 4533 structum,
2492 4468 2919 4536 Hierosolymam
2962 4467 3130 4532 misit,
3161 4480 3323 4535 quam
3355 4465 3575 4521 biennio
3627 4467 3720 4521 ob.

2160 4562 2332 4626 sedit;
2390 4560 2749 4614 morientibus
2782 4559 2871 4627 qui
2906 4559 2958 4611 in
2990 4558 3124 4611 urbe
3172 4566 3327 4611 erant
3370 4557 3535 4625 fame,
3593 4559 3722 4612 adeo

2161 4661 2218 4705 ut
2249 4665 2357 4720 prae
2388 4649 2551 4715 fame,
2588 4660 2925 4704 mortuorum
2957 4662 3019 4702 ac
3048 4656 3298 4701 natorum
3330 4662 3553 4703 suorum
3607 4660 3723 4701 car-

2160 4757 2257 4797 nes
2284 4740 2633 4796 comederent
2665 4758 2679 4794 :
2714 4756 2819 4810 qua
2847 4737 3043 4793 deinde
3092 4746 3249 4806 capta
3294 4753 3486 4794 omnes
3535 4738 3721 4809 3&1-

2160 4830 2319 4902 343
2346 4831 2439 4898 qui
2482 4830 2534 4885 in
2568 4831 2683 4899 ipsa
2717 4829 2930 4883 fuerant
2963 4839 3071 4882 tam
3098 4843 3277 4884 mares
3304 4842 3468 4897 quam
3495 4827 3719 4882 feminas

2163 4920 2470 4985 interfecit,
2527 4916 3003 4987 proscindcntibus
3054 4913 3399 4987 [militibus]
3448 4930 3723 4986 pregnan-

2162 5013 2297 5067 tium
2336 5021 2540 5074 uteros,
2584 5018 2636 5063 et
2667 5009 2904 5063 infantes
2940 5013 3087 5063 saxis
3113 5007 3483 5062 allideutibus.
3518 5006 3714 5061 Urbem

2161 5104 2323 5157 etiam
2358 5112 2411 5157 et
2444 5102 2697 5169 templum
2750 5108 2957 5154 vastata
3003 5097 3261 5153 incendit.
3310 5096 3584 5151 Numerati
3633 5097 3726 5150 de-

2162 5196 2288 5249 inde
2319 5194 2413 5261 qui
2446 5192 2617 5261 ipsius
2644 5191 2802 5260 jussu
2831 5189 2997 5243 occisi
3031 5199 3182 5249 sunt,
3218 5198 3299 5242 ter
3342 5187 3536 5243 millies
3579 5188 3722 5242 mille

2163 5284 2359 5353 reperti
2389 5294 2537 5345 sunt,
2572 5296 2689 5335 cum
2722 5280 2811 5333 alii
2844 5279 3077 5350 Syriam,
3110 5279 3198 5333 alii
3245 5278 3539 5349 Egyptum
3570 5319 3585 5343 ,
3631 5278 3717 5331 alii

2164 5379 2216 5431 in
2255 5389 2452 5429 terram
2485 5372 2737 5437 AlGaur,
2790 5372 3172 5442 profugissem.
3234 5369 3350 5424 Jam
3405 5386 3433 5423 a
3501 5370 3718 5427 Christo

2164 5476 2289 5522 nato
2319 5467 2382 5519 ad
2415 5464 2912 5533 Hierosolymorum
2947 5478 3040 5532 per
3074 5462 3250 5515 Titum
3295 5462 3562 5515 excidium
3595 5459 3713 5513 anni

2165 5566 2291 5611 sunt
2322 5556 2680 5625 septuaginta.
2718 5554 2797 5607 Ab
2830 5554 3158 5618 Alexandro,
3194 5552 3421 5606 trecenti
3448 5551 3710 5619 octoginta

2166 5667 2378 5707 novem.
2404 5650 2437 5705 Α
2469 5648 2791 5719 (Iaptiritate
2821 5644 3162 5717 Babylonica,
3195 5644 3431 5700 sexcenti
3454 5642 3711 5714 quinqua-

3409 5783 3424 5823 \
