4038 6464
136 317 232 378 935

1544 327 1913 390 ANNALES.

3231 339 3330 399 986

131 441 264 505 ginta
297 436 423 489 duo.
462 435 501 487 Α
537 450 702 501 regno
732 435 968 498 Unvidis,
1026 437 1168 489 mille
1219 449 1433 491 centum
1485 441 1672 510 viginti
1703 444 1748 498 Α
1781 444 1914 511 perii
1955 444 2074 512 ejus
2111 445 2304 515 quinto
2351 445 2682 499 constitutus
2715 448 2944 505 Cordius
2993 453 3328 509 Alexandrim

133 543 338 581 novem.
373 525 450 578 Ab
479 526 623 579 exitu
667 525 1026 577 lsraclitarnm
1077 543 1138 578 ex
1195 528 1428 597 {Egypto
1456 570 1468 592 ,
1528 535 1672 590 mille

129 623 446 690 septingenti
511 622 728 688 triginta
782 622 1040 687 quinque.
1097 623 1176 676 Ab
1209 625 1538 692 Ahrahamo,
1591 630 1671 684 his

127 715 264 766 mille
290 713 502 764 ducenti
536 712 886 782 quadraginta
916 714 1041 767 duo.
1069 715 1109 767 Α
1141 716 1387 782 Phalcko,
1416 718 1497 772 bis
1531 720 1671 775 mille

124 805 434 870 septingenti
471 805 742 871 octoginta
774 816 903 859 tres.
934 804 978 858 Α
1010 804 1233 873 Diluvio,
1257 819 1333 862 ter
1364 810 1507 864 mille
1564 820 1668 865 tre-

120 895 707 960 centiquatnordccim.
771 896 852 948 Ah
911 897 1459 970 Adamo,quinquies
1521 905 1666 959 mille

119 987 387 1055 quingenti
417 989 780 1054 septuaginta.

189 1075 487 1129 Christiani
521 1086 720 1143 autem,
749 1079 840 1145 qui
875 1078 1088 1132 Judteos
1132 1080 1426 1146 fugientes.
1470 1082 1666 1135 Iorda-

118 1183 230 1220 nem
261 1168 611 1233 trajecerant,
638 1180 689 1222 et
741 1169 795 1221 in
840 1170 960 1223 istis
1015 1170 1148 1222 locis
1191 1172 1344 1223 sedes
1393 1172 1618 1226 ﬁxerant
1647 1214 1660 1236 ,

117 1259 297 1312 audito
331 1259 510 1313 Titum
541 1261 729 1314 urbem
761 1261 1408 1317 destruxisseinterfeetis
1440 1261 1659 1330 Judaais,

125 1352 546 1420 Hierosolymam
578 1355 686 1422 jam
718 1351 1011 1404 desolatam
1044 1357 1267 1416 reversi,
1304 1356 1472 1421 ipsam
1507 1357 1657 1409 inro-

122 1442 536 1519 1ιι‹ἰ·ιιηι,3ἀ,4⁵
569 1452 883 1509 structaque
915 1443 1016 1495 sibi
1068 1442 1199 1497 inibi
1248 1446 1494 1511 ecclesia,
1549 1449 1661 1513 epi—

118 1549 336 1602 scopum
379 1535 674 1588 secundum
711 1533 810 1600 ipsi
843 1535 1202 1602 praefecerunt
1237 1537 1452 1590 nomine
1481 1539 1660 1591 Simo-

119 1642 252 1684 nem,
285 1624 502 1691 Cleopm
533 1624 721 1677 ﬁlium.
754 1625 977 1692 (Cleopas
1005 1624 1101 1678 iste
1131 1624 1296 1680 frater
1349 1627 1449 1680 fuit
1505 1628 1659 1681 Jose-

115 1717 193 1783 phi
228 1716 318 1782 qui
375 1713 663 1768 Dominum
714 1723 960 1767 nostrum
1016 1715 1291 1769 Christum
1359 1718 1655 1785 educavit;
1693 1749 1732 1805 Β

116 1806 306 1871 fuitque
374 1804 516 1870 hoc,
564 1819 705 1857 anno
766 1805 971 1871 imperii
1028 1805 1344 1873 Vespasiani
1424 1817 1655 1875 quarto;

113 1899 246 1950 illum
278 1907 480 1964 autem,
507 1908 790 1964 postquam
830 1912 998 1950 annos
1036 1898 1222 1965 viginti
1277 1914 1370 1953 sex
1435 1916 1657 1955 munere

115 1991 212 2042 lsto
242 1988 467 2042 functus
497 1989 712 2051 fuisset,
749 1987 1017 2041 interfecit
1048 1987 1315 2055 Trajanus
1343 1990 1652 2056 imperator.

114 2079 266 2133 Porro
289 2093 437 2131 anno
468 2078 679 2146 imperii
711 2077 882 2144 ipsius
909 2078 1069 2132 tertio
1119 2081 1424 2146 patriarcha
1477 2079 1657 2134 Roma:

112 2172 432 2224 constitutus
468 2177 547 2222 est
574 2166 873 2231 Dacletius,
904 2177 955 2221 et
985 2182 1108 2221 cum
1162 2168 1383 2223 biennio
1428 2170 1657 2225 sedisset

117 2272 347 2313 mortuus
379 2267 487 2313 est.
520 2261 676 2313 Anno
707 2259 916 2327 imperii
950 2257 1121 2326 ipsius
1158 2260 1345 2334 quinto
1374 2260 1656 2328 praefectus

112 2358 186 2403 est
213 2348 395 2402 Romae
424 2350 693 2426 Clemens,
729 2351 819 2414 qui
853 2349 1083 2416 scriptor
1133 2349 1256 2415 fuit,
1291 2365 1521 2416 cumque
1556 2368 1654 2404 an-

110 2455 196 2494 nos
220 2455 416 2495 novem
447 2439 678 2495 sedisset
710 2447 959 2495 mortuus
984 2449 1093 2495 est.
1123 2440 1278 2493 Anno
1301 2439 1508 2500 imperii
1533 2439 1652 2506 ejus

109 2545 240 2584 nono
271 2530 620 2585 Alexandria:
653 2530 968 2599 patriarcha
1007 2531 1338 2586 constitutus
1370 2528 1651 2593 Philetius,

107 2622 184 2692 qui
208 2626 328 2675 cum
362 2635 538 2674 annos
564 2622 820 2676 tredecim
855 2621 1102 2683 sedisset,
1146 2622 1285 2675 diem
1339 2619 1490 2674 obiit.
1549 2619 1652 2674 Ve-

106 2713 380 2780 spasianus
421 2722 600 2767 autem
632 2721 919 2781 postquam
942 2727 1066 2766 cum
1102 2712 1307 2765 honore
1336 2720 1389 2766 et
1415 2710 1652 2778 potentia

105 2819 259 2860 annos
298 2821 490 2860 novem
523 2812 576 2858 et
611 2815 814 2871 septem
848 2817 1062 2858 menses
1086 2804 1405 2870 imperasset
1431 2842 1446 2866 ,
1504 2818 1653 2854 mor-

104 2903 212 2949 tuus
247 2903 353 2951 est.
390 2895 680 2964 Imperavit
717 2903 839 2963 post
864 2894 1041 2961 ipsum
1089 2892 1229 2945 ﬁlius
1278 2891 1450 2958 ipsius
1496 2891 1651 2945 Titus

104 2999 258 3040 annos
283 2995 398 3040 tres
429 2995 483 3039 et
508 2985 646 3039 duos
679 2999 915 3048 menses,
945 2983 1066 3038 dein
1101 2993 1348 3034 mortuus
1386 2991 1491 3036 est.
1523 2983 1650 3036 Post

1775 538 2105 602 patriarcha,
2133 546 2415 607 postquam
2472 538 2659 592 decem
2692 555 2864 594 annos
2915 545 3142 599 sedisset
3187 547 3327 600 diem

1772 627 1926 681 obiit.
1983 627 2137 683 Anno
2177 631 2419 696 ejusdem
2479 632 2693 684 decimo
2745 633 2960 699 quinto‘
2992 636 3328 691 Alexandria:

1772 721 2076 788 patriarcha
2113 724 2442 776 constitutus
2481 733 2561 777 est
2596 724 2865 786 Barmius,
2902 724 2992 791 qui
3044 726 3204 796 3&8
3228 743 3328 781 au-

1770 826 1871 865 nos
1897 811 2182 864 duodecim
2213 813 2370 877 sedit,
2397 814 2517 867 dein
2553 822 2801 868 mortqu
2832 825 2935 869 est.
2972 814 3183 870 Mortuo
3229 835 3326 870 au-

1770 911 1874 954 tem
1907 901 2210 953 Domitiano
2247 900 2458 955 Caesare
2489 904 2833 972 imperatore,
2862 915 2982 972 post
3013 905 3190 973 ipsum
3224 906 3326 959 Ro-

1769 1007 1869 1044 mae
1907 991 2187 1056 imperavit
2213 990 2388 1043 Nerva
2430 990 2613 1045 Caesar
2638 995 2728 1060 qui
2757 1003 2808 1047 et
2831 994 3113 1050 ltarastius
3144 998 3328 1050 Caesar

1767 1079 1936 1138 audit.
1966 1094 2166 1133 annum
2198 1096 2360 1132 unum
2380 1091 2432 1133 et
2460 1082 2699 1150 quinque
2733 1099 2966 1148 menses,
2998 1087 3122 1140 dein
3160 1089 3319 1153 obiit,

1767 1171 2095 1224 succedente
2122 1172 2223 1239 ipsi
2259 1171 2490 1238 Trajano
2520 1171 2734 1227 Caesare
2758 1211 2776 1236 ,
2824 1175 2915 1243 qui
2969 1185 3024 1229 et
3056 1179 3326 1233 Adrianus

1763 1262 1944 1314 Caesar
1964 1263 2258 1330 appellatus
2284 1273 2385 1326 est,
2413 1264 2503 1333 qui
2537 1263 2720 1318 [inmte
2746 1280 2918 1319 annos
2944 1269 3319 1323 novemdecim

1763 1354 2070 1419 imperavit.
2102 1355 2394 1422 Imperator
2451 1358 2550 1410 iste
2599 1373 2793 1424 magna
2867 1359 2917 1410 in
2979 1357 3323 1414 Christianos

1762 1444 1900 1496 mala
1935 1446 2211 1508 excitavit,
2245 1462 2307 1499 ac
2339 1446 2613 1500 diuturnae
2653 1449 2788 1516 ipsis
2828 1450 3086 1512 tristitize,
3136 1466 3200 1504 ac
3230 1450 3325 1503 do-

1761 1535 1888 1586 loris
1921 1536 2252 1592 vehementis
2289 1546 2483 1592 auctor
2509 1540 2624 1601 fuit,
2663 1541 2789 1593 dum
2824 1541 3022 1594 multos
3057 1552 3322 1612 martyres

1762 1625 1877 1676 neci
1916 1624 2082 1686 dedit,
2120 1627 2404 1682 interfecto
2436 1629 2621 1684 Romae
2651 1630 2856 1697 lgnatio
2881 1634 2971 1698 qui
3005 1633 3318 1699 patriarcha

1760 1715 2134 1770 Antiochenus
2166 1717 2358 1779 fuerat.
2401 1737 2610 1774 necnon
2644 1722 2894 1776 Simeone
2943 1722 3157 1790 Cleopre
3211 1725 3322 1798 ﬁlio

1759 1808 2020 1875 episcopo
2052 1806 2565 1878 llierosolymitano,
2599 1827 2756 1880 quem
2793 1814 2947 1865 cruci
2995 1814 3182 1877 aﬁixit,
3226 1832 3321 1868 an-

1758 1913 1857 1952 nos
1891 1906 2078 1951 natum
2108 1909 2320 1953 centum
2381 1901 2592 1968 viginti.
2645 1902 2699 1954 In
2770 1904 3086 1956 servitutem
3152 1905 3320 1972 redigi

1756 1989 2100 2055 etiamjussit
2129 1989 2494 2056 Christianos,
2531 2000 2716 2056 utpote
2778 1994 2995 2061 quibus,
3027 2009 3088 2045 ex
3148 1995 3318 2061 ipsius

1757 2078 2046 2134 sententia.
2082 2079 2223 2131 nulla
2279 2089 2425 2132 esset
2486 2080 2673 2148 religio
2727 2092 2819 2136 aut
2853 2084 2956 2136 lex.
3009 2084 3122 2136 Prae
3187 2083 3321 2135 dura

1755 2179 1932 2222 autem
1973 2183 2134 2240 quam
2162 2173 2302 2238 passi
2331 2182 2455 2224 sunt
2487 2173 2779 2226 Christiani
2812 2175 3094 2238 servitute,
3129 2187 3179 2228 et
3207 2191 3323 2242 gra-

1756 2263 1929 2323 vibus,
1956 2264 2154 2331 quibus
2183 2262 2380 2315 sublati
2417 2273 2564 2326 sunt,
2632 2265 2891 2327 caedibus,
2929 2268 3307 2320 misericordia

1754 2366 1879 2418 erga
1916 2352 2064 2416 ipsos
2117 2351 2292 2404 aﬁ‘ecti
2329 2360 2454 2403 sunt
2513 2350 2764 2414 Romani,
2827 2367 2889 2405 ac
2942 2355 3126 2407 testati
3177 2358 3318 2421 apud

1757 2442 2138 2509 imperatorem
2166 2442 2334 2511 ipsius
2368 2444 2669 2496 consiliarii
2708 2460 2772 2500 ac
2799 2444 2966 2498 duces
3001 2460 3123 2498 esse
3154 2446 3318 2500 Chri-

1756 2531 1919 2582 tianis
1955 2531 2268 2596 religionem
2301 2532 2536 2596 ﬁrmam,
2575 2548 2637 2587 ac
2666 2534 2834 2599 legem
2871 2533 3090 2596 bonam,
3141 2549 3318 2601 neque

1753 2632 1999 2691 oportere
2037 2622 2185 2690 ipsos
2213 2622 2334 2675 illos
2370 2623 2420 2674 in
2452 2624 2773 2678 servitutem
2808 2623 3078 2690 redigere.
3142 2622 3314 2679 Jussit

1753 2727 1882 2781 ergo
1917 2727 1982 2764 ne
2039 2713 2271 2780 amplius
2312 2714 2455 2767 servi
2505 2715 2711 2778 ﬁerent,
2748 2721 2799 2767 et
2827 2729 2855 2765 a
2885 2715 3028 2767 malo
3063 2716 3195 2784 ipsis
3233 2717 3319 2770 in-

1755 2800 1976 2854 ferendo
2012 2800 2296 2854 abstinuit.

1823 2893 1986 2945 Porro
2014 2901 2252 2959 tempore
2288 2890 2502 2957 Trajani
2537 2893 2766 2960 Caesaris
2794 2893 3130 2959 imperatoris
3165 2896 3305 2949 scri-

1754 2983 1859 3050 psit
1897 2980 2133 3034 Joannes
2170 2981 2514 3049 Evangelium
2573 2997 2728 3035 suum
2760 2981 2965 3043 Graece.
3022 2984 3073 3035 in
3137 2985 3314 3040 insula

103 3079 260 3143 Ipsum
309 3076 603 3144 imperavit
641 3075 840 3132 ,frater
903 3075 1025 3142 ejus
1079 3072 1418 3127 Domitianus
1478 3083 1716 3135 annosc
1753 3073 1942 3126 Patmo
1969 3073 2260 3140 appellata,
2314 3087 2343 3126 e
2396 3081 2537 3126 terra
2595 3073 2755 3136 Asiae.
2812 3088 2933 3140 quae
2977 3074 3312 3126 “cuneorum

102 3166 419 3235 quindecim.
457 3165 703 3235 Magnam
739 3164 826 3218 hic
891 3164 944 3216 in
1001 3162 1219 3217 Judzeos
1266 3163 1643 3217 crudelitatem

102 3259 354 3324 exercuit,
387 3258 523 3311 adeo
553 3264 612 3309 ut
638 3257 757 3322 ejus
817 3265 1059 3324 tempore
1118 3256 1298 3310 nullus
1359 3238 1647 3324 appareret

102 3349 320 3406 ludaaus.
349 3353 492 3415 Quin
522 3349 658 3418 etin
695 3346 876 3403 animo
912 3347 1097 3403 habuit
1149 3362 1301 3415 reges
1346 3360 1648 3411 eorumque

103 3440 225 3495 ﬁlios
262 3457 290 3495 c
322 3441 504 3494 medio
530 3440 741 3500 tollere,
769 3450 826 3492 ut
857 3453 962 3491 non
1004 3447 1144 3492 esset
1181 3438 1232 3490 in
1266 3448 1403 3491 terra
1457 3445 1649 3503 prater

102 3545 258 3597 ipsum
288 3545 406 3583 rex.
447 3528 680 3597 Nepotes
718 3545 848 3594 ergo
901 3529 1064 3583 etiam
1128 3542 1321 3596 regum
1381 3528 1645 3586 sustulit,

105 3620 401 3686 multosque
431 3635 582 3688 reges
616 3618 907 3673 interfecit.
930 3618 1167 3687 Cumque
1200 3618 1509 3670 nuntiatum
1545 3616 1647 3684 ipsi

102 3716 230 3762 esset
258 3723 501 3762 asserere
544 3707 907 3762 Christianos
949 3708 1300 3779 345-357
1369 3707 1645 3761 Christum

104 3813 264 3868 regem
297 3816 461 3854 suum
490 3815 631 3862 esse,
670 3815 1006 3867 regnumque
1033 3801 1206 3868 lpSiUS
1237 3806 1523 3861 aeternum,
1561 3815 1650 3852 BS-

102 3905 247 3957 seque
290 3893 437 3960 ipsos
469 3891 770 3945 exercitum
799 3892 1106 3962 copiosum.
1138 3905 1504 3957 magnamque
1544 3890 1647 3944 ho-

103 3979 289 4035 midum
325 3982 755 4046 multitudinem,
780 3982 1124 4037 vehementer
1176 3983 1253 4036 ira
1302 3984 1600 4040 excanduit
1630 4022 1646 4048 ,

102 4072 355 4142 iussitque
386 4089 416 4127 e
447 4075 621 4127 medio
651 4075 762 4127 tolli
816 4073 1179 4138 Christianos,
1217 4091 1315 4130 nec
1367 4077 1536 4130 ullum
1591 4077 1644 4129 in

103 4177 247 4231 regno
293 4166 465 4232 ipsius
506 4166 738 4232 relinqui
773 4164 1164 4219 Christianum.
1195 4164 1318 4220 Fuit
1344 4175 1455 4220 tum
1480 4165 1648 4220 Ioan-

104 4267 185 4307 nes
229 4256 557 4320 evangelista
588 4257 640 4307 in
674 4254 841 4318 Neso,
876 4255 967 4324 qui
1005 4257 1104 4308 hoc
1136 4256 1318 4308 audito
1367 4265 1638 4321 metuens,

102 4341 349 4412 Ephesum
381 4346 534 4416 fugit.
573 4347 787 4400 Mittens
816 4356 991 4399 autem
1027 4346 1322 4414 imperator
1376 4346 1640 4400 Hieroso—

1754 3174 1894 3217 terra
1930 3174 2033 3218 est.
2093 3162 2347 3231 Ejusdem
2391 3173 2631 3230 tempore
2667 3161 3012 3232 349-351
3077 3161 3316 3229 philoso-

1749 3255 1889 3321 phus
1918 3254 2138 3323 quidam
2178 3254 2279 3308 fuit
2309 3269 2338 3307 e
2367 3251 2732 3306 Romanorum
2787 3252 3153 3320 magnatibus,
3215 3266 3311 3304 no-

1749 3347 1894 3401 mine
1925 3345 2270 3400 Comtnodus.
2298 3346 2452 3396 Anno
2476 3343 2686 3410 imperii
2723 3343 2962 3409 ejusdem
2997 3351 3148 3396 sexto
3173 3357 3309 3396 cori-

1749 3439 1973 3495 stitutus
1999 3449 2081 3493 est
2113 3436 2281 3491 Judas
2312 3437 2606 3507 episcopus
2635 3435 3185 3505 llierosolymitanus,
3218 3436 3310 3492 ubi

1747 3512 1868 3584 cum
1902 3540 2102 3597 septem
2136 3544 2304 3582 annos
2338 3527 2569 3583 sedisset
2608 3536 2857 3580 mortuus
2885 3536 2985 3580 est.

1816 3623 1973 3675 Anno
2009 3619 2244 3688 ejusdem
2290 3619 2500 3673 decimo
2550 3627 2745 3687 quarto
2779 3617 3068 3672 Zacchaeus
3103 3617 3314 3685 episco-

1747 3728 1849 3783 pus
1891 3711 2409 3780 liierosolymitanus
2440 3710 2793 3770 constitutus,
2828 3722 2951 3760 cum
2980 3719 3182 3774 septem
3212 3723 3311 3761 an-

1749 3818 1844 3856 nos
1880 3801 2108 3855 sedisset
2143 3801 2284 3852 diem
2330 3800 2485 3852 obiit.
2520 3799 2674 3851 Anno
2704 3797 2949 3866 ejusdem
2995 3807 3149 3852 sexto
3177 3814 3309 3850 con-

1746 3897 2078 3950 stitutusest
2109 3891 2270 3947 Jeron
2305 3892 2608 3961 patriarcha
2637 3889 3033 3954 An‘tiochenus,
3068 3891 3158 3960 qui
3185 3907 3307 3943 cum

1755 4002 1930 4042 annos
1959 3986 2145 4055 viginti
2193 3984 2424 4038 sedisset
2475 3989 2722 4035 mortuus
2771 3991 2876 4036 est.
2916 3982 3071 4034 Anno
3101 3981 3312 4050 imperii

1745 4076 1866 4142 ejus
1890 4083 2106 4145 quarto,
2141 4073 2340 4140 Xystus
2378 4073 2681 4141 patriarcha
2716 4071 2901 4125 Romae
2954 4074 3310 4136 constitutus,

1747 4182 1920 4220 annos
1952 4166 2138 4220 decem
2182 4166 2352 4228 sedet,
2401 4163 2523 4217 dein
2573 4164 2820 4216 moritur.
2867 4163 3024 4216 Anno
3065 4163 3308 4233 ejusdem

1747 4257 1956 4311 decimo
1981 4266 2175 4324 quarto
2231 4254 2414 4308 Romae
2447 4254 2757 4320 patriarcha
2793 4256 2965 4309 factus
3004 4264 3086 4307 est
3115 4255 3302 4309 Teles-

1750 4349 1973 4415 phorus,
2031 4348 2119 4414 qui
2170 4361 2290 4397 cum
2351 4358 2522 4400 annos
2574 4345 2824 4398 undecim
2875 4345 3103 4399 sedisset
3166 4346 3309 4398 diem

105 4433 246 4503 lyma,
271 4436 442 4499 Iudae,
476 4437 566 4490 ﬁlii
596 4435 841 4504 Josephi,
895 4435 1290 4503 discipulorum
1340 4435 1501 4490 unius
1527 4475 1542 4498 ,
1590 4437 1648 4488 ﬁ-
1687 4427 1726 4480 Ι)
1753 4439 1906 4491 obiit.
1930 4438 2085 4490 Anno
2122 4436 2331 4503 imperii
2363 4436 2480 4503 ejus
2518 4435 2805 4488 undecimo
2831 4437 3162 4488 constitutus
3190 4434 3311 4488 Jus-

104 4523 189 4577 lies
217 4531 520 4595 prehendit,
551 4544 688 4596 quos
731 4528 943 4582 vinctos
995 4526 1335 4595 Romamque
1391 4526 1647 4581 advectos

103 4614 158 4669 de
181 4617 389 4674 Christo
420 4635 484 4675 ac
519 4621 690 4688 ipsius
725 4633 889 4688 regno
921 4618 1292 4685 interrogavit.
1329 4616 1644 4686 Responde-

105 4720 216 4762 runt
243 4711 337 4773 illi,
367 4727 587 4780 regnum
614 4711 782 4780 ipsius
815 4710 1032 4764 etnieste
1054 4724 1195 4770 esse,
1219 4723 1321 4761 non
1349 4706 1644 4772 terrenum‘,

109 4797 373 4870 ipsumque
407 4802 613 4856 ultimis
645 4801 980 4868 temporibus
1020 4815 1141 4854 cum
1186 4800 1356 4868 gloria
1409 4814 1600 4868 magna
1629 4840 1644 4864 ,

103 4895 146 4940 et
171 4891 471 4958 splendore.
497 4899 784 4945 venturum
819 4889 885 4944 ad
932 4890 1255 4958 iudicandos
1299 4897 1352 4944 et
1391 4891 1550 4945 vivos
1587 4899 1646 4945 et

106 4991 341 5048 m0rtuos,
371 4997 433 5036 ac
466 4997 907 5050 unumquemque
943 4982 1096 5050 juxta
1141 4997 1303 5050 opera
1334 4997 1430 5035 sua
1462 4998 1644 5037 remu-

111 5081 426 5127 neraturum.
465 5072 674 5136 Quibus
704 5071 792 5126 ille
819 5072 1018 5125 auditis
1071 5075 1397 5141 perterritus
1446 5073 1644 5131 liberos

104 5173 181 5213 cus
213 5161 434 5229 dimisit,
459 5179 668 5218 necnon
701 5165 909 5218 honore
947 5163 1083 5217 allici
1140 5163 1480 5220 Christianos
1521 5167 1642 5235 jus-

107 5249 182 5309 sit,
212 5253 446 5324 ipsisque
473 5270 531 5309 se
556 5271 828 5324 opponere
864 5255 1047 5310 desiit.

162 5342 339 5409 Porro,
371 5362 514 5400 anno
543 5348 755 5416 imperii
805 5345 982 5415 ipsius
1021 5349 1260 5400 secundo
1311 5348 1642 5406 constitutus

116 5440 186 5483 est
213 5431 483 5492 Evaristus
515 5438 821 5506 patriarcha
861 5437 1066 5502 Romte,
1101 5438 1189 5492 ubi
1225 5453 1348 5490 cum
1394 5447 1515 5492 octo
1544 5454 1645 5492 an-

110 5533 193 5574 nos
226 5524 443 5580 sedisset
496 5538 743 5582 mortuus
772 5538 876 5582 est.
926 5529 1084 5581 Anno
1135 5527 1348 5595 imperii
1388 5527 1634 5595 ejusdem

113 5608 294 5666 decimo
323 5615 628 5683 patriarcha
664 5619 847 5670 Romae
876 5616 1052 5672 factus
1075 5628 1156 5672 est
1193 5617 1515 5682 Alexander,
1548 5620 1640 5686 qui

117 5699 171 5754 ibi
203 5703 370 5761 decem
402 5723 572 5764 annos
601 5708 756 5778 sedit,
788 5708 912 5767 dein
944 5720 1188 5774 mortuus
1215 5717 1318 5766 est.
1350 5708 1507 5766 Auno
1541 5711 1639 5765 im-

1754 4537 1839 4582 tus
1864 4527 2169 4597 patriarcha
2214 4527 2635 4587 Alexandrinus,
2669 4526 2757 4578 ubi
2802 4525 2985 4578 decem
3017 4541 3191 4580 annos
3223 4542 3312 4580 se-

1748 4619 1847 4682 dit,
1887 4620 2009 4672 dein
2060 4626 2304 4670 mortuus
2347 4624 2446 4669 est.
2496 4615 2572 4669 Eo
2617 4624 2863 4684 tempore
2911 4617 3112 4669 reversi
3139 4615 3308 4668 Judaei

1749 4711 2138 4779 Hierosolyma,
2184 4725 2304 4762 cum
2339 4708 2682 4776 multiplicati
2725 4718 2911 4761 essent
2941 4709 3072 4760 adeo
3109 4717 3167 4758 ut
3208 4709 3310 4759 im-

1748 4801 1982 4870 pleretur
2009 4799 2139 4865 ipsis
2172 4797 2320 4860 urbs,
2365 4811 2542 4866 regem
2579 4798 2678 4850 sibi
2715 4796 2982 4865 pra-ﬁcere
3010 4797 3311 4848 constitue-

1749 4897 1874 4942 runt
1901 4906 1915 4952 ;
1957 4888 2098 4955 quod
2127 4901 2249 4938 cum
2276 4884 2511 4952 Trajano
2545 4887 2919 4937 renuntiatum
2945 4893 3109 4944 esset,
3146 4885 3308 4936 misso

1749 4980 1838 5034 ille
1869 4979 2241 5048 Hierosolyma
2270 4977 2407 5029 duce
2447 4991 2570 5029 cum
2607 4976 2918 5045 ingentibus
2949 4969 3116 5042 cepiis
3151 4977 3310 5026 innu-

1750 5085 1927 5124 meros
1961 5067 2230 5121 interfecit
2275 5063 2513 5118 Judazos.
2568 5063 2770 5116 Contra
2821 5063 3112 5130 Trajanum
3147 5063 3305 5114 istum

1753 5163 1954 5231 prodiit
2009 5159 2188 5212 Babeli
2235 5157 2452 5210 rebellis
2492 5153 2732 5224 quidam,
2766 5162 2954 5206 contra
2989 5169 3149 5220 quem
3183 5170 3306 5222 pro-

1748 5253 1890 5306 fecto
1937 5249 2173 5315 'l‘rajano
2223 5248 2356 5300 inita
2399 5257 2479 5299 est
2521 5246 2660 5296 inter
2697 5244 2844 5311 ipsos
2887 5258 3062 5312 pugna
3100 5246 3306 5297 acerri-

1748 5356 1854 5402 ma,
1892 5341 1942 5391 in
1980 5354 2083 5406 qua
2120 5337 2271 5390 multi
2319 5352 2382 5388 ex
2435 5344 2660 5400 utroque
2684 5331 2924 5384 exercitu
2972 5333 3100 5385 caesi
3158 5342 3301 5392 Sunt,

1749 5434 1969 5501 ipseque
2015 5430 2284 5495 Trajanus
2310 5429 2360 5480 in
2391 5424 2575 5493 prazlio
2607 5423 2927 5475 interfectus
2985 5423 3109 5474 Post
3143 5437 3303 5488 quem

1748 5520 2030 5591 imperavit
2063 5519 2237 5573 Elius
2291 5517 2562 5570 Adrianus
2596 5516 2754 5584 352
2793 5515 2971 5565 Carsar
3005 5527 3176 5563 annos
3217 5512 3298 5561 vi-

1746 5616 1900 5685 ginti.
1937 5615 2033 5668 llic
2093 5620 2281 5666 contra
2344 5611 2592 5664 rebellem
2654 5609 2815 5661 istum
2894 5605 3133 5657 Babclcni
3177 5619 3301 5670 pro-

1746 5708 1921 5763 fectus
1958 5706 2133 5775 ipsum
2161 5702 2478 5772 proﬂigavit,
2512 5699 2638 5754 Dein
2677 5697 2965 5767 .Egyptum
2995 5695 3296 5750 contendit.
