4038 6502
707 417 810 478 987

3612 94 3627 117 δ
3688 112 3699 121 .

3748 150 3801 171 ’γ’

3886 198 3895 221 ὲ
3932 196 3937 209 Vl

1702 424 2067 484 EUTYCillI
2098 423 2622 489 ALEXANDRINI
2658 431 2869 494 PATR.
3774 443 3845 504 938

708 532 900 587 Gravia
936 544 1112 592 autem
1144 539 1293 593 valde
1328 540 1394 592 ab
1420 555 1484 593 eo
1518 541 1659 610 passi
1693 551 1815 595 sunt
1848 542 2080 613 Egyptii
2130 548 2258 599 dum
2290 538 2332 591 A
2362 550 2445 597 est
2478 542 2754 614 Benjamin
2775 547 3069 618 episcopus
3085 550 3618 625 Hierosolymitauus.
3646 559 3721 623 qui
3739 573 3849 623 pust-

710 634 961 687 homines
1008 632 1076 686 ad
1138 634 1402 687 idulorttm
1449 636 1655 689 cultum
1710 638 1973 707 adigeret,
2006 652 2169 706 quam
2198 638 2268 691 ob

710 734 935 776 causam
972 726 1171 780 multos
1198 729 1364 782 etiam
1388 744 1417 782 c
1448 729 1796 789 Christianis.
1832 739 2008 785 morte
2041 729 2221 785 atl'ecit
2250 745 2267 783 :

708 810 849 865 inter
882 822 1106 871 caeteros
1133 817 1249 873 Mar
1283 821 1547 875 Astatium
1589 836 1711 875 cum
1749 837 1916 875 uxore
1960 831 2014 875 et
2056 822 2269 877 duobus

710 903 870 968 tiliis;
906 907 1106 974 quibus
1155 910 1362 967 scilicet
1416 912 1536 967 ollae
1586 927 1748 967 aeneae
1806 912 2033 967 inclusis
2071 928 2267 983 aquam

709 992 1139 1062 supertundens,
1182 998 1358 1068 ignem
1389 1001 1585 1055 deinde
1630 1002 1939 1071 supposuit,
1976 1002 2148 1057 donec
2179 1018 2272 1058 co-

706 1099 1027 1154 querentur.
1067 1093 1259 1150 Gravis
1290 1103 1466 1151 autem
1499 1096 1646 1152 lilio
1685 1099 1927 1153 Adriano
1956 1101 2007 1153 iu
2043 1114 2271 1167 corpore

707 1195 806 1233 suo
834 1183 1073 1240 morbus
1105 1187 1303 1241 accidit
1328 1203 1345 1252 ;
1368 1204 1540 1257 quare
1583 1190 1708 1244 dum
1744 1192 1922 1245 varias
1959 1200 2270 1260 peragraret

712 1274 960 1341 regiones
992 1276 1059 1330 ad
1094 1282 1387 1335 remedium
1419 1284 1711 1349 corporist
1755 1283 1944 1338 morbo
1992 1300 2091 1338 suo
2125 1300 2271 1353 qure-

708 1366 956 1434 rendum,
993 1367 1361 1441 Hierosolyma
1385 1373 1483 1441 ipsi
1522 1374 1831 1437 laudarunt,
1863 1390 1970 1439 quo
1992 1392 2113 1429 cum
2148 1390 2271 1442 per-

709 1456 952 1512 venisset
978 1460 1203 1529 ipsaque
1244 1476 1448 1518 vastata
1489 1465 1778 1527 inveniret,
1812 1466 1945 1520 adeo
1978 1474 2033 1518 ut
2062 1468 2268 1521 nullum

707 1542 777 1594 ibi
829 1541 1167 1619 [aedilicium]
1223 1559 1415 1617 praeter
1474 1553 1915 1609 Christianarum
1978 1558 2267 1611 ecclesiam

706 1642 871 1695 esset,
904 1637 1112 1691 exstrui
1150 1638 1315 1707 jussit
1349 1644 1533 1697 urbem
1569 1644 1714 1697 circa
1769 1646 2051 1713 templum,
2087 1661 2274 1699 muro-

706 1737 809 1790 que
838 1724 959 1779 l'orti
990 1728 1131 1798 cingi
1164 1749 1178 1784 :
1213 1732 1354 1800 quod
1383 1748 1502 1787 cum
1535 1736 1789 1789 audirent
1814 1734 2005 1801 Judaei,
2026 1753 2089 1791 ex
2121 1741 2269 1792 omni

704 1815 1008 1882 provincia,
1039 1820 1301 1889 omnique
1353 1825 1487 1879 urbe
1534 1826 1829 1891 conﬂuere,
1854 1826 1990 1883 adeo
2014 1837 2072 1881 ut
2123 1829 2268 1883 brevi

707 1908 966 1972 temporis
1016 1913 1196 1981 spatio
1257 1916 1571 1985 impleretur
1639 1919 1771 1988 ipsis
1825 1921 1978 1976 urbs.
2028 1920 2272 1990 Cumque

704 1999 861 2051 multi
902 2017 1128 2057 numero
1158 1994 1481 2069 evasissent,
1511 2025 1690 2079 regem
1743 2010 1849 2064 illis
1888 2012 2105 2081 nomine
2134 2012 2269 2066 Bar-

706 2085 912 2154 juzium
950 2093 1325 2157 perfecerunt.
1358 2096 1510 2161 Quod
1566 2114 1689 2153 cum
1724 2098 1867 2154 Ᾰζιίο
1900 2100 2141 2154 Adriano
2189 2116 2272 2153 re—

709 2181 1018 2235 nuntiatum
1055 2198 1222 2251 esset,
1257 2188 1406 2241 misit
1442 2189 1527 2243 ille
1553 2191 1747 2244 ducem
1778 2206 1809 2245 e
1840 2192 1956 2246 suis
1983 2192 2268 2259 quemdam

710 2271 921 2338 magnis
971 2272 1299 2329 instructum
1357 2278 1552 2346 c0piis,
1588 2280 1680 2347 qui
1735 2281 1925 2335 urbem
1974 2281 2269 2339 obsideret.

709 2360 915 2416 Mortui
948 2378 1077 2433 ergo
1123 2376 1249 2420 sunt
1286 2368 1379 2437 qui
1406 2368 1476 2422 in
1524 2384 1585 2423 ea
1618 2380 1771 2425 erant
1800 2370 1938 2426 fame
1967 2380 2020 2426 et
2051 2373 2165 2429 siti.
2195 2372 2269 2427 Ea

697 2452 904 2507 deinde
936 2466 1091 2525 capta
1152 2473 1401 2529 magnam
1453 2458 1759 2523 Judmorum
1797 2471 2034 2532 stragem
2076 2462 2268 2527 edidit,

697 2543 1008 2612 <urbetnque
1035 2547 1201 2600 diruit
1240 2549 1375 2603 adeo
1402 2558 1459 2602 ut
1483 2550 1749 2605 desertam
1783 2553 2136 2621 relinqueret.
2171 2554 2270 2607 A-t-

695 2651 813 2703 .que
849 2638 952 2694 hoc
984 2638 1231 2694 ultimum
1283 2641 1635 2713 353-355
1660 2655 1742 2723 est
1770 2643 2269 2715 Hierosolymorum

696 2730 1005 2785 excidium.
1038 2730 1281 2787 Fuerunt
1338 2743 1517 2789 autem
1550 2751 1579 2789 e
1613 2734 1838 2803 Judmis,
1865 2738 1958 2807 qui
1982 2737 2271 2809 Egyptum

710 2820 976 2887 fugerent.
1014 2824 1106 2877 alii
1144 2825 1233 2889 qui
1283 2812 1493 2896 Syriam
1548 2839 1600 2881 et
1633 2829 1684 2879 in
1723 2837 2055 2889 monteswet
2092 2828 2271 2891 regio-

698 2927 831 2964 -ncm
859 2913 1079 2982 Algaur.
1111 2913 1280 2969 Jussit
1305 2931 1432 2969 vero
1458 2932 1571 2979 rex,
1595 2932 1662 2970 ne
1684 2919 1805 2985 quis
1832 2916 2052 2973 Judaaus
2081 2920 2269 2973 urbem

712 3004 999 3068 incoleret,
1051 3022 1239 3060 verum
1296 3007 1526 3062 interﬁci
1576 3009 1723 3077 ipsos
1772 3018 2051 3079 totamque
2081 3025 2269 3065 eorum

712 3095 931 3164 stirpem
973 3098 1141 3152 deleri
1177 3115 1193 3159 ;
1240 3100 1426 3153 urbem
1460 3108 1637 3154 autem
1669 3116 1697 3153 a
1723 3099 1924 3155 Graecis
1959 3100 2186 3155 habitari
2216 3111 2270 3156 et

2370 650 2532 704 quam
2605 652 2779 693 annos
2854 649 2970 695 tres
3025 642 3255 695 sedisset
3302 654 3551 698 mortuus
3596 655 3688 697 est.
3743 650 3854 703 Anno

2368 727 2607 795 ejusdem
2640 729 2873 793 decimo,
2907 732 3078 786 factus
3107 739 3190 786 est
3221 730 3748 804 Joannes‘episcnpus
3770 737 3855 790 iii?-

2371 817 2815 886 rosolymitanus,
2850 821 2941 889 qui
2972 836 3093 876 cum
3131 837 3301 878 annos
3338 826 3476 879 duos
3508 827 3722 881 sedisset
3748 845 3856 883 mor~

2372 915 2500 961 tuus
2559 908 2662 962 est.
2724 910 2881 963 Anno
2913 911 3151 979 ejusdem
3214 914 3423 970 decimo
3450 916 3606 969 tertio
3632 919 3859 974 factusest

2371 998 2690 1055 Matathazus
2723 1002 3008 1071 episcopus
3036 1003 3571 1077 Hierosolymitanus,
3594 1010 3738 1075 quiet
3760 1012 3861 1065 duos

2370 1100 2544 1141 annos
2579 1088 2740 1152 sedit,
2771 1091 2895 1145 dein
2942 1102 3191 1157 mqrtuus
3227 1104 3329 1150 est.
3358 1095 3520 1149 Anno
3549 1099 3771 1165 ejusdem
3796 1103 3864 1154 de-

2370 1179 2514 1233 cimo
2561 1183 2754 1247 quinto
2806 1185 3133 1239 constitutus
3182 1196 3265 1241 est
3319 1188 3596 1258 Philippus
3636 1193 3867 1259 episcopus

2372 1267 2912 1341 llierosolymitanus,
2939 1276 3029 1343 qui
3061 1293 3182 1331 cum
3210 1294 3382 1334 annos
3404 1282 3565 1334 etiam
3594 1282 3718 1337 duos
3740 1285 3868 1339 sedis.
3966 1308 3967 1343 ξ

2371 1366 2452 1409 set
2503 1371 2748 1416 mortuus
2804 1374 2907 1420 est.
2954 1369 3110 1421 Anno
3161 1369 3402 1437 ejusdem
3440 1374 3651 1427 decimo
3692 1379 3870 1444 septimo

2371 1448 2547 1504 factus
2575 1462 2658 1507 est
2686 1452 2890 1510 Seneca
2916 1458 3203 1526 episcopus
3252 1462 3783 1533 Hierosolymitanus,
3807 1471 3869 1534 qui

2371 1558 2572 1597 annum
2603 1563 2770 1600 unum
2804 1550 2966 1613 sedit,
3017 1552 3140 1605 dein
3194 1565 3439 1610 mortuus
3468 1567 3572 1612 est.
3597 1556 3743 1611 Anno
3764 1560 3873 1624 ejus-

2371 1636 2491 1689 dem
2541 1636 2752 1693 decimo
2797 1652 2990 1695 octavo
3023 1652 3237 1700 creatus
3270 1658 3354 1700 est
3396 1646 3585 1703 Justus
3641 1650 3875 1719 episcopus

2375 1726 2913 1800 llierosolytuitanus,
2948 1734 3034 1787 ubi
3064 1751 3184 1790 cum
3216 1752 3387 1792 annos
3409 1741 3647 1808 quinque
3674 1743 3876 1810 sedisset,

2302 1867 2347 1919 Β
2372 1835 2401 1873 e
2430 1821 2570 1875 vivis
2598 1824 2854 1878 excessit.
2906 1824 3115 1881 Mortuo
3147 1841 3325 1884 autem
3383 1831 3529 1886 ΑΞ]ἰο
3578 1835 3874 1903 imperatore,

2374 1920 2496 1977 post
2543 1913 2719 1980 ipsum
2771 1912 2957 1969 Romae
2997 1932 3172 1975 annos
3222 1923 3407 1991 viginti
3458 1924 3597 1979 duos
3646 1924 3876 1990 imperavit

2373 2004 2682 2059 Antoninus
2709 2007 2890 2063 Caesar
2918 2027 2934 2063 :
2966 2008 3121 2078 cujus
3144 2011 3349 2081 imperii
3380 2028 3521 2067 anno
3547 2017 3729 2083 quinto
3746 2017 3876 2071 lactus

2373 2105 2457 2151 est
2524 2097 2786 2152 Anicetus
2840 2100 3147 2167 patriarcha
3175 2093 3569 2175 357-359‘
3600 2105 3873 2163 Romanus:

2372 2188 2514 2242 sedit
2572 2205 2748 2245 annos
2813 2192 3084 2257 undecim,
3127 2196 3251 2249 dein
3304 2208 3550 2251 mortuus
3600 2210 3699 2254 est.
3762 2201 3877 2253 Anno

2372 2278 2611 2347 ejusdem
2639 2280 2876 2363 decimo
2910 2291 3066 2337 sexto
3121 2285 3297 2339 factus
3331 2298 3415 2341 est
3463 2288 3769 2343 Soterichus
3814 2305 3881 2356 pa-

2370 2372 2612 2426 triarcha
2663 2371 2938 2427 Romanus
2971 2393 2985 2427 :
3022 2375 3161 2429 sedit
3197 2392 3369 2430 annos
3419 2380 3567 2441 octo,
3608 2380 3724 2433 dein
3772 2396 3880 2433 mor-

2376 2471 2498 2515 tuus
2544 2471 2650 2515 est.
2687 2462 2845 2515 Anno
2890 2464 3103 2531 imperii
3147 2465 3318 2534 ipsius
3360 2478 3562 2535 quarto
3607 2470 3882 2523 constitutus

2374 2560 2458 2605 est
2505 2550 2719 2605 Clarius
2764 2552 3073 2620 patriarcha
3125 2554 3542 2619 Alexandrinus,
3578 2557 3715 2612 sedit
3754 2573 3883 2611 annos

2380 2643 2654 2705 undecim,
2682 2642 2806 2697 dein
2836 2651 3086 2699 mortuus
3118 2652 3219 2698 est.
3253 2646 3413 2700 Anno
3447 2646 3690 2715 ejusdem
3718 2647 3882 2701 decimo

2374 2731 2571 2799 quinto
2600 2732 2929 2787 constitutus
2952 2716 3037 2789 est
3064 2722 3330 2802 Agrabius
3355 2738 3662 2803 patriarcha
3696 2738 3883 2791 Alexan-

2373 2822 2588 2888 drinus,
2625 2824 2717 2891 qui
2766 2838 2937 2879 anuos
2995 2824 3277 2879 duodecim
3306 2826 3471 2889 sedit,
3520 2826 3646 2881 dein
3689 2838 3883 2881 mortuus

2374 2920 2481 2966 est.
2516 2912 2675 2967 Anno
2728 2915 2937 2981 imperii
2996 2916 3171 2984 ipsius
3224 2917 3385 2970 tertio
3424 2928 3641 2972 creatus
3668 2929 3745 2973 est
3784 2918 3884 2971 Erus

2377 3003 2687 3071 patriarcha
2740 3006 3119 3062 Antiocbeuus
3152 3047 3167 3073 ,
3227 3010 3367 3063 sedit
3431 3012 3597 3064 armis
3655 3012 3882 3069 tredecim.

2375 3093 2501 3147 dein
2528 3082 2684 3150 obiit'.
2717 3098 2871 3151 Anno
2895 3098 3137 3165 ejusdem
3161 3100 3377 3159 decimo
3422 3110 3580 3158 sexto
3603 3112 3804 3157 creatus
3829 3111 3885 3155 est

712 3193 777 3248 de
810 3191 1154 3261 imperatoris
1193 3193 1412 3247 nomine.
1438 3191 1636 3246 Alliam
1663 3194 1919 3259 appellari
1952 3214 1965 3249 :
1998 3209 2165 3262 quare
2208 3192 2277 3269 ab
2303 3189 2346 3248 C
2370 3186 2712 3271 .Theophilus
2743 3190 3046 3257 patriarcha
3074 3190 3461 3254 Antiochenus,
3489 3196 3585 3264 qui
3616 3211 3734 3249 cum
3755 3209 3886 3249 annos

713 3297 777 3338 eo
817 3295 1063 3353 tempore
1092 3285 1240 3338 hunc
1277 3299 1450 3353 usque
1482 3284 1622 3339 diem
1648 3283 1789 3339 Elia
1816 3296 2040 3341 vocatur
2067 3302 2082 3341 :
2112 3299 2274 3355 quam

714 3376 1057 3431 incoluerunt
1094 3375 1289 3440 Graeci,
1323 3386 1376 3431 et
1426 3378 1491 3430 ad
1534 3385 1744 3447 portam
1784 3379 1965 3447 templi
2016 3395 2138 3448 qua:
2179 3381 2274 3433 Al-

714 3467 855 3521 Baha
886 3466 1163 3540 [pulchra]
1200 3468 1376 3531 audit,
1398 3482 1576 3521 arcem
1601 3478 1940 3529 struxerunt.
1972 3485 2135 3539 super
2164 3486 2272 3537 qua

714 3558 953 3613 tabulam
1004 3574 1255 3630 magnam
1300 3572 1617 3628 posuerunt,
1654 3561 1998 3628 imperatoris
2056 3563 2278 3618 nomine

716 3649 856 3706 ΔΕΙἰο
888 3651 1229 3720 inscriptam,
1261 3653 1425 3719 idque
1449 3666 1593 3705 anno
1622 3650 1835 3720 imperii
1862 3652 2033 3720 ipsius
2058 3659 2274 3706 octavo.

717 3744 822 3796 Arx
884 3743 987 3796 ista
1032 3742 1195 3798 hodie
1246 3742 1314 3797 ad
1344 3752 1554 3811 portam
1616 3740 2119 3813 Hierosolymorum
2172 3742 2277 3797 sita

716 3834 934 3889 Davidis
964 3833 1270 3889 sacrarium
1316 3834 1641 3903 appellatur.
1677 3834 1794 3888 Jam
1827 3835 1895 3889 ab
1922 3834 2137 3889 excidio
2170 3834 2279 3902 pri-

717 3941 803 3980 mo
820 3942 920 3995 per
950 3926 1130 3981 Titum
1155 3926 1300 3981 facto
1323 3928 1389 3982 ad
1418 3927 1521 3982 hoc
1550 3928 1777 3983 alterum
1807 3929 1933 3981 θεὴιί
1970 3935 2097 3982 sunt
2121 3927 2283 3995 quin-

714 4018 975 4087 quaginta
1030 4026 1166 4074 tres.
1225 4017 1446 4088 lmpleta
1497 4025 1677 4072 autem
1732 4028 1861 4072 sunt
1905 4016 2279 4088 Hierosolyma

719 4110 941 4175 Gracia,
976 4111 1067 4180 qui
1104 4126 1229 4165 cum
1281 4110 1628 4165 Christianos
1660 4112 1923 4174 lltnetum,
1978 4109 2123 4165 istud
2180 4108 2282 4164 sub

718 4213 825 4268 quo
861 4208 977 4253 erat
1010 4198 1355 4267 Sepulcrum,
1416 4208 1471 4252 et
1518 4197 1776 4254 Craniqu
1811 4197 1979 4260 adire,
2004 4205 2170 4267 atque
2205 4197 2279 4252 ibi

715 4305 907 4359 preces
940 4289 1171 4344 fundere
1197 4290 1464 4351 viderent.
1489 4304 1587 4344 eos
1644 4290 1749 4344 hoc
1781 4288 1962 4344 facere
1989 4290 2283 4359 prohiben-

717 4391 801 4435 tes
836 4396 1003 4450 super
1053 4380 1236 4437 ilmeto
1267 4382 1525 4451 templum
1555 4381 1750 4437 Veneri
1778 4382 2018 4435 dicatum
2067 4391 2283 4437 struxe-

720 4480 867 4525 runt.

2377 3278 2564 3347 viginti
2599 3294 2765 3332 unum
2785 3281 3016 3335 sedisset
3038 3291 3287 3336 mortuus
3313 3293 3415 3338 est.
3436 3284 3595 3340 Anno
3619 3286 3810 3355 imperii
3830 3286 3883 3353 ip-

2374 3370 2489 3426 sius
2523 3371 2700 3442 primo
2765 3374 3097 3431 constitutus
3127 3384 3207 3430 est
3251 3376 3375 3431 Levi
3410 3379 3699 3448 episcopus
3735 3376 3883 3431 Hiero-

2374 3463 2769 3535 solymitanus;
2822 3467 2961 3520 sedit
2993 3482 3166 3522 annos
3210 3468 3469 3539 quinque,
3520 3470 3646 3524 dein
3684 3480 3881 3524 mortuus

2374 3563 2474 3609 est.
2498 3555 2653 3610 Anno
2670 3555 2914 3625 ejusdem
2939 3568 3094 3611 sexto
3116 3558 3445 3615 constitutus
3461 3569 3546 3615 est
3569 3559 3788 3629 Ephrem
3800 3557 3883 3625 rpi-

2376 3661 2576 3714 seopus
2619 3645 3179 3719 Hierosolymitanus;
3216 3650 3355 3706 sedit
3398 3666 3574 3707 annos
3614 3652 3765 3714 duos,
3794 3649 3883 3703 dein

2380 3749 2625 3792 mortuus
2654 3748 2757 3793 est.
2785 3738 2941 3791 Anno
2966 3736 3209 3805 ejusdem
3234 3752 3427 3795 octavo
3450 3742 3629 3797 lactus
3648 3751 3729 3796 est
3756 3741 3884 3794 Arsa-

2378 3825 2503 3879 nius
2519 3826 2808 3895 episcopus
2825 3824 3366 3898 Hlerosolymitanus.
3386 3829 3616 3897 quicum
3636 3842 3793 3885 annos
3809 3838 3886 3879 tm

2358 3915 2613 3971 sedisset
2643 3926 2893 3973 mortuus
2924 3928 3029 3974 est.
3058 3920 3211 3972 Anno
3231 3918 3473 3984 ejusdem
3497 3920 3773 3975 undecimo
3789 3930 3885 3973 conc

2378 4006 2604 4062 stitutus
2635 4006 2775 4061 Juda
2832 4008 3124 4078 episcopus
3157 4008 3695 4080 ilierosolymitanus.
3723 4004 3886 4063 dubus

2381 4096 2541 4153 annis
2562 4097 2723 4161 sedit,
2750 4096 2874 4152 dein
2903 4099 3059 4154 obiit.
3084 4097 3201 4153 lam
3239 4114 3366 4154 vero
3398 4114 3427 4153 a
3453 4100 3656 4155 Jacobo
3684 4096 3889 4172 episcopi»

2390 4187 2891 4260 ilierosolymitano
2946 4191 3146 4259 primo,
3193 4204 3367 4258 usque
3402 4190 3468 4245 ad
3518 4189 3711 4245 ludam
3763 4188 3886 4242 istum

2368 4280 2632 4351 ejusdem
2667 4281 2768 4336 loci
2788 4281 3143 4350 episcopum,
3175 4281 3390 4336 luerunt
3413 4283 3680 4353 episcopi,
3709 4275 3885 4350 qulsedi

2385 4372 2476 4427 isti
2526 4370 2980 4440 preﬁciebantur,
3015 4372 3347 4426 circumcisi.
3378 4371 3535 4427 Anno
3565 4370 3764 4439 imperii
3807 4369 3886 4421 Αοσ

2388 4464 2559 4517 tonini
2585 4462 2798 4518 decimo
2847 4462 3007 4516 tertio
3046 4464 3376 4518 constitutus
3408 4472 3493 4516 est
3521 4463 3682 4533 360
3720 4459 3885 4515 larem

794 4564 949 4617 Anno
977 4562 1185 4630 imperii
1218 4563 1337 4632 ejus
1360 4572 1512 4619 sexto
1542 4563 1875 4618 constitutus
1904 4571 1987 4617 est
2014 4564 2275 4634 Eugenius

2350 4538 2357 4574 ⁵
2396 4556 2687 4622 episcOpus
2725 4551 3270 4620 Hierusolymitanus,
3294 4553 3386 4607 ubi
3408 4527 3730 4609 εποδε-σξιο
3762 4550 3883 4606 sedit.

721 4654 1027 4723 patriarcha
1064 4653 1361 4719 Romanus,
1396 4656 1485 4724 qui
1513 4670 1634 4709 cum
1660 4671 1833 4710 annos
1854 4658 2089 4725 quatuor
2115 4654 2285 4710 sedis-

716 4754 804 4799 set
838 4755 1087 4798 mortuus
1117 4755 1218 4798 est.
1250 4749 1409 4798 Anno
1437 4745 1677 4813 ejusdem
1709 4744 1920 4799 decimo
1960 4747 2286 4801 constitutus

718 4843 806 4891 est
836 4834 1053 4889 Marcus
1080 4833 1388 4903 patriarcha
1420 4836 1715 4900 Romauus,
1745 4826 2035 4906 qui/annos
2060 4836 2287 4904 quinde-

726 4926 830 4980 cim
866 4926 1027 4989 sedit,
1054 4924 1178 4979 dein
1221 4935 1471 4981 mortuus
1498 4936 1601 4997 eslt.
1654 4928 1812 4980 Anno
1874 4940 2019 4980 nono
2071 4925 2284 4995 imperii

714 5015 846 5083 .ejus
878 5014 1051 5069 factus
1090 5023 1172 5069 est
1200 5014 1484 5067 Cornelius
1530 5014 1836 5082 patriarcha
1880 5015 2277 5077 Antiochenus,

723 5105 824 5161 ~ubi
853 5120 976 5160 cum
1018 5120 1190 5159 annos
1222 5104 1681 5174 356sexdecim
1714 5104 1941 5160 sedisset
1964 5105 2105 5160 diem
2129 5105 2286 5161 obiit.

730 5200 887 5254 Anno
922 5198 1129 5265 imperii
1182 5197 1299 5264 ejus
1328 5196 1569 5266 secundo
1608 5205 1824 5251 creatus
1869 5210 1952 5251 est
1984 5197 2281 5251 Eumenius

722 5290 1037 5358 patriarcha
1070 5287 1490 5351 Alexandrinus,
1515 5288 1605 5355 qui
1642 5302 1763 5341 cum
1791 5304 1963 5342 annos
1996 5288 2281 5344 duodecim

729 5381 965 5437 sedisset
999 5390 1243 5434 mortuus
1270 5388 1371 5433 est.
1396 5381 1552 5432 Anno
1581 5379 1821 5447 ejusdem
1852 5379 2063 5433 decimo
2088 5388 2283 5448 quarto

720 5475 1060 5529 constitutus
1089 5482 1173 5527 est
1198 5471 1503 5526 Marcianus
1530 5472 1835 5539 patriarcha
1864 5470 2285 5536 Alexandrinus,

727 5564 827 5633 qui
861 5572 1145 5633 postquam
1188 5577 1361 5615 annos
1401 5562 1588 5617 decem
1621 5561 1855 5616 sedisset
1907 5571 2150 5615 mortuus
2182 5569 2286 5615 cst.

732 5655 892 5709 Anno
944 5654 1154 5723 imperii
1213 5653 1332 5723 ejus
1362 5661 1557 5722 quarto
1617 5652 1945 5708 constitutus
1969 5660 2056 5707 est
2085 5651 2287 5707 Tobias

728 5749 1026 5819 cpiscOpus
1085 5746 1750 5818 llierosolymitanus,ubl
1783 5761 1906 5801 cum
1956 5755 2065 5803 tres
2118 5761 2289 5800 annos

732 5840 966 5896 sedisset
998 5850 1247 5897 mortuus
1281 5852 1381 5897 est.
1413 5841 1569 5894 Anno
1598 5839 1833 5908 ejusdem
1857 5838 2084 5908 septimo
2116 5835 2287 5892 factus

2384 4645 2512 4699 dein
2556 4654 2805 4697 mortuus
2838 4652 2944 4697 est.
2995 4644 3151 4698 Auno
3182 4643 3427 4712 ejusdem
3462 4646 3715 4699 vicesimo
3756 4641 3884 4712 primo

2384 4746 2601 4790 creatus
2629 4742 2713 4787 est
2735 4734 3029 4789 Cassianus
3056 4737 3347 4805 episcopus
3391 4735 3881 4808 liicrosolymitanus,

2385 4826 2478 4899 qui
2504 4841 2625 4879 cum
2658 4840 2831 4879 annos
2869 4826 3107 4895 quinque.
3142 4826 3373 4882 sedisset
3406 4827 3548 4882 diem
3581 4828 3729 4882 obiit.

2455 4916 2668 4973 Mortuo
2689 4914 2964 4969 Antonino
2992 4915 3224 4979 Caesare,
3260 4916 3361 4985 ipsi
3392 4916 3449 4973 in
3479 4918 3703 4987 imperio
3723 4924 3885 4971 succes-

2388 5011 2461 5066 sit
2489 5008 2721 5075 Marcus,
2758 5008 2849 5077 qui
2881 5008 3135 5062 Aurelius
3162 5008 3362 5073 Caesar,
3396 5024 3495 5064 nec
3525 5025 3634 5064 non
3669 5004 3881 5062 Antoniu!

2388 5111 2440 5156 et
2463 5102 2635 5157 Verus
2660 5100 2958 5168 appellatus
2980 5104 3083 5160 est.
3106 5102 3196 5169 qui
3215 5116 3338 5154 cum
3372 5114 3545 5155 annos
3574 5097 3879 5155 novemdecint

2391 5194 2713 5261 imperasset
2737 5206 2767 5244 e
2796 5191 2936 5247 vivis
2961 5191 3216 5246 excessit.
3244 5190 3448 5264 Magnas
3476 5192 3564 5246 hic
3590 5186 3879 5246 calamitatis.

2391 5291 2443 5337 et
2474 5285 2709 5339 tristitiae
2737 5284 3008 5338 diuturna
3040 5283 3369 5345 Christianis
3414 5292 3608 5338 auctor
3643 5282 3750 5341 fuit.
3781 5275 3881 5331 mul-

2393 5378 2464 5430 tis
2495 5376 2597 5429 sub
2621 5377 2739 5444 ipso
2784 5376 3099 5447 martyrium
3154 5376 3351 5445 passis.
3387 5373 3516 5443 Ejus
3546 5386 3768 5444 tempore
3802 5379 3882 5419 tnt-

2393 5482 2495 5535 gna
2557 5468 2659 5521 fuit
2707 5466 2901 5529 fames,
2960 5466 3305 5533 siccitasmte,
3336 5473 3390 5518 et
3440 5469 3631 5535 pestis,
3662 5464 3772 5516 dum
3813 5466 3881 5525 per

2393 5558 2669 5613 biennium
2704 5574 2810 5610 nun
2842 5559 3067 5626 plueret,
3094 5558 3227 5611 adeo
3256 5567 3315 5610 ut
3348 5572 3535 5627 parum
3564 5558 3761 5609 abesset
3785 5547 3879 5617 quin

2392 5660 2446 5705 ct
2490 5664 2583 5704 rex
2616 5660 2668 5702 et
2699 5649 2927 5717 populus
2975 5647 3398 5717 imperioipsius
3438 5646 3684 5702 subditus
3710 5644 3879 5695 lameet

2392 5749 2543 5811 peste
2567 5742 2803 5811 perirent
2825 5760 2835 5793 :
2864 5740 2957 5808 qui
2972 5755 3098 5809 ergo
3114 5739 3450 5795 Christianos
3471 5740 3876 5809 rogaruntutprc-

2388 5835 2555 5892 .cihus
2578 5850 2605 5889 a
2631 5833 2860 5889 Domino
2876 5848 2977 5889 suo
2989 5832 3224 5900 pluviam
3246 5833 3619 5898 impetrarent.
3650 5819 3875 5891 illisisill"
