4138 6502
377 459 481 522 989

1789 462 2157 520 ANNALES-

3471 464 3574 527 99a)

373 588 566 652 preces
591 574 658 628 ad
699 575 981 630 Dominum
1032 575 1407 640 fundentibus,
1449 594 1694 645 magnam
1734 579 1924 645 pluvia:
1954 579 1994 631 Α
2026 577 2114 629 ubi
2151 585 2293 630 esset
2343 576 2585 644 ipsorum
2639 575 2895 630 dominus
2943 575 3044 643 ipsi
3105 577 3427 636 indicarent,
3473 580 3570 641 illi,

381 669 592 728 copiam
620 665 861 729 demisit,
902 682 1006 734 quo
1035 676 1191 735 pacto
1221 668 1430 722 sublata
1471 678 1556 723 est
1585 679 1636 723 et
1671 670 1840 724 fames
1873 678 1924 722 et

379 759 566 824 pestis.
608 759 718 812 Sub
743 760 861 826 ipso
891 761 942 810 in
967 756 1168 814 Graecia
1193 759 1373 814 ﬂoruit
1404 760 1646 826 Magnius
1683 762 1923 828 sapiens.

376 848 532 901 Anno
562 850 771 916 imperii
797 850 1037 916 ejusdem
1063 853 1297 905 secundo
1321 855 1648 909 constitutus
1665 863 1744 907 est
1767 854 1926 907 Eleu-

379 939 584 995 therius
631 941 940 1008 patriarcha
991 940 1291 1006 Romanus,
1319 945 1408 1011 qui
1439 957 1718 1012 postquam
1750 961 1924 1000 annos

376 1035 683 1100 quindecim
717 1032 972 1096 sedisset,
1008 1044 1252 1091 mortuus
1282 1048 1386 1090 est.
1420 1037 1634 1103 Imperii
1681 1037 1920 1106 ejusdem

379 1139 521 1177 anno
543 1123 754 1176 decimo
799 1127 1031 1193 septimo
1055 1126 1227 1180 factus
1259 1127 1442 1181 Victor
1483 1127 1667 1180 Bonna:
1697 1127 1924 1196 patriar-

379 1216 479 1268 cha
513 1215 698 1268 decem
727 1230 900 1269 annos
961 1216 1118 1277 sedit.
1167 1218 1286 1271 dein
1334 1229 1580 1281 mortuus
1617 1227 1718 1270 est.
1771 1219 1927 1269 Anno
1984 1207 1991 1218 ’

376 1298 617 1380 ejusdem
651 1306 840 1372 quinto
875 1308 1201 1361 constitutus
1241 1319 1318 1362 est
1343 1307 1592 1360 Julianus
1623 1307 1925 1375 patriarcha

376 1396 781 1452 Alexandrinus
815 1413 1094 1465 annosque
1125 1399 1306 1451 decem
1337 1399 1494 1461 sedit,
1517 1397 1639 1452 dein
1682 1409 1926 1451 mortuus

376 1496 482 1539 est.
533 1484 689 1540 Anno
746 1487 955 1540 decimo
1011 1488 1360 1558 361-363
1383 1489 1574 1556 quinto
1597 1491 1926 1542 constitutus

382 1591 465 1634 est
503 1581 807 1638 Demetrius
843 1584 1145 1652 patriarcha
1185 1581 1605 1644 Alexandrinus,
1631 1584 1724 1649 qui
1755 1597 1925 1635 annos

380 1671 742 1738 quadraginta
781 1682 892 1726 tres
921 1672 1081 1734 sedit,
1116 1671 1237 1724 dein
1265 1681 1511 1724 mortuus
1552 1681 1653 1724 est.
1708 1670 1927 1726 Primus

380 1763 473 1816 ille
506 1763 934 1827 patriarcharum
972 1763 1255 1828 episcopos
1286 1763 1336 1812 in
1369 1759 1583 1830 ΑΞπωὶ
1616 1760 1817 1813 ditione
1842 1774 1931 1810 or-

2025 684 2138 736 prze
2165 667 2329 720 animi
2365 670 2720 736 generositate
2752 684 2812 721 ac
2855 668 3057 720 domini
3091 669 3172 721 sui
3203 670 3443 721 servandi
3476 670 3572 722 de-

2026 762 2248 823 siderio,
2280 761 2404 814 illud
2439 761 2614 816 facere
2645 772 2965 816 recusarunt
3002 778 3014 813 :
3052 768 3105 813 et
3155 761 3223 813 ab
3273 761 3574 813 Alexandro

2027 853 2090 905 ad
2145 853 2470 906 Perennium
2525 868 2697 905 annos
2735 853 2902 907 fuisse
2952 853 3276 920 quingentos
3329 861 3380 903 et
3417 853 3574 903 sede-

2025 945 2126 997 cim
2164 961 2178 998 :
2210 945 2371 1012 idque
2404 957 2544 995 anno
2578 944 2788 1010 imperii
2825 942 3108 997 Commodi
3135 942 3367 995 Caesaris
3396 940 3578 1010 365-

2217 1051 2378 1089 nono.
2408 1035 2528 1088 11.ρο
2548 1035 2806 1089 Galenus.

2098 1128 2300 1180 Floruit
2324 1128 2485 1178 etiam
2539 1125 2781 1190 ejusdem
2815 1135 3054 1193 tempore
3089 1125 3441 1179 Democrates
3477 1139 3578 1176 sa—

2029 1220 2202 1287 piens.
2252 1219 2410 1271 Anno
2459 1219 2668 1286 imperii
2715 1219 2882 1285 ipsius
2913 1228 3100 1270 octavo
3127 1227 3338 1270 creatus
3368 1227 3447 1270 est
3477 1215 3580 1269 Ze-

2028 1311 2274 1378 phiriuus
2321 1297 2637 1379 patriarcha
2674 1310 2969 1373 Romanus,
3002 1310 3091 1376 qui
3136 1324 3306 1361 annos
3358 1310 3576 1362 octodec

2029 1403 2131 1455 cim
2162 1401 2317 1468 sedit,
2358 1403 2478 1455 dein
2514 1409 2754 1456 mortuus
2779 1411 2880 1454 est.
2913 1402 3066 1453 Anno
3093 1401 3208 1468 ejus
3239 1399 3427 1466 quinto
3454 1413 3583 1452 con-

2027 1493 2249 1547 stitutus
2279 1501 2363 1547 est
2387 1493 2644 1562 Serapion
2701 1493 3004 1560 patriarcha
3051 1491 3443 1551 Antiochenus,
3489 1491 3581 1555 qui

2026 1599 2146 1637 cum
2194 1585 2380 1638 decem
2439 1599 2611 1638 annos
2661 1586 2911 1644 sedisset,
2966 1592 3209 1636 mortuus
3268 1591 3368 1634 est.
3430 1587 3584 1632 Anno

2025 1675 2265 1742 ejusdem
2292 1671 2464 1744 primo
2489 1667 2930 1730 constitutns'est
2976 1673 3339 1744 Symmachus
3367 1673 3584 1739 episco-

2031 1781 2129 1832 pus
2153 1763 2695 1834 Hierosolymitanus,
2723 1766 2806 1818 ubi
2835 1781 2956 1819 cum
2985 1766 3120 1819 duos
3160 1780 3327 1816 annos
3355 1764 3583 1816 sedisset

376 1852 605 1906 dinavit.
639 1854 792 1905 Anno
824 1853 1032 1920 imperii
1057 1853 1302 1920 ejusdem
1327 1852 1537 1905 decimo
1562 1852 1752 1919 quinto
1778 1866 1929 1904 crea-
1960 1892 2000 1946 Β
2032 1865 2276 1911 mortuus
2309 1865 2414 1911 est.
2451 1858 2609 1911 Anno
2654 1857 2769 1922 ejus
2799 1859 2954 1910 tertio
2987 1860 3161 1912 factus
3193 1868 3276 1911 est
3311 1859 3586 1910 Cabianus

377 1954 463 1997 tus
491 1954 574 1997 est
615 1943 881 1996 Maximus
911 1945 1214 2010 patriarcha
1263 1944 1657 2003 Antiochenus,
1699 1942 1788 1994 ubi
1828 1957 1926 1993 no—

379 2051 498 2087 vem
537 2051 708 2088 annos
734 2035 894 2100 sedit,
924 2035 1048 2087 dein
1085 2046 1333 2088 mortuus
1364 2044 1467 2088 est.
1506 2037 1658 2086 Anno
1686 2034 1927 2098 ejusdem

375 2133 574 2193 quarto
610 2125 786 2177 factus
814 2135 896 2178 est
926 2123 1193 2178 Eusebius
1226 2123 1515 2191 episcopus
1541 2122 1930 2190 Hierosolymio

377 2229 560 2283 Linus,
587 2218 676 2285 qui
725 2232 848 2269 cum
894 2232 1066 2270 annos
1097 2218 1232 2271 duos
1271 2216 1501 2269 sedisset
1535 2225 1780 2269 mortuus
1828 2227 1928 2269 est.

378 2310 533 2363 Anno
560 2309 682 2376 ejus
712 2318 864 2361 sexto
901 2317 1120 2362 creatus
1146 2316 1228 2360 est
1262 2304 1438 2359 Julius
1467 2306 1774 2375 patriarcha
1809 2307 1933 2359 Hie-

384 2401 827 2471 rosolymitanus,
881 2400 970 2468 qui
999 2415 1122 2453 cum
1156 2415 1327 2453 annos
1355 2399 1491 2453 duos
1533 2399 1760 2452 sedisset
1789 2414 1934 2451 mor-

380 2501 510 2544 tuus
542 2498 645 2543 est.
695 2491 852 2543 Anno
901 2489 1139 2564 ejusdem
1174 2488 1386 2543 decimo
1435 2488 1610 2542 factus
1658 2497 1741 2542 est
1766 2489 1933 2543 Maxi-

377 2597 506 2654 mus
536 2583 822 2649 episcopus
857 2581 1397 2650 liierosulymitanus,
1430 2582 1523 2650 qui
1579 2597 1751 2635 annos
1791 2598 1930 2649 qua-

376 2683 502 2727 tuor
548 2672 712 2734 sedit,
747 2672 872 2726 dein
913 2681 1157 2725 mortuus
1184 2680 1284 2725 est.
1315 2674 1470 2724 Anno
1506 2673 1745 2740 ejusdem
1781 2672 1932 2726 deci-

376 2781 468 2820 mo
517 2764 710 2832 quinto
745 2761 944 2816 ibidem
1001 2761 1332 2815 constitutus
1365 2770 1448 2813 est
1495 2761 1783 2828 episc0pus
1832 2760 1930 2814 Ju-

373 2856 573 2919 lianus,
607 2856 699 2925 qui
736 2869 857 2910 cum
882 2856 1020 2907 duos
1055 2869 1226 2907 annos
1249 2852 1479 2907 sedisset
1517 2861 1766 2906 mortuus
1803 2861 1925 2906 est:

375 2962 522 3001 anno
551 2954 730 3000 autem
763 2945 970 2999 decimo
987 2944 1215 3012 septimo
1242 2943 1466 3005 Gabius,
1499 2944 1589 3011 qui
1619 2951 1729 2996 tres
1756 2957 1927 2997 annos

375 3039 532 3099 sedit.
561 3038 683 3092 dein
706 3045 954 3090 mortuus
984 3044 1087 3089 est.
1125 3035 1199 3089 Eo
1225 3044 1464 3104 tempore
1493 3035 1712 3102 scripsit
1743 3035 1932 3088 Deme-

375 3127 514 3180 trius
547 3126 854 3195 patriarcha
902 3125 1304 3178 Alexandrinus
1334 3125 1400 3177 ad
1437 3125 1667 3179 Gabium
1721 3125 1934 3194 episco-

2031 1944 2312 2015 episcopus
2362 1946 2919 2016 Hierosolymitanus,
2953 1953 3042 2016 qui
3080 1965 3202 2002 cum
3257 1961 3368 2001 tres
3415 1963 3585 2002 annos

2033 2040 2282 2101 sedisset,
2343 2048 2588 2092 mortuus
2620 2049 2723 2093 est.
2773 2041 2928 2091 Anno
2962 2039 3079 2105 ejus
3121 2049 3270 2093 sexto
3306 2040 3476 2093 factus
3505 2051 3586 2092 est

2032 2128 2277 2184 Julianus
2300 2129 2585 2198 episcOpus
2621 2130 3162 2199 Hierosolymitanus.
3187 2132 3279 2198 Qui
3312 2146 3433 2184 cum
3461 2144 3590 2197 qua-

2033 2230 2156 2274 tuor
2205 2235 2375 2275 annos
2422 2220 2647 2275 sedisset
2685 2229 2930 2274 mortuus
2973 2233 3078 2275 εει.
3126 2222 3283 2274 Anno
3339 2220 3583 2286 ejusdem

2035 2309 2322 2363 undecimo
2366 2313 2803 2364 constitutus-est
2836 2309 2979 2363 Elias
3012 2311 3298 2378 episcopus
3333 2308 3587 2361 Hiemso-

2035 2399 2341 2468 iymitanus,
2373 2402 2461 2469 qui
2499 2401 2635 2454 duos
2670 2415 2840 2454 annos
2864 2400 3023 2462 sedit,
3056 2400 3176 2453 dein
3212 2408 3458 2452 mortuus
3481 2407 3582 2451 est.

2033 2492 2190 2545 Anno
2225 2492 2435 2562 imperil
2462 2492 2633 2560 ipsius
2656 2491 2889 2551 decimo,
2912 2491 3081 2543 exorti
3116 2491 3291 2544 Persa:
3321 2491 3587 2552 Babeiem,

2036 2563 2314 2648 Amidum,
2355 2592 2407 2635 et
2461 2581 2694 2636 Persiam
2734 2587 3071 2648 occuparunt
3103 2619 3118 2644 ,
3184 2579 3368 2650 [duce]
3404 2595 3590 2646 nempe

2035 2675 2333 2727 Azdashiro
2361 2673 2470 2727 lilio
2502 2672 2718 2736 Babeci,
2752 2672 2844 2724 lilii
2879 2672 3093 2736 Sasani,
3140 2671 3471 2732 Estochrita,
3500 2670 3589 2735 qui

2037 2767 2243 2834 primus
2277 2781 2481 2833 regum,
2509 2765 2685 2834 denuo
2720 2764 2770 2815 in
2805 2762 3044 2816 Persiam
3081 2763 3357 2830 regnavit,
3402 2763 3594 2814 litteris

2038 2857 2102 2908 ad
2147 2869 2332 2909 omnes
2365 2865 2474 2907 tum
2525 2855 2626 2907 sibi
2682 2856 2889 2909 vicinos
2917 2854 3111 2907 Persia
3158 2870 3330 2922 rcges,
3365 2854 3591 2920 tumqui

2040 2947 2253 3016 longius
2285 2947 2336 2998 in
2367 2947 2489 2999 aliis
2526 2947 2749 2999 aberant
2790 2945 3112 3013 provinciis,
3147 2945 3379 2997 tribuum
3418 2957 3592 3011 reges,

2035 3038 2195 3101 datis,
2223 3038 2418 3106 quibus
2456 3037 2603 3104 ipsos
2649 3037 2714 3090 ad
2763 3037 2864 3090 sibi
2915 3035 3318 3089 assentiendum
3352 3043 3413 3086 et
3436 3049 3587 3099 opem

2039 3129 2312 3184 ferendam
2349 3129 2638 3189 invitavit,
2684 3145 2920 3182 monens
2972 3144 3038 3181 ne
3084 3128 3183 3194 ipsi
3241 3127 3492 3179 adversus
3539 3141 3596 3179 se

377 3233 507 3289 μυιη
582 3216 1156 3288 llierosolymilauum.
1220 3215 1511 3270 Minimum
1565 3215 1930 3282 Patria":le
1962 3240 2003 3298 ε
2036 3220 2372 3290 praeberent,
2411 3227 2636 3273 mortem
2663 3229 2716 3272 et
2753 3233 2942 3289 punias
2974 3219 3016 3271 si
3052 3218 3101 3271 id
3140 3216 3380 3271 facerent
3415 3217 3593 3268 mina-

374 3310 797 3374 Antiochenum,
832 3319 888 3364 et
931 3309 1201 3364 Victorem
1234 3309 1599 3378 patriarcham
1626 3306 1934 3361 Romanum

375 3404 446 3463 de
474 3404 684 3458 ratione
707 3402 949 3472 computi
975 3400 1255 3456 Paschalis
1281 3407 1337 3454 et
1367 3399 1563 3468 jejunii
1595 3397 1939 3454 Christiano-

377 3510 524 3561 rum,
544 3503 601 3550 et
633 3494 906 3564 quomodo
956 3506 987 3545 a
1037 3491 1306 3547 Paschate
1359 3489 1669 3544 Judaaorum
1702 3488 1937 3544 deduca-

377 3595 508 3650 tur;
535 3583 604 3639 de
642 3597 750 3652 qua
791 3597 853 3638 re
889 3581 1092 3636 multos
1133 3589 1430 3635 exararunt
1461 3580 1628 3633 libros
1657 3589 1710 3632 et
1734 3577 1937 3647 episto-

378 3674 488 3741 las,
509 3675 686 3728 donec
718 3687 785 3727 eo
813 3671 906 3740 qui
937 3671 1046 3739 jam
1074 3669 1391 3724 observatur
1429 3667 1589 3723 modo
1603 3665 1939 3720 Christiano-

379 3782 502 3824 rum
553 3766 764 3822 Pascha
809 3765 1249 3827 constituerent;
1291 3763 1455 3832 idque
1479 3761 1606 3832 quia
1635 3760 1931 3815 Christiani

383 3865 506 3926 post
546 3872 844 3912 ascensum
866 3855 1080 3911 Domini
1109 3854 1272 3926 365
1297 3854 1497 3909 Christi
1526 3854 1579 3907 in
1613 3854 1802 3916 caelos,
1844 3851 1937 3906 ubi

382 3949 579 4005 festum
605 3946 859 4016 baptismi
889 3946 1279 4008 celebrassent,
1303 3946 1389 3998 die
1412 3931 1936 4011 erastinojejunium

382 4039 748 4112 quadraginta
778 4038 1253 4108 dierumineipere
1277 4037 1557 4113 solebant,
1587 4037 1726 4104 quod
1750 4036 1940 4089 deinde

381 4132 694 4194 solvebant,
728 4131 872 4187 sicut
923 4129 1056 4184 fecit
1115 4129 1378 4200 Dominus
1426 4128 1702 4191 Christus,
1755 4134 1940 4196 utpote

381 4224 476 4292 qui
508 4230 799 4293 postquam
833 4220 1141 4289 baptizatus
1173 4220 1227 4274 in
1268 4218 1506 4274 Jordane
1538 4218 1732 4273 fuisset
1763 4221 1816 4270 in
1845 4217 1939 4271 de-

382 4308 902 4378 scrtum'abiit,.ubi
939 4312 1291 4385 quadraginta
1322 4313 1439 4368 dies
1468 4314 1688 4382 jejunus
1720 4313 1937 4366 mansit.

389 4405 554 4480 iidem
583 4419 706 4458 cum
739 4403 910 4458 Judaei
943 4403 1153 4482 Pascha
1199 4404 1539 4458 celebrarent
1572 4403 1714 4456 idem
1748 4404 1939 4457 obser-

385 4510 588 4555 varunt
623 4498 845 4553 festum.
881 4497 959 4552 Ita
990 4512 1123 4566 ergo
1156 4504 1467 4551 statuerunt
1489 4496 1815 4565 patriarcha
1850 4495 1960 4549 isti.

2039 3325 2145 3367 tus.
2183 3312 2261 3366 Ad
2309 3327 2447 3381 quos
2479 3326 2609 3381 ergo
2640 3310 2726 3364 ubi
2779 3311 3144 3379 pervenissent
3171 3309 3364 3361 littera
3400 3318 3452 3360 et
3484 3308 3599 3374 epi-

2039 3405 2209 3466 stolae,
2247 3405 2404 3460 valde
2434 3405 2510 3457 illi
2546 3403 2780 3468 timere;
2815 3403 2904 3456 alii
2940 3402 3080 3456 ultro
3118 3402 3283 3470 368
3310 3399 3551 3453 obsecuti
3580 3437 3595 3460 ,

2043 3496 2254 3565 ipsique
2282 3497 2346 3548 ad
2383 3508 2539 3564 opem
2581 3493 2653 3546 illi
2708 3494 2980 3548 ferendam
3030 3492 3257 3561 proiecti
3297 3499 3459 3552 sunt,
3509 3488 3595 3541 alii

2037 3588 2210 3642 donec
2240 3586 2307 3641 ad
2357 3587 2503 3657 ipsos
2558 3586 2841 3640 accederet
2877 3593 3180 3644 manentes,
3234 3593 3342 3635 tum
3395 3581 3474 3635 vel
3524 3580 3598 3631 illi

2039 3689 2232 3751 sponte
2265 3679 2730 3748 obsequebantur,
2763 3677 2842 3730 vel
2881 3676 3029 3729 inviti
3086 3675 3288 3729 servire
3333 3659 3600 3740 cogeban-

2038 3781 2149 3837 tur,
2185 3770 2277 3826 alii
2313 3784 2520 3824 moram
2557 3777 2840 3822 traxerunt
2876 3767 3050 3820 donec
3090 3765 3290 3818 caedem
3318 3774 3371 3818 et
3409 3762 3600 3816 intcri~

2039 3872 2153 3917 tum
2178 3870 2509 3933 paterentur.
2547 3859 2712 3914 Nemo
2745 3865 2923 3912 autem
2962 3857 3032 3910 illi
3069 3855 3384 3924 obsequium
3422 3861 3603 3906 matu-

2040 3957 2156 4009 rius
2188 3953 2464 4025 praestitit,
2493 3966 2653 4020 quem
2678 3966 2786 4004 non
2820 3949 3167 4003 beneficentia
3201 3962 3296 4000 sua
3333 3961 3593 3999 remune-

2039 4046 2206 4118 ravit,
2234 4043 2447 4113 ipsique
2475 4041 2797 4112 dignitatem
2837 4040 3006 4099 auxit,
3054 4039 3210 4092 titulo
3245 4038 3421 4092 solum
3457 4036 3603 4104 regis

1981 4172 1998 4188 τ
2039 4143 2282 4204 excepto,
2305 4149 2414 4204 quo
2442 4133 2736 4194 neminem,
2770 4131 2890 4204 ipso
2922 4139 3170 4198 excepto,
3199 4127 3446 4198 insigniri
3479 4143 3602 4196 per-

2041 4224 2523 4303 missumaNeque
2557 4239 2585 4276 a
2618 4222 2824 4277 ditione
2859 4221 2924 4275 ad
2953 4221 3238 4280 ditionem.
3280 4235 3308 4270 a
3350 4233 3514 4286 regno
3537 4218 3601 4270 ad

2030 4322 2269 4388 regnum
2296 4355 2313 4381 ,
2347 4331 2376 4369 a
2409 4316 2632 4385 regione
2669 4314 2734 4366 ad
2772 4314 3044 4382 regionem
3093 4311 3320 4364 transire
3360 4309 3603 4370 destitit,

2039 4410 2213 4463 donec
2233 4407 2296 4460 ad
2327 4405 2512 4460 urbem
2542 4392 2782 4468 Saturni,
2819 4418 2938 4472 qua:
2963 4409 3045 4457 est
3069 4419 3098 4455 e
3122 4403 3338 4470 regione
3365 4400 3604 4462 Mascen,

2041 4496 2403 4569 pervenisset,
2423 4510 2544 4565 qua:
2567 4503 2622 4549 'et
2647 4498 2753 4547 Arx
2790 4481 3106 4562 appellatur,
3133 4491 3186 4545 in
3215 4505 3319 4560 qua
3351 4505 3408 4543 se
3429 4490 3606 4541 muni-

387 4588 672 4646 Paschatis
701 4595 1041 4657 computum,
1067 4596 1132 4640 ut
1156 4587 1465 4657 jejunarent
1489 4587 1789 4641 Christiani
1808 4602 1938 4656 qua-

2045 4597 2194 4645 verat
2221 4604 2318 4643 rex
2346 4587 2638 4642 Alsavradi.
2686 4584 2836 4637 Illam
2890 4583 3143 4637 diuturna
3175 4580 3458 4635 obsidione
3491 4579 3608 4632 cin-

385 4683 630 4753 draginta
654 4679 802 4741 dies.
835 4679 1033 4734 deinde
1065 4679 1153 4734 die
1195 4678 1478 4734 Paschalis
1518 4677 1783 4748 jejunium
1826 4680 1940 4734 soi-

386 4781 621 4835 verent..
1247 4760 1250 4762 ⁷

455 4865 601 4922 Obiit
631 4872 810 4920 autem
843 4863 1057 4919 larens
1081 4864 1263 4918 Caesar
1294 4865 1607 4932 imperator,
1642 4860 1942 4929 imperante

392 4969 517 5026 post
577 4958 760 5028 ipsum
826 4956 1011 5010 Romae
1048 4955 1345 5011 Commodo
1393 4955 1628 5016 Caesare,
1682 4952 1939 5007 Antonini

391 5052 520 5112 tilio,
555 5063 726 5112 annos
757 5048 1060 5103 duodecim.
1094 5047 1226 5112 Eius
1248 5059 1489 5116 tempore
1512 5044 1693 5099 ﬂoruit
1721 5045 1773 5096 in
1797 5043 1946 5097 Gne-

386 5157 574 5198 corum
615 5140 842 5200 ditione,
896 5138 1027 5193 urbe
1077 5138 1355 5208 Pergamo,
1399 5135 1652 5190 Galenus
1701 5135 1939 5204 sapiens,

389 5232 520 5286 artis
574 5231 800 5285 medica:
834 5239 1042 5284 auctor.
1102 5229 1269 5282 Porro
1319 5229 1567 5280 meminit
1624 5224 1860 5281 Galenus
1888 5226 1941 5278 in

391 5326 654 5380 librorum
686 5338 909 5377 suorum
945 5321 1142 5383 indice,
1195 5335 1253 5374 se
1295 5318 1592 5374 Commodo
1628 5317 1940 5387 imperatori

391 5417 672 5473 educando
700 5415 869 5486 [quod
923 5415 988 5467 ad
1037 5413 1342 5484 sanitatem]
1383 5410 1691 5480 praefectum
1753 5409 1940 5462 fuisse.

392 5507 636 5562 ﬂeminit
675 5506 836 5559 etiam
891 5517 1141 5557 sermone
1193 5502 1366 5570 primo
1389 5501 1510 5554 libri
1548 5501 1635 5567 qui
1672 5498 1746 5552 De
1777 5497 1943 5550 animi

391 5598 625 5654 moribus
655 5597 994 5658 inscribitur,
1031 5595 1197 5648 fuisse
1228 5605 1463 5661 tempore
1509 5591 1789 5645 Commodi
1831 5591 1944 5644 im-

389 5690 682 5759 peratoris.
719 5689 923 5753 virum,
961 5685 1180 5738 nomine
1209 5683 1556 5747 Perennium,
1597 5683 1688 5750 qui
1719 5697 1842 5735 cum
1878 5681 1943 5735 ad

390 5795 574 5836 necem
603 5793 633 5832 a
662 5775 958 5832 Commodo
985 5778 1268 5845 quaesitus,
1303 5775 1550 5844 fugisset,
1581 5780 1741 5844 atque
1769 5773 1942 5839 impe-

393 5886 542 5930 rator
577 5871 714 5928 duos
735 5870 826 5939 qui
864 5871 941 5927 illi
993 5871 1204 5926 fuerant
1251 5883 1436 5924 servos
1468 5867 1797 5933 verberaret,
1834 5880 1940 5935 quo

2045 4691 2183 4737 ctam
2223 4696 2346 4736 cum
2378 4678 2582 4733 nullam
2608 4675 2855 4758 capiendi
2894 4674 3158 4727 rationem
3201 4670 3468 4724 inveniret
3500 4670 3606 4722 Az.

1951 4796 1954 4799 ·
2045 4772 2254 4835 dashir,
2285 4784 2466 4823 arcem
2502 4767 2806 4822 ascendens
2837 4765 2980 4832 regis
3026 4761 3318 4830 (Alsawadi
3377 4758 3601 4825 scilicet)

2044 4863 2150 4916 tilia
2177 4861 2243 4914 ad
2272 4857 2556 4913 Azdashiri
2591 4856 2775 4921 copias
2800 4851 3225 4923 perlustrandas,
3272 4863 3394 4902 cum
3435 4845 3616 4900 Asila-

2045 4951 2178 5008 shiri
2209 4950 2485 5015 conspecti
2517 4946 2691 5000 forma
2720 4945 2820 5013 ipsi
2847 4943 3109 5013 placeret.
3141 4955 3327 4995 amore
3359 4939 3479 5005 ejus
3517 4951 3614 4990 ca-

2044 5049 2134 5112 pta
2167 5049 2273 5095 est.
2325 5038 2614 5092 Prehensae
2644 5036 3043 5105 igitur-sagittas
3074 5048 3196 5086 cum
3248 5023 3381 5084 inec.
3409 5030 3608 5083 inscri-

2043 5136 2239 5204 psisset
2267 5147 2279 5181 :
2311 5129 2370 5184 Si
2390 5130 2517 5182 mihi
2538 5126 2837 5197 promiseris
2868 5134 2914 5177 te
2947 5139 3162 5177 uxorem
3193 5138 3274 5175 me
3304 5121 3603 5181 ducturum,

2043 5225 2284 5279 indicabo
2323 5223 2418 5275 tibi
2448 5225 2614 5274 locum
2659 5235 2762 5288 quo
2799 5218 2982 5270 urbem
3027 5217 3162 5268 hanc
3192 5228 3370 5278 capere
3412 5209 3603 5278 possis,

2043 5331 2162 5371 eam
2226 5314 2580 5368 Azdashirum
2621 5324 2813 5364 versus
2841 5308 3005 5377 jecit;
3058 5305 3144 5358 cui
3195 5318 3317 5356 cum
3371 5301 3605 5368 placeret

2044 5408 2186 5476 quod
2216 5407 2530 5475 scripserat,
2561 5402 2815 5468 sagittam
2863 5401 2969 5450 hoc
3003 5394 3265 5461 inscripto
3316 5403 3602 5460 responso:

2046 5499 2378 5553 Prwatiturm
2408 5513 2522 5548 sum
2556 5494 2648 5546 (ibi
2670 5492 2808 5561 quod
2835 5487 3034 5557 petiisti
3082 5486 3149 5538 ad
3177 5485 3346 5552 ipsam
3371 5480 3601 5534 remisit.

2045 5591 2196 5658 Quod
2232 5605 2354 5643 cum
2391 5589 2608 5657 legisset
2639 5585 2748 5646 illa,
2783 5579 3062 5648 rescripsit
3092 5615 3106 5630 .
3165 5577 3258 5630 Est
3309 5573 3424 5627 urbi
3474 5571 3600 5624 huic

2047 5691 2198 5752 porta
2239 5696 2403 5750 parva
2449 5678 2600 5732 lateri
2641 5674 2731 5727 uni
2765 5679 3154 5740 superstructa,
3187 5668 3240 5720 in
3286 5667 3404 5718 loco
3456 5661 3546 5714 tali
3582 5677 3598 5712 :

2048 5773 2228 5826 addita
2285 5771 2386 5824 loci
2440 5765 2820 5835 descriptione.
2876 5757 3139 5813 Azdashir
3174 5770 3300 5824 ergo
3333 5764 3597 5805 conversa

2047 5861 2388 5934 369-371
2435 5857 2494 5911 ad
2533 5858 2708 5911 ircum
2757 5856 2916 5908 istum
2967 5845 3234 5906 exercitiis
3285 5843 3363 5898 sui
3407 5851 3607 5910 parte,
