4038 6476
632 344 732 410 991

1636 357 1932 418 EUTYCH
1950 360 1996 416 il
2031 361 2559 422 ALEXANDRINI
2603 367 2816 424 i’A'l'li.

3717 366 3808 426 992

631 474 692 511 ex
732 468 881 528 parte
914 459 1013 514 alia
1049 460 1167 515 illos
1195 478 1370 531 pugna
1418 475 1714 535 occupatos
1743 467 1992 531 detinuit,
2030 479 2189 537 atque
2219 475 2262 528 A
2289 489 2392 540 que
2422 475 2472 526 iu
2504 476 2689 529 Persia
2724 484 2868 528 sunt.
2898 473 3448 533 Balnnan-Azdashir.
3481 487 3594 540 qur
3623 484 3701 525 est
3723 473 3810 526 Eu.

632 549 704 602 ita
754 561 941 619 aperto
992 552 1109 606 loco
1163 555 1229 607 ab
1283 555 1431 609 urbis
1481 556 1670 609 incolis
1729 557 1971 627 neglecto
2007 573 2184 626 regem

631 639 801 709 ipsius
829 641 1218 696 interfecerunt
1243 686 1257 708 ,
1296 647 1587 714 otnniaqne
1631 662 1750 715 qua:
1786 648 1837 700 in
1873 648 1985 716 ipsa
2034 657 2189 701 erant

629 741 986 801 occuparunt.
1032 733 1167 786 Tum
1207 738 1455 802 praestitit
1505 737 1772 791 Azulashir
1819 736 1996 808 [juxta
2053 739 2187 793 alios

629 822 881 893 Ardsbir]
919 824 1040 877 tilia:
1089 827 1232 894 regis
1271 828 1412 895 quod
1460 828 1534 882 illi
1585 828 1858 897 pollicitus
1895 829 2090 892 fuerat,
2131 844 2190 884 se

629 927 748 966 eam
782 914 989 967 scilicet
1022 930 1244 971 uxorem
1281 917 1592 971 ducturum.
1621 917 1787 972 Nocte
1824 927 2000 973 autem
2040 934 2184 988 qua-

630 1002 752 1058 dam
783 1005 1110 1060 decumbens
1135 1007 1250 1076 ipsa
1287 1008 1342 1062 in
1382 1010 1541 1073 lecto,
1567 1009 1634 1063 de
1666 1010 1782 1064 loco
1816 1009 1868 1062 in
1899 1025 2008 1078 quo
2041 1011 2190 1078 jace-

588 1099 591 1105 ’
633 1107 715 1151 ret
755 1106 965 1166 questa,
1030 1108 1138 1152 tota
1175 1109 1329 1154 nocte
1364 1099 1628 1154 insomnis
1663 1101 1980 1169 permansit.
2030 1100 2190 1166 Qua:-

637 1197 792 1242 rente
822 1205 954 1258 ergo
983 1190 1075 1242 illo
1105 1189 1256 1261 [quid
1295 1189 1490 1262 esset],
1521 1205 1650 1245 ecce
1673 1192 1775 1246 sub
1811 1192 1978 1246 linteo
2017 1193 2189 1261 ipsius
2216 1178 2230 1195 ⁸

631 1280 685 1332 in
737 1279 880 1334 lecto
915 1279 1101 1334 folium
1139 1281 1236 1335 fuit
1275 1282 1610 1349 oleagineum
1642 1323 1657 1347 ,
1696 1284 1840 1352 quod
1898 1283 2186 1353 vestigium

632 1372 743 1425 cuti
777 1371 896 1441 ejus
933 1373 1302 1442 impresserat.
1333 1373 1556 1444 ltogavit
1577 1387 1705 1444 ergo
1736 1374 1905 1436 illam,
1937 1389 2043 1442 quo
2067 1374 2189 1428 cibo

634 1454 802 1532 ipsam
841 1479 1064 1532 pascere
1096 1465 1288 1518 solitus
1309 1473 1452 1520 esset
1480 1472 1650 1532 pater;
1686 1466 2050 1533 respondente
2073 1465 2185 1519 illa:

633 1553 724 1606 ltla
765 1555 962 1624 quibus
1019 1555 1290 1624 pracipue
1336 1555 1594 1610 vescebar
1661 1563 1815 1609 erant
1866 1554 1964 1610 llos
2014 1554 2189 1619 lactis,

635 1646 808 1707 favus.
843 1656 896 1700 et
935 1646 1204 1711 medulla;
1240 1646 1377 1700 dixit
1409 1647 1714 1702 Azdashir:
1745 1645 1860 1700 Non
1897 1646 2012 1700 scio
2048 1660 2190 1714 quo-

632 1733 795 1786 modo
817 1725 940 1802 quis
979 1741 1358 1802 patremtuum
1385 1773 1402 1800 ,
1430 1735 1482 1788 in
1514 1745 1563 1789 te
1594 1735 1824 1795 amando
1850 1775 1866 1798 ,
1897 1743 1949 1788 et
1985 1735 2191 1790 honore

632 1819 932 1883 alliciendo,
957 1830 1164 1890 :equet;
1197 1839 1318 1877 cum
1348 1839 1476 1894 ergo
1505 1839 1611 1879 non
1642 1823 1785 1879 aliud
1819 1823 1919 1893 ipsi
1953 1839 2051 1893 pro
2076 1839 2191 1877 ma~

633 1911 756 1980 gnis
794 1913 962 1981 ipsius
1001 1913 1053 1966 in
1088 1922 1140 1967 te
1184 1913 1394 1969 meritis
1423 1929 1584 1984 quam
1609 1914 1812 1970 eadem
1851 1914 2192 1983 rependeris,

633 2004 824 2056 merita
852 2013 996 2057 certe
1037 2018 1096 2058 es
1135 2004 1249 2072 ipsa
1285 2019 1352 2067 ne
1376 2006 1436 2059 in
1475 2015 1618 2059 terra
1668 2015 1942 2074 superstes
1973 2004 2194 2070 sinaris,

634 2103 795 2163 atque
831 2109 930 2164 ego
964 2095 1038 2148 illi
1068 2095 1188 2164 jura
1225 2111 1324 2152 sua
1356 2097 1646 2166 rependam
1682 2115 1697 2153 :
1737 2114 1859 2153 cum
1911 2100 2052 2153 enim
2099 2099 2198 2155 ob-

632 2185 912 2261 caacztverit
943 2201 1095 2240 amor
1131 2187 1320 2242 oculos
1354 2193 1478 2242 tuos
1501 2227 1518 2253 ,
1547 2197 1604 2242 et
1632 2188 1968 2243 intellectum
1999 2189 2187 2243 turba-

633 2275 772 2330 verit
808 2275 942 2330 adeo
982 2285 1040 2329 ut
1087 2277 1400 2331 meritorum
1447 2279 1620 2346 patris
1660 2279 1733 2333 ttti
1780 2279 1947 2334 oblita
2001 2278 2194 2346 fueris,

635 2382 740 2421 non
770 2382 990 2436 possum
1035 2382 1136 2437 ego
1184 2369 1282 2421 hac
1323 2383 1388 2422 ex
1424 2377 1581 2438 parte
1611 2384 1639 2424 a
1679 2379 1730 2425 te
1779 2385 2005 2426 securus
2048 2387 2192 2426 esse.

632 2457 769 2513 Tum
793 2461 960 2528 jussit
990 2459 1199 2530 capillis
1232 2460 1416 2515 cauda:
1442 2460 1567 2530 equi
1600 2459 1884 2517 ferocioris
1923 2463 2192 2534 alligatam

633 2552 836 2622 raptari
869 2568 884 2605 :
917 2551 1059 2620 quod
1090 2559 1145 2606 et
1178 2550 1377 2606 factum
1407 2550 1582 2606 donec
1629 2559 1740 2606 tota
1787 2552 1891 2621 ipsi
1944 2553 2188 2622 corporis

632 2655 922 2710 compages
953 2641 1295 2696 membratim
1329 2641 1749 2711 discerperetur.

704 2732 866 2802 373
919 2731 1130 2787 Mortuo
1175 2732 1472 2789 Commodo
1516 2733 1771 2800 Caesare,
1826 2733 2193 2790 Romanorum

635 2823 989 2891 imperatore,
1022 2825 1286 2877 successit
1323 2823 1424 2892 ipsi
1474 2823 1725 2879 Pertinax
1766 2825 1948 2880 Carsar
1991 2824 2192 2879 Roma-

635 2928 829 2966 norum
872 2912 1184 2980 imperator,
1232 2915 1322 2982 qui
1351 2953 1366 2978 ,
1402 2929 1524 2969 cum
1565 2916 1743 2970 tribus
1781 2917 2069 2971 mensibus
2110 2933 2194 2971 re-

633 3012 868 3073 gnasset,
895 3003 1211 3060 interfectus
1243 3018 1359 3070 est;
1394 3006 1692 3075 imperante
1724 3019 1845 3078 post
1883 3010 2055 3078 ipsum
2087 3007 2209 3060 ito-

635 3094 811 3148 manis
836 3094 1050 3148 Juliano
1075 3094 1302 3157 Caesare,
1329 3096 1542 3149 duobus
1575 3096 1872 3160 mensibus,
1907 3104 2026 3166 post
2053 3110 2193 3164 quos
2217 3127 2260 3189 ϐ

636 3184 955 3240 interfectus
991 3187 1151 3238 etiam
1189 3195 1294 3240 est.
1341 3184 1604 3254 Regnavit
1637 3195 1756 3255 post
1800 3187 1972 3254 ipsum
2009 3185 2193 3242 Roma:

634 3279 688 3332 in
725 3276 997 3334 Romanos
1049 3279 1283 3332 Severus
1316 3278 1498 3332 Caesar
1538 3293 1712 3332 annos
1764 3279 2190 3345 septemdecim,

637 3367 798 3436 idque
846 3383 989 3420 anno
1052 3376 1243 3435 quarto
1285 3368 1432 3437 regni
1484 3365 1771 3421 Azdashiri
1809 3367 1921 3420 Ebn
1976 3366 2191 3422 Babeci.

593 3470 597 3474 ’
638 3457 872 3528 Fuitque
903 3460 1198 3526 imperator
1228 3459 1332 3513 istc
1361 3458 1618 3523 Severus,
1649 3457 1729 3510 vir
1767 3471 2000 3524 nequam
2029 3495 2044 3519 ,
2084 3473 2195 3510 ma-

637 3565 866 3617 gnarum
899 3547 1224 3604 Christianis
1245 3548 1613 3603 calamitatum
1638 3549 2039 3617 multorumque
2063 3564 2191 3602 cru-

636 3642 876 3694 ciatuum
907 3648 1121 3702 auctor,
1165 3640 1322 3705 cujus
1363 3647 1608 3707 tempore
1642 3638 1956 3709 martyrium
1993 3637 2195 3706 ubique

640 3729 926 3782 subierunt
978 3727 1278 3782 Christiani
1313 3727 1720 3797 quamplurimi.
1761 3729 1896 3782 Tum
1944 3738 1996 3782 et
2030 3727 2199 3799 Egy-

639 3835 791 3895 ptttm
828 3823 1127 3893 profectus,
1177 3838 1366 3878 omnes
1405 3824 1494 3892 qui
1526 3823 1599 3878 ibi
1637 3833 1691 3878 et
1741 3825 2079 3879 Alexandriae
2112 3839 2198 3879 es-

640 3927 764 3970 sent
795 3915 1133 3970 Christianos
1163 3916 1454 3979 interemit,
1505 3923 1560 3968 et
1603 3916 1866 3970 ecclesias
1891 3915 2075 3979 diruit,
2109 3930 2199 3970 ex-

639 4018 852 4065 etrurto
882 4009 1215 4063 Alexandriae
1245 4006 1468 4076 templo,
1495 4006 1638 4075 quod
1674 4005 1900 4060 Deorum
1938 4007 2194 4078 templum

643 4100 940 4153 vocitatum
983 4108 1089 4153 est.
1126 4099 1282 4152 Anno
1314 4097 1523 4165 imperii
1575 4096 1745 4163 ipsius
1790 4095 2198 4163 decimoquarto

642 4189 820 4244 factus
850 4198 935 4245 est
965 4189 1208 4242 Calixtus
1232 4187 1539 4264 patriarcha
1575 4187 1872 4252 Romanus,
1927 4186 2020 4255 qui
2073 4202 2197 4240 cum

641 4297 734 4337 sex
771 4296 942 4335 annos
971 4281 1198 4335 sedisset
1229 4288 1474 4334 mortuus
1499 4287 1601 4332 est.

711 4374 866 4425 Anno
893 4370 1133 4438 ejusdem
1171 4371 1331 4424 tertio
1377 4369 1710 4424 constitutus
1741 4375 1824 4424 est
1853 4369 2197 4435 Asclepiades

2289 564 2494 633 phrata:
2527 565 2743 619 Basorm
2766 605 2780 628 ,
2809 565 3126 626 Astarabad,
3167 581 3284 632 quae
3313 573 3391 618 est
3421 561 3778 614 Carciniiisan
3799 603 3811 625 ,

2290 653 2392 706 sita
2440 654 2583 707 inter
2626 653 2778 709 vicos
2825 653 3022 722 Tigris,
3055 662 3109 706 et
3151 655 3334 706 urbem
3373 651 3484 704 Sult
3521 650 3815 715 il-.—\hw.n,

2290 758 2559 811 unamque
2602 743 2764 797 trium
2798 744 3012 797 urbium
3072 757 3190 809 quau
3243 751 3367 795 sunt
3417 742 3467 793 in
3519 737 3815 792 AI-Sawad:

2291 844 2484 902 prmter
2517 843 2625 889 tres
2669 835 2828 889 urbes
2863 850 3084 902 quarum
3122 847 3226 886 una
3259 842 3340 886 est
3371 833 3593 894 Aiebat,
3622 844 3736 894 qua!
3767 830 3822 880 ad

2290 923 2623 978 occidentem
2653 925 2755 977 sita
2782 933 2866 978 est
2892 922 3125 992 regionis
3160 919 3564 976 transﬂuvialis.
3603 919 3703 971 alia
3739 917 3827 969 Ba-

2293 1011 2393 1066 har
2431 1013 2621 1067 Samer
2666 1013 2720 1067 itt
2768 1012 3128 1075 Caramania,
3175 1011 3330 1065 tertia
3377 1011 3508 1065 urbs
3555 1009 3828 1079 Al-Ayela.

2297 1106 2441 1159 Obiit
2470 1105 2664 1160 deinde
2696 1104 2964 1159 Azdasbir
2998 1113 3280 1172 postquam
3315 1116 3483 1156 annos
3510 1101 3829 1169 quatuorde-

2290 1196 2394 1250 cim
2436 1203 2489 1250 et
2523 1211 2616 1250 sex
2650 1209 2863 1250 menses
2889 1203 3184 1262 regnasset.
3214 1192 3473 1261 Regnavit
3513 1200 3632 1260 post
3667 1193 3829 1259 ipsum

2293 1286 2434 1340 filius
2467 1287 2639 1355 ipsius
2672 1287 2853 1341 Sabnr
2889 1285 3002 1340 Ebu
3039 1286 3326 1348 Azdashir,
3361 1300 3532 1338 annos
3576 1285 3791 1351 triginta
3817 1325 3830 1345 ,

2291 1393 2530 1432 mensem
2567 1394 2768 1441 unum;
2807 1378 2969 1447 idque
3012 1392 3156 1432 anno
3193 1376 3406 1445 imperii
3441 1375 3627 1429 Severi
3672 1375 3837 1429 Caesa-

2293 1473 2387 1532 ris,
2420 1470 2764 1539 imperatoris
2795 1470 3063 1533 Romani,
3108 1468 3452 1522 duodecimo.
3498 1466 3711 1520 Mortuo
3752 1467 3837 1520 Se-

2294 1573 2420 1613 vero
2447 1559 2680 1620 Ca-sare.
2715 1557 2899 1613 Romte
2927 1567 3046 1628 post
3083 1558 3253 1628 ipsum
3282 1573 3372 1613 sex
3403 1573 3576 1612 annos
3606 1557 3837 1626 regnat-it

2291 1647 2557 1702 Antonius
2615 1648 2795 1702 Caesar
2836 1647 3112 1703 Caracalla
3173 1647 3338 1714 (quod
3398 1655 3523 1707 est,
3580 1645 3816 1708 Calvus).

2291 1736 2447 1790 Anno
2496 1738 2704 1804 imperii
2743 1735 2861 1804 ejus
2889 1737 3048 1790 tertio
3094 1735 3269 1789 factus
3301 1743 3383 1788 est
3429 1733 3710 1788 Aurianus
3751 1748 3836 1800 pa-

2297 1827 2530 1880 triarcha
2563 1825 2857 1886 Romanus,
2897 1826 2986 1890 qui
3019 1833 3255 1891 quatuor
3289 1838 3460 1876 annos
3510 1823 3653 1876 sedit
3676 1862 3692 1886 ,
3725 1821 3838 1874 dein

2295 1925 2562 1972 mortuus.
2591 1919 2744 1971 Anno
2785 1916 2957 1984 ipsius
2984 1915 3146 1985 376
3176 1915 3353 1982 primo
3385 1925 3604 1967 creatus
3629 1923 3712 1968 est
3746 1911 3838 1964 Va-

2297 2007 2410 2062 lens
2435 2007 2724 2076 episcopus
2762 2006 3305 2075 Hierosolymitanus,
3339 2006 3428 2071 qui
3457 2020 3580 2059 cum
3607 2013 3719 2059 tres
3747 2019 3838 2058 an-

2295 2112 2395 2151 nos
2426 2097 2672 2160 sedisset,
2703 2107 2949 2150 mortuus
2973 2105 3075 2152 ert.

2363 2187 2519 2242 Anno
2545 2188 2789 2256 ejusdem
2819 2189 3010 2256 quinto
3038 2187 3368 2242 constitutus
3411 2194 3497 2240 est
3551 2185 3840 2239 Delitianus

2296 2279 2586 2347 episcopus
2637 2276 3178 2348 Hierosolytnitanns,
3240 2277 3330 2345 qui
3393 2290 3565 2330 annos
3615 2283 3840 2344 quatuor

2295 2367 2454 2429 sedit,
2485 2367 2608 2420 dein
2648 2375 2893 2421 mortuus
2922 2376 3024 2420 est.
3058 2366 3210 2432 Quod
3241 2365 3304 2418 ad
3339 2365 3628 2428 Saburem,
3659 2363 3842 2419 Persa.

2297 2477 2412 2514 rum
2459 2476 2636 2531 regem
2673 2498 2689 2523 ,
2735 2475 2944 2514 summa
2995 2459 3082 2514 ille
3131 2473 3252 2512 cum
3304 2457 3515 2526 justitia
3575 2457 3721 2510 inter
3750 2457 3836 2510 ho-

2296 2552 2467 2605 mines
2500 2560 2745 2606 versatus
2774 2561 2858 2605 est
2887 2568 2900 2603 :
2928 2552 3202 2618 coepitque
3231 2549 3541 2617 provincias
3569 2547 3769 2610 visere,
3797 2555 3843 2601 et

2295 2645 2543 2714 regiones
2574 2642 2833 2699 colendas
2863 2657 3076 2697 curare.
3110 2644 3368 2708 Anuoque
3403 2642 3550 2710 regni
3574 2641 3658 2695 sui
3687 2641 3839 2693 unde-

2293 2737 2434 2790 cimo
2461 2745 2671 2799 exacto,
2698 2718 3023 2802 cumTOpiis
3047 2733 3162 2788 suis
3190 2734 3376 2786 urbem
3405 2731 3638 2795 Nisibin,
3667 2733 3720 2784 in
3750 2745 3844 2798 qua

2293 2829 2461 2894 copia:
2490 2842 2554 2879 ex
2595 2824 2852 2880 Antonini
2883 2824 3174 2880 Caracallar
3226 2823 3573 2891 imperatoris
3624 2820 3840 2876 Romani

2292 2916 2531 2970 exercitu
2567 2931 2674 2969 non
2712 2929 2896 2983 pauca
2927 2921 3082 2969 erant
3109 2954 3123 2976 ,
3177 2915 3451 2982 profectus
3474 2953 3490 2976 ,
3545 2927 3664 2966 eam
3708 2911 3846 2966 obsio

2296 2995 2456 3062 dione
2489 3009 2554 3062 ad
2585 3019 2798 3076 tempus
2845 3006 3015 3060 cinxit
3043 3042 3058 3067 ,
3090 3019 3282 3072 capere
3337 3018 3466 3058 vero
3501 3017 3608 3057 non
3661 3001 3844 3072 potuit.

2294 3099 2428 3153 Cum
2458 3113 2589 3167 ergo
2635 3114 2692 3154 se
2722 3112 2840 3152 eam
2881 3111 3186 3165 expugnare
3227 3110 3333 3150 non
3381 3108 3541 3163 posse
3589 3101 3843 3155 cerneret,

2294 3190 2459 3260 jussit
2486 3204 2650 3258 prope
2673 3190 2842 3255 ipsam
2878 3187 3335 3256 propugnaculum
3360 3185 3552 3247 altum,
3577 3183 3836 3252 amplum,

2301 3299 2403 3336 una
2429 3298 2550 3335 cum
2587 3291 2736 3335 turre
2770 3279 3001 3344 exstrui,
3034 3278 3085 3330 in
3109 3276 3274 3346 quod,
3312 3276 3400 3330 ubi
3437 3275 3649 3328 finitum
3690 3279 3843 3335 esset,

2301 3374 2602 3429 ascendens
2635 3375 2750 3441 ipse
2779 3386 2904 3426 cum
2935 3369 3211 3423 exercitus
3253 3368 3335 3421 sui
3373 3367 3688 3434 praecipuis,
3712 3378 3845 3434 qua:-

2300 3479 2514 3532 cunque
2546 3463 2687 3516 intra
2724 3462 2910 3514 urbem
2941 3465 3122 3514 essent
3155 3459 3278 3512 inde
3316 3458 3618 3525 prospexit,
3647 3471 3744 3515 nec
3765 3468 3843 3507 ων

2301 3555 2450 3626 gittis
2478 3569 2573 3609 eos
2613 3562 2792 3622 petere
2821 3551 3190 3612 destiterunt,
3238 3548 3371 3601 adeo
3405 3559 3464 3602 ut
3496 3563 3601 3601 non
3640 3545 3842 3599 auderet

2299 3662 2364 3699 ex
2416 3645 2550 3714 ipsis
2578 3644 2852 3714 quispiam
2907 3643 3052 3696 foras
3085 3640 3288 3709 egredi.
3324 3637 3520 3692 Urbem
3570 3637 3736 3706 igitur
3779 3633 3840 3687 illi

2302 3737 2499 3791 dedere
2547 3737 2600 3789 in
2651 3736 2832 3788 animo
2865 3735 3211 3793 habuerunt,
3260 3739 3315 3783 at
3348 3730 3522 3785 delato
3570 3729 3639 3784 ad
3685 3731 3840 3796 ipsum

2303 3829 2491 3882 nuntio
2519 3827 2727 3882 hostem
2762 3825 3047 3896 quemdam
3097 3823 3337 3877 subditos
3369 3822 3540 3890 ipsius
3592 3837 3663 3875 ex
3707 3826 3842 3888 parte

2301 3916 2600 3970 Cborasani
2633 3915 2923 3978 invasisse,
2955 3913 3042 3966 ille
3077 3911 3142 3965 ad
3171 3909 3547 3965 Nisebensium
3577 3916 3842 3976 magnates

2304 4009 2522 4078 mittens
2551 4005 2854 4074 eligendum
2883 4005 3014 4073 ipsis
3052 4004 3352 4072 proposuit,
3379 4009 3556 4054 utrum
3587 4002 3841 4067 relinque-

2303 4107 2384 4152 ret
2417 4098 2556 4166 apud
2585 4098 2732 4166 ipsos
2768 4096 2860 4164 qui
2905 4095 3026 4149 illos
3058 4094 3222 4157 bello,
3254 4108 3424 4161 usque
3471 4096 3596 4144 dum
3634 4092 3740 4161 ipse
3770 4102 3843 4140 re-

2303 4196 2600 4241 verteretur
2623 4225 2638 4250 ,
2671 4187 3027 4246 lacesserent,
3080 4198 3145 4236 an
3191 4197 3313 4235 cum
3361 4181 3477 4249 ipso
3508 4180 3669 4250 377
3701 4175 3841 4249 379

2306 4280 2483 4335 foedus
2516 4293 2751 4347 pangere
2768 4278 2970 4331 vellent
3000 4291 3066 4331 ne
3101 4274 3504 4344 propugnaculo
3534 4282 3660 4326 ante
3688 4271 3840 4340 ipsius

2307 4371 2540 4425 reditum
2575 4383 2768 4422 manus
2799 4369 3166 4422 admoverent.
3194 4366 3278 4418 illi
3311 4381 3439 4433 ergo
3471 4363 3649 4418 foedus
3679 4373 3729 4416 et
3757 4375 3834 4430 pa-

646 4463 950 4532 patriarcha
981 4462 1382 4522 Antiochenus,
1415 4462 1506 4529 qui
1557 4472 1728 4516 annos
1773 4476 1964 4515 novem
2013 4461 2191 4526 sedit,
2227 4468 2270 4523 ι)
2299 4473 2443 4518 ctum
2476 4475 2597 4514 cum
2644 4459 2759 4527 ipso
2793 4457 3032 4527 inierunt
3077 4457 3210 4510 nihil
3242 4470 3300 4509 se
3333 4457 3398 4508 de
3447 4448 3834 4523 propugnaculo

645 4555 768 4608 dein
804 4560 1050 4607 mortuus
1082 4561 1186 4606 est.
1229 4552 1387 4606 Anno
1425 4553 1666 4619 ejusdem
1707 4551 2032 4606 duodecimo
2073 4567 2200 4605 con-

646 4646 868 4698 stitutus
897 4651 979 4697 est
1015 4643 1295 4696 Philemon
1326 4641 1633 4710 patriarcha
1679 4641 2070 4704 Antiochenus,
2102 4641 2196 4710 qui

643 4752 768 4790 cum
807 4735 1066 4789 tredecim
1101 4747 1274 4788 annos
1313 4732 1547 4788 sedisset
1572 4773 1586 4795 ,
1623 4742 1872 4786 mortuus
1908 4741 2012 4787 est.
2044 4733 2200 4786 Anno

646 4828 856 4896 imperii
890 4826 1060 4895 ipsius
1090 4825 1263 4894 primo
1295 4825 1468 4880 factus
1515 4833 1598 4880 est
1642 4823 1871 4893 Capiton
1911 4827 2200 4892 episcopus

644 4918 1184 4988 llierosolymitanus,
1219 4916 1310 4969 ubi
1351 4931 1473 4968 cum
1507 4925 1743 4989 quatuor
1775 4931 1944 4970 annos
1973 4915 2202 4970 sedisset

643 5020 890 5067 mortuus
915 5017 1017 5064 est.
1047 5011 1199 5061 Anno
1221 5007 1570 5076 373-375
1593 5008 1833 5076 ejusdem
1856 5016 2004 5062 sexto
2031 5008 2203 5061 factus

643 5115 729 5157 est
760 5099 1027 5154 Maximus
1047 5099 1336 5166 episcopus
1370 5098 1921 5166 ilierosolymitanus,
1952 5097 2042 5150 ubi
2077 5112 2200 5152 cum

647 5202 882 5263 quatuor
909 5207 1082 5245 annos
1111 5190 1342 5246 sedisset
1376 5196 1622 5244 mortuus
1644 5197 1746 5243 est.
1773 5189 1928 5241 Anno
1957 5189 2200 5257 ejusdem

645 5285 856 5339 decimo
889 5283 1213 5337 constitutus
1251 5292 1334 5334 est
1366 5280 1630 5333 Antonius
1678 5280 1966 5348 episcopus
2003 5279 2195 5334 Hiero-

647 5377 1031 5447 snlymitanus,
1059 5373 1149 5442 qui
1193 5373 1434 5440 quinque
1482 5387 1654 5424 annos
1684 5371 1840 5434 sedit,
1887 5370 2010 5425 dein
2056 5385 2205 5424 mor-

649 5479 774 5521 tuus
824 5477 931 5519 est.
973 5463 1236 5517 Azdashir
1292 5477 1418 5515 vero
1462 5461 1654 5516 Babeci
1702 5461 1869 5526 filius,
1920 5460 2201 5514 Persarum

649 5573 763 5622 rex,
798 5565 996 5624 quanta
1032 5554 1144 5608 fieri
1179 5552 1354 5623 potuit
1390 5568 1513 5606 cum
1536 5551 1748 5620 justitia
1783 5552 1922 5605 inter
1955 5552 2202 5605 homines

651 5655 897 5701 versatus
924 5655 1042 5710 est;
1073 5662 1166 5700 sex
1213 5647 1374 5699 etiam
1425 5644 1587 5697 urbes
1633 5641 1915 5707 condidit,
1958 5643 2204 5698 videlicet

658 5736 836 5792 ‘nbcm
872 5737 1023 5800 Jaur,
1050 5737 1244 5791 ttrbetn-
1263 5733 1526 5788 Azdasbir
1567 5731 1839 5800 Acborln,
1882 5748 2001 5802 quae
2048 5741 2206 5788 utra?-

2303 4561 2629 4607 mutaturos.
2658 4549 2793 4605 Cum
2841 4556 3019 4603 autem
3055 4549 3122 4601 ab
3171 4547 3303 4614 ipsis
3350 4548 3687 4608 recessisset,
3719 4539 3835 4595 Nisi-

2305 4648 2499 4700 benscs
2533 4643 2702 4697 muris
2750 4643 2902 4695 urbis
2954 4655 3168 4692 manum
3209 4638 3596 4698 admoventes,
3652 4634 3775 4703 ipsis
3811 4645 3836 4682 a

2301 4745 2450 4806 parte
2476 4738 2585 4790 arci
2617 4737 2861 4803 proxima
2892 4731 3107 4790 dirutis,
3133 4730 3277 4782 illam
3313 4727 3447 4781 urbe
3479 4741 3592 4781 suae
3618 4724 3830 4779 additam

2303 4841 2457 4878 tnuro
2493 4824 2619 4878 forti
2653 4824 2962 4877 cinxerunt.
3008 4816 3223 4872 Mortuo
3274 4830 3396 4869 vero
3433 4812 3707 4867 Antonino
3738 4809 3834 4863 Ca-

2313 4929 2433 4969 sare
2464 4912 2828 4966 Romanorum
2866 4909 3208 4976 imperatore,
3253 4911 3378 4974 post
3425 4903 3601 4973 ipsum
3654 4902 3706 4954 itt
3737 4898 3831 4950 illos

2304 5005 2546 5072 regnavit
2585 5002 2888 5054 Marcianus
2917 4998 3098 5052 Caesar
3138 5009 3339 5048 annum
3372 5003 3424 5046 et
3453 4996 3592 5044 duos
3624 5001 3831 5042 menses.

2305 5095 2433 5148 Dein
2471 5094 2560 5147 illo
2594 5091 2876 5146 interfecto
2904 5087 3187 5156 imperavit
3233 5083 3501 5137 Antonius
3522 5080 3702 5134 Caesar
3722 5079 3833 5132 alter

2302 5199 2474 5238 annos
2506 5193 2612 5236 tres
2641 5193 2695 5235 et
2722 5195 2935 5234 menses
2966 5192 3176 5236 novem,
3204 5175 3360 5242 idque
3399 5186 3544 5226 anno
3578 5172 3725 5236 regni
3752 5166 3831 5220 Sa-

2303 5280 2453 5348 poris
2485 5279 2624 5345 regis
2665 5275 2951 5328 Persarum
2989 5273 3422 5339 decimoquarto.
3468 5266 3615 5320 Misit
3645 5265 3729 5318 hic
3753 5259 3830 5313 Nic

2305 5371 2462 5425 sibim
2513 5368 2812 5422 exercitum
2876 5377 3128 5433 magnum
3162 5361 3253 5430 qtti
3288 5360 3458 5428 ipsam
3499 5353 3829 5425 propugnaret

2307 5471 2360 5516 et
2389 5460 2720 5516 defenderet.

2376 5553 2544 5607 Porro
2575 5565 2717 5603 anno
2741 5547 2947 5616 imperii
2980 5543 3236 5598 Antonini
3268 5541 3494 5597 Caesaris
3524 5540 3698 5609 primo
3723 5549 3823 5590 con-

2309 5641 2531 5696 stitutus
2607 5645 2690 5692 est
2746 5635 2991 5691 Bitianus
3058 5632 3364 5702 patriarcha
3421 5629 3714 5695 Romanus,
3757 5617 3824 5690 qu

2313 5749 2484 5790 annos
2515 5733 2750 5804 quinque
2782 5727 2945 5794 sedit,
2975 5725 3096 5782 dein
3134 5733 3380 5780 mortuus
3412 5731 3514 5778 est.
3544 5722 3697 5775 Anno
3721 5714 3823 5784 ciui-
