  <div class='ocr_page' id='page_1' title='image "/cluster/home/n/w/nwhite01/storage/ocr_20150623/111/hvd.32044010574143/504.png"; bbox 0 0 4038 6472; ppageno 0'>
   <div class='ocr_carea' id='block_1_1' title="bbox 170 374 268 436">
    <p class='ocr_par' dir='ltr' id='par_1_1' title="bbox 170 374 268 436">
     <span class='ocr_line' id='line_1_1' title="bbox 170 374 268 436; baseline -0.041 0"><span class='ocrx_word' id='word_1_1' title='bbox 170 374 268 436; x_wconf 72' lang='lat'><strong>993</strong></span> 
     </span>
    </p>
   </div>
   <div class='ocr_carea' id='block_1_2' title="bbox 1582 364 1950 426">
    <p class='ocr_par' dir='ltr' id='par_1_2' title="bbox 1582 364 1950 426">
     <span class='ocr_line' id='line_1_2' title="bbox 1582 364 1950 426; baseline 0.011 -4"><span class='ocrx_word' id='word_1_2' title='bbox 1582 364 1950 426; x_wconf 74' lang='lat' dir='ltr'><strong>ANNALES.</strong></span> 
     </span>
    </p>
   </div>
   <div class='ocr_carea' id='block_1_3' title="bbox 3265 371 3369 432">
    <p class='ocr_par' dir='ltr' id='par_1_3' title="bbox 3265 371 3369 432">
     <span class='ocr_line' id='line_1_3' title="bbox 3265 371 3369 432; baseline 0 -1"><span class='ocrx_word' id='word_1_3' title='bbox 3265 371 3369 432; x_wconf 70' lang='lat' dir='ltr'><strong>9M</strong></span> 
     </span>
    </p>
   </div>
   <div class='ocr_carea' id='block_1_4' title="bbox 173 475 3368 549">
    <p class='ocr_par' dir='ltr' id='par_1_4' title="bbox 173 475 3368 549">
     <span class='ocr_line' id='line_1_4' title="bbox 173 475 3368 549; baseline 0 -18"><span class='ocrx_word' id='word_1_4' title='bbox 173 480 290 531; x_wconf 87' lang='lat' dir='ltr'><strong>dem</strong></span> <span class='ocrx_word' id='word_1_5' title='bbox 328 484 561 542; x_wconf 63' lang='lat' dir='ltr'><strong>secundo</strong></span> <span class='ocrx_word' id='word_1_6' title='bbox 611 482 936 534; x_wconf 82' lang='lat' dir='ltr'><strong>constitutus</strong></span> <span class='ocrx_word' id='word_1_7' title='bbox 978 488 1061 531; x_wconf 89' lang='lat' dir='ltr'><strong>est</strong></span> <span class='ocrx_word' id='word_1_8' title='bbox 1110 477 1362 532; x_wconf 79' lang='lat' dir='ltr'><strong>Rabunas</strong></span> <span class='ocrx_word' id='word_1_9' title='bbox 1408 475 1708 546; x_wconf 73' lang='lat' dir='ltr'><strong>patriarcha</strong></span> <span class='ocrx_word' id='word_1_10' title='bbox 1742 484 1785 537; x_wconf 77' lang='grc' dir='ltr'>Α</span> <span class='ocrx_word' id='word_1_11' title='bbox 1812 476 2140 531; x_wconf 88' lang='lat' dir='ltr'><strong>constitutus</strong></span> <span class='ocrx_word' id='word_1_12' title='bbox 2169 486 2254 530; x_wconf 88' lang='lat' dir='ltr'><strong>est</strong></span> <span class='ocrx_word' id='word_1_13' title='bbox 2287 477 2577 532; x_wconf 78' lang='lat' dir='ltr'><strong>Narcissus</strong></span> <span class='ocrx_word' id='word_1_14' title='bbox 2604 478 2888 546; x_wconf 87' lang='lat' dir='ltr'><strong>episcopus</strong></span> <span class='ocrx_word' id='word_1_15' title='bbox 2917 478 3368 549; x_wconf 80' lang='lat' dir='ltr'><strong>llierosolytuita-</strong></span> 
     </span>
    </p>
   </div>
   <div class='ocr_carea' id='block_1_5' title="bbox 171 570 1706 642">
    <p class='ocr_par' dir='ltr' id='par_1_5' title="bbox 171 570 1706 642">
     <span class='ocr_line' id='line_1_5' title="bbox 171 570 1706 642; baseline 0 -20"><span class='ocrx_word' id='word_1_16' title='bbox 171 570 556 634; x_wconf 85' lang='lat' dir='ltr'><strong>Antiochenus,</strong></span> <span class='ocrx_word' id='word_1_17' title='bbox 595 573 686 642; x_wconf 89' lang='lat' dir='ltr'><strong>qui</strong></span> <span class='ocrx_word' id='word_1_18' title='bbox 724 582 1004 642; x_wconf 74' lang='lat' dir='ltr'><strong>postquam</strong></span> <span class='ocrx_word' id='word_1_19' title='bbox 1035 587 1205 624; x_wconf 86' lang='lat' dir='ltr'><strong>annos</strong></span> <span class='ocrx_word' id='word_1_20' title='bbox 1237 585 1426 624; x_wconf 90' lang='lat' dir='ltr'><strong>novem</strong></span> <span class='ocrx_word' id='word_1_21' title='bbox 1455 571 1706 633; x_wconf 88' lang='lat' dir='ltr'><strong>sedisset,</strong></span> 
     </span>
    </p>
   </div>
   <div class='ocr_carea' id='block_1_6' title="bbox 172 659 1710 731">
    <p class='ocr_par' dir='ltr' id='par_1_6' title="bbox 172 659 1710 731">
     <span class='ocr_line' id='line_1_6' title="bbox 172 659 1710 731; baseline 0.001 -19"><span class='ocrx_word' id='word_1_22' title='bbox 172 671 412 716; x_wconf 90' lang='lat' dir='ltr'><strong>mortuus</strong></span> <span class='ocrx_word' id='word_1_23' title='bbox 448 674 549 718; x_wconf 91' lang='lat' dir='ltr'><strong>est.</strong></span> <span class='ocrx_word' id='word_1_24' title='bbox 578 666 808 731; x_wconf 76' lang='lat' dir='ltr'><strong>Sztpores</strong></span> <span class='ocrx_word' id='word_1_25' title='bbox 835 677 957 715; x_wconf 89' lang='lat' dir='ltr'><strong>vero</strong></span> <span class='ocrx_word' id='word_1_26' title='bbox 987 662 1271 715; x_wconf 81' lang='lat' dir='ltr'><strong>Azdashiri</strong></span> <span class='ocrx_word' id='word_1_27' title='bbox 1318 660 1478 724; x_wconf 82' lang='lat' dir='ltr'><strong>ﬁlius,</strong></span> <span class='ocrx_word' id='word_1_28' title='bbox 1518 659 1710 713; x_wconf 85' lang='lat' dir='ltr'><strong>Persa-</strong></span> 
     </span>
    </p>
   </div>
   <div class='ocr_carea' id='block_1_7' title="bbox 172 750 1713 819">
    <p class='ocr_par' dir='ltr' id='par_1_7' title="bbox 172 750 1713 819">
     <span class='ocr_line' id='line_1_7' title="bbox 172 750 1713 819; baseline 0.001 -17"><span class='ocrx_word' id='word_1_29' title='bbox 172 765 285 802; x_wconf 85' lang='lat' dir='ltr'><strong>rum</strong></span> <span class='ocrx_word' id='word_1_30' title='bbox 317 767 405 805; x_wconf 89' lang='lat' dir='ltr'><strong>rex</strong></span> <span class='ocrx_word' id='word_1_31' title='bbox 457 752 662 805; x_wconf 64' lang='lat' dir='ltr'><strong>Nisibin</strong></span> <span class='ocrx_word' id='word_1_32' title='bbox 706 766 951 804; x_wconf 83' lang='lat' dir='ltr'><strong>reversus</strong></span> <span class='ocrx_word' id='word_1_33' title='bbox 1008 766 1130 803; x_wconf 87' lang='lat' dir='ltr'><strong>eum</strong></span> <span class='ocrx_word' id='word_1_34' title='bbox 1165 750 1384 804; x_wconf 91' lang='lat' dir='ltr'><strong>vidisset</strong></span> <span class='ocrx_word' id='word_1_35' title='bbox 1423 750 1552 819; x_wconf 92' lang='lat' dir='ltr'><strong>quid</strong></span> <span class='ocrx_word' id='word_1_36' title='bbox 1586 765 1713 819; x_wconf 82' lang='lat' dir='ltr'><strong>pro-</strong></span> 
     </span>
    </p>
   </div>
   <div class='ocr_carea' id='block_1_8' title="bbox 170 838 1710 909">
    <p class='ocr_par' dir='ltr' id='par_1_8' title="bbox 170 838 1710 909">
     <span class='ocr_line' id='line_1_8' title="bbox 170 838 1710 909; baseline 0.001 -18"><span class='ocrx_word' id='word_1_37' title='bbox 170 844 461 909; x_wconf 88' lang='lat' dir='ltr'><strong>pugnaculo</strong></span> <span class='ocrx_word' id='word_1_38' title='bbox 494 840 764 905; x_wconf 76' lang='lat' dir='ltr'><strong>fecissent,</strong></span> <span class='ocrx_word' id='word_1_39' title='bbox 791 841 990 893; x_wconf 82' lang='lat' dir='ltr'><strong>fraudis</strong></span> <span class='ocrx_word' id='word_1_40' title='bbox 1024 840 1143 894; x_wconf 90' lang='lat' dir='ltr'><strong>illos</strong></span> <span class='ocrx_word' id='word_1_41' title='bbox 1174 840 1450 906; x_wconf 85' lang='lat' dir='ltr'><strong>incusans,</strong></span> <span class='ocrx_word' id='word_1_42' title='bbox 1478 838 1710 894; x_wconf 81' lang='lat' dir='ltr'><strong>Fraudu-</strong></span> 
     </span>
    </p>
   </div>
   <div class='ocr_carea' id='block_1_9' title="bbox 169 915 1710 1004">
    <p class='ocr_par' dir='ltr' id='par_1_9' title="bbox 169 915 1710 1004">
     <span class='ocr_line' id='line_1_9' title="bbox 169 915 1710 1004; baseline 0.004 -24"><span class='ocrx_word' id='word_1_43' title='bbox 169 930 340 984; x_wconf 89' lang='lat' dir='ltr'><strong>lenter</strong></span> <span class='ocrx_word' id='word_1_44' title='bbox 369 932 588 1001; x_wconf 87' lang='lat' dir='ltr'><strong>(inquit)</strong></span> <span class='ocrx_word' id='word_1_45' title='bbox 629 943 679 984; x_wconf 92' lang='lat' dir='ltr'><strong>et</strong></span> <span class='ocrx_word' id='word_1_46' title='bbox 729 933 911 986; x_wconf 88' lang='lat' dir='ltr'><strong>dolose</strong></span> <span class='ocrx_word' id='word_1_47' title='bbox 944 933 1128 1002; x_wconf 87' lang='lat' dir='ltr'><strong>egistis</strong></span> <span class='ocrx_word' id='word_1_48' title='bbox 1157 949 1170 995; x_wconf 90' lang='lat'><strong>;</strong></span> <span class='ocrx_word' id='word_1_49' title='bbox 1209 915 1456 1001; x_wconf 86' lang='lat' dir='ltr'><strong>ipsosque</strong></span> <span class='ocrx_word' id='word_1_50' title='bbox 1485 931 1710 1004; x_wconf 76' lang='lat' dir='ltr'><strong>[denuo]</strong></span> 
     </span>
    </p>
   </div>
   <div class='ocr_carea' id='block_1_10' title="bbox 165 1022 1710 1093">
    <p class='ocr_par' dir='ltr' id='par_1_10' title="bbox 165 1022 1710 1093">
     <span class='ocr_line' id='line_1_10' title="bbox 165 1022 1710 1093; baseline 0.002 -19"><span class='ocrx_word' id='word_1_51' title='bbox 165 1022 395 1076; x_wconf 90' lang='lat' dir='ltr'><strong>obsedit.</strong></span> <span class='ocrx_word' id='word_1_52' title='bbox 429 1023 564 1075; x_wconf 85' lang='lat' dir='ltr'><strong>Cum</strong></span> <span class='ocrx_word' id='word_1_53' title='bbox 594 1031 771 1077; x_wconf 87' lang='lat' dir='ltr'><strong>autem</strong></span> <span class='ocrx_word' id='word_1_54' title='bbox 809 1033 929 1092; x_wconf 86' lang='lat' dir='ltr'><strong>post</strong></span> <span class='ocrx_word' id='word_1_55' title='bbox 960 1024 1181 1076; x_wconf 87' lang='lat' dir='ltr'><strong>multum</strong></span> <span class='ocrx_word' id='word_1_56' title='bbox 1223 1025 1476 1093; x_wconf 85' lang='lat' dir='ltr'><strong>temporis</strong></span> <span class='ocrx_word' id='word_1_57' title='bbox 1513 1025 1583 1077; x_wconf 87' lang='lat' dir='ltr'><strong>ibi</strong></span> <span class='ocrx_word' id='word_1_58' title='bbox 1631 1026 1710 1078; x_wconf 85' lang='lat' dir='ltr'><strong>iu-</strong></span> 
     </span>
    </p>
   </div>
   <div class='ocr_carea' id='block_1_11' title="bbox 167 1113 1710 1184">
    <p class='ocr_par' dir='ltr' id='par_1_11' title="bbox 167 1113 1710 1184">
     <span class='ocr_line' id='line_1_11' title="bbox 167 1113 1710 1184; baseline 0.003 -19"><span class='ocrx_word' id='word_1_59' title='bbox 167 1122 440 1180; x_wconf 88' lang='lat' dir='ltr'><strong>sumptum</strong></span> <span class='ocrx_word' id='word_1_60' title='bbox 473 1113 658 1166; x_wconf 85' lang='lat' dir='ltr'><strong>urbem</strong></span> <span class='ocrx_word' id='word_1_61' title='bbox 692 1129 994 1184; x_wconf 87' lang='lat' dir='ltr'><strong>expugnare</strong></span> <span class='ocrx_word' id='word_1_62' title='bbox 1027 1116 1390 1184; x_wconf 85' lang='lat' dir='ltr'><strong>nequivisset,</strong></span> <span class='ocrx_word' id='word_1_63' title='bbox 1420 1130 1561 1183; x_wconf 70' lang='lat' dir='ltr'><strong>aegre</strong></span> <span class='ocrx_word' id='word_1_64' title='bbox 1607 1116 1710 1169; x_wconf 92' lang='lat' dir='ltr'><strong>hoc</strong></span> 
     </span>
    </p>
   </div>
   <div class='ocr_carea' id='block_1_12' title="bbox 166 1200 1712 1273">
    <p class='ocr_par' dir='ltr' id='par_1_12' title="bbox 166 1200 1712 1273">
     <span class='ocr_line' id='line_1_12' title="bbox 166 1200 1712 1273; baseline 0.001 -20"><span class='ocrx_word' id='word_1_65' title='bbox 166 1200 342 1269; x_wconf 85' lang='lat' dir='ltr'><strong>ipsum</strong></span> <span class='ocrx_word' id='word_1_66' title='bbox 373 1201 581 1255; x_wconf 81' lang='lat' dir='ltr'><strong>habuit.</strong></span> <span class='ocrx_word' id='word_1_67' title='bbox 617 1202 756 1257; x_wconf 81' lang='lat' dir='ltr'><strong>Dixit</strong></span> <span class='ocrx_word' id='word_1_68' title='bbox 790 1218 918 1273; x_wconf 89' lang='lat' dir='ltr'><strong>ergo</strong></span> <span class='ocrx_word' id='word_1_69' title='bbox 945 1206 1234 1259; x_wconf 88' lang='lat' dir='ltr'><strong>comitibus</strong></span> <span class='ocrx_word' id='word_1_70' title='bbox 1261 1205 1410 1260; x_wconf 86' lang='lat' dir='ltr'><strong>suis:</strong></span> <span class='ocrx_word' id='word_1_71' title='bbox 1441 1205 1576 1256; x_wconf 87' lang='lat' dir='ltr'><strong>Num</strong></span> <span class='ocrx_word' id='word_1_72' title='bbox 1627 1218 1712 1255; x_wconf 87' lang='lat' dir='ltr'><strong>re-</strong></span> 
     </span>
    </p>
   </div>
   <div class='ocr_carea' id='block_1_13' title="bbox 165 1291 1712 1364">
    <p class='ocr_par' dir='ltr' id='par_1_13' title="bbox 165 1291 1712 1364">
     <span class='ocr_line' id='line_1_13' title="bbox 165 1291 1712 1364; baseline 0.003 -20"><span class='ocrx_word' id='word_1_73' title='bbox 165 1291 341 1358; x_wconf 90' lang='lat' dir='ltr'><strong>perire</strong></span> <span class='ocrx_word' id='word_1_74' title='bbox 371 1295 592 1359; x_wconf 86' lang='lat' dir='ltr'><strong>potestis</strong></span> <span class='ocrx_word' id='word_1_75' title='bbox 621 1294 672 1346; x_wconf 92' lang='lat' dir='ltr'><strong>in</strong></span> <span class='ocrx_word' id='word_1_76' title='bbox 711 1295 948 1349; x_wconf 87' lang='lat' dir='ltr'><strong>exercitu</strong></span> <span class='ocrx_word' id='word_1_77' title='bbox 982 1303 1167 1348; x_wconf 85' lang='lat' dir='ltr'><strong>nostro</strong></span> <span class='ocrx_word' id='word_1_78' title='bbox 1192 1295 1517 1364; x_wconf 84' lang='lat' dir='ltr'><strong>quempiam,</strong></span> <span class='ocrx_word' id='word_1_79' title='bbox 1549 1292 1712 1361; x_wconf 81' lang='lat'><strong>380</strong></span> 
     </span>
    </p>
   </div>
   <div class='ocr_carea' id='block_1_14' title="bbox 162 1381 1714 1453">
    <p class='ocr_par' dir='ltr' id='par_1_14' title="bbox 162 1381 1714 1453">
     <span class='ocr_line' id='line_1_14' title="bbox 162 1381 1714 1453; baseline 0.002 -20"><span class='ocrx_word' id='word_1_80' title='bbox 162 1381 251 1449; x_wconf 87' lang='lat' dir='ltr'><strong>qui</strong></span> <span class='ocrx_word' id='word_1_81' title='bbox 294 1397 401 1436; x_wconf 91' lang='lat' dir='ltr'><strong>non</strong></span> <span class='ocrx_word' id='word_1_82' title='bbox 441 1382 531 1436; x_wconf 92' lang='lat' dir='ltr'><strong>illo</strong></span> <span class='ocrx_word' id='word_1_83' title='bbox 562 1385 703 1451; x_wconf 87' lang='lat' dir='ltr'><strong>quod</strong></span> <span class='ocrx_word' id='word_1_84' title='bbox 759 1401 855 1439; x_wconf 92' lang='lat' dir='ltr'><strong>nos</strong></span> <span class='ocrx_word' id='word_1_85' title='bbox 901 1387 1133 1452; x_wconf 87' lang='lat' dir='ltr'><strong>patimur</strong></span> <span class='ocrx_word' id='word_1_86' title='bbox 1169 1383 1433 1453; x_wconf 73' lang='lat' dir='ltr'><strong>angatur?</strong></span> <span class='ocrx_word' id='word_1_87' title='bbox 1481 1383 1714 1452; x_wconf 90' lang='lat' dir='ltr'><strong>Inquisi-</strong></span> 
     </span>
    </p>
   </div>
   <div class='ocr_carea' id='block_1_15' title="bbox 162 1468 1710 1542">
    <p class='ocr_par' dir='ltr' id='par_1_15' title="bbox 162 1468 1710 1542">
     <span class='ocr_line' id='line_1_15' title="bbox 162 1468 1710 1542; baseline 0 -18"><span class='ocrx_word' id='word_1_88' title='bbox 162 1468 460 1542; x_wconf 27' lang='lat' dir='ltr'><strong>tionelergo</strong></span> <span class='ocrx_word' id='word_1_89' title='bbox 495 1479 635 1526; x_wconf 79' lang='lat' dir='ltr'><strong>facta</strong></span> <span class='ocrx_word' id='word_1_90' title='bbox 659 1475 794 1528; x_wconf 88' lang='lat' dir='ltr'><strong>duos</strong></span> <span class='ocrx_word' id='word_1_91' title='bbox 825 1477 1144 1528; x_wconf 89' lang='lat' dir='ltr'><strong>invenerunt</strong></span> <span class='ocrx_word' id='word_1_92' title='bbox 1174 1474 1316 1527; x_wconf 89' lang='lat' dir='ltr'><strong>viros</strong></span> <span class='ocrx_word' id='word_1_93' title='bbox 1349 1475 1470 1528; x_wconf 90' lang='lat' dir='ltr'><strong>vino</strong></span> <span class='ocrx_word' id='word_1_94' title='bbox 1500 1482 1552 1526; x_wconf 90' lang='lat' dir='ltr'><strong>et</strong></span> <span class='ocrx_word' id='word_1_95' title='bbox 1580 1488 1710 1526; x_wconf 85' lang='lat' dir='ltr'><strong>can-</strong></span> 
     </span>
    </p>
   </div>
   <div class='ocr_carea' id='block_1_16' title="bbox 162 1561 1712 1634">
    <p class='ocr_par' dir='ltr' id='par_1_16' title="bbox 162 1561 1712 1634">
     <span class='ocr_line' id='line_1_16' title="bbox 162 1561 1712 1634; baseline 0.001 -19"><span class='ocrx_word' id='word_1_96' title='bbox 162 1561 236 1615; x_wconf 82' lang='lat' dir='ltr'><strong>tui</strong></span> <span class='ocrx_word' id='word_1_97' title='bbox 273 1562 645 1631; x_wconf 79' lang='lat' dir='ltr'><strong>indulgentes;</strong></span> <span class='ocrx_word' id='word_1_98' title='bbox 681 1566 879 1634; x_wconf 90' lang='lat' dir='ltr'><strong>quibus</strong></span> <span class='ocrx_word' id='word_1_99' title='bbox 917 1564 1004 1619; x_wconf 91' lang='lat' dir='ltr'><strong>ille</strong></span> <span class='ocrx_word' id='word_1_100' title='bbox 1049 1580 1061 1614; x_wconf 92' lang='lat'><strong>:</strong></span> <span class='ocrx_word' id='word_1_101' title='bbox 1093 1565 1347 1634; x_wconf 82' lang='lat' dir='ltr'><strong>Apparet,</strong></span> <span class='ocrx_word' id='word_1_102' title='bbox 1380 1563 1576 1633; x_wconf 88' lang='lat' dir='ltr'><strong>inquit,</strong></span> <span class='ocrx_word' id='word_1_103' title='bbox 1618 1579 1712 1633; x_wconf 82' lang='lat' dir='ltr'><strong>pa-</strong></span> 
     </span>
    </p>
   </div>
   <div class='ocr_carea' id='block_1_17' title="bbox 160 1646 1710 1721">
    <p class='ocr_par' dir='ltr' id='par_1_17' title="bbox 160 1646 1710 1721">
     <span class='ocr_line' id='line_1_17' title="bbox 160 1646 1710 1721; baseline 0.002 -17"><span class='ocrx_word' id='word_1_104' title='bbox 160 1665 276 1706; x_wconf 81' lang='lat' dir='ltr'><strong>rum</strong></span> <span class='ocrx_word' id='word_1_105' title='bbox 313 1656 463 1711; x_wconf 89' lang='lat' dir='ltr'><strong>vobis</strong></span> <span class='ocrx_word' id='word_1_106' title='bbox 490 1658 640 1711; x_wconf 90' lang='lat' dir='ltr'><strong>cordi</strong></span> <span class='ocrx_word' id='word_1_107' title='bbox 677 1671 796 1711; x_wconf 90' lang='lat' dir='ltr'><strong>esse</strong></span> <span class='ocrx_word' id='word_1_108' title='bbox 833 1673 919 1710; x_wconf 90' lang='lat' dir='ltr'><strong>res</strong></span> <span class='ocrx_word' id='word_1_109' title='bbox 955 1646 1189 1720; x_wconf 79' lang='lat' dir='ltr'><strong>nostras,</strong></span> <span class='ocrx_word' id='word_1_110' title='bbox 1225 1671 1346 1711; x_wconf 89' lang='lat' dir='ltr'><strong>cum</strong></span> <span class='ocrx_word' id='word_1_111' title='bbox 1380 1658 1468 1711; x_wconf 81' lang='lat' dir='ltr'><strong>ita.</strong></span> <span class='ocrx_word' id='word_1_112' title='bbox 1489 1669 1583 1709; x_wconf 92' lang='lat' dir='ltr'><strong>vos</strong></span> <span class='ocrx_word' id='word_1_113' title='bbox 1625 1671 1710 1721; x_wconf 90' lang='lat' dir='ltr'><strong>ge-</strong></span> 
     </span>
    </p>
   </div>
   <div class='ocr_carea' id='block_1_18' title="bbox 159 1739 1708 1815">
    <p class='ocr_par' dir='ltr' id='par_1_18' title="bbox 159 1739 1708 1815">
     <span class='ocr_line' id='line_1_18' title="bbox 159 1739 1708 1815; baseline 0.003 -20"><span class='ocrx_word' id='word_1_114' title='bbox 159 1744 293 1797; x_wconf 85' lang='lat' dir='ltr'><strong>ratis</strong></span> <span class='ocrx_word' id='word_1_115' title='bbox 328 1759 390 1799; x_wconf 85' lang='lat' dir='ltr'><strong>ac</strong></span> <span class='ocrx_word' id='word_1_116' title='bbox 439 1749 482 1800; x_wconf 88' lang='lat' dir='ltr'><strong>si</strong></span> <span class='ocrx_word' id='word_1_117' title='bbox 532 1747 664 1799; x_wconf 84' lang='lat' dir='ltr'><strong>nihil</strong></span> <span class='ocrx_word' id='word_1_118' title='bbox 715 1749 779 1810; x_wconf 81' lang='lat' dir='ltr'><strong>ad</strong></span> <span class='ocrx_word' id='word_1_119' title='bbox 817 1739 911 1801; x_wconf 74' lang='lat' dir='ltr'><strong>vos</strong></span> <span class='ocrx_word' id='word_1_120' title='bbox 962 1756 1265 1815; x_wconf 89' lang='lat' dir='ltr'><strong>spectarent</strong></span> <span class='ocrx_word' id='word_1_121' title='bbox 1316 1761 1436 1815; x_wconf 64' lang='lat' dir='ltr'><strong>qua:</strong></span> <span class='ocrx_word' id='word_1_122' title='bbox 1478 1745 1708 1813; x_wconf 80' lang='lat' dir='ltr'><strong>agimus.</strong></span> 
     </span>
    </p>
   </div>
   <div class='ocr_carea' id='block_1_19' title="bbox 1820 569 3366 639">
    <p class='ocr_par' dir='ltr' id='par_1_19' title="bbox 1820 569 3366 639">
     <span class='ocr_line' id='line_1_19' title="bbox 1820 569 3366 639; baseline 0.001 -17"><span class='ocrx_word' id='word_1_123' title='bbox 1820 585 1954 634; x_wconf 89' lang='lat' dir='ltr'><strong>nus,</strong></span> <span class='ocrx_word' id='word_1_124' title='bbox 1985 569 2075 637; x_wconf 90' lang='lat' dir='ltr'><strong>qui</strong></span> <span class='ocrx_word' id='word_1_125' title='bbox 2103 581 2381 638; x_wconf 79' lang='lat' dir='ltr'><strong>postquam</strong></span> <span class='ocrx_word' id='word_1_126' title='bbox 2420 585 2592 623; x_wconf 87' lang='lat' dir='ltr'><strong>annos</strong></span> <span class='ocrx_word' id='word_1_127' title='bbox 2617 570 2898 622; x_wconf 83' lang='lat' dir='ltr'><strong>duodecim</strong></span> <span class='ocrx_word' id='word_1_128' title='bbox 2935 572 3180 634; x_wconf 81' lang='lat' dir='ltr'><strong>sedisset,</strong></span> <span class='ocrx_word' id='word_1_129' title='bbox 3209 570 3366 639; x_wconf 76' lang='lat' dir='ltr'><strong>fugit.</strong></span> 
     </span>
    </p>
   </div>
   <div class='ocr_carea' id='block_1_20' title="bbox 1820 660 3365 731">
    <p class='ocr_par' dir='ltr' id='par_1_20' title="bbox 1820 660 3365 731">
     <span class='ocr_line' id='line_1_20' title="bbox 1820 660 3365 731; baseline 0.002 -19"><span class='ocrx_word' id='word_1_130' title='bbox 1820 660 2028 714; x_wconf 82' lang='lat' dir='ltr'><strong>Mortuo</strong></span> <span class='ocrx_word' id='word_1_131' title='bbox 2066 661 2370 716; x_wconf 83' lang='lat' dir='ltr'><strong>Alexandro</strong></span> <span class='ocrx_word' id='word_1_132' title='bbox 2400 662 2634 725; x_wconf 60' lang='lat' dir='ltr'><strong>Caesare,</strong></span> <span class='ocrx_word' id='word_1_133' title='bbox 2673 663 2876 726; x_wconf 69' lang='lat' dir='ltr'><strong>Romae,</strong></span> <span class='ocrx_word' id='word_1_134' title='bbox 2907 665 3162 718; x_wconf 77' lang='lat' dir='ltr'><strong>Romanis</strong></span> <span class='ocrx_word' id='word_1_135' title='bbox 3195 664 3365 731; x_wconf 81' lang='lat' dir='ltr'><strong>impe-</strong></span> 
     </span>
    </p>
   </div>
   <div class='ocr_carea' id='block_1_21' title="bbox 1818 749 3366 820">
    <p class='ocr_par' dir='ltr' id='par_1_21' title="bbox 1818 749 3366 820">
     <span class='ocr_line' id='line_1_21' title="bbox 1818 749 3366 820; baseline 0.001 -18"><span class='ocrx_word' id='word_1_136' title='bbox 1818 751 1958 802; x_wconf 88' lang='lat' dir='ltr'><strong>ravit</strong></span> <span class='ocrx_word' id='word_1_137' title='bbox 2007 749 2331 804; x_wconf 77' lang='lat' dir='ltr'><strong>Maximinus</strong></span> <span class='ocrx_word' id='word_1_138' title='bbox 2380 751 2561 805; x_wconf 71' lang='lat' dir='ltr'><strong>Ctesar</strong></span> <span class='ocrx_word' id='word_1_139' title='bbox 2591 751 2756 820; x_wconf 62' lang='lat'><strong>385,</strong></span> <span class='ocrx_word' id='word_1_140' title='bbox 2805 759 2915 804; x_wconf 89' lang='lat' dir='ltr'><strong>tres</strong></span> <span class='ocrx_word' id='word_1_141' title='bbox 2947 766 3117 805; x_wconf 83' lang='lat' dir='ltr'><strong>annos</strong></span> <span class='ocrx_word' id='word_1_142' title='bbox 3147 767 3163 804; x_wconf 71' lang='grc' dir='ltr'>ε</span> <span class='ocrx_word' id='word_1_143' title='bbox 3193 752 3366 819; x_wconf 83' lang='lat' dir='ltr'><strong>&#39;idque</strong></span> 
     </span>
    </p>
   </div>
   <div class='ocr_carea' id='block_1_22' title="bbox 1817 839 3372 908">
    <p class='ocr_par' dir='ltr' id='par_1_22' title="bbox 1817 839 3372 908">
     <span class='ocr_line' id='line_1_22' title="bbox 1817 839 3372 908; baseline 0 -16"><span class='ocrx_word' id='word_1_144' title='bbox 1817 854 1958 892; x_wconf 89' lang='lat' dir='ltr'><strong>anno</strong></span> <span class='ocrx_word' id='word_1_145' title='bbox 2005 841 2154 908; x_wconf 86' lang='lat' dir='ltr'><strong>regni</strong></span> <span class='ocrx_word' id='word_1_146' title='bbox 2190 840 2410 907; x_wconf 75' lang='lat' dir='ltr'><strong>Saporis</strong></span> <span class='ocrx_word' id='word_1_147' title='bbox 2455 841 2737 893; x_wconf 85' lang='lat' dir='ltr'><strong>Azdashiri</strong></span> <span class='ocrx_word' id='word_1_148' title='bbox 2775 840 2866 892; x_wconf 79' lang='lat' dir='ltr'><strong>ﬁlii</strong></span> <span class='ocrx_word' id='word_1_149' title='bbox 2911 839 3197 892; x_wconf 84' lang='lat' dir='ltr'><strong>Persarum</strong></span> <span class='ocrx_word' id='word_1_150' title='bbox 3228 839 3372 906; x_wconf 79' lang='lat' dir='ltr'><strong>regis</strong></span> 
     </span>
    </p>
   </div>
   <div class='ocr_carea' id='block_1_23' title="bbox 1818 929 3371 998">
    <p class='ocr_par' dir='ltr' id='par_1_23' title="bbox 1818 929 3371 998">
     <span class='ocr_line' id='line_1_23' title="bbox 1818 929 3371 998; baseline 0.001 -17"><span class='ocrx_word' id='word_1_151' title='bbox 1818 932 2118 985; x_wconf 86' lang='lat' dir='ltr'><strong>tricesimo.</strong></span> <span class='ocrx_word' id='word_1_152' title='bbox 2179 929 2502 984; x_wconf 78' lang='lat' dir='ltr'><strong>Maximinus</strong></span> <span class='ocrx_word' id='word_1_153' title='bbox 2555 932 2849 998; x_wconf 84' lang='lat' dir='ltr'><strong>imperator</strong></span> <span class='ocrx_word' id='word_1_154' title='bbox 2898 931 2996 983; x_wconf 91' lang='lat' dir='ltr'><strong>iste</strong></span> <span class='ocrx_word' id='word_1_155' title='bbox 3055 942 3371 996; x_wconf 82' lang='lat' dir='ltr'><strong>magnarum</strong></span> 
     </span>
    </p>
   </div>
   <div class='ocr_carea' id='block_1_24' title="bbox 1815 1006 3374 1074">
    <p class='ocr_par' dir='ltr' id='par_1_24' title="bbox 1815 1006 3374 1074">
     <span class='ocr_line' id='line_1_24' title="bbox 1815 1006 3374 1074; baseline -0.001 -1"><span class='ocrx_word' id='word_1_156' title='bbox 1815 1020 2139 1074; x_wconf 82' lang='lat' dir='ltr'><strong>Christianis</strong></span> <span class='ocrx_word' id='word_1_157' title='bbox 2170 1006 2535 1071; x_wconf 56' lang='lat' dir='ltr'><strong>gaiamitatum</strong></span> <span class='ocrx_word' id='word_1_158' title='bbox 2559 1029 2611 1073; x_wconf 91' lang='lat' dir='ltr'><strong>et</strong></span> <span class='ocrx_word' id='word_1_159' title='bbox 2633 1019 2865 1072; x_wconf 75' lang='lat' dir='ltr'><strong>tristitiae</strong></span> <span class='ocrx_word' id='word_1_160' title='bbox 2894 1021 3162 1072; x_wconf 72' lang='lat' dir='ltr'><strong>diuturna:</strong></span> <span class='ocrx_word' id='word_1_161' title='bbox 3184 1027 3374 1073; x_wconf 77' lang='lat' dir='ltr'><strong>auctor</strong></span> 
     </span>
    </p>
   </div>
   <div class='ocr_carea' id='block_1_25' title="bbox 1817 1108 3371 1179">
    <p class='ocr_par' dir='ltr' id='par_1_25' title="bbox 1817 1108 3371 1179">
     <span class='ocr_line' id='line_1_25' title="bbox 1817 1108 3371 1179; baseline -0.001 -17"><span class='ocrx_word' id='word_1_162' title='bbox 1817 1110 1942 1172; x_wconf 82' lang='lat' dir='ltr'><strong>fuit,</strong></span> <span class='ocrx_word' id='word_1_163' title='bbox 1978 1110 2416 1163; x_wconf 90' lang='lat' dir='ltr'><strong>Christianorum</strong></span> <span class='ocrx_word' id='word_1_164' title='bbox 2452 1118 2630 1178; x_wconf 88' lang='lat' dir='ltr'><strong>strage</strong></span> <span class='ocrx_word' id='word_1_165' title='bbox 2664 1110 2806 1162; x_wconf 89' lang='lat' dir='ltr'><strong>edita</strong></span> <span class='ocrx_word' id='word_1_166' title='bbox 2844 1110 3264 1179; x_wconf 75' lang='lat' dir='ltr'><strong>hominibusque</strong></span> <span class='ocrx_word' id='word_1_167' title='bbox 3300 1108 3371 1161; x_wconf 78' lang='lat' dir='ltr'><strong>ad</strong></span> 
     </span>
    </p>
   </div>
   <div class='ocr_carea' id='block_1_26' title="bbox 1818 1198 3371 1268">
    <p class='ocr_par' dir='ltr' id='par_1_26' title="bbox 1818 1198 3371 1268">
     <span class='ocr_line' id='line_1_26' title="bbox 1818 1198 3371 1268; baseline 0 -15"><span class='ocrx_word' id='word_1_168' title='bbox 1818 1201 2083 1253; x_wconf 87' lang='lat' dir='ltr'><strong>idolorum</strong></span> <span class='ocrx_word' id='word_1_169' title='bbox 2107 1240 2120 1263; x_wconf 91' lang='lat'><strong>,</strong></span> <span class='ocrx_word' id='word_1_170' title='bbox 2159 1213 2277 1268; x_wconf 66' lang='lat' dir='ltr'><strong>quae</strong></span> <span class='ocrx_word' id='word_1_171' title='bbox 2310 1198 2426 1266; x_wconf 88' lang='lat' dir='ltr'><strong>ipse</strong></span> <span class='ocrx_word' id='word_1_172' title='bbox 2462 1213 2560 1267; x_wconf 89' lang='lat' dir='ltr'><strong>pro</strong></span> <span class='ocrx_word' id='word_1_173' title='bbox 2593 1198 2699 1253; x_wconf 89' lang='lat' dir='ltr'><strong>diis</strong></span> <span class='ocrx_word' id='word_1_174' title='bbox 2731 1198 2953 1262; x_wconf 82' lang='lat' dir='ltr'><strong>habuit,</strong></span> <span class='ocrx_word' id='word_1_175' title='bbox 2995 1200 3196 1253; x_wconf 90' lang='lat' dir='ltr'><strong>cultum</strong></span> <span class='ocrx_word' id='word_1_176' title='bbox 3241 1214 3371 1266; x_wconf 83' lang='lat' dir='ltr'><strong>pro-</strong></span> 
     </span>
    </p>
   </div>
   <div class='ocr_carea' id='block_1_27' title="bbox 1818 1290 3372 1360">
    <p class='ocr_par' dir='ltr' id='par_1_27' title="bbox 1818 1290 3372 1360">
     <span class='ocr_line' id='line_1_27' title="bbox 1818 1290 3372 1360; baseline -0.001 -15"><span class='ocrx_word' id='word_1_177' title='bbox 1818 1292 2016 1360; x_wconf 66' lang='lat' dir='ltr'><strong>lapsis,</strong></span> <span class='ocrx_word' id='word_1_178' title='bbox 2064 1291 2444 1360; x_wconf 86' lang='lat' dir='ltr'><strong>episcopisque</strong></span> <span class='ocrx_word' id='word_1_179' title='bbox 2476 1306 2582 1346; x_wconf 91' lang='lat' dir='ltr'><strong>non</strong></span> <span class='ocrx_word' id='word_1_180' title='bbox 2629 1291 2818 1360; x_wconf 84' lang='lat' dir='ltr'><strong>paucis</strong></span> <span class='ocrx_word' id='word_1_181' title='bbox 2851 1306 2881 1344; x_wconf 88' lang='lat' dir='ltr'><strong>e</strong></span> <span class='ocrx_word' id='word_1_182' title='bbox 2914 1290 3089 1344; x_wconf 86' lang='lat' dir='ltr'><strong>medio</strong></span> <span class='ocrx_word' id='word_1_183' title='bbox 3122 1291 3372 1354; x_wconf 79' lang='lat' dir='ltr'><strong>sublatis,</strong></span> 
     </span>
    </p>
   </div>
   <div class='ocr_carea' id='block_1_28' title="bbox 1821 1379 3376 1452">
    <p class='ocr_par' dir='ltr' id='par_1_28' title="bbox 1821 1379 3376 1452">
     <span class='ocr_line' id='line_1_28' title="bbox 1821 1379 3376 1452; baseline -0.002 -15"><span class='ocrx_word' id='word_1_184' title='bbox 1821 1384 1958 1437; x_wconf 85' lang='lat' dir='ltr'><strong>inter</strong></span> <span class='ocrx_word' id='word_1_185' title='bbox 1980 1398 2117 1452; x_wconf 86' lang='lat' dir='ltr'><strong>quos</strong></span> <span class='ocrx_word' id='word_1_186' title='bbox 2151 1382 2333 1435; x_wconf 84' lang='lat' dir='ltr'><strong>Babila</strong></span> <span class='ocrx_word' id='word_1_187' title='bbox 2367 1381 2670 1436; x_wconf 71' lang='lat' dir='ltr'><strong>Antiochia:</strong></span> <span class='ocrx_word' id='word_1_188' title='bbox 2702 1381 3008 1450; x_wconf 82' lang='lat' dir='ltr'><strong>patriarcha</strong></span> <span class='ocrx_word' id='word_1_189' title='bbox 3044 1396 3057 1434; x_wconf 90' lang='lat'><strong>:</strong></span> <span class='ocrx_word' id='word_1_190' title='bbox 3087 1379 3376 1434; x_wconf 81' lang='lat' dir='ltr'><strong>Narcissus</strong></span> 
     </span>
    </p>
   </div>
   <div class='ocr_carea' id='block_1_29' title="bbox 1817 1453 3375 1542">
    <p class='ocr_par' dir='ltr' id='par_1_29' title="bbox 1817 1453 3375 1542">
     <span class='ocr_line' id='line_1_29' title="bbox 1817 1453 3375 1542; baseline -0.003 -16"><span class='ocrx_word' id='word_1_191' title='bbox 1817 1487 1942 1542; x_wconf 85' lang='lat' dir='ltr'><strong>ergo</strong></span> <span class='ocrx_word' id='word_1_192' title='bbox 1965 1475 2254 1541; x_wconf 85' lang='lat' dir='ltr'><strong>episcopus</strong></span> <span class='ocrx_word' id='word_1_193' title='bbox 2279 1453 2802 1542; x_wconf 84' lang='lat' dir='ltr'><strong>Hierosolymitanus</strong></span> <span class='ocrx_word' id='word_1_194' title='bbox 2825 1471 3009 1525; x_wconf 90' lang='lat' dir='ltr'><strong>audito</strong></span> <span class='ocrx_word' id='word_1_195' title='bbox 3032 1470 3375 1525; x_wconf 75' lang='lat' dir='ltr'><strong>interfectum</strong></span> 
     </span>
    </p>
   </div>
   <div class='ocr_carea' id='block_1_30' title="bbox 1815 1561 3380 1630">
    <p class='ocr_par' dir='ltr' id='par_1_30' title="bbox 1815 1561 3380 1630">
     <span class='ocr_line' id='line_1_30' title="bbox 1815 1561 3380 1630; baseline -0.002 -14"><span class='ocrx_word' id='word_1_196' title='bbox 1815 1577 1935 1616; x_wconf 83' lang='lat' dir='ltr'><strong>esse</strong></span> <span class='ocrx_word' id='word_1_197' title='bbox 1967 1562 2204 1616; x_wconf 84' lang='lat' dir='ltr'><strong>Babilam</strong></span> <span class='ocrx_word' id='word_1_198' title='bbox 2248 1563 2611 1629; x_wconf 86' lang='lat' dir='ltr'><strong>patriarehant</strong></span> <span class='ocrx_word' id='word_1_199' title='bbox 2648 1562 3064 1625; x_wconf 84' lang='lat' dir='ltr'><strong>Antiochenum,</strong></span> <span class='ocrx_word' id='word_1_200' title='bbox 3099 1561 3217 1630; x_wconf 80' lang='lat' dir='ltr'><strong>fuga</strong></span> <span class='ocrx_word' id='word_1_201' title='bbox 3252 1574 3380 1624; x_wconf 80' lang='lat' dir='ltr'><strong>pro-</strong></span> 
     </span>
    </p>
   </div>
   <div class='ocr_carea' id='block_1_31' title="bbox 1808 1651 3376 1722">
    <p class='ocr_par' dir='ltr' id='par_1_31' title="bbox 1808 1651 3376 1722">
     <span class='ocr_line' id='line_1_31' title="bbox 1808 1651 3376 1722; baseline -0.002 -15"><span class='ocrx_word' id='word_1_202' title='bbox 1808 1656 2002 1722; x_wconf 79' lang='lat' dir='ltr'><strong>lapsus</strong></span> <span class='ocrx_word' id='word_1_203' title='bbox 2055 1655 2366 1707; x_wconf 85' lang='lat' dir='ltr'><strong>cathedram</strong></span> <span class='ocrx_word' id='word_1_204' title='bbox 2416 1654 2680 1709; x_wconf 79' lang='lat' dir='ltr'><strong>deseruit.</strong></span> <span class='ocrx_word' id='word_1_205' title='bbox 2739 1655 2893 1706; x_wconf 83' lang='lat' dir='ltr'><strong>Anno</strong></span> <span class='ocrx_word' id='word_1_206' title='bbox 2947 1654 3109 1722; x_wconf 81' lang='lat' dir='ltr'><strong>igitur</strong></span> <span class='ocrx_word' id='word_1_207' title='bbox 3163 1651 3376 1721; x_wconf 90' lang='lat' dir='ltr'><strong>imperii</strong></span> 
     </span>
    </p>
   </div>
   <div class='ocr_carea' id='block_1_32' title="bbox 1819 1742 3378 1813">
    <p class='ocr_par' dir='ltr' id='par_1_32' title="bbox 1819 1742 3378 1813">
     <span class='ocr_line' id='line_1_32' title="bbox 1819 1742 3378 1813; baseline -0.001 -18"><span class='ocrx_word' id='word_1_208' title='bbox 1819 1744 2255 1812; x_wconf 86' lang='lat' dir='ltr'><strong>ipsius&#39;secundo</strong></span> <span class='ocrx_word' id='word_1_209' title='bbox 2290 1745 2464 1798; x_wconf 77' lang='lat' dir='ltr'><strong>factus</strong></span> <span class='ocrx_word' id='word_1_210' title='bbox 2499 1744 2629 1797; x_wconf 90' lang='lat' dir='ltr'><strong>Dius</strong></span> <span class='ocrx_word' id='word_1_211' title='bbox 2660 1745 2950 1813; x_wconf 83' lang='lat' dir='ltr'><strong>cpiscopus</strong></span> <span class='ocrx_word' id='word_1_212' title='bbox 2985 1742 3378 1812; x_wconf 82' lang='lat' dir='ltr'><strong>Hierosolymi-</strong></span> 
     </span>
    </p>
   </div>
   <div class='ocr_carea' id='block_1_33' title="bbox 159 1812 3378 1904">
    <p class='ocr_par' dir='ltr' id='par_1_33' title="bbox 159 1812 3378 1904">
     <span class='ocr_line' id='line_1_33' title="bbox 159 1812 3378 1904; baseline -0.001 -17"><span class='ocrx_word' id='word_1_213' title='bbox 159 1833 577 1904; x_wconf 82' lang='lat' dir='ltr'><strong>Responderunt</strong></span> <span class='ocrx_word' id='word_1_214' title='bbox 609 1837 722 1890; x_wconf 88' lang='lat' dir='ltr'><strong>illi:</strong></span> <span class='ocrx_word' id='word_1_215' title='bbox 754 1837 810 1890; x_wconf 89' lang='lat' dir='ltr'><strong>Si</strong></span> <span class='ocrx_word' id='word_1_216' title='bbox 854 1847 902 1892; x_wconf 90' lang='lat' dir='ltr'><strong>te</strong></span> <span class='ocrx_word' id='word_1_217' title='bbox 936 1840 1071 1892; x_wconf 90' lang='lat' dir='ltr'><strong>tnale</strong></span> <span class='ocrx_word' id='word_1_218' title='bbox 1106 1839 1318 1901; x_wconf 85' lang='lat' dir='ltr'><strong>habeat,</strong></span> <span class='ocrx_word' id='word_1_219' title='bbox 1349 1854 1382 1892; x_wconf 95' lang='lat' dir='ltr'><strong>o</strong></span> <span class='ocrx_word' id='word_1_220' title='bbox 1417 1854 1530 1902; x_wconf 84' lang='lat' dir='ltr'><strong>rex,</strong></span> <span class='ocrx_word' id='word_1_221' title='bbox 1568 1839 1714 1893; x_wconf 90' lang='lat' dir='ltr'><strong>urbis</strong></span> <span class='ocrx_word' id='word_1_222' title='bbox 1746 1812 1790 1870; x_wconf 67' lang='grc' dir='ltr'>Β</span> <span class='ocrx_word' id='word_1_223' title='bbox 1819 1843 1998 1894; x_wconf 90' lang='lat' dir='ltr'><strong>tanus.</strong></span> <span class='ocrx_word' id='word_1_224' title='bbox 2027 1834 2140 1886; x_wconf 86' lang='lat' dir='ltr'><strong>vice</strong></span> <span class='ocrx_word' id='word_1_225' title='bbox 2167 1832 2429 1894; x_wconf 85' lang='lat' dir='ltr'><strong>Narcissi,</strong></span> <span class='ocrx_word' id='word_1_226' title='bbox 2456 1849 2628 1887; x_wconf 89' lang='lat' dir='ltr'><strong>annos</strong></span> <span class='ocrx_word' id='word_1_227' title='bbox 2654 1846 2762 1888; x_wconf 89' lang='lat' dir='ltr'><strong>tres</strong></span> <span class='ocrx_word' id='word_1_228' title='bbox 2791 1835 2953 1896; x_wconf 88' lang='lat' dir='ltr'><strong>sedit,</strong></span> <span class='ocrx_word' id='word_1_229' title='bbox 2987 1834 3104 1886; x_wconf 89' lang='lat' dir='ltr'><strong>dein</strong></span> <span class='ocrx_word' id='word_1_230' title='bbox 3134 1841 3378 1886; x_wconf 89' lang='lat' dir='ltr'><strong>mortuus</strong></span> 
     </span>
    </p>
   </div>
   <div class='ocr_carea' id='block_1_34' title="bbox 159 1923 1717 1996">
    <p class='ocr_par' dir='ltr' id='par_1_34' title="bbox 159 1923 1717 1996">
     <span class='ocr_line' id='line_1_34' title="bbox 159 1923 1717 1996; baseline 0.003 -19"><span class='ocrx_word' id='word_1_231' title='bbox 159 1923 321 1994; x_wconf 89' lang='lat' dir='ltr'><strong>hujus</strong></span> <span class='ocrx_word' id='word_1_232' title='bbox 362 1934 552 1991; x_wconf 89' lang='lat' dir='ltr'><strong>status,</strong></span> <span class='ocrx_word' id='word_1_233' title='bbox 586 1940 865 1995; x_wconf 85' lang='lat' dir='ltr'><strong>speramus</strong></span> <span class='ocrx_word' id='word_1_234' title='bbox 900 1942 989 1991; x_wconf 91' lang='lat' dir='ltr'><strong>ea,</strong></span> <span class='ocrx_word' id='word_1_235' title='bbox 1027 1943 1123 1981; x_wconf 87' lang='lat' dir='ltr'><strong>nos</strong></span> <span class='ocrx_word' id='word_1_236' title='bbox 1154 1943 1270 1982; x_wconf 88' lang='lat' dir='ltr'><strong>eam</strong></span> <span class='ocrx_word' id='word_1_237' title='bbox 1300 1943 1460 1996; x_wconf 90' lang='lat' dir='ltr'><strong>quam</strong></span> <span class='ocrx_word' id='word_1_238' title='bbox 1499 1929 1590 1982; x_wconf 89' lang='lat' dir='ltr'><strong>tibi</strong></span> <span class='ocrx_word' id='word_1_239' title='bbox 1637 1930 1717 1982; x_wconf 85' lang='lat' dir='ltr'><strong>irt-</strong></span> 
     </span>
    </p>
   </div>
   <div class='ocr_carea' id='block_1_35' title="bbox 160 2014 1714 2087">
    <p class='ocr_par' dir='ltr' id='par_1_35' title="bbox 160 2014 1714 2087">
     <span class='ocr_line' id='line_1_35' title="bbox 160 2014 1714 2087; baseline 0.005 -20"><span class='ocrx_word' id='word_1_240' title='bbox 160 2014 397 2070; x_wconf 83' lang='lat' dir='ltr'><strong>dicaturi</strong></span> <span class='ocrx_word' id='word_1_241' title='bbox 449 2031 641 2072; x_wconf 90' lang='lat' dir='ltr'><strong>sumus</strong></span> <span class='ocrx_word' id='word_1_242' title='bbox 704 2020 911 2071; x_wconf 88' lang='lat' dir='ltr'><strong>ratione</strong></span> <span class='ocrx_word' id='word_1_243' title='bbox 969 2026 1248 2087; x_wconf 89' lang='lat' dir='ltr'><strong>capturos.</strong></span> <span class='ocrx_word' id='word_1_244' title='bbox 1311 2017 1530 2072; x_wconf 88' lang='lat' dir='ltr'><strong>Dicente</strong></span> <span class='ocrx_word' id='word_1_245' title='bbox 1601 2021 1714 2084; x_wconf 93' lang='lat' dir='ltr'><strong>illo,</strong></span> 
     </span>
    </p>
   </div>
   <div class='ocr_carea' id='block_1_36' title="bbox 159 2104 1715 2183">
    <p class='ocr_par' dir='ltr' id='par_1_36' title="bbox 159 2104 1715 2183">
     <span class='ocr_line' id='line_1_36' title="bbox 159 2104 1715 2183; baseline 0.003 -24"><span class='ocrx_word' id='word_1_246' title='bbox 159 2104 418 2170; x_wconf 69' lang='lat' dir='ltr'><strong>Quanam</strong></span> <span class='ocrx_word' id='word_1_247' title='bbox 470 2121 600 2175; x_wconf 83' lang='lat' dir='ltr'><strong>ergo</strong></span> <span class='ocrx_word' id='word_1_248' title='bbox 656 2107 790 2160; x_wconf 81' lang='lat' dir='ltr'><strong>illa?</strong></span> <span class='ocrx_word' id='word_1_249' title='bbox 833 2107 1244 2176; x_wconf 88' lang='lat' dir='ltr'><strong>responderunt,</strong></span> <span class='ocrx_word' id='word_1_250' title='bbox 1277 2117 1347 2183; x_wconf 32' lang='lat' dir='ltr'><strong>.ut</strong></span> <span class='ocrx_word' id='word_1_251' title='bbox 1399 2124 1715 2177; x_wconf 82' lang='lat' dir='ltr'><strong>progressus</strong></span> 
     </span>
    </p>
   </div>
   <div class='ocr_carea' id='block_1_37' title="bbox 161 2195 1717 2266">
    <p class='ocr_par' dir='ltr' id='par_1_37' title="bbox 161 2195 1717 2266">
     <span class='ocr_line' id='line_1_37' title="bbox 161 2195 1717 2266; baseline 0.002 -18"><span class='ocrx_word' id='word_1_252' title='bbox 161 2195 272 2264; x_wconf 82' lang='lat' dir='ltr'><strong>ipse</strong></span> <span class='ocrx_word' id='word_1_253' title='bbox 300 2211 424 2249; x_wconf 90' lang='lat' dir='ltr'><strong>cum</strong></span> <span class='ocrx_word' id='word_1_254' title='bbox 450 2197 622 2264; x_wconf 82' lang='lat' dir='ltr'><strong>cepiis</strong></span> <span class='ocrx_word' id='word_1_255' title='bbox 652 2197 758 2250; x_wconf 86' lang='lat' dir='ltr'><strong>tuis</strong></span> <span class='ocrx_word' id='word_1_256' title='bbox 786 2196 1034 2250; x_wconf 88' lang='lat' dir='ltr'><strong>manibus</strong></span> <span class='ocrx_word' id='word_1_257' title='bbox 1058 2197 1265 2264; x_wconf 88' lang='lat' dir='ltr'><strong>junctis</strong></span> <span class='ocrx_word' id='word_1_258' title='bbox 1297 2212 1482 2266; x_wconf 87' lang='lat' dir='ltr'><strong>preces</strong></span> <span class='ocrx_word' id='word_1_259' title='bbox 1514 2199 1578 2252; x_wconf 90' lang='lat' dir='ltr'><strong>ad</strong></span> <span class='ocrx_word' id='word_1_260' title='bbox 1612 2197 1717 2251; x_wconf 84' lang='lat' dir='ltr'><strong>Do-</strong></span> 
     </span>
    </p>
   </div>
   <div class='ocr_carea' id='block_1_38' title="bbox 162 2283 1716 2359">
    <p class='ocr_par' dir='ltr' id='par_1_38' title="bbox 162 2283 1716 2359">
     <span class='ocr_line' id='line_1_38' title="bbox 162 2283 1716 2359; baseline 0.005 -23"><span class='ocrx_word' id='word_1_261' title='bbox 162 2283 364 2338; x_wconf 71' lang='lat' dir='ltr'><strong>tainum</strong></span> <span class='ocrx_word' id='word_1_262' title='bbox 405 2285 642 2340; x_wconf 82' lang='lat' dir='ltr'><strong>fundatis</strong></span> <span class='ocrx_word' id='word_1_263' title='bbox 691 2301 797 2355; x_wconf 88' lang='lat' dir='ltr'><strong>quo</strong></span> <span class='ocrx_word' id='word_1_264' title='bbox 846 2287 997 2340; x_wconf 88' lang='lat' dir='ltr'><strong>vobis</strong></span> <span class='ocrx_word' id='word_1_265' title='bbox 1047 2295 1105 2340; x_wconf 94' lang='lat' dir='ltr'><strong>ut</strong></span> <span class='ocrx_word' id='word_1_266' title='bbox 1160 2289 1341 2341; x_wconf 89' lang='lat' dir='ltr'><strong>urbem</strong></span> <span class='ocrx_word' id='word_1_267' title='bbox 1400 2290 1716 2359; x_wconf 79' lang='lat' dir='ltr'><strong>expugnctis</strong></span> 
     </span>
    </p>
   </div>
   <div class='ocr_carea' id='block_1_39' title="bbox 159 2376 1715 2452">
    <p class='ocr_par' dir='ltr' id='par_1_39' title="bbox 159 2376 1715 2452">
     <span class='ocr_line' id='line_1_39' title="bbox 159 2376 1715 2452; baseline 0.005 -25"><span class='ocrx_word' id='word_1_268' title='bbox 159 2376 440 2428; x_wconf 87' lang='lat' dir='ltr'><strong>concedat.</strong></span> <span class='ocrx_word' id='word_1_269' title='bbox 470 2377 625 2440; x_wconf 88' lang='lat' dir='ltr'><strong>Quod</strong></span> <span class='ocrx_word' id='word_1_270' title='bbox 677 2393 798 2431; x_wconf 91' lang='lat' dir='ltr'><strong>cum</strong></span> <span class='ocrx_word' id='word_1_271' title='bbox 853 2378 1070 2432; x_wconf 79' lang='lat' dir='ltr'><strong>fecisset</strong></span> <span class='ocrx_word' id='word_1_272' title='bbox 1123 2377 1377 2446; x_wconf 88' lang='lat' dir='ltr'><strong>Sapores,</strong></span> <span class='ocrx_word' id='word_1_273' title='bbox 1427 2395 1522 2433; x_wconf 92' lang='lat' dir='ltr'><strong>nec</strong></span> <span class='ocrx_word' id='word_1_274' title='bbox 1557 2382 1715 2452; x_wconf 88' lang='lat' dir='ltr'><strong>quid-</strong></span> 
     </span>
    </p>
   </div>
   <div class='ocr_carea' id='block_1_40' title="bbox 159 2464 1717 2536">
    <p class='ocr_par' dir='ltr' id='par_1_40' title="bbox 159 2464 1717 2536">
     <span class='ocr_line' id='line_1_40' title="bbox 159 2464 1717 2536; baseline 0.009 -25"><span class='ocrx_word' id='word_1_275' title='bbox 159 2474 323 2528; x_wconf 88' lang='lat' dir='ltr'><strong>quam</strong></span> <span class='ocrx_word' id='word_1_276' title='bbox 360 2464 617 2532; x_wconf 85' lang='lat' dir='ltr'><strong>prodesse</strong></span> <span class='ocrx_word' id='word_1_277' title='bbox 652 2464 878 2526; x_wconf 86' lang='lat' dir='ltr'><strong>videret,</strong></span> <span class='ocrx_word' id='word_1_278' title='bbox 909 2466 1042 2519; x_wconf 83' lang='lat' dir='ltr'><strong>dixit</strong></span> <span class='ocrx_word' id='word_1_279' title='bbox 1077 2468 1248 2536; x_wconf 87' lang='lat' dir='ltr'><strong>ipsis:</strong></span> <span class='ocrx_word' id='word_1_280' title='bbox 1289 2469 1583 2523; x_wconf 79' lang='lat' dir='ltr'><strong>Consilium</strong></span> <span class='ocrx_word' id='word_1_281' title='bbox 1627 2487 1717 2525; x_wconf 86' lang='lat' dir='ltr'><strong>vc-</strong></span> 
     </span>
    </p>
   </div>
   <div class='ocr_carea' id='block_1_41' title="bbox 159 2555 1712 2637">
    <p class='ocr_par' dir='ltr' id='par_1_41' title="bbox 159 2555 1712 2637">
     <span class='ocr_line' id='line_1_41' title="bbox 159 2555 1712 2637; baseline 0.008 -32"><span class='ocrx_word' id='word_1_282' title='bbox 159 2560 330 2606; x_wconf 77' lang='lat' dir='ltr'><strong>strum</strong></span> <span class='ocrx_word' id='word_1_283' title='bbox 379 2555 572 2618; x_wconf 90' lang='lat' dir='ltr'><strong>secuti,</strong></span> <span class='ocrx_word' id='word_1_284' title='bbox 635 2555 786 2608; x_wconf 87' lang='lat' dir='ltr'><strong>nihili</strong></span> <span class='ocrx_word' id='word_1_285' title='bbox 842 2559 1064 2612; x_wconf 84' lang='lat' dir='ltr'><strong>subesse</strong></span> <span class='ocrx_word' id='word_1_286' title='bbox 1115 2559 1362 2613; x_wconf 76' lang='lat' dir='ltr'><strong>elIieacite</strong></span> <span class='ocrx_word' id='word_1_287' title='bbox 1419 2562 1664 2637; x_wconf 73' lang='lat' dir='ltr'><strong>vjdemus</strong></span> <span class='ocrx_word' id='word_1_288' title='bbox 1698 2603 1712 2628; x_wconf 94' lang='lat'><strong>,</strong></span> 
     </span>
    </p>
   </div>
   <div class='ocr_carea' id='block_1_42' title="bbox 160 2643 1716 2717">
    <p class='ocr_par' dir='ltr' id='par_1_42' title="bbox 160 2643 1716 2717">
     <span class='ocr_line' id='line_1_42' title="bbox 160 2643 1716 2717; baseline 0.009 -25"><span class='ocrx_word' id='word_1_289' title='bbox 160 2643 284 2711; x_wconf 91' lang='lat' dir='ltr'><strong>quid</strong></span> <span class='ocrx_word' id='word_1_290' title='bbox 318 2658 448 2713; x_wconf 86' lang='lat' dir='ltr'><strong>ergo</strong></span> <span class='ocrx_word' id='word_1_291' title='bbox 469 2644 580 2713; x_wconf 91' lang='lat' dir='ltr'><strong>jam</strong></span> <span class='ocrx_word' id='word_1_292' title='bbox 615 2646 833 2699; x_wconf 83' lang='lat' dir='ltr'><strong>dicitis?</strong></span> <span class='ocrx_word' id='word_1_293' title='bbox 859 2645 1298 2717; x_wconf 82' lang='lat' dir='ltr'><strong>Responderunt:</strong></span> <span class='ocrx_word' id='word_1_294' title='bbox 1331 2649 1622 2706; x_wconf 84' lang='lat' dir='ltr'><strong>Metuimus</strong></span> <span class='ocrx_word' id='word_1_295' title='bbox 1651 2668 1716 2706; x_wconf 91' lang='lat' dir='ltr'><strong>ne</strong></span> 
     </span>
    </p>
   </div>
   <div class='ocr_carea' id='block_1_43' title="bbox 161 2731 1715 2811">
    <p class='ocr_par' dir='ltr' id='par_1_43' title="bbox 161 2731 1715 2811">
     <span class='ocr_line' id='line_1_43' title="bbox 161 2731 1715 2811; baseline 0.008 -29"><span class='ocrx_word' id='word_1_296' title='bbox 161 2731 545 2802; x_wconf 78' lang='lat' dir='ltr'><strong>vilipenderint</strong></span> <span class='ocrx_word' id='word_1_297' title='bbox 577 2737 821 2791; x_wconf 88' lang='lat' dir='ltr'><strong>homines</strong></span> <span class='ocrx_word' id='word_1_298' title='bbox 852 2738 1135 2792; x_wconf 88' lang='lat' dir='ltr'><strong>consilium</strong></span> <span class='ocrx_word' id='word_1_299' title='bbox 1181 2749 1458 2804; x_wconf 88' lang='lat' dir='ltr'><strong>nostrum;</strong></span> <span class='ocrx_word' id='word_1_300' title='bbox 1494 2742 1635 2811; x_wconf 89' lang='lat' dir='ltr'><strong>quod</strong></span> <span class='ocrx_word' id='word_1_301' title='bbox 1670 2741 1715 2796; x_wconf 88' lang='lat' dir='ltr'><strong>si</strong></span> 
     </span>
    </p>
   </div>
   <div class='ocr_carea' id='block_1_44' title="bbox 160 2826 1714 2887">
    <p class='ocr_par' dir='ltr' id='par_1_44' title="bbox 160 2826 1714 2887">
     <span class='ocr_line' id='line_1_44' title="bbox 160 2826 1714 2887; baseline 0.008 -13"><span class='ocrx_word' id='word_1_302' title='bbox 160 2826 440 2878; x_wconf 73' lang='lat' dir='ltr'><strong>curaveris</strong></span> <span class='ocrx_word' id='word_1_303' title='bbox 471 2833 526 2878; x_wconf 95' lang='lat' dir='ltr'><strong>ut</strong></span> <span class='ocrx_word' id='word_1_304' title='bbox 553 2828 779 2882; x_wconf 90' lang='lat' dir='ltr'><strong>sinceris</strong></span> <span class='ocrx_word' id='word_1_305' title='bbox 815 2830 1101 2884; x_wconf 83' lang='lat' dir='ltr'><strong>aﬂ&#39;ectibus</strong></span> <span class='ocrx_word' id='word_1_306' title='bbox 1133 2845 1319 2884; x_wconf 89' lang='lat' dir='ltr'><strong>omnes</strong></span> <span class='ocrx_word' id='word_1_307' title='bbox 1354 2831 1523 2885; x_wconf 89' lang='lat' dir='ltr'><strong>instar</strong></span> <span class='ocrx_word' id='word_1_308' title='bbox 1551 2833 1714 2887; x_wconf 88' lang='lat' dir='ltr'><strong>unius</strong></span> 
     </span>
    </p>
   </div>
   <div class='ocr_carea' id='block_1_45' title="bbox 163 2915 1716 2991">
    <p class='ocr_par' dir='ltr' id='par_1_45' title="bbox 163 2915 1716 2991">
     <span class='ocr_line' id='line_1_45' title="bbox 163 2915 1716 2991; baseline 0.008 -26"><span class='ocrx_word' id='word_1_309' title='bbox 163 2926 356 2980; x_wconf 85' lang='lat' dir='ltr'><strong>preces</strong></span> <span class='ocrx_word' id='word_1_310' title='bbox 380 2915 639 2981; x_wconf 69' lang='lat' dir='ltr'><strong>fundant,</strong></span> <span class='ocrx_word' id='word_1_311' title='bbox 669 2921 776 2973; x_wconf 93' lang='lat' dir='ltr'><strong>voti</strong></span> <span class='ocrx_word' id='word_1_312' title='bbox 801 2920 878 2973; x_wconf 94' lang='lat' dir='ltr'><strong>tui</strong></span> <span class='ocrx_word' id='word_1_313' title='bbox 913 2936 1133 2989; x_wconf 86' lang='lat' dir='ltr'><strong>compos</strong></span> <span class='ocrx_word' id='word_1_314' title='bbox 1157 2921 1286 2975; x_wconf 87' lang='lat' dir='ltr'><strong>eris.</strong></span> <span class='ocrx_word' id='word_1_315' title='bbox 1327 2920 1559 2991; x_wconf 87' lang='lat' dir='ltr'><strong>Sapores</strong></span> <span class='ocrx_word' id='word_1_316' title='bbox 1587 2938 1716 2991; x_wconf 87' lang='lat' dir='ltr'><strong>ergo</strong></span> 
     </span>
    </p>
   </div>
   <div class='ocr_carea' id='block_1_46' title="bbox 159 3006 1716 3080">
    <p class='ocr_par' dir='ltr' id='par_1_46' title="bbox 159 3006 1716 3080">
     <span class='ocr_line' id='line_1_46' title="bbox 159 3006 1716 3080; baseline 0.008 -24"><span class='ocrx_word' id='word_1_317' title='bbox 159 3006 477 3060; x_wconf 87' lang='lat' dir='ltr'><strong>convocatis</strong></span> <span class='ocrx_word' id='word_1_318' title='bbox 512 3010 800 3063; x_wconf 86' lang='lat' dir='ltr'><strong>comitibus</strong></span> <span class='ocrx_word' id='word_1_319' title='bbox 838 3012 952 3065; x_wconf 91' lang='lat' dir='ltr'><strong>suis</strong></span> <span class='ocrx_word' id='word_1_320' title='bbox 983 3012 1188 3080; x_wconf 81' lang='lat' dir='ltr'><strong>rogavit</strong></span> <span class='ocrx_word' id='word_1_321' title='bbox 1228 3019 1284 3064; x_wconf 92' lang='lat' dir='ltr'><strong>ut</strong></span> <span class='ocrx_word' id='word_1_322' title='bbox 1317 3012 1548 3067; x_wconf 80' lang='lat' dir='ltr'><strong>sinceris</strong></span> <span class='ocrx_word' id='word_1_323' title='bbox 1580 3013 1716 3068; x_wconf 67' lang='lat' dir='ltr'><strong>alie-</strong></span> 
     </span>
    </p>
   </div>
   <div class='ocr_carea' id='block_1_47' title="bbox 1816 1919 3379 1991">
    <p class='ocr_par' dir='ltr' id='par_1_47' title="bbox 1816 1919 3379 1991">
     <span class='ocr_line' id='line_1_47' title="bbox 1816 1919 3379 1991; baseline -0.001 -15"><span class='ocrx_word' id='word_1_324' title='bbox 1816 1934 1921 1977; x_wconf 83' lang='lat' dir='ltr'><strong>est.</strong></span> <span class='ocrx_word' id='word_1_325' title='bbox 1954 1925 2116 1976; x_wconf 89' lang='lat' dir='ltr'><strong>Anno</strong></span> <span class='ocrx_word' id='word_1_326' title='bbox 2153 1923 2362 1991; x_wconf 89' lang='lat' dir='ltr'><strong>imperii</strong></span> <span class='ocrx_word' id='word_1_327' title='bbox 2396 1924 2516 1991; x_wconf 83' lang='lat' dir='ltr'><strong>ejus</strong></span> <span class='ocrx_word' id='word_1_328' title='bbox 2547 1924 2706 1977; x_wconf 87' lang='lat' dir='ltr'><strong>tertio</strong></span> <span class='ocrx_word' id='word_1_329' title='bbox 2736 1933 2951 1978; x_wconf 89' lang='lat' dir='ltr'><strong>creatus</strong></span> <span class='ocrx_word' id='word_1_330' title='bbox 2971 1933 3052 1976; x_wconf 89' lang='lat' dir='ltr'><strong>est</strong></span> <span class='ocrx_word' id='word_1_331' title='bbox 3087 1919 3379 1975; x_wconf 82' lang='lat' dir='ltr'><strong>Flavianus</strong></span> 
     </span>
    </p>
   </div>
   <div class='ocr_carea' id='block_1_48' title="bbox 1817 2015 3373 2085">
    <p class='ocr_par' dir='ltr' id='par_1_48' title="bbox 1817 2015 3373 2085">
     <span class='ocr_line' id='line_1_48' title="bbox 1817 2015 3373 2085; baseline -0.001 -18"><span class='ocrx_word' id='word_1_332' title='bbox 1817 2017 2122 2085; x_wconf 81' lang='lat' dir='ltr'><strong>patriarcha</strong></span> <span class='ocrx_word' id='word_1_333' title='bbox 2155 2015 2456 2078; x_wconf 82' lang='lat' dir='ltr'><strong>Romanus,</strong></span> <span class='ocrx_word' id='word_1_334' title='bbox 2484 2015 2572 2069; x_wconf 82' lang='lat' dir='ltr'><strong>tibi</strong></span> <span class='ocrx_word' id='word_1_335' title='bbox 2604 2026 2888 2084; x_wconf 88' lang='lat' dir='ltr'><strong>postquam</strong></span> <span class='ocrx_word' id='word_1_336' title='bbox 2915 2030 3086 2068; x_wconf 89' lang='lat' dir='ltr'><strong>annos</strong></span> <span class='ocrx_word' id='word_1_337' title='bbox 3116 2015 3373 2068; x_wconf 87' lang='lat' dir='ltr'><strong>tredecim</strong></span> 
     </span>
    </p>
   </div>
   <div class='ocr_carea' id='block_1_49' title="bbox 1818 2106 3379 2177">
    <p class='ocr_par' dir='ltr' id='par_1_49' title="bbox 1818 2106 3379 2177">
     <span class='ocr_line' id='line_1_49' title="bbox 1818 2106 3379 2177; baseline -0.001 -16"><span class='ocrx_word' id='word_1_338' title='bbox 1818 2109 2081 2170; x_wconf 89' lang='lat' dir='ltr'><strong>sedisset,</strong></span> <span class='ocrx_word' id='word_1_339' title='bbox 2118 2108 2335 2162; x_wconf 88' lang='lat' dir='ltr'><strong>occisus</strong></span> <span class='ocrx_word' id='word_1_340' title='bbox 2364 2116 2468 2161; x_wconf 91' lang='lat' dir='ltr'><strong>est.</strong></span> <span class='ocrx_word' id='word_1_341' title='bbox 2507 2108 2665 2162; x_wconf 85' lang='lat' dir='ltr'><strong>Anno</strong></span> <span class='ocrx_word' id='word_1_342' title='bbox 2710 2109 2883 2177; x_wconf 84' lang='lat' dir='ltr'><strong>ipsius</strong></span> <span class='ocrx_word' id='word_1_343' title='bbox 2924 2108 3168 2163; x_wconf 88' lang='lat' dir='ltr'><strong>secundo</strong></span> <span class='ocrx_word' id='word_1_344' title='bbox 3201 2106 3379 2160; x_wconf 80' lang='lat' dir='ltr'><strong>factus</strong></span> 
     </span>
    </p>
   </div>
   <div class='ocr_carea' id='block_1_50' title="bbox 1817 2197 3380 2269">
    <p class='ocr_par' dir='ltr' id='par_1_50' title="bbox 1817 2197 3380 2269">
     <span class='ocr_line' id='line_1_50' title="bbox 1817 2197 3380 2269; baseline 0 -19"><span class='ocrx_word' id='word_1_345' title='bbox 1817 2197 2108 2268; x_wconf 82' lang='lat' dir='ltr'><strong>Dionysius</strong></span> <span class='ocrx_word' id='word_1_346' title='bbox 2155 2200 2462 2268; x_wconf 87' lang='lat' dir='ltr'><strong>patriarcha</strong></span> <span class='ocrx_word' id='word_1_347' title='bbox 2511 2200 2940 2264; x_wconf 78' lang='lat' dir='ltr'><strong>Alexandrinus,</strong></span> <span class='ocrx_word' id='word_1_348' title='bbox 3002 2200 3094 2269; x_wconf 91' lang='lat' dir='ltr'><strong>qui</strong></span> <span class='ocrx_word' id='word_1_349' title='bbox 3146 2200 3380 2267; x_wconf 80' lang='lat' dir='ltr'><strong>scriptor</strong></span> 
     </span>
    </p>
   </div>
   <div class='ocr_carea' id='block_1_51' title="bbox 1816 2290 3376 2359">
    <p class='ocr_par' dir='ltr' id='par_1_51' title="bbox 1816 2290 3376 2359">
     <span class='ocr_line' id='line_1_51' title="bbox 1816 2290 3376 2359; baseline 0.001 -18"><span class='ocrx_word' id='word_1_350' title='bbox 1816 2290 1938 2353; x_wconf 79' lang='lat' dir='ltr'><strong>fuit,</strong></span> <span class='ocrx_word' id='word_1_351' title='bbox 1985 2304 2157 2344; x_wconf 87' lang='lat' dir='ltr'><strong>annos</strong></span> <span class='ocrx_word' id='word_1_352' title='bbox 2200 2291 2586 2359; x_wconf 87' lang='lat' dir='ltr'><strong>septemdecim</strong></span> <span class='ocrx_word' id='word_1_353' title='bbox 2634 2291 2796 2354; x_wconf 88' lang='lat' dir='ltr'><strong>sedit,</strong></span> <span class='ocrx_word' id='word_1_354' title='bbox 2829 2290 2952 2344; x_wconf 91' lang='lat' dir='ltr'><strong>dein</strong></span> <span class='ocrx_word' id='word_1_355' title='bbox 2984 2299 3232 2343; x_wconf 87' lang='lat' dir='ltr'><strong>mortuus</strong></span> <span class='ocrx_word' id='word_1_356' title='bbox 3270 2299 3376 2342; x_wconf 88' lang='lat' dir='ltr'><strong>est.</strong></span> 
     </span>
    </p>
   </div>
   <div class='ocr_carea' id='block_1_52' title="bbox 1814 2382 3378 2449">
    <p class='ocr_par' dir='ltr' id='par_1_52' title="bbox 1814 2382 3378 2449">
     <span class='ocr_line' id='line_1_52' title="bbox 1814 2382 3378 2449; baseline -0.002 -14"><span class='ocrx_word' id='word_1_357' title='bbox 1814 2382 1974 2436; x_wconf 84' lang='lat' dir='ltr'><strong>Anno</strong></span> <span class='ocrx_word' id='word_1_358' title='bbox 2015 2385 2176 2435; x_wconf 86' lang='lat' dir='ltr'><strong>etiam</strong></span> <span class='ocrx_word' id='word_1_359' title='bbox 2233 2383 2475 2436; x_wconf 88' lang='lat' dir='ltr'><strong>secundo</strong></span> <span class='ocrx_word' id='word_1_360' title='bbox 2518 2383 2725 2448; x_wconf 90' lang='lat' dir='ltr'><strong>imperii</strong></span> <span class='ocrx_word' id='word_1_361' title='bbox 2777 2382 2948 2449; x_wconf 89' lang='lat' dir='ltr'><strong>ipsius</strong></span> <span class='ocrx_word' id='word_1_362' title='bbox 2998 2389 3246 2433; x_wconf 89' lang='lat' dir='ltr'><strong>mortuus</strong></span> <span class='ocrx_word' id='word_1_363' title='bbox 3293 2388 3378 2433; x_wconf 84' lang='lat' dir='ltr'><strong>est</strong></span> 
     </span>
    </p>
   </div>
   <div class='ocr_carea' id='block_1_53' title="bbox 1818 2456 3375 2542">
    <p class='ocr_par' dir='ltr' id='par_1_53' title="bbox 1818 2456 3375 2542">
     <span class='ocr_line' id='line_1_53' title="bbox 1818 2456 3375 2542; baseline -0.004 -14"><span class='ocrx_word' id='word_1_364' title='bbox 1818 2472 2057 2542; x_wconf 87' lang='lat' dir='ltr'><strong>Sapores</strong></span> <span class='ocrx_word' id='word_1_365' title='bbox 2089 2472 2374 2526; x_wconf 83' lang='lat' dir='ltr'><strong>Azdashiri</strong></span> <span class='ocrx_word' id='word_1_366' title='bbox 2415 2473 2558 2526; x_wconf 73' lang='lat' dir='ltr'><strong>{ilius</strong></span> <span class='ocrx_word' id='word_1_367' title='bbox 2585 2487 2676 2525; x_wconf 91' lang='lat' dir='ltr'><strong>rex</strong></span> <span class='ocrx_word' id='word_1_368' title='bbox 2715 2456 3028 2534; x_wconf 70' lang='lat' dir='ltr'><strong>Persarum,</strong></span> <span class='ocrx_word' id='word_1_369' title='bbox 3062 2481 3184 2539; x_wconf 90' lang='lat' dir='ltr'><strong>post</strong></span> <span class='ocrx_word' id='word_1_370' title='bbox 3215 2485 3375 2540; x_wconf 91' lang='lat' dir='ltr'><strong>quem</strong></span> 
     </span>
    </p>
   </div>
   <div class='ocr_carea' id='block_1_54' title="bbox 1817 2559 3378 2642">
    <p class='ocr_par' dir='ltr' id='par_1_54' title="bbox 1817 2559 3378 2642">
     <span class='ocr_line' id='line_1_54' title="bbox 1817 2559 3378 2642; baseline -0.007 -21"><span class='ocrx_word' id='word_1_371' title='bbox 1817 2567 2062 2636; x_wconf 82' lang='lat' dir='ltr'><strong>regnavit</strong></span> <span class='ocrx_word' id='word_1_372' title='bbox 2105 2566 2340 2619; x_wconf 79' lang='lat' dir='ltr'><strong>Hormoz</strong></span> <span class='ocrx_word' id='word_1_373' title='bbox 2394 2563 2617 2642; x_wconf 79' lang='lat' dir='ltr'><strong>Saporis</strong></span> <span class='ocrx_word' id='word_1_374' title='bbox 2661 2562 2803 2617; x_wconf 81' lang='lat' dir='ltr'><strong>ﬁlius</strong></span> <span class='ocrx_word' id='word_1_375' title='bbox 2847 2561 2972 2634; x_wconf 85' lang='lat' dir='ltr'><strong>(qui</strong></span> <span class='ocrx_word' id='word_1_376' title='bbox 3013 2569 3096 2614; x_wconf 84' lang='lat' dir='ltr'><strong>est</strong></span> <span class='ocrx_word' id='word_1_377' title='bbox 3146 2559 3378 2612; x_wconf 84' lang='lat' dir='ltr'><strong>llormoz</strong></span> 
     </span>
    </p>
   </div>
   <div class='ocr_carea' id='block_1_55' title="bbox 1815 2641 3380 2725">
    <p class='ocr_par' dir='ltr' id='par_1_55' title="bbox 1815 2641 3380 2725">
     <span class='ocr_line' id='line_1_55' title="bbox 1815 2641 3380 2725; baseline -0.006 -15"><span class='ocrx_word' id='word_1_378' title='bbox 1815 2641 2111 2725; x_wconf 76' lang='lat' dir='ltr'><strong>Al-iiorri)</strong></span> <span class='ocrx_word' id='word_1_379' title='bbox 2159 2669 2359 2708; x_wconf 88' lang='lat' dir='ltr'><strong>annum</strong></span> <span class='ocrx_word' id='word_1_380' title='bbox 2414 2668 2580 2708; x_wconf 90' lang='lat' dir='ltr'><strong>unum</strong></span> <span class='ocrx_word' id='word_1_381' title='bbox 2630 2663 2683 2707; x_wconf 89' lang='lat' dir='ltr'><strong>et</strong></span> <span class='ocrx_word' id='word_1_382' title='bbox 2728 2667 2943 2706; x_wconf 89' lang='lat' dir='ltr'><strong>menses</strong></span> <span class='ocrx_word' id='word_1_383' title='bbox 2989 2651 3208 2715; x_wconf 89' lang='lat' dir='ltr'><strong>decem,</strong></span> <span class='ocrx_word' id='word_1_384' title='bbox 3257 2658 3380 2719; x_wconf 87' lang='lat' dir='ltr'><strong>post</strong></span> 
     </span>
    </p>
   </div>
   <div class='ocr_carea' id='block_1_56' title="bbox 1817 2740 3446 2818">
    <p class='ocr_par' dir='ltr' id='par_1_56' title="bbox 1817 2740 3446 2818">
     <span class='ocr_line' id='line_1_56' title="bbox 1817 2740 3446 2818; baseline -0.004 -18"><span class='ocrx_word' id='word_1_385' title='bbox 1817 2764 1954 2818; x_wconf 88' lang='lat' dir='ltr'><strong>quos</strong></span> <span class='ocrx_word' id='word_1_386' title='bbox 2001 2756 2250 2801; x_wconf 86' lang='lat' dir='ltr'><strong>mortuus</strong></span> <span class='ocrx_word' id='word_1_387' title='bbox 2324 2755 2425 2799; x_wconf 86' lang='lat' dir='ltr'><strong>est.</strong></span> <span class='ocrx_word' id='word_1_388' title='bbox 2452 2747 2607 2799; x_wconf 80' lang='lat' dir='ltr'><strong>Anno</strong></span> <span class='ocrx_word' id='word_1_389' title='bbox 2643 2744 2806 2798; x_wconf 88' lang='lat' dir='ltr'><strong>tertio</strong></span> <span class='ocrx_word' id='word_1_390' title='bbox 2844 2742 3054 2810; x_wconf 90' lang='lat' dir='ltr'><strong>imperii</strong></span> <span class='ocrx_word' id='word_1_391' title='bbox 3099 2740 3378 2794; x_wconf 81' lang='lat' dir='ltr'><strong>Maximini</strong></span> <span class='ocrx_word' id='word_1_392' title='bbox 3427 2777 3446 2794; x_wconf 91' lang='lat'><strong>.</strong></span> 
     </span>
    </p>
   </div>
   <div class='ocr_carea' id='block_1_57' title="bbox 1819 2827 3380 2904">
    <p class='ocr_par' dir='ltr' id='par_1_57' title="bbox 1819 2827 3380 2904">
     <span class='ocr_line' id='line_1_57' title="bbox 1819 2827 3380 2904; baseline -0.008 -14"><span class='ocrx_word' id='word_1_393' title='bbox 1819 2836 2049 2892; x_wconf 76' lang='lat' dir='ltr'><strong>Caesaris</strong></span> <span class='ocrx_word' id='word_1_394' title='bbox 2095 2850 2321 2904; x_wconf 89' lang='lat' dir='ltr'><strong>regnum</strong></span> <span class='ocrx_word' id='word_1_395' title='bbox 2372 2835 2426 2887; x_wconf 91' lang='lat' dir='ltr'><strong>in</strong></span> <span class='ocrx_word' id='word_1_396' title='bbox 2461 2835 2650 2888; x_wconf 85' lang='lat' dir='ltr'><strong>Persas</strong></span> <span class='ocrx_word' id='word_1_397' title='bbox 2700 2831 2937 2886; x_wconf 89' lang='lat' dir='ltr'><strong>obtinuit</strong></span> <span class='ocrx_word' id='word_1_398' title='bbox 2984 2831 3211 2884; x_wconf 87' lang='lat' dir='ltr'><strong>Bahram</strong></span> <span class='ocrx_word' id='word_1_399' title='bbox 3243 2827 3380 2880; x_wconf 84' lang='lat' dir='ltr'><strong>Hor-</strong></span> 
     </span>
    </p>
   </div>
   <div class='ocr_carea' id='block_1_58' title="bbox 1817 2920 3379 2994">
    <p class='ocr_par' dir='ltr' id='par_1_58' title="bbox 1817 2920 3379 2994">
     <span class='ocr_line' id='line_1_58' title="bbox 1817 2920 3379 2994; baseline -0.004 -14"><span class='ocrx_word' id='word_1_400' title='bbox 1817 2928 1958 2981; x_wconf 86' lang='lat' dir='ltr'><strong>mozi</strong></span> <span class='ocrx_word' id='word_1_401' title='bbox 1992 2927 2158 2990; x_wconf 82' lang='lat' dir='ltr'><strong>ﬁlius,</strong></span> <span class='ocrx_word' id='word_1_402' title='bbox 2207 2926 2518 2994; x_wconf 88' lang='lat' dir='ltr'><strong>qui-annos</strong></span> <span class='ocrx_word' id='word_1_403' title='bbox 2556 2935 2665 2978; x_wconf 87' lang='lat' dir='ltr'><strong>tres</strong></span> <span class='ocrx_word' id='word_1_404' title='bbox 2711 2939 2833 2976; x_wconf 92' lang='lat' dir='ltr'><strong>cum</strong></span> <span class='ocrx_word' id='word_1_405' title='bbox 2878 2922 3055 2977; x_wconf 84' lang='lat' dir='ltr'><strong>tribus</strong></span> <span class='ocrx_word' id='word_1_406' title='bbox 3095 2920 3379 2975; x_wconf 89' lang='lat' dir='ltr'><strong>mensibus</strong></span> 
     </span>
    </p>
   </div>
   <div class='ocr_carea' id='block_1_59' title="bbox 1773 3011 3369 3086">
    <p class='ocr_par' dir='ltr' id='par_1_59' title="bbox 1773 3011 3369 3086">
     <span class='ocr_line' id='line_1_59' title="bbox 1773 3011 3369 3086; baseline -0.006 -14"><span class='ocrx_word' id='word_1_407' title='bbox 1773 3019 2081 3086; x_wconf 64' lang='lat' dir='ltr'><strong>&#39;regnavit.</strong></span> <span class='ocrx_word' id='word_1_408' title='bbox 2135 3018 2293 3070; x_wconf 87' lang='lat' dir='ltr'><strong>Anno</strong></span> <span class='ocrx_word' id='word_1_409' title='bbox 2345 3016 2505 3069; x_wconf 87' lang='lat' dir='ltr'><strong>tertio</strong></span> <span class='ocrx_word' id='word_1_410' title='bbox 2563 3015 2816 3068; x_wconf 84' lang='lat' dir='ltr'><strong>Bahrami</strong></span> <span class='ocrx_word' id='word_1_411' title='bbox 2876 3015 3018 3083; x_wconf 88' lang='lat' dir='ltr'><strong>regis</strong></span> <span class='ocrx_word' id='word_1_412' title='bbox 3077 3011 3369 3068; x_wconf 75' lang='lat' dir='ltr'><strong>Persarum</strong></span> 
     </span>
    </p>
   </div>
   <div class='ocr_carea' id='block_1_60' title="bbox 159 3095 3377 3189">
    <p class='ocr_par' dir='ltr' id='par_1_60' title="bbox 159 3095 3377 3189">
     <span class='ocr_line' id='line_1_60' title="bbox 159 3095 3377 3189; baseline 0.004 -45"><span class='ocrx_word' id='word_1_413' title='bbox 159 3095 340 3150; x_wconf 86' lang='lat' dir='ltr'><strong>etibus</strong></span> <span class='ocrx_word' id='word_1_414' title='bbox 364 3106 418 3150; x_wconf 88' lang='lat' dir='ltr'><strong>et</strong></span> <span class='ocrx_word' id='word_1_415' title='bbox 449 3113 581 3166; x_wconf 90' lang='lat' dir='ltr'><strong>pura</strong></span> <span class='ocrx_word' id='word_1_416' title='bbox 618 3109 794 3154; x_wconf 91' lang='lat' dir='ltr'><strong>mente</strong></span> <span class='ocrx_word' id='word_1_417' title='bbox 831 3100 1118 3171; x_wconf 82' lang='lat' dir='ltr'><strong>[agerent].</strong></span> <span class='ocrx_word' id='word_1_418' title='bbox 1161 3103 1424 3156; x_wconf 85' lang='lat' dir='ltr'><strong>Asserunt</strong></span> <span class='ocrx_word' id='word_1_419' title='bbox 1451 3117 1579 3174; x_wconf 87' lang='lat' dir='ltr'><strong>ergo</strong></span> <span class='ocrx_word' id='word_1_420' title='bbox 1610 3121 1712 3159; x_wconf 93' lang='lat' dir='ltr'><strong>non</strong></span> <span class='ocrx_word' id='word_1_421' title='bbox 1745 3134 1787 3189; x_wconf 66' lang='grc' dir='ltr'><strong><em>ε</em></strong></span> <span class='ocrx_word' id='word_1_422' title='bbox 1819 3110 2171 3181; x_wconf 73' lang='lat'><strong>385-387</strong></span> <span class='ocrx_word' id='word_1_423' title='bbox 2219 3108 2352 3161; x_wconf 91' lang='lat' dir='ltr'><strong>obiit</strong></span> <span class='ocrx_word' id='word_1_424' title='bbox 2382 3107 2707 3162; x_wconf 63' lang='lat' dir='ltr'><strong>Maximinus</strong></span> <span class='ocrx_word' id='word_1_425' title='bbox 2751 3105 2956 3168; x_wconf 65' lang='lat' dir='ltr'><strong>Caesar,</strong></span> <span class='ocrx_word' id='word_1_426' title='bbox 3002 3103 3377 3156; x_wconf 76' lang='lat' dir='ltr'><strong>Romanorum</strong></span> 
     </span>
    </p>
   </div>
   <div class='ocr_carea' id='block_1_61' title="bbox 160 3186 1715 3262">
    <p class='ocr_par' dir='ltr' id='par_1_61' title="bbox 160 3186 1715 3262">
     <span class='ocr_line' id='line_1_61' title="bbox 160 3186 1715 3262; baseline 0.008 -26"><span class='ocrx_word' id='word_1_427' title='bbox 160 3186 309 3252; x_wconf 88' lang='lat' dir='ltr'><strong>prius</strong></span> <span class='ocrx_word' id='word_1_428' title='bbox 342 3186 490 3256; x_wconf 81' lang='lat' dir='ltr'><strong>ipsos</strong></span> <span class='ocrx_word' id='word_1_429' title='bbox 520 3189 679 3244; x_wconf 80' lang='lat' dir='ltr'><strong>biua‘s</strong></span> <span class='ocrx_word' id='word_1_430' title='bbox 706 3193 1015 3260; x_wconf 88' lang='lat' dir='ltr'><strong>concepisse</strong></span> <span class='ocrx_word' id='word_1_431' title='bbox 1046 3192 1290 3260; x_wconf 88' lang='lat' dir='ltr'><strong>preculas</strong></span> <span class='ocrx_word' id='word_1_432' title='bbox 1319 3207 1478 3262; x_wconf 89' lang='lat' dir='ltr'><strong>quam</strong></span> <span class='ocrx_word' id='word_1_433' title='bbox 1512 3209 1540 3246; x_wconf 90' lang='lat' dir='ltr'><strong>a</strong></span> <span class='ocrx_word' id='word_1_434' title='bbox 1567 3210 1715 3249; x_wconf 90' lang='lat' dir='ltr'><strong>sum-</strong></span> 
     </span>
    </p>
   </div>
   <div class='ocr_carea' id='block_1_62' title="bbox 160 3275 1712 3353">
    <p class='ocr_par' dir='ltr' id='par_1_62' title="bbox 160 3275 1712 3353">
     <span class='ocr_line' id='line_1_62' title="bbox 160 3275 1712 3353; baseline 0.008 -27"><span class='ocrx_word' id='word_1_435' title='bbox 160 3289 246 3327; x_wconf 87' lang='lat' dir='ltr'><strong>mo</strong></span> <span class='ocrx_word' id='word_1_436' title='bbox 273 3275 340 3328; x_wconf 87' lang='lat' dir='ltr'><strong>ad</strong></span> <span class='ocrx_word' id='word_1_437' title='bbox 373 3277 538 3330; x_wconf 90' lang='lat' dir='ltr'><strong>imum</strong></span> <span class='ocrx_word' id='word_1_438' title='bbox 571 3278 699 3332; x_wconf 76' lang='lat' dir='ltr'><strong>fisso</strong></span> <span class='ocrx_word' id='word_1_439' title='bbox 745 3281 895 3334; x_wconf 90' lang='lat' dir='ltr'><strong>urbis</strong></span> <span class='ocrx_word' id='word_1_440' title='bbox 923 3297 1075 3334; x_wconf 88' lang='lat' dir='ltr'><strong>rnttro</strong></span> <span class='ocrx_word' id='word_1_441' title='bbox 1104 3292 1345 3350; x_wconf 90' lang='lat' dir='ltr'><strong>apertum</strong></span> <span class='ocrx_word' id='word_1_442' title='bbox 1380 3285 1449 3336; x_wconf 92' lang='lat' dir='ltr'><strong>sit</strong></span> <span class='ocrx_word' id='word_1_443' title='bbox 1478 3286 1712 3353; x_wconf 86' lang='lat' dir='ltr'><strong>spatium</strong></span> 
     </span>
    </p>
   </div>
   <div class='ocr_carea' id='block_1_63' title="bbox 159 3368 1716 3441">
    <p class='ocr_par' dir='ltr' id='par_1_63' title="bbox 159 3368 1716 3441">
     <span class='ocr_line' id='line_1_63' title="bbox 159 3368 1716 3441; baseline 0.008 -23"><span class='ocrx_word' id='word_1_444' title='bbox 159 3376 268 3431; x_wconf 80' lang='lat' dir='ltr'><strong>quo</strong></span> <span class='ocrx_word' id='word_1_445' title='bbox 297 3368 503 3421; x_wconf 88' lang='lat' dir='ltr'><strong>intrare</strong></span> <span class='ocrx_word' id='word_1_446' title='bbox 535 3378 752 3437; x_wconf 85' lang='lat' dir='ltr'><strong>possent</strong></span> <span class='ocrx_word' id='word_1_447' title='bbox 784 3372 1062 3436; x_wconf 91' lang='lat' dir='ltr'><strong>homines;</strong></span> <span class='ocrx_word' id='word_1_448' title='bbox 1086 3389 1192 3441; x_wconf 90' lang='lat' dir='ltr'><strong>quo</strong></span> <span class='ocrx_word' id='word_1_449' title='bbox 1224 3373 1372 3427; x_wconf 88' lang='lat' dir='ltr'><strong>valde</strong></span> <span class='ocrx_word' id='word_1_450' title='bbox 1409 3377 1580 3429; x_wconf 89' lang='lat' dir='ltr'><strong>territi</strong></span> <span class='ocrx_word' id='word_1_451' title='bbox 1621 3393 1716 3430; x_wconf 83' lang='lat' dir='ltr'><strong>ur-</strong></span> 
     </span>
    </p>
   </div>
   <div class='ocr_carea' id='block_1_64' title="bbox 161 3453 1712 3530">
    <p class='ocr_par' dir='ltr' id='par_1_64' title="bbox 161 3453 1712 3530">
     <span class='ocr_line' id='line_1_64' title="bbox 161 3453 1712 3530; baseline 0.011 -23"><span class='ocrx_word' id='word_1_452' title='bbox 161 3453 241 3512; x_wconf 80' lang='lat' dir='ltr'><strong>bis</strong></span> <span class='ocrx_word' id='word_1_453' title='bbox 269 3457 500 3514; x_wconf 55' lang='lat' dir='ltr'><strong>incolam</strong></span> <span class='ocrx_word' id='word_1_454' title='bbox 541 3459 660 3523; x_wconf 84' lang='lat' dir='ltr'><strong>Hic,</strong></span> <span class='ocrx_word' id='word_1_455' title='bbox 691 3461 963 3530; x_wconf 87' lang='lat' dir='ltr'><strong>inquiunt,</strong></span> <span class='ocrx_word' id='word_1_456' title='bbox 997 3464 1197 3517; x_wconf 82' lang='lat' dir='ltr'><strong>fraudis</strong></span> <span class='ocrx_word' id='word_1_457' title='bbox 1228 3475 1425 3518; x_wconf 70' lang='lat' dir='ltr'><strong>nostra:</strong></span> <span class='ocrx_word' id='word_1_458' title='bbox 1463 3467 1582 3521; x_wconf 79' lang='lat' dir='ltr'><strong>(inis</strong></span> <span class='ocrx_word' id='word_1_459' title='bbox 1610 3477 1712 3524; x_wconf 89' lang='lat' dir='ltr'><strong>est.</strong></span> 
     </span>
    </p>
   </div>
   <div class='ocr_carea' id='block_1_65' title="bbox 161 3544 1712 3632">
    <p class='ocr_par' dir='ltr' id='par_1_65' title="bbox 161 3544 1712 3632">
     <span class='ocr_line' id='line_1_65' title="bbox 161 3544 1712 3632; baseline 0.013 -35"><span class='ocrx_word' id='word_1_460' title='bbox 161 3544 440 3616; x_wconf 83' lang='lat' dir='ltr'><strong>Ingressus</strong></span> <span class='ocrx_word' id='word_1_461' title='bbox 470 3566 598 3620; x_wconf 88' lang='lat' dir='ltr'><strong>ergo</strong></span> <span class='ocrx_word' id='word_1_462' title='bbox 627 3554 813 3608; x_wconf 91' lang='lat' dir='ltr'><strong>urbem</strong></span> <span class='ocrx_word' id='word_1_463' title='bbox 837 3555 1072 3624; x_wconf 82' lang='lat' dir='ltr'><strong>Sapores</strong></span> <span class='ocrx_word' id='word_1_464' title='bbox 1107 3559 1712 3632; x_wconf 77' lang='lat' dir='ltr'><strong>interfecitquicunque</strong></span> 
     </span>
    </p>
   </div>
   <div class='ocr_carea' id='block_1_66' title="bbox 161 3635 1714 3712">
    <p class='ocr_par' dir='ltr' id='par_1_66' title="bbox 161 3635 1714 3712">
     <span class='ocr_line' id='line_1_66' title="bbox 161 3635 1714 3712; baseline 0.012 -25"><span class='ocrx_word' id='word_1_465' title='bbox 161 3635 213 3689; x_wconf 90' lang='lat' dir='ltr'><strong>iu</strong></span> <span class='ocrx_word' id='word_1_466' title='bbox 247 3653 442 3693; x_wconf 89' lang='lat' dir='ltr'><strong>manus</strong></span> <span class='ocrx_word' id='word_1_467' title='bbox 478 3641 652 3711; x_wconf 90' lang='lat' dir='ltr'><strong>ipsius</strong></span> <span class='ocrx_word' id='word_1_468' title='bbox 703 3657 1064 3712; x_wconf 87' lang='lat' dir='ltr'><strong>pervenerunt</strong></span> <span class='ocrx_word' id='word_1_469' title='bbox 1114 3650 1258 3702; x_wconf 90' lang='lat' dir='ltr'><strong>viros</strong></span> <span class='ocrx_word' id='word_1_470' title='bbox 1297 3649 1435 3704; x_wconf 90' lang='lat' dir='ltr'><strong>bello</strong></span> <span class='ocrx_word' id='word_1_471' title='bbox 1471 3650 1714 3712; x_wconf 88' lang='lat' dir='ltr'><strong>idoneos,</strong></span> 
     </span>
    </p>
   </div>
   <div class='ocr_carea' id='block_1_67' title="bbox 162 3725 1712 3807">
    <p class='ocr_par' dir='ltr' id='par_1_67' title="bbox 162 3725 1712 3807">
     <span class='ocr_line' id='line_1_67' title="bbox 162 3725 1712 3807; baseline 0.012 -31"><span class='ocrx_word' id='word_1_472' title='bbox 162 3725 402 3795; x_wconf 90' lang='lat' dir='ltr'><strong>reliquos</strong></span> <span class='ocrx_word' id='word_1_473' title='bbox 441 3730 560 3796; x_wconf 85' lang='lat' dir='ltr'><strong>ejus</strong></span> <span class='ocrx_word' id='word_1_474' title='bbox 587 3733 790 3786; x_wconf 85' lang='lat' dir='ltr'><strong>incolas</strong></span> <span class='ocrx_word' id='word_1_475' title='bbox 820 3734 1174 3806; x_wconf 76' lang='lat'><strong>381-383</strong></span> <span class='ocrx_word' id='word_1_476' title='bbox 1205 3742 1448 3807; x_wconf 89' lang='lat' dir='ltr'><strong>captivos</strong></span> <span class='ocrx_word' id='word_1_477' title='bbox 1473 3740 1712 3806; x_wconf 80' lang='lat' dir='ltr'><strong>abduxit,</strong></span> 
     </span>
    </p>
   </div>
   <div class='ocr_carea' id='block_1_68' title="bbox 163 3823 1715 3894">
    <p class='ocr_par' dir='ltr' id='par_1_68' title="bbox 163 3823 1715 3894">
     <span class='ocr_line' id='line_1_68' title="bbox 163 3823 1715 3894; baseline 0.01 -28"><span class='ocrx_word' id='word_1_478' title='bbox 163 3829 522 3888; x_wconf 85' lang='lat' dir='ltr'><strong>magnamque</strong></span> <span class='ocrx_word' id='word_1_479' title='bbox 554 3823 603 3874; x_wconf 92' lang='lat' dir='ltr'><strong>in</strong></span> <span class='ocrx_word' id='word_1_480' title='bbox 635 3837 700 3874; x_wconf 91' lang='lat' dir='ltr'><strong>eo</strong></span> <span class='ocrx_word' id='word_1_481' title='bbox 720 3839 880 3891; x_wconf 88' lang='lat' dir='ltr'><strong>opum</strong></span> <span class='ocrx_word' id='word_1_482' title='bbox 911 3829 1013 3878; x_wconf 91' lang='lat' dir='ltr'><strong>vim</strong></span> <span class='ocrx_word' id='word_1_483' title='bbox 1050 3829 1272 3894; x_wconf 87' lang='lat' dir='ltr'><strong>reperit.</strong></span> <span class='ocrx_word' id='word_1_484' title='bbox 1300 3826 1500 3881; x_wconf 87' lang='lat' dir='ltr'><strong>Locum</strong></span> <span class='ocrx_word' id='word_1_485' title='bbox 1536 3838 1715 3882; x_wconf 89' lang='lat' dir='ltr'><strong>autem</strong></span> 
     </span>
    </p>
   </div>
   <div class='ocr_carea' id='block_1_69' title="bbox 162 3907 1719 3987">
    <p class='ocr_par' dir='ltr' id='par_1_69' title="bbox 162 3907 1719 3987">
     <span class='ocr_line' id='line_1_69' title="bbox 162 3907 1719 3987; baseline 0.01 -31"><span class='ocrx_word' id='word_1_486' title='bbox 162 3907 256 3974; x_wconf 87' lang='lat' dir='ltr'><strong>qui</strong></span> <span class='ocrx_word' id='word_1_487' title='bbox 285 3910 338 3986; x_wconf 84' lang='lat' dir='ltr'><strong>in</strong></span> <span class='ocrx_word' id='word_1_488' title='bbox 375 3925 530 3963; x_wconf 90' lang='lat' dir='ltr'><strong>muro</strong></span> <span class='ocrx_word' id='word_1_489' title='bbox 562 3911 723 3966; x_wconf 79' lang='lat' dir='ltr'><strong>ﬁssus</strong></span> <span class='ocrx_word' id='word_1_490' title='bbox 749 3923 829 3966; x_wconf 90' lang='lat' dir='ltr'><strong>est</strong></span> <span class='ocrx_word' id='word_1_491' title='bbox 859 3930 920 3967; x_wconf 86' lang='lat' dir='ltr'><strong>ea</strong></span> <span class='ocrx_word' id='word_1_492' title='bbox 954 3917 1113 3970; x_wconf 87' lang='lat' dir='ltr'><strong>modo</strong></span> <span class='ocrx_word' id='word_1_493' title='bbox 1160 3919 1388 3986; x_wconf 86' lang='lat' dir='ltr'><strong>relinqui</strong></span> <span class='ocrx_word' id='word_1_494' title='bbox 1426 3920 1624 3987; x_wconf 88' lang='lat' dir='ltr'><strong>jussit,</strong></span> <span class='ocrx_word' id='word_1_495' title='bbox 1661 3926 1719 3972; x_wconf 88' lang='lat' dir='ltr'><strong>ut</strong></span> 
     </span>
    </p>
   </div>
   <div class='ocr_carea' id='block_1_70' title="bbox 165 3996 1718 4078">
    <p class='ocr_par' dir='ltr' id='par_1_70' title="bbox 165 3996 1718 4078">
     <span class='ocr_line' id='line_1_70' title="bbox 165 3996 1718 4078; baseline 0.006 -23"><span class='ocrx_word' id='word_1_496' title='bbox 165 4011 228 4055; x_wconf 66' lang='lat' dir='ltr'><strong>eo</strong></span> <span class='ocrx_word' id='word_1_497' title='bbox 265 4011 560 4070; x_wconf 90' lang='lat' dir='ltr'><strong>conspecto</strong></span> <span class='ocrx_word' id='word_1_498' title='bbox 609 4005 856 4059; x_wconf 88' lang='lat' dir='ltr'><strong>homines</strong></span> <span class='ocrx_word' id='word_1_499' title='bbox 908 3996 1213 4078; x_wconf 62' lang='lat' dir='ltr'><strong>eietnplum</strong></span> <span class='ocrx_word' id='word_1_500' title='bbox 1256 4018 1534 4078; x_wconf 85' lang='lat' dir='ltr'><strong>caperent.</strong></span> <span class='ocrx_word' id='word_1_501' title='bbox 1586 4009 1718 4064; x_wconf 89' lang='lat' dir='ltr'><strong>Dein</strong></span> 
     </span>
    </p>
   </div>
   <div class='ocr_carea' id='block_1_71' title="bbox 165 4091 1719 4165">
    <p class='ocr_par' dir='ltr' id='par_1_71' title="bbox 165 4091 1719 4165">
     <span class='ocr_line' id='line_1_71' title="bbox 165 4091 1719 4165; baseline 0.007 -22"><span class='ocrx_word' id='word_1_502' title='bbox 165 4091 342 4146; x_wconf 77' lang='lat' dir='ltr'><strong>varias</strong></span> <span class='ocrx_word' id='word_1_503' title='bbox 387 4093 440 4144; x_wconf 93' lang='lat' dir='ltr'><strong>in</strong></span> <span class='ocrx_word' id='word_1_504' title='bbox 471 4092 627 4163; x_wconf 84' lang='lat' dir='ltr'><strong>Syria</strong></span> <span class='ocrx_word' id='word_1_505' title='bbox 663 4095 826 4148; x_wconf 89' lang='lat' dir='ltr'><strong>urbes</strong></span> <span class='ocrx_word' id='word_1_506' title='bbox 855 4100 1013 4165; x_wconf 83' lang='lat' dir='ltr'><strong>cepit,</strong></span> <span class='ocrx_word' id='word_1_507' title='bbox 1047 4099 1233 4152; x_wconf 91' lang='lat' dir='ltr'><strong>multis</strong></span> <span class='ocrx_word' id='word_1_508' title='bbox 1285 4100 1458 4163; x_wconf 67' lang='lat' dir='ltr'><strong>cwsis,</strong></span> <span class='ocrx_word' id='word_1_509' title='bbox 1504 4100 1719 4154; x_wconf 88' lang='lat' dir='ltr'><strong>multis-</strong></span> 
     </span>
    </p>
   </div>
   <div class='ocr_carea' id='block_1_72' title="bbox 166 4186 1723 4260">
    <p class='ocr_par' dir='ltr' id='par_1_72' title="bbox 166 4186 1723 4260">
     <span class='ocr_line' id='line_1_72' title="bbox 166 4186 1723 4260; baseline 0.008 -27"><span class='ocrx_word' id='word_1_510' title='bbox 166 4198 264 4250; x_wconf 89' lang='lat' dir='ltr'><strong>que</strong></span> <span class='ocrx_word' id='word_1_511' title='bbox 291 4186 521 4254; x_wconf 83' lang='lat' dir='ltr'><strong>captivis</strong></span> <span class='ocrx_word' id='word_1_512' title='bbox 552 4187 725 4240; x_wconf 78' lang='lat' dir='ltr'><strong>factis.</strong></span> <span class='ocrx_word' id='word_1_513' title='bbox 750 4187 966 4242; x_wconf 86' lang='lat' dir='ltr'><strong>Terram</strong></span> <span class='ocrx_word' id='word_1_514' title='bbox 993 4191 1150 4243; x_wconf 87' lang='lat' dir='ltr'><strong>etiam</strong></span> <span class='ocrx_word' id='word_1_515' title='bbox 1183 4190 1490 4246; x_wconf 75' lang='lat' dir='ltr'><strong>Graecorum</strong></span> <span class='ocrx_word' id='word_1_516' title='bbox 1521 4194 1723 4260; x_wconf 81' lang='lat' dir='ltr'><strong>ingres-</strong></span> 
     </span>
    </p>
   </div>
   <div class='ocr_carea' id='block_1_73' title="bbox 166 4279 1721 4348">
    <p class='ocr_par' dir='ltr' id='par_1_73' title="bbox 166 4279 1721 4348">
     <span class='ocr_line' id='line_1_73' title="bbox 166 4279 1721 4348; baseline 0.006 -27"><span class='ocrx_word' id='word_1_517' title='bbox 166 4287 258 4326; x_wconf 88' lang='lat' dir='ltr'><strong>sus</strong></span> <span class='ocrx_word' id='word_1_518' title='bbox 279 4290 529 4343; x_wconf 87' lang='lat' dir='ltr'><strong>magnam</strong></span> <span class='ocrx_word' id='word_1_519' title='bbox 556 4290 740 4330; x_wconf 88' lang='lat' dir='ltr'><strong>eorum</strong></span> <span class='ocrx_word' id='word_1_520' title='bbox 762 4286 990 4346; x_wconf 81' lang='lat' dir='ltr'><strong>stragem</strong></span> <span class='ocrx_word' id='word_1_521' title='bbox 1011 4279 1200 4342; x_wconf 89' lang='lat' dir='ltr'><strong>edidit,</strong></span> <span class='ocrx_word' id='word_1_522' title='bbox 1222 4281 1392 4348; x_wconf 87' lang='lat' dir='ltr'><strong>captis</strong></span> <span class='ocrx_word' id='word_1_523' title='bbox 1417 4280 1642 4332; x_wconf 83' lang='lat' dir='ltr'><strong>Kalonia</strong></span> <span class='ocrx_word' id='word_1_524' title='bbox 1668 4286 1721 4331; x_wconf 88' lang='lat' dir='ltr'><strong>et</strong></span> 
     </span>
    </p>
   </div>
   <div class='ocr_carea' id='block_1_74' title="bbox 165 4362 524 4433">
    <p class='ocr_par' dir='ltr' id='par_1_74' title="bbox 165 4362 524 4433">
     <span class='ocr_line' id='line_1_74' title="bbox 165 4362 524 4433; baseline 0.017 -20"><span class='ocrx_word' id='word_1_525' title='bbox 165 4362 524 4433; x_wconf 85' lang='lat' dir='ltr'><strong>Cappadocia.</strong></span> 
     </span>
    </p>
   </div>
   <div class='ocr_carea' id='block_1_75' title="bbox 234 4455 1716 4530">
    <p class='ocr_par' dir='ltr' id='par_1_75' title="bbox 234 4455 1716 4530">
     <span class='ocr_line' id='line_1_75' title="bbox 234 4455 1716 4530; baseline 0.005 -23"><span class='ocrx_word' id='word_1_526' title='bbox 234 4455 448 4510; x_wconf 82' lang='lat' dir='ltr'><strong>Mortuo</strong></span> <span class='ocrx_word' id='word_1_527' title='bbox 483 4459 757 4510; x_wconf 84' lang='lat' dir='ltr'><strong>Antonino</strong></span> <span class='ocrx_word' id='word_1_528' title='bbox 790 4458 1000 4511; x_wconf 63' lang='lat' dir='ltr'><strong>Caesare</strong></span> <span class='ocrx_word' id='word_1_529' title='bbox 1023 4499 1037 4521; x_wconf 93' lang='lat'><strong>,</strong></span> <span class='ocrx_word' id='word_1_530' title='bbox 1083 4457 1264 4518; x_wconf 74' lang='lat' dir='ltr'><strong>Roma:</strong></span> <span class='ocrx_word' id='word_1_531' title='bbox 1298 4472 1419 4529; x_wconf 90' lang='lat' dir='ltr'><strong>post</strong></span> <span class='ocrx_word' id='word_1_532' title='bbox 1453 4462 1624 4530; x_wconf 90' lang='lat' dir='ltr'><strong>ipsum</strong></span> <span class='ocrx_word' id='word_1_533' title='bbox 1664 4462 1716 4515; x_wconf 89' lang='lat' dir='ltr'><strong>iu</strong></span> 
     </span>
    </p>
   </div>
   <div class='ocr_carea' id='block_1_76' title="bbox 1820 3193 3378 3267">
    <p class='ocr_par' dir='ltr' id='par_1_76' title="bbox 1820 3193 3378 3267">
     <span class='ocr_line' id='line_1_76' title="bbox 1820 3193 3378 3267; baseline -0.004 -15"><span class='ocrx_word' id='word_1_534' title='bbox 1820 3200 2147 3267; x_wconf 88' lang='lat' dir='ltr'><strong>imperator;</strong></span> <span class='ocrx_word' id='word_1_535' title='bbox 2198 3204 2324 3266; x_wconf 88' lang='lat' dir='ltr'><strong>post</strong></span> <span class='ocrx_word' id='word_1_536' title='bbox 2371 3211 2533 3264; x_wconf 90' lang='lat' dir='ltr'><strong>quem</strong></span> <span class='ocrx_word' id='word_1_537' title='bbox 2581 3195 2822 3262; x_wconf 86' lang='lat' dir='ltr'><strong>regnavit</strong></span> <span class='ocrx_word' id='word_1_538' title='bbox 2857 3193 3130 3262; x_wconf 90' lang='lat' dir='ltr'><strong>Pupienus</strong></span> <span class='ocrx_word' id='word_1_539' title='bbox 3174 3193 3378 3256; x_wconf 62' lang='lat' dir='ltr'><strong>Casar,</strong></span> 
     </span>
    </p>
   </div>
   <div class='ocr_carea' id='block_1_77' title="bbox 1817 3284 3378 3359">
    <p class='ocr_par' dir='ltr' id='par_1_77' title="bbox 1817 3284 3378 3359">
     <span class='ocr_line' id='line_1_77' title="bbox 1817 3284 3378 3359; baseline -0.004 -16"><span class='ocrx_word' id='word_1_540' title='bbox 1817 3291 1909 3359; x_wconf 91' lang='lat' dir='ltr'><strong>qui</strong></span> <span class='ocrx_word' id='word_1_541' title='bbox 1949 3300 2002 3343; x_wconf 93' lang='lat' dir='ltr'><strong>et</strong></span> <span class='ocrx_word' id='word_1_542' title='bbox 2035 3288 2287 3342; x_wconf 82' lang='lat' dir='ltr'><strong>Julianus</strong></span> <span class='ocrx_word' id='word_1_543' title='bbox 2328 3287 2634 3356; x_wconf 86' lang='lat' dir='ltr'><strong>appellatus</strong></span> <span class='ocrx_word' id='word_1_544' title='bbox 2665 3294 2768 3349; x_wconf 85' lang='lat' dir='ltr'><strong>est,</strong></span> <span class='ocrx_word' id='word_1_545' title='bbox 2813 3294 2923 3339; x_wconf 88' lang='lat' dir='ltr'><strong>tres</strong></span> <span class='ocrx_word' id='word_1_546' title='bbox 2959 3299 3210 3346; x_wconf 81' lang='lat' dir='ltr'><strong>menses,</strong></span> <span class='ocrx_word' id='word_1_547' title='bbox 3254 3284 3378 3337; x_wconf 88' lang='lat' dir='ltr'><strong>dein</strong></span> 
     </span>
    </p>
   </div>
   <div class='ocr_carea' id='block_1_78' title="bbox 1818 3374 3382 3448">
    <p class='ocr_par' dir='ltr' id='par_1_78' title="bbox 1818 3374 3382 3448">
     <span class='ocr_line' id='line_1_78' title="bbox 1818 3374 3382 3448; baseline -0.004 -13"><span class='ocrx_word' id='word_1_548' title='bbox 1818 3381 2034 3435; x_wconf 85' lang='lat' dir='ltr'><strong>occisus</strong></span> <span class='ocrx_word' id='word_1_549' title='bbox 2064 3389 2178 3444; x_wconf 88' lang='lat' dir='ltr'><strong>est;</strong></span> <span class='ocrx_word' id='word_1_550' title='bbox 2213 3379 2515 3448; x_wconf 88' lang='lat' dir='ltr'><strong>imperante</strong></span> <span class='ocrx_word' id='word_1_551' title='bbox 2547 3387 2666 3446; x_wconf 90' lang='lat' dir='ltr'><strong>post</strong></span> <span class='ocrx_word' id='word_1_552' title='bbox 2695 3377 2872 3446; x_wconf 88' lang='lat' dir='ltr'><strong>ipsum</strong></span> <span class='ocrx_word' id='word_1_553' title='bbox 2909 3376 3090 3428; x_wconf 64' lang='lat' dir='ltr'><strong>Romae</strong></span> <span class='ocrx_word' id='word_1_554' title='bbox 3118 3374 3382 3430; x_wconf 79' lang='lat' dir='ltr'><strong>Romanis</strong></span> 
     </span>
    </p>
   </div>
   <div class='ocr_carea' id='block_1_79' title="bbox 1817 3466 3380 3536">
    <p class='ocr_par' dir='ltr' id='par_1_79' title="bbox 1817 3466 3380 3536">
     <span class='ocr_line' id='line_1_79' title="bbox 1817 3466 3380 3536; baseline -0.004 -10"><span class='ocrx_word' id='word_1_555' title='bbox 1817 3470 2092 3526; x_wconf 85' lang='lat' dir='ltr'><strong>Gordiano</strong></span> <span class='ocrx_word' id='word_1_556' title='bbox 2138 3470 2348 3523; x_wconf 66' lang='lat' dir='ltr'><strong>Caesare</strong></span> <span class='ocrx_word' id='word_1_557' title='bbox 2399 3484 2576 3523; x_wconf 90' lang='lat' dir='ltr'><strong>annos</strong></span> <span class='ocrx_word' id='word_1_558' title='bbox 2624 3479 2881 3536; x_wconf 88' lang='lat' dir='ltr'><strong>quatuor.</strong></span> <span class='ocrx_word' id='word_1_559' title='bbox 2942 3467 3113 3535; x_wconf 83' lang='lat' dir='ltr'><strong>Cujus</strong></span> <span class='ocrx_word' id='word_1_560' title='bbox 3163 3466 3380 3534; x_wconf 88' lang='lat' dir='ltr'><strong>imperii</strong></span> 
     </span>
    </p>
   </div>
   <div class='ocr_carea' id='block_1_80' title="bbox 1818 3558 3380 3629">
    <p class='ocr_par' dir='ltr' id='par_1_80' title="bbox 1818 3558 3380 3629">
     <span class='ocr_line' id='line_1_80' title="bbox 1818 3558 3380 3629; baseline -0.003 -14"><span class='ocrx_word' id='word_1_561' title='bbox 1818 3577 1962 3616; x_wconf 89' lang='lat' dir='ltr'><strong>anno</strong></span> <span class='ocrx_word' id='word_1_562' title='bbox 2004 3563 2178 3629; x_wconf 90' lang='lat' dir='ltr'><strong>primo</strong></span> <span class='ocrx_word' id='word_1_563' title='bbox 2229 3561 2561 3615; x_wconf 87' lang='lat' dir='ltr'><strong>constitutus</strong></span> <span class='ocrx_word' id='word_1_564' title='bbox 2606 3567 2688 3614; x_wconf 91' lang='lat' dir='ltr'><strong>est</strong></span> <span class='ocrx_word' id='word_1_565' title='bbox 2737 3558 3031 3612; x_wconf 86' lang='lat' dir='ltr'><strong>Flavianus</strong></span> <span class='ocrx_word' id='word_1_566' title='bbox 3074 3558 3380 3626; x_wconf 85' lang='lat' dir='ltr'><strong>patriarcha</strong></span> 
     </span>
    </p>
   </div>
   <div class='ocr_carea' id='block_1_81' title="bbox 1819 3649 3383 3721">
    <p class='ocr_par' dir='ltr' id='par_1_81' title="bbox 1819 3649 3383 3721">
     <span class='ocr_line' id='line_1_81' title="bbox 1819 3649 3383 3721; baseline -0.003 -16"><span class='ocrx_word' id='word_1_567' title='bbox 1819 3653 2217 3717; x_wconf 82' lang='lat' dir='ltr'><strong>Antiochenus,</strong></span> <span class='ocrx_word' id='word_1_568' title='bbox 2246 3656 2336 3721; x_wconf 92' lang='lat' dir='ltr'><strong>qui</strong></span> <span class='ocrx_word' id='word_1_569' title='bbox 2374 3666 2546 3706; x_wconf 86' lang='lat' dir='ltr'><strong>annos</strong></span> <span class='ocrx_word' id='word_1_570' title='bbox 2584 3651 2835 3705; x_wconf 87' lang='lat' dir='ltr'><strong>undecim</strong></span> <span class='ocrx_word' id='word_1_571' title='bbox 2869 3650 3033 3712; x_wconf 90' lang='lat' dir='ltr'><strong>sedit,</strong></span> <span class='ocrx_word' id='word_1_572' title='bbox 3073 3649 3198 3702; x_wconf 85' lang='lat' dir='ltr'><strong>dein</strong></span> <span class='ocrx_word' id='word_1_573' title='bbox 3235 3663 3383 3700; x_wconf 91' lang='lat' dir='ltr'><strong>mor-</strong></span> 
     </span>
    </p>
   </div>
   <div class='ocr_carea' id='block_1_82' title="bbox 1822 3738 3385 3814">
    <p class='ocr_par' dir='ltr' id='par_1_82' title="bbox 1822 3738 3385 3814">
     <span class='ocr_line' id='line_1_82' title="bbox 1822 3738 3385 3814; baseline -0.004 -19"><span class='ocrx_word' id='word_1_574' title='bbox 1822 3753 1946 3796; x_wconf 93' lang='lat' dir='ltr'><strong>tuus</strong></span> <span class='ocrx_word' id='word_1_575' title='bbox 1986 3752 2091 3797; x_wconf 90' lang='lat' dir='ltr'><strong>est.</strong></span> <span class='ocrx_word' id='word_1_576' title='bbox 2123 3743 2281 3798; x_wconf 82' lang='lat' dir='ltr'><strong>Anno</strong></span> <span class='ocrx_word' id='word_1_577' title='bbox 2324 3741 2535 3810; x_wconf 89' lang='lat' dir='ltr'><strong>imperii</strong></span> <span class='ocrx_word' id='word_1_578' title='bbox 2583 3742 2754 3810; x_wconf 89' lang='lat' dir='ltr'><strong>ipsius</strong></span> <span class='ocrx_word' id='word_1_579' title='bbox 2797 3738 3040 3814; x_wconf 71' lang='lat' dir='ltr'><strong>secundo</strong></span> <span class='ocrx_word' id='word_1_580' title='bbox 3084 3739 3261 3790; x_wconf 79' lang='lat' dir='ltr'><strong>factus</strong></span> <span class='ocrx_word' id='word_1_581' title='bbox 3301 3747 3385 3789; x_wconf 87' lang='lat' dir='ltr'><strong>est</strong></span> 
     </span>
    </p>
   </div>
   <div class='ocr_carea' id='block_1_83' title="bbox 1819 3829 3381 3904">
    <p class='ocr_par' dir='ltr' id='par_1_83' title="bbox 1819 3829 3381 3904">
     <span class='ocr_line' id='line_1_83' title="bbox 1819 3829 3381 3904; baseline -0.008 -17"><span class='ocrx_word' id='word_1_582' title='bbox 1819 3834 2123 3890; x_wconf 87' lang='lat' dir='ltr'><strong>Germanus</strong></span> <span class='ocrx_word' id='word_1_583' title='bbox 2172 3834 2465 3904; x_wconf 82' lang='lat' dir='ltr'><strong>episcOpus</strong></span> <span class='ocrx_word' id='word_1_584' title='bbox 2515 3831 3083 3900; x_wconf 82' lang='lat' dir='ltr'><strong>Hierosolymitanus,</strong></span> <span class='ocrx_word' id='word_1_585' title='bbox 3134 3829 3381 3896; x_wconf 92' lang='lat' dir='ltr'><strong>quicum</strong></span> 
     </span>
    </p>
   </div>
   <div class='ocr_carea' id='block_1_84' title="bbox 1821 3918 3388 3995">
    <p class='ocr_par' dir='ltr' id='par_1_84' title="bbox 1821 3918 3388 3995">
     <span class='ocr_line' id='line_1_84' title="bbox 1821 3918 3388 3995; baseline -0.006 -16"><span class='ocrx_word' id='word_1_586' title='bbox 1821 3942 1990 3980; x_wconf 91' lang='lat' dir='ltr'><strong>annos</strong></span> <span class='ocrx_word' id='word_1_587' title='bbox 2023 3937 2260 3995; x_wconf 90' lang='lat' dir='ltr'><strong>quatuor</strong></span> <span class='ocrx_word' id='word_1_588' title='bbox 2300 3926 2565 3990; x_wconf 87' lang='lat' dir='ltr'><strong>sedisset,</strong></span> <span class='ocrx_word' id='word_1_589' title='bbox 2603 3935 2852 3977; x_wconf 84' lang='lat' dir='ltr'><strong>mortuus</strong></span> <span class='ocrx_word' id='word_1_590' title='bbox 2892 3932 2998 3975; x_wconf 89' lang='lat' dir='ltr'><strong>est.</strong></span> <span class='ocrx_word' id='word_1_591' title='bbox 3032 3924 3190 3974; x_wconf 77' lang='lat' dir='ltr'><strong>Auno</strong></span> <span class='ocrx_word' id='word_1_592' title='bbox 3235 3918 3388 3986; x_wconf 81' lang='lat' dir='ltr'><strong>ejus-</strong></span> 
     </span>
    </p>
   </div>
   <div class='ocr_carea' id='block_1_85' title="bbox 1820 4009 3386 4075">
    <p class='ocr_par' dir='ltr' id='par_1_85' title="bbox 1820 4009 3386 4075">
     <span class='ocr_line' id='line_1_85' title="bbox 1820 4009 3386 4075; baseline -0.008 -4"><span class='ocrx_word' id='word_1_593' title='bbox 1820 4018 1941 4071; x_wconf 87' lang='lat' dir='ltr'><strong>dem</strong></span> <span class='ocrx_word' id='word_1_594' title='bbox 1998 4020 2159 4072; x_wconf 85' lang='lat' dir='ltr'><strong>tertio</strong></span> <span class='ocrx_word' id='word_1_595' title='bbox 2211 4015 2455 4075; x_wconf 79' lang='lat' dir='ltr'><strong>mortuus</strong></span> <span class='ocrx_word' id='word_1_596' title='bbox 2504 4024 2588 4070; x_wconf 88' lang='lat' dir='ltr'><strong>est</strong></span> <span class='ocrx_word' id='word_1_597' title='bbox 2632 4014 2864 4068; x_wconf 87' lang='lat' dir='ltr'><strong>Bahram</strong></span> <span class='ocrx_word' id='word_1_598' title='bbox 2921 4011 3174 4065; x_wconf 80' lang='lat' dir='ltr'><strong>llormozi</strong></span> <span class='ocrx_word' id='word_1_599' title='bbox 3219 4009 3386 4071; x_wconf 70' lang='lat' dir='ltr'><strong>filius,</strong></span> 
     </span>
    </p>
   </div>
   <div class='ocr_carea' id='block_1_86' title="bbox 1823 4095 3386 4174">
    <p class='ocr_par' dir='ltr' id='par_1_86' title="bbox 1823 4095 3386 4174">
     <span class='ocr_line' id='line_1_86' title="bbox 1823 4095 3386 4174; baseline -0.008 -14"><span class='ocrx_word' id='word_1_600' title='bbox 1823 4123 1914 4160; x_wconf 88' lang='lat' dir='ltr'><strong>rex</strong></span> <span class='ocrx_word' id='word_1_601' title='bbox 1949 4106 2270 4170; x_wconf 86' lang='lat' dir='ltr'><strong>Persarum;</strong></span> <span class='ocrx_word' id='word_1_602' title='bbox 2309 4114 2431 4174; x_wconf 92' lang='lat' dir='ltr'><strong>post</strong></span> <span class='ocrx_word' id='word_1_603' title='bbox 2477 4119 2637 4174; x_wconf 88' lang='lat' dir='ltr'><strong>quem</strong></span> <span class='ocrx_word' id='word_1_604' title='bbox 2675 4104 2919 4172; x_wconf 86' lang='lat' dir='ltr'><strong>regnavit</strong></span> <span class='ocrx_word' id='word_1_605' title='bbox 2963 4102 3192 4166; x_wconf 86' lang='lat' dir='ltr'><strong>Bahram</strong></span> <span class='ocrx_word' id='word_1_606' title='bbox 3238 4095 3386 4150; x_wconf 84' lang='lat' dir='ltr'><strong>Bah—</strong></span> 
     </span>
    </p>
   </div>
   <div class='ocr_carea' id='block_1_87' title="bbox 1823 4188 3386 4261">
    <p class='ocr_par' dir='ltr' id='par_1_87' title="bbox 1823 4188 3386 4261">
     <span class='ocr_line' id='line_1_87' title="bbox 1823 4188 3386 4261; baseline -0.006 -8"><span class='ocrx_word' id='word_1_607' title='bbox 1823 4200 1957 4253; x_wconf 88' lang='lat' dir='ltr'><strong>rami</strong></span> <span class='ocrx_word' id='word_1_608' title='bbox 1991 4199 2133 4254; x_wconf 80' lang='lat' dir='ltr'><strong>[ilius</strong></span> <span class='ocrx_word' id='word_1_609' title='bbox 2175 4198 2227 4252; x_wconf 91' lang='lat' dir='ltr'><strong>in</strong></span> <span class='ocrx_word' id='word_1_610' title='bbox 2264 4196 2459 4252; x_wconf 86' lang='lat' dir='ltr'><strong>Persas</strong></span> <span class='ocrx_word' id='word_1_611' title='bbox 2482 4235 2497 4259; x_wconf 95' lang='lat'><strong>,</strong></span> <span class='ocrx_word' id='word_1_612' title='bbox 2534 4210 2707 4249; x_wconf 87' lang='lat' dir='ltr'><strong>annos</strong></span> <span class='ocrx_word' id='word_1_613' title='bbox 2755 4191 3161 4261; x_wconf 81' lang='lat' dir='ltr'><strong>septemdecim.</strong></span> <span class='ocrx_word' id='word_1_614' title='bbox 3214 4188 3386 4257; x_wconf 77' lang='lat' dir='ltr'><strong>Cujus</strong></span> 
     </span>
    </p>
   </div>
   <div class='ocr_carea' id='block_1_88' title="bbox 1823 4281 3386 4360">
    <p class='ocr_par' dir='ltr' id='par_1_88' title="bbox 1823 4281 3386 4360">
     <span class='ocr_line' id='line_1_88' title="bbox 1823 4281 3386 4360; baseline -0.009 -15"><span class='ocrx_word' id='word_1_615' title='bbox 1823 4301 2067 4360; x_wconf 88' lang='lat' dir='ltr'><strong>tempore</strong></span> <span class='ocrx_word' id='word_1_616' title='bbox 2101 4290 2355 4360; x_wconf 89' lang='lat' dir='ltr'><strong>prodiens</strong></span> <span class='ocrx_word' id='word_1_617' title='bbox 2401 4287 2620 4357; x_wconf 86' lang='lat' dir='ltr'><strong>quidam</strong></span> <span class='ocrx_word' id='word_1_618' title='bbox 2669 4286 2880 4355; x_wconf 89' lang='lat' dir='ltr'><strong>origine</strong></span> <span class='ocrx_word' id='word_1_619' title='bbox 2927 4283 3112 4346; x_wconf 88' lang='lat' dir='ltr'><strong>Persa,</strong></span> <span class='ocrx_word' id='word_1_620' title='bbox 3163 4281 3386 4334; x_wconf 84' lang='lat' dir='ltr'><strong>nomine</strong></span> 
     </span>
    </p>
   </div>
   <div class='ocr_carea' id='block_1_89' title="bbox 1822 4375 3385 4446">
    <p class='ocr_par' dir='ltr' id='par_1_89' title="bbox 1822 4375 3385 4446">
     <span class='ocr_line' id='line_1_89' title="bbox 1822 4375 3385 4446; baseline -0.008 -11"><span class='ocrx_word' id='word_1_621' title='bbox 1822 4383 1987 4446; x_wconf 80' lang='lat' dir='ltr'><strong>Mani,</strong></span> <span class='ocrx_word' id='word_1_622' title='bbox 2016 4381 2434 4434; x_wconf 68' lang='lat' dir='ltr'><strong>Manichaeorum</strong></span> <span class='ocrx_word' id='word_1_623' title='bbox 2464 4378 2746 4446; x_wconf 86' lang='lat' dir='ltr'><strong>religionis</strong></span> <span class='ocrx_word' id='word_1_624' title='bbox 2777 4385 2962 4429; x_wconf 86' lang='lat' dir='ltr'><strong>auctor</strong></span> <span class='ocrx_word' id='word_1_625' title='bbox 2990 4375 3110 4435; x_wconf 77' lang='lat' dir='ltr'><strong>fuit,</strong></span> <span class='ocrx_word' id='word_1_626' title='bbox 3135 4384 3385 4424; x_wconf 86' lang='lat' dir='ltr'><strong>asserens</strong></span> 
     </span>
    </p>
   </div>
   <div class='ocr_carea' id='block_1_90' title="bbox 1823 4461 3386 4542">
    <p class='ocr_par' dir='ltr' id='par_1_90' title="bbox 1823 4461 3386 4542">
     <span class='ocr_line' id='line_1_90' title="bbox 1823 4461 3386 4542; baseline -0.011 -14"><span class='ocrx_word' id='word_1_627' title='bbox 1823 4489 1882 4528; x_wconf 90' lang='lat' dir='ltr'><strong>se</strong></span> <span class='ocrx_word' id='word_1_628' title='bbox 1915 4475 2231 4542; x_wconf 89' lang='lat' dir='ltr'><strong>prophetam</strong></span> <span class='ocrx_word' id='word_1_629' title='bbox 2274 4486 2414 4536; x_wconf 90' lang='lat' dir='ltr'><strong>esse,</strong></span> <span class='ocrx_word' id='word_1_630' title='bbox 2451 4485 2612 4539; x_wconf 88' lang='lat' dir='ltr'><strong>quem</strong></span> <span class='ocrx_word' id='word_1_631' title='bbox 2647 4469 2981 4537; x_wconf 83' lang='lat' dir='ltr'><strong>prehensum</strong></span> <span class='ocrx_word' id='word_1_632' title='bbox 3027 4463 3265 4517; x_wconf 90' lang='lat' dir='ltr'><strong>medium</strong></span> <span class='ocrx_word' id='word_1_633' title='bbox 3298 4461 3386 4512; x_wconf 74' lang='lat' dir='ltr'><strong>di~</strong></span> 
     </span>
    </p>
   </div>
   <div class='ocr_carea' id='block_1_91' title="bbox 164 4542 3383 4626">
    <p class='ocr_par' dir='ltr' id='par_1_91' title="bbox 164 4542 3383 4626">
     <span class='ocr_line' id='line_1_91' title="bbox 164 4542 3383 4626; baseline 0.004 -30"><span class='ocrx_word' id='word_1_634' title='bbox 164 4542 438 4602; x_wconf 78' lang='lat' dir='ltr'><strong>Romanos</strong></span> <span class='ocrx_word' id='word_1_635' title='bbox 485 4549 724 4616; x_wconf 80' lang='lat' dir='ltr'><strong>regnavit</strong></span> <span class='ocrx_word' id='word_1_636' title='bbox 762 4550 1065 4602; x_wconf 81' lang='lat' dir='ltr'><strong>Alexander</strong></span> <span class='ocrx_word' id='word_1_637' title='bbox 1110 4551 1290 4605; x_wconf 70' lang='lat' dir='ltr'><strong>Caesar</strong></span> <span class='ocrx_word' id='word_1_638' title='bbox 1329 4567 1497 4607; x_wconf 84' lang='lat' dir='ltr'><strong>annos</strong></span> <span class='ocrx_word' id='word_1_639' title='bbox 1541 4553 1721 4607; x_wconf 87' lang='lat' dir='ltr'><strong>trede-</strong></span> <span class='ocrx_word' id='word_1_640' title='bbox 1752 4544 1796 4598; x_wconf 77' lang='grc' dir='ltr'><strong>ί)</strong></span> <span class='ocrx_word' id='word_1_641' title='bbox 1827 4567 1955 4618; x_wconf 64' lang='lat' dir='ltr'><strong>visit</strong></span> <span class='ocrx_word' id='word_1_642' title='bbox 2003 4563 2256 4626; x_wconf 71' lang='lat' dir='ltr'><strong>Bahram,</strong></span> <span class='ocrx_word' id='word_1_643' title='bbox 2308 4561 2561 4614; x_wconf 83' lang='lat' dir='ltr'><strong>Bahrami</strong></span> <span class='ocrx_word' id='word_1_644' title='bbox 2618 4560 2783 4622; x_wconf 82' lang='lat' dir='ltr'><strong>ﬁlius,</strong></span> <span class='ocrx_word' id='word_1_645' title='bbox 2837 4557 3010 4624; x_wconf 89' lang='lat' dir='ltr'><strong>captis</strong></span> <span class='ocrx_word' id='word_1_646' title='bbox 3065 4557 3288 4622; x_wconf 82' lang='lat' dir='ltr'><strong>insuper</strong></span> <span class='ocrx_word' id='word_1_647' title='bbox 3320 4568 3383 4604; x_wconf 69' lang='lat' dir='ltr'><strong>et</strong></span> 
     </span>
    </p>
   </div>
   <div class='ocr_carea' id='block_1_92' title="bbox 169 4637 1720 4715">
    <p class='ocr_par' dir='ltr' id='par_1_92' title="bbox 169 4637 1720 4715">
     <span class='ocr_line' id='line_1_92' title="bbox 169 4637 1720 4715; baseline 0.008 -26"><span class='ocrx_word' id='word_1_648' title='bbox 169 4637 292 4704; x_wconf 90' lang='lat' dir='ltr'><strong>cim,</strong></span> <span class='ocrx_word' id='word_1_649' title='bbox 330 4640 492 4706; x_wconf 86' lang='lat' dir='ltr'><strong>idque</strong></span> <span class='ocrx_word' id='word_1_650' title='bbox 523 4654 665 4692; x_wconf 91' lang='lat' dir='ltr'><strong>anno</strong></span> <span class='ocrx_word' id='word_1_651' title='bbox 699 4645 842 4706; x_wconf 84' lang='lat' dir='ltr'><strong>regni</strong></span> <span class='ocrx_word' id='word_1_652' title='bbox 875 4641 1095 4709; x_wconf 70' lang='lat' dir='ltr'><strong>Saporis</strong></span> <span class='ocrx_word' id='word_1_653' title='bbox 1131 4642 1224 4694; x_wconf 79' lang='lat' dir='ltr'><strong>[illi</strong></span> <span class='ocrx_word' id='word_1_654' title='bbox 1254 4644 1538 4697; x_wconf 81' lang='lat' dir='ltr'><strong>Azdashiri</strong></span> <span class='ocrx_word' id='word_1_655' title='bbox 1576 4646 1720 4715; x_wconf 84' lang='lat' dir='ltr'><strong>regis</strong></span> 
     </span>
    </p>
   </div>
   <div class='ocr_carea' id='block_1_93' title="bbox 169 4727 1720 4802">
    <p class='ocr_par' dir='ltr' id='par_1_93' title="bbox 169 4727 1720 4802">
     <span class='ocr_line' id='line_1_93' title="bbox 169 4727 1720 4802; baseline 0.006 -23"><span class='ocrx_word' id='word_1_656' title='bbox 169 4727 456 4784; x_wconf 86' lang='lat' dir='ltr'><strong>Persarum</strong></span> <span class='ocrx_word' id='word_1_657' title='bbox 491 4731 979 4799; x_wconf 83' lang='lat' dir='ltr'><strong>decimo-septimo.</strong></span> <span class='ocrx_word' id='word_1_658' title='bbox 1016 4733 1128 4785; x_wconf 84' lang='lat' dir='ltr'><strong>Sub</strong></span> <span class='ocrx_word' id='word_1_659' title='bbox 1166 4749 1228 4787; x_wconf 90' lang='lat' dir='ltr'><strong>eo</strong></span> <span class='ocrx_word' id='word_1_660' title='bbox 1258 4749 1389 4802; x_wconf 86' lang='lat' dir='ltr'><strong>pace</strong></span> <span class='ocrx_word' id='word_1_661' title='bbox 1421 4744 1474 4789; x_wconf 91' lang='lat' dir='ltr'><strong>et</strong></span> <span class='ocrx_word' id='word_1_662' title='bbox 1510 4736 1720 4789; x_wconf 87' lang='lat' dir='ltr'><strong>incolu-</strong></span> 
     </span>
    </p>
   </div>
   <div class='ocr_carea' id='block_1_94' title="bbox 172 4820 1721 4895">
    <p class='ocr_par' dir='ltr' id='par_1_94' title="bbox 172 4820 1721 4895">
     <span class='ocr_line' id='line_1_94' title="bbox 172 4820 1721 4895; baseline 0.008 -26"><span class='ocrx_word' id='word_1_663' title='bbox 172 4820 358 4875; x_wconf 89' lang='lat' dir='ltr'><strong>mitate</strong></span> <span class='ocrx_word' id='word_1_664' title='bbox 413 4821 584 4889; x_wconf 89' lang='lat' dir='ltr'><strong>gavisi</strong></span> <span class='ocrx_word' id='word_1_665' title='bbox 620 4832 744 4874; x_wconf 89' lang='lat' dir='ltr'><strong>sunt</strong></span> <span class='ocrx_word' id='word_1_666' title='bbox 789 4821 1106 4876; x_wconf 85' lang='lat' dir='ltr'><strong>Christiani.</strong></span> <span class='ocrx_word' id='word_1_667' title='bbox 1143 4824 1310 4878; x_wconf 83' lang='lat' dir='ltr'><strong>Mater</strong></span> <span class='ocrx_word' id='word_1_668' title='bbox 1350 4828 1491 4878; x_wconf 91' lang='lat' dir='ltr'><strong>cnim</strong></span> <span class='ocrx_word' id='word_1_669' title='bbox 1528 4828 1721 4895; x_wconf 85' lang='lat' dir='ltr'><strong>ipsius,</strong></span> 
     </span>
    </p>
   </div>
   <div class='ocr_carea' id='block_1_95' title="bbox 170 4911 1722 4984">
    <p class='ocr_par' dir='ltr' id='par_1_95' title="bbox 170 4911 1722 4984">
     <span class='ocr_line' id='line_1_95' title="bbox 170 4911 1722 4984; baseline 0.005 -23"><span class='ocrx_word' id='word_1_670' title='bbox 170 4913 387 4965; x_wconf 90' lang='lat' dir='ltr'><strong>nomine</strong></span> <span class='ocrx_word' id='word_1_671' title='bbox 420 4911 624 4970; x_wconf 77' lang='lat' dir='ltr'><strong>illatua.</strong></span> <span class='ocrx_word' id='word_1_672' title='bbox 661 4927 852 4980; x_wconf 86' lang='lat' dir='ltr'><strong>magno</strong></span> <span class='ocrx_word' id='word_1_673' title='bbox 898 4914 947 4964; x_wconf 91' lang='lat' dir='ltr'><strong>in</strong></span> <span class='ocrx_word' id='word_1_674' title='bbox 993 4913 1334 4968; x_wconf 90' lang='lat' dir='ltr'><strong>Christianos</strong></span> <span class='ocrx_word' id='word_1_675' title='bbox 1375 4930 1558 4969; x_wconf 85' lang='lat' dir='ltr'><strong>amore</strong></span> <span class='ocrx_word' id='word_1_676' title='bbox 1594 4931 1722 4984; x_wconf 82' lang='lat' dir='ltr'><strong>pro-</strong></span> 
     </span>
    </p>
   </div>
   <div class='ocr_carea' id='block_1_96' title="bbox 173 5002 1725 5070">
    <p class='ocr_par' dir='ltr' id='par_1_96' title="bbox 173 5002 1725 5070">
     <span class='ocr_line' id='line_1_96' title="bbox 173 5002 1725 5070; baseline 0.004 -16"><span class='ocrx_word' id='word_1_677' title='bbox 173 5002 382 5066; x_wconf 87' lang='lat' dir='ltr'><strong>pendit.</strong></span> <span class='ocrx_word' id='word_1_678' title='bbox 420 5002 579 5054; x_wconf 86' lang='lat' dir='ltr'><strong>Anno</strong></span> <span class='ocrx_word' id='word_1_679' title='bbox 613 5002 821 5070; x_wconf 90' lang='lat' dir='ltr'><strong>imperii</strong></span> <span class='ocrx_word' id='word_1_680' title='bbox 858 5002 1027 5069; x_wconf 87' lang='lat' dir='ltr'><strong>ipsius</strong></span> <span class='ocrx_word' id='word_1_681' title='bbox 1062 5004 1252 5070; x_wconf 68' lang='lat' dir='ltr'><strong>primoo</strong></span> <span class='ocrx_word' id='word_1_682' title='bbox 1275 5006 1608 5061; x_wconf 82' lang='lat' dir='ltr'><strong>constitutus</strong></span> <span class='ocrx_word' id='word_1_683' title='bbox 1643 5017 1725 5060; x_wconf 86' lang='lat' dir='ltr'><strong>est</strong></span> 
     </span>
    </p>
   </div>
   <div class='ocr_carea' id='block_1_97' title="bbox 176 5087 1723 5161">
    <p class='ocr_par' dir='ltr' id='par_1_97' title="bbox 176 5087 1723 5161">
     <span class='ocr_line' id='line_1_97' title="bbox 176 5087 1723 5161; baseline 0.007 -20"><span class='ocrx_word' id='word_1_684' title='bbox 176 5087 458 5147; x_wconf 84' lang='lat' dir='ltr'><strong>Hcraclius</strong></span> <span class='ocrx_word' id='word_1_685' title='bbox 487 5093 796 5161; x_wconf 88' lang='lat' dir='ltr'><strong>patriarcha</strong></span> <span class='ocrx_word' id='word_1_686' title='bbox 831 5095 1248 5161; x_wconf 83' lang='lat' dir='ltr'><strong>Alexandrinus,</strong></span> <span class='ocrx_word' id='word_1_687' title='bbox 1281 5098 1369 5148; x_wconf 90' lang='lat' dir='ltr'><strong>ubi</strong></span> <span class='ocrx_word' id='word_1_688' title='bbox 1399 5113 1520 5151; x_wconf 86' lang='lat' dir='ltr'><strong>cum</strong></span> <span class='ocrx_word' id='word_1_689' title='bbox 1551 5114 1723 5153; x_wconf 85' lang='lat' dir='ltr'><strong>annos</strong></span> 
     </span>
    </p>
   </div>
   <div class='ocr_carea' id='block_1_98' title="bbox 180 5185 1724 5259">
    <p class='ocr_par' dir='ltr' id='par_1_98' title="bbox 180 5185 1724 5259">
     <span class='ocr_line' id='line_1_98' title="bbox 180 5185 1724 5259; baseline 0.005 -25"><span class='ocrx_word' id='word_1_690' title='bbox 180 5186 431 5238; x_wconf 88' lang='lat' dir='ltr'><strong>tredecim</strong></span> <span class='ocrx_word' id='word_1_691' title='bbox 456 5185 705 5249; x_wconf 90' lang='lat' dir='ltr'><strong>sedisset,</strong></span> <span class='ocrx_word' id='word_1_692' title='bbox 734 5193 977 5238; x_wconf 90' lang='lat' dir='ltr'><strong>mortuus</strong></span> <span class='ocrx_word' id='word_1_693' title='bbox 1001 5194 1101 5239; x_wconf 90' lang='lat' dir='ltr'><strong>est.</strong></span> <span class='ocrx_word' id='word_1_694' title='bbox 1131 5185 1258 5254; x_wconf 84' lang='lat' dir='ltr'><strong>Ejus</strong></span> <span class='ocrx_word' id='word_1_695' title='bbox 1283 5198 1525 5256; x_wconf 88' lang='lat' dir='ltr'><strong>tempore</strong></span> <span class='ocrx_word' id='word_1_696' title='bbox 1545 5192 1724 5259; x_wconf 78' lang='lat' dir='ltr'><strong>appel-</strong></span> 
     </span>
    </p>
   </div>
   <div class='ocr_carea' id='block_1_99' title="bbox 180 5268 1728 5344">
    <p class='ocr_par' dir='ltr' id='par_1_99' title="bbox 180 5268 1728 5344">
     <span class='ocr_line' id='line_1_99' title="bbox 180 5268 1728 5344; baseline 0.006 -18"><span class='ocrx_word' id='word_1_697' title='bbox 180 5273 317 5330; x_wconf 86' lang='lat' dir='ltr'><strong>latus</strong></span> <span class='ocrx_word' id='word_1_698' title='bbox 370 5283 451 5329; x_wconf 88' lang='lat' dir='ltr'><strong>est</strong></span> <span class='ocrx_word' id='word_1_699' title='bbox 506 5268 810 5344; x_wconf 85' lang='lat' dir='ltr'><strong>patriarcha</strong></span> <span class='ocrx_word' id='word_1_700' title='bbox 862 5278 1255 5333; x_wconf 84' lang='lat' dir='ltr'><strong>Alexandrinus</strong></span> <span class='ocrx_word' id='word_1_701' title='bbox 1307 5279 1487 5343; x_wconf 88' lang='lat' dir='ltr'><strong>Baha,</strong></span> <span class='ocrx_word' id='word_1_702' title='bbox 1539 5281 1589 5335; x_wconf 90' lang='lat' dir='ltr'><strong>id</strong></span> <span class='ocrx_word' id='word_1_703' title='bbox 1648 5290 1728 5335; x_wconf 88' lang='lat' dir='ltr'><strong>est</strong></span> 
     </span>
    </p>
   </div>
   <div class='ocr_carea' id='block_1_100' title="bbox 181 5369 1727 5435">
    <p class='ocr_par' dir='ltr' id='par_1_100' title="bbox 181 5369 1727 5435">
     <span class='ocr_line' id='line_1_100' title="bbox 181 5369 1727 5435; baseline 0.005 -16"><span class='ocrx_word' id='word_1_704' title='bbox 181 5382 332 5421; x_wconf 82' lang='lat' dir='ltr'><strong>avus.</strong></span> <span class='ocrx_word' id='word_1_705' title='bbox 369 5370 524 5420; x_wconf 89' lang='lat' dir='ltr'><strong>Anno</strong></span> <span class='ocrx_word' id='word_1_706' title='bbox 558 5369 762 5434; x_wconf 81' lang='lat' dir='ltr'><strong>imperii</strong></span> <span class='ocrx_word' id='word_1_707' title='bbox 793 5369 910 5435; x_wconf 87' lang='lat' dir='ltr'><strong>ejus</strong></span> <span class='ocrx_word' id='word_1_708' title='bbox 944 5371 1102 5423; x_wconf 88' lang='lat' dir='ltr'><strong>tertio</strong></span> <span class='ocrx_word' id='word_1_709' title='bbox 1130 5383 1349 5424; x_wconf 90' lang='lat' dir='ltr'><strong>creatus</strong></span> <span class='ocrx_word' id='word_1_710' title='bbox 1380 5381 1463 5425; x_wconf 88' lang='lat' dir='ltr'><strong>est</strong></span> <span class='ocrx_word' id='word_1_711' title='bbox 1497 5373 1727 5431; x_wconf 82' lang='lat' dir='ltr'><strong>Anterus</strong></span> 
     </span>
    </p>
   </div>
   <div class='ocr_carea' id='block_1_101' title="bbox 183 5456 1726 5528">
    <p class='ocr_par' dir='ltr' id='par_1_101' title="bbox 183 5456 1726 5528">
     <span class='ocr_line' id='line_1_101' title="bbox 183 5456 1726 5528; baseline 0.006 -21"><span class='ocrx_word' id='word_1_712' title='bbox 183 5459 484 5522; x_wconf 84' lang='lat' dir='ltr'><strong>patriarcha</strong></span> <span class='ocrx_word' id='word_1_713' title='bbox 520 5456 797 5510; x_wconf 82' lang='lat' dir='ltr'><strong>Rmnanus</strong></span> <span class='ocrx_word' id='word_1_714' title='bbox 825 5499 837 5521; x_wconf 94' lang='lat'><strong>,</strong></span> <span class='ocrx_word' id='word_1_715' title='bbox 890 5462 978 5526; x_wconf 86' lang='lat' dir='ltr'><strong>qui</strong></span> <span class='ocrx_word' id='word_1_716' title='bbox 1022 5476 1192 5514; x_wconf 89' lang='lat' dir='ltr'><strong>annos</strong></span> <span class='ocrx_word' id='word_1_717' title='bbox 1230 5463 1516 5515; x_wconf 85' lang='lat' dir='ltr'><strong>duodecim</strong></span> <span class='ocrx_word' id='word_1_718' title='bbox 1566 5464 1726 5528; x_wconf 82' lang='lat' dir='ltr'><strong>sedit,</strong></span> 
     </span>
    </p>
   </div>
   <div class='ocr_carea' id='block_1_102' title="bbox 184 5549 1728 5616">
    <p class='ocr_par' dir='ltr' id='par_1_102' title="bbox 184 5549 1728 5616">
     <span class='ocr_line' id='line_1_102' title="bbox 184 5549 1728 5616; baseline 0.005 -20"><span class='ocrx_word' id='word_1_719' title='bbox 184 5549 300 5599; x_wconf 82' lang='lat' dir='ltr'><strong>dein</strong></span> <span class='ocrx_word' id='word_1_720' title='bbox 331 5557 578 5600; x_wconf 90' lang='lat' dir='ltr'><strong>mortuus</strong></span> <span class='ocrx_word' id='word_1_721' title='bbox 614 5557 718 5600; x_wconf 78' lang='lat' dir='ltr'><strong>est.</strong></span> <span class='ocrx_word' id='word_1_722' title='bbox 757 5550 910 5600; x_wconf 87' lang='lat' dir='ltr'><strong>Anno</strong></span> <span class='ocrx_word' id='word_1_723' title='bbox 940 5552 1179 5616; x_wconf 87' lang='lat' dir='ltr'><strong>ejusdem</strong></span> <span class='ocrx_word' id='word_1_724' title='bbox 1207 5563 1394 5604; x_wconf 73' lang='lat' dir='ltr'><strong>octavo</strong></span> <span class='ocrx_word' id='word_1_725' title='bbox 1428 5552 1602 5608; x_wconf 83' lang='lat' dir='ltr'><strong>factus</strong></span> <span class='ocrx_word' id='word_1_726' title='bbox 1631 5553 1728 5604; x_wconf 76' lang='lat' dir='ltr'><strong>Ba-</strong></span> 
     </span>
    </p>
   </div>
   <div class='ocr_carea' id='block_1_103' title="bbox 184 5634 1726 5708">
    <p class='ocr_par' dir='ltr' id='par_1_103' title="bbox 184 5634 1726 5708">
     <span class='ocr_line' id='line_1_103' title="bbox 184 5634 1726 5708; baseline 0.006 -22"><span class='ocrx_word' id='word_1_727' title='bbox 184 5634 282 5690; x_wconf 73' lang='lat' dir='ltr'><strong>iiil‘d</strong></span> <span class='ocrx_word' id='word_1_728' title='bbox 349 5640 655 5706; x_wconf 85' lang='lat' dir='ltr'><strong>patriarcha</strong></span> <span class='ocrx_word' id='word_1_729' title='bbox 705 5641 1113 5705; x_wconf 84' lang='lat' dir='ltr'><strong>Antiochenus,</strong></span> <span class='ocrx_word' id='word_1_730' title='bbox 1169 5657 1338 5695; x_wconf 87' lang='lat' dir='ltr'><strong>annos</strong></span> <span class='ocrx_word' id='word_1_731' title='bbox 1393 5654 1516 5697; x_wconf 90' lang='lat' dir='ltr'><strong>octo</strong></span> <span class='ocrx_word' id='word_1_732' title='bbox 1567 5647 1726 5708; x_wconf 87' lang='lat' dir='ltr'><strong>sedit,</strong></span> 
     </span>
    </p>
   </div>
   <div class='ocr_carea' id='block_1_104' title="bbox 185 5717 1730 5868">
    <p class='ocr_par' dir='ltr' id='par_1_104' title="bbox 185 5717 1730 5868">
     <span class='ocr_line' id='line_1_104' title="bbox 185 5717 1730 5868; baseline 0.008 -88"><span class='ocrx_word' id='word_1_733' title='bbox 185 5717 302 5868; x_wconf 46' lang='lat' dir='ltr'><strong>(Kcin</strong></span> <span class='ocrx_word' id='word_1_734' title='bbox 353 5739 601 5784; x_wconf 88' lang='lat' dir='ltr'><strong>mortuus</strong></span> <span class='ocrx_word' id='word_1_735' title='bbox 656 5739 758 5782; x_wconf 82' lang='lat' dir='ltr'><strong>est.</strong></span> <span class='ocrx_word' id='word_1_736' title='bbox 806 5731 960 5785; x_wconf 82' lang='lat' dir='ltr'><strong>Anno</strong></span> <span class='ocrx_word' id='word_1_737' title='bbox 1009 5734 1217 5804; x_wconf 89' lang='lat' dir='ltr'><strong>imperii</strong></span> <span class='ocrx_word' id='word_1_738' title='bbox 1273 5735 1440 5803; x_wconf 89' lang='lat' dir='ltr'><strong>ipsius</strong></span> <span class='ocrx_word' id='word_1_739' title='bbox 1493 5738 1730 5792; x_wconf 68' lang='lat' dir='ltr'><strong>secundo</strong></span> 
     </span>
    </p>
   </div>
   <div class='ocr_carea' id='block_1_105' title="bbox 1828 4641 3390 4720">
    <p class='ocr_par' dir='ltr' id='par_1_105' title="bbox 1828 4641 3390 4720">
     <span class='ocr_line' id='line_1_105' title="bbox 1828 4641 3390 4720; baseline -0.007 -15"><span class='ocrx_word' id='word_1_740' title='bbox 1828 4653 1998 4720; x_wconf 89' lang='lat' dir='ltr'><strong>ipsius</strong></span> <span class='ocrx_word' id='word_1_741' title='bbox 2037 4650 2264 4705; x_wconf 86' lang='lat' dir='ltr'><strong>asseclis</strong></span> <span class='ocrx_word' id='word_1_742' title='bbox 2312 4657 2366 4702; x_wconf 89' lang='lat' dir='ltr'><strong>et</strong></span> <span class='ocrx_word' id='word_1_743' title='bbox 2414 4649 2506 4716; x_wconf 90' lang='lat' dir='ltr'><strong>qui</strong></span> <span class='ocrx_word' id='word_1_744' title='bbox 2559 4648 2677 4716; x_wconf 88' lang='lat' dir='ltr'><strong>ejus</strong></span> <span class='ocrx_word' id='word_1_745' title='bbox 2721 4645 3048 4700; x_wconf 89' lang='lat' dir='ltr'><strong>sententiam</strong></span> <span class='ocrx_word' id='word_1_746' title='bbox 3097 4641 3390 4710; x_wconf 85' lang='lat' dir='ltr'><strong>amplecte—</strong></span> 
     </span>
    </p>
   </div>
   <div class='ocr_carea' id='block_1_106' title="bbox 1823 4731 3390 4807">
    <p class='ocr_par' dir='ltr' id='par_1_106' title="bbox 1823 4731 3390 4807">
     <span class='ocr_line' id='line_1_106' title="bbox 1823 4731 3390 4807; baseline -0.008 -13"><span class='ocrx_word' id='word_1_747' title='bbox 1823 4752 2011 4796; x_wconf 90' lang='lat' dir='ltr'><strong>rentur</strong></span> <span class='ocrx_word' id='word_1_748' title='bbox 2068 4743 2203 4796; x_wconf 88' lang='lat' dir='ltr'><strong>viris</strong></span> <span class='ocrx_word' id='word_1_749' title='bbox 2250 4739 2542 4803; x_wconf 88' lang='lat' dir='ltr'><strong>ducentis,</strong></span> <span class='ocrx_word' id='word_1_750' title='bbox 2599 4753 2738 4807; x_wconf 84' lang='lat' dir='ltr'><strong>quos</strong></span> <span class='ocrx_word' id='word_1_751' title='bbox 2788 4736 3064 4805; x_wconf 85' lang='lat' dir='ltr'><strong>capitibus</strong></span> <span class='ocrx_word' id='word_1_752' title='bbox 3117 4731 3390 4784; x_wconf 87' lang='lat' dir='ltr'><strong>immersis</strong></span> 
     </span>
    </p>
   </div>
   <div class='ocr_carea' id='block_1_107' title="bbox 1825 4822 3388 4893">
    <p class='ocr_par' dir='ltr' id='par_1_107' title="bbox 1825 4822 3388 4893">
     <span class='ocr_line' id='line_1_107' title="bbox 1825 4822 3388 4893; baseline -0.01 -5"><span class='ocrx_word' id='word_1_753' title='bbox 1825 4835 1938 4888; x_wconf 89' lang='lat' dir='ltr'><strong>luto</strong></span> <span class='ocrx_word' id='word_1_754' title='bbox 1995 4828 2170 4887; x_wconf 79' lang='lat' dir='ltr'><strong>inﬁxit</strong></span> <span class='ocrx_word' id='word_1_755' title='bbox 2224 4833 2397 4886; x_wconf 85' lang='lat' dir='ltr'><strong>donec</strong></span> <span class='ocrx_word' id='word_1_756' title='bbox 2451 4842 2824 4893; x_wconf 87' lang='lat' dir='ltr'><strong>morerentur,</strong></span> <span class='ocrx_word' id='word_1_757' title='bbox 2885 4827 3110 4880; x_wconf 88' lang='lat' dir='ltr'><strong>dicens:</strong></span> <span class='ocrx_word' id='word_1_758' title='bbox 3159 4822 3388 4874; x_wconf 87' lang='lat' dir='ltr'><strong>Hortum</strong></span> 
     </span>
    </p>
   </div>
   <div class='ocr_carea' id='block_1_108' title="bbox 1825 4912 3391 4992">
    <p class='ocr_par' dir='ltr' id='par_1_108' title="bbox 1825 4912 3391 4992">
     <span class='ocr_line' id='line_1_108' title="bbox 1825 4912 3391 4992; baseline -0.011 -14"><span class='ocrx_word' id='word_1_759' title='bbox 1825 4941 1984 4992; x_wconf 86' lang='lat' dir='ltr'><strong>quem</strong></span> <span class='ocrx_word' id='word_1_760' title='bbox 2035 4925 2134 4978; x_wconf 82' lang='lat' dir='ltr'><strong>feci</strong></span> <span class='ocrx_word' id='word_1_761' title='bbox 2180 4923 2493 4976; x_wconf 86' lang='lat' dir='ltr'><strong>hominibus</strong></span> <span class='ocrx_word' id='word_1_762' title='bbox 2535 4921 2652 4975; x_wconf 89' lang='lat' dir='ltr'><strong>vice</strong></span> <span class='ocrx_word' id='word_1_763' title='bbox 2684 4921 2942 4974; x_wconf 87' lang='lat' dir='ltr'><strong>arborum</strong></span> <span class='ocrx_word' id='word_1_764' title='bbox 2973 4914 3236 4983; x_wconf 89' lang='lat' dir='ltr'><strong>plantavi.</strong></span> <span class='ocrx_word' id='word_1_765' title='bbox 3278 4912 3391 4978; x_wconf 81' lang='lat' dir='ltr'><strong>Ap-</strong></span> 
     </span>
    </p>
   </div>
   <div class='ocr_carea' id='block_1_109' title="bbox 1827 4998 3390 5080">
    <p class='ocr_par' dir='ltr' id='par_1_109' title="bbox 1827 4998 3390 5080">
     <span class='ocr_line' id='line_1_109' title="bbox 1827 4998 3390 5080; baseline -0.008 -17"><span class='ocrx_word' id='word_1_766' title='bbox 1827 5012 2004 5080; x_wconf 87' lang='lat' dir='ltr'><strong>pellati</strong></span> <span class='ocrx_word' id='word_1_767' title='bbox 2053 5022 2232 5063; x_wconf 89' lang='lat' dir='ltr'><strong>autem</strong></span> <span class='ocrx_word' id='word_1_768' title='bbox 2281 5018 2410 5063; x_wconf 89' lang='lat' dir='ltr'><strong>sunt</strong></span> <span class='ocrx_word' id='word_1_769' title='bbox 2450 5008 2764 5076; x_wconf 84' lang='lat' dir='ltr'><strong>religionem</strong></span> <span class='ocrx_word' id='word_1_770' title='bbox 2816 5003 2988 5072; x_wconf 88' lang='lat' dir='ltr'><strong>ipsius</strong></span> <span class='ocrx_word' id='word_1_771' title='bbox 3033 4998 3298 5070; x_wconf 76' lang='lat' dir='ltr'><strong>professi,</strong></span> <span class='ocrx_word' id='word_1_772' title='bbox 3336 5007 3390 5050; x_wconf 88' lang='lat' dir='ltr'><strong>et</strong></span> 
     </span>
    </p>
   </div>
   <div class='ocr_carea' id='block_1_110' title="bbox 1826 5090 3390 5165">
    <p class='ocr_par' dir='ltr' id='par_1_110' title="bbox 1826 5090 3390 5165">
     <span class='ocr_line' id='line_1_110' title="bbox 1826 5090 3390 5165; baseline -0.007 -12"><span class='ocrx_word' id='word_1_773' title='bbox 1826 5101 2152 5154; x_wconf 77' lang='lat' dir='ltr'><strong>sententiain</strong></span> <span class='ocrx_word' id='word_1_774' title='bbox 2203 5097 2473 5165; x_wconf 87' lang='lat' dir='ltr'><strong>amplexi,</strong></span> <span class='ocrx_word' id='word_1_775' title='bbox 2530 5094 2833 5157; x_wconf 68' lang='lat' dir='ltr'><strong>Manichtci,</strong></span> <span class='ocrx_word' id='word_1_776' title='bbox 2887 5093 3044 5146; x_wconf 91' lang='lat' dir='ltr'><strong>titulo</strong></span> <span class='ocrx_word' id='word_1_777' title='bbox 3097 5109 3126 5146; x_wconf 90' lang='lat' dir='ltr'><strong>a</strong></span> <span class='ocrx_word' id='word_1_778' title='bbox 3174 5090 3390 5144; x_wconf 72' lang='lat' dir='ltr'><strong>nomine</strong></span> 
     </span>
    </p>
   </div>
   <div class='ocr_carea' id='block_1_111' title="bbox 1828 5188 2505 5258">
    <p class='ocr_par' dir='ltr' id='par_1_111' title="bbox 1828 5188 2505 5258">
     <span class='ocr_line' id='line_1_111' title="bbox 1828 5188 2505 5258; baseline -0.003 -16"><span class='ocrx_word' id='word_1_779' title='bbox 1828 5191 1999 5258; x_wconf 90' lang='lat' dir='ltr'><strong>ipsius</strong></span> <span class='ocrx_word' id='word_1_780' title='bbox 2031 5189 2169 5242; x_wconf 82' lang='lat' dir='ltr'><strong>Mani</strong></span> <span class='ocrx_word' id='word_1_781' title='bbox 2195 5188 2505 5256; x_wconf 80' lang='lat' dir='ltr'><strong>desumpta.</strong></span> 
     </span>
    </p>
   </div>
   <div class='ocr_carea' id='block_1_112' title="bbox 1897 5273 3391 5348">
    <p class='ocr_par' dir='ltr' id='par_1_112' title="bbox 1897 5273 3391 5348">
     <span class='ocr_line' id='line_1_112' title="bbox 1897 5273 3391 5348; baseline -0.008 -12"><span class='ocrx_word' id='word_1_782' title='bbox 1897 5281 2066 5336; x_wconf 86' lang='lat' dir='ltr'><strong>Porro</strong></span> <span class='ocrx_word' id='word_1_783' title='bbox 2099 5296 2241 5334; x_wconf 90' lang='lat' dir='ltr'><strong>anno</strong></span> <span class='ocrx_word' id='word_1_784' title='bbox 2285 5282 2433 5348; x_wconf 86' lang='lat' dir='ltr'><strong>regni</strong></span> <span class='ocrx_word' id='word_1_785' title='bbox 2482 5277 2736 5330; x_wconf 84' lang='lat' dir='ltr'><strong>Bahratni</strong></span> <span class='ocrx_word' id='word_1_786' title='bbox 2785 5277 2874 5328; x_wconf 83' lang='lat' dir='ltr'><strong>lilii</strong></span> <span class='ocrx_word' id='word_1_787' title='bbox 2931 5276 3178 5338; x_wconf 84' lang='lat' dir='ltr'><strong>Bahrami</strong></span> <span class='ocrx_word' id='word_1_788' title='bbox 3226 5273 3391 5325; x_wconf 85' lang='lat' dir='ltr'><strong>tertio</strong></span> 
     </span>
    </p>
   </div>
   <div class='ocr_carea' id='block_1_113' title="bbox 1829 5365 3388 5433">
    <p class='ocr_par' dir='ltr' id='par_1_113' title="bbox 1829 5365 3388 5433">
     <span class='ocr_line' id='line_1_113' title="bbox 1829 5365 3388 5433; baseline -0.007 -7"><span class='ocrx_word' id='word_1_789' title='bbox 1829 5383 2078 5427; x_wconf 89' lang='lat' dir='ltr'><strong>mortuus</strong></span> <span class='ocrx_word' id='word_1_790' title='bbox 2105 5381 2185 5426; x_wconf 89' lang='lat' dir='ltr'><strong>est</strong></span> <span class='ocrx_word' id='word_1_791' title='bbox 2234 5370 2545 5425; x_wconf 73' lang='lat' dir='ltr'><strong>Gordianus</strong></span> <span class='ocrx_word' id='word_1_792' title='bbox 2581 5368 2760 5423; x_wconf 58' lang='lat' dir='ltr'><strong>Caesar</strong></span> <span class='ocrx_word' id='word_1_793' title='bbox 2793 5367 3160 5418; x_wconf 80' lang='lat' dir='ltr'><strong>Romanorum</strong></span> <span class='ocrx_word' id='word_1_794' title='bbox 3216 5365 3388 5433; x_wconf 75' lang='lat' dir='ltr'><strong>impc-</strong></span> 
     </span>
    </p>
   </div>
   <div class='ocr_carea' id='block_1_114' title="bbox 1830 5456 3390 5533">
    <p class='ocr_par' dir='ltr' id='par_1_114' title="bbox 1830 5456 3390 5533">
     <span class='ocr_line' id='line_1_114' title="bbox 1830 5456 3390 5533; baseline -0.009 -13"><span class='ocrx_word' id='word_1_795' title='bbox 1830 5478 1998 5528; x_wconf 87' lang='lat' dir='ltr'><strong>rator,</strong></span> <span class='ocrx_word' id='word_1_796' title='bbox 2037 5466 2334 5533; x_wconf 88' lang='lat' dir='ltr'><strong>imperante</strong></span> <span class='ocrx_word' id='word_1_797' title='bbox 2367 5474 2489 5530; x_wconf 89' lang='lat' dir='ltr'><strong>post</strong></span> <span class='ocrx_word' id='word_1_798' title='bbox 2537 5463 2707 5528; x_wconf 91' lang='lat' dir='ltr'><strong>ipsum</strong></span> <span class='ocrx_word' id='word_1_799' title='bbox 2746 5459 2930 5510; x_wconf 66' lang='lat' dir='ltr'><strong>Rotnte</strong></span> <span class='ocrx_word' id='word_1_800' title='bbox 2972 5457 3228 5510; x_wconf 73' lang='lat' dir='ltr'><strong>Romanis</strong></span> <span class='ocrx_word' id='word_1_801' title='bbox 3264 5456 3390 5508; x_wconf 83' lang='lat' dir='ltr'><strong>Phi-</strong></span> 
     </span>
    </p>
   </div>
   <div class='ocr_carea' id='block_1_115' title="bbox 1831 5548 3384 5627">
    <p class='ocr_par' dir='ltr' id='par_1_115' title="bbox 1831 5548 3384 5627">
     <span class='ocr_line' id='line_1_115' title="bbox 1831 5548 3384 5627; baseline -0.008 -17"><span class='ocrx_word' id='word_1_802' title='bbox 1831 5560 1975 5627; x_wconf 88' lang='lat' dir='ltr'><strong>lippo</strong></span> <span class='ocrx_word' id='word_1_803' title='bbox 1999 5557 2230 5616; x_wconf 72' lang='lat' dir='ltr'><strong>Caesare,</strong></span> <span class='ocrx_word' id='word_1_804' title='bbox 2253 5555 2604 5623; x_wconf 78' lang='lat' dir='ltr'><strong>388annos</strong></span> <span class='ocrx_word' id='word_1_805' title='bbox 2632 5561 2862 5620; x_wconf 88' lang='lat' dir='ltr'><strong>septem,</strong></span> <span class='ocrx_word' id='word_1_806' title='bbox 2890 5551 2977 5618; x_wconf 88' lang='lat' dir='ltr'><strong>qtti</strong></span> <span class='ocrx_word' id='word_1_807' title='bbox 3014 5552 3064 5602; x_wconf 90' lang='lat' dir='ltr'><strong>in</strong></span> <span class='ocrx_word' id='word_1_808' title='bbox 3097 5548 3384 5602; x_wconf 85' lang='lat' dir='ltr'><strong>Dominum</strong></span> 
     </span>
    </p>
   </div>
   <div class='ocr_carea' id='block_1_116' title="bbox 1830 5642 3390 5713">
    <p class='ocr_par' dir='ltr' id='par_1_116' title="bbox 1830 5642 3390 5713">
     <span class='ocr_line' id='line_1_116' title="bbox 1830 5642 3390 5713; baseline -0.01 -11"><span class='ocrx_word' id='word_1_809' title='bbox 1830 5650 2106 5702; x_wconf 85' lang='lat' dir='ltr'><strong>Christum</strong></span> <span class='ocrx_word' id='word_1_810' title='bbox 2143 5648 2390 5700; x_wconf 88' lang='lat' dir='ltr'><strong>credidit.</strong></span> <span class='ocrx_word' id='word_1_811' title='bbox 2422 5649 2577 5697; x_wconf 80' lang='lat' dir='ltr'><strong>Anno</strong></span> <span class='ocrx_word' id='word_1_812' title='bbox 2611 5645 2820 5713; x_wconf 83' lang='lat' dir='ltr'><strong>imperii</strong></span> <span class='ocrx_word' id='word_1_813' title='bbox 2855 5643 3023 5711; x_wconf 58' lang='lat' dir='ltr'><strong>ipsius</strong></span> <span class='ocrx_word' id='word_1_814' title='bbox 3059 5642 3233 5708; x_wconf 87' lang='lat' dir='ltr'><strong>primo</strong></span> <span class='ocrx_word' id='word_1_815' title='bbox 3263 5653 3390 5688; x_wconf 81' lang='lat' dir='ltr'><strong>con-</strong></span> 
     </span>
    </p>
   </div>
   <div class='ocr_carea' id='block_1_117' title="bbox 1832 5731 3386 5804">
    <p class='ocr_par' dir='ltr' id='par_1_117' title="bbox 1832 5731 3386 5804">
     <span class='ocr_line' id='line_1_117' title="bbox 1832 5731 3386 5804; baseline -0.005 -9"><span class='ocrx_word' id='word_1_816' title='bbox 1832 5743 2050 5795; x_wconf 82' lang='lat' dir='ltr'><strong>stitutus</strong></span> <span class='ocrx_word' id='word_1_817' title='bbox 2077 5749 2156 5795; x_wconf 81' lang='lat' dir='ltr'><strong>est</strong></span> <span class='ocrx_word' id='word_1_818' title='bbox 2187 5739 2493 5794; x_wconf 84' lang='lat' dir='ltr'><strong>GOrdianus</strong></span> <span class='ocrx_word' id='word_1_819' title='bbox 2526 5737 2812 5804; x_wconf 78' lang='lat' dir='ltr'><strong>episcopus</strong></span> <span class='ocrx_word' id='word_1_820' title='bbox 2850 5731 3386 5800; x_wconf 72' lang='lat' dir='ltr'><strong>llicrosolymitamls.</strong></span> 
     </span>
    </p>
   </div>
  </div>
