4038 6468
816 12 841 25 ..τ
856 6 1471 25 ττττπσηημπρτ--ι--π-
1482 1 1587 21 νῖἏπν

624 224 731 287 993

628 340 719 393 ulli
744 350 862 390 cum
895 332 1134 402 quinque
1162 342 1336 383 annos
1362 325 1592 381 sedisset
1617 334 1866 377 mortuus
1893 329 1992 375 cst.

631 428 803 498 ipsius
837 434 1031 493 quarto
1062 434 1311 475 reversus
1346 417 1634 471 Narcissus
1670 415 1962 483 episcopus
1997 408 2187 462 Hiero.

632 520 993 591 solymitanus
1034 515 1127 585 qui
1178 513 1411 581 fugerat.
1461 524 1663 564 annum
1709 508 1849 563 sedit
1893 520 2015 559 eum
2047 501 2189 557 Cor-

633 614 818 675 diano,
849 624 958 679 quo
999 606 1192 661 deinde
1238 610 1473 665 mortuo,
1514 601 1657 656 sedit
1696 610 1819 669 post
1848 599 2023 665 ipsum
2058 592 2192 647 Nar-

636 704 816 756 cissus
875 712 1048 751 annos
1094 696 1302 758 decem,
1358 693 1484 747 dein
1540 700 1786 745 mortuus
1837 696 1961 751 est,
2020 700 2192 761 annos

637 804 796 848 natus
841 800 1057 846 centum
1104 802 1158 843 et
1193 785 1490 843 sexdecim.
1543 784 1602 838 lu
1654 782 1963 851 Philippum
2014 786 2189 831 autem

636 884 903 939 Cassarem
952 883 1336 951 imperatorem
1380 876 1628 932 insiliens
1669 873 1779 929 dux
1818 869 2063 942 quidam,
2094 883 2195 921 no-

639 975 784 1027 mine
816 971 1044 1033 Decius,
1074 969 1190 1038 ipso
1232 966 1517 1023 interfecto
1558 964 1840 1034 imperium
1889 957 2192 1026 occuparit,

642 1063 995 1132 regnavitqne
1029 1061 1215 1115 Roma
1244 1059 1300 1112 in
1343 1057 1618 1111 Romanos
1646 1067 1817 1108 annos
1845 1049 2006 1114 duos,
2037 1048 2199 1118 idque

643 1169 787 1208 anno
819 1152 968 1223 regni
1009 1150 1265 1207 Bahrami
1308 1148 1400 1203 lilii
1444 1147 1691 1201 Bshrami
1732 1147 1873 1215 regis
1912 1138 2196 1197 Persarum

642 1244 877 1300 decimo.
911 1243 954 1295 Α
974 1242 1146 1296 Decio
1173 1240 1280 1295 isto
1312 1238 1746 1308 persecutionem
1775 1248 1995 1303 gravem
2033 1233 2204 1287 mala-

641 1350 750 1406 que
783 1350 977 1406 magua
1006 1334 1149 1404 passi
1180 1341 1309 1386 sunt
1338 1329 1659 1393 Christiani,
1685 1327 1815 1383 dum
1843 1328 1912 1406 ex
1946 1326 2013 1380 iis
2042 1323 2203 1377 innu-
2242 1394 2245 1395 ν

646 1404 827 1480 meros
866 1404 1222 1491 interfecerit.
1254 1420 1569 1491 Martyrium
1615 1419 1718 1474 sub
1763 1404 1891 1486 ipso
1915 1415 2205 1471 subierunt

643 1514 1061 1584 quamplurimi,
1114 1512 1265 1567 inscr
1299 1526 1439 1580 quos
1474 1510 1649 1563 morte
1695 1506 1921 1562 aﬂectus
1955 1512 2039 1561 est
2082 1502 2209 1557 Fla~

646 1609 839 1661 vianus
858 1603 1044 1660 Romae
1072 1602 1405 1672 patriarcha.
1434 1600 1639 1655 Deinde
1657 1598 1990 1668 Carthagine
2013 1597 2205 1650 urbem

648 1697 918 1765 Ephesum
958 1694 1235 1766 profectus
1270 1694 1323 1747 in
1371 1694 1542 1762 ipsius
1574 1692 1753 1746 medio
1771 1689 2039 1758 templum
2090 1704 2207 1741 ma-

626 1792 813 1860 .g'num
844 1786 1118 1843 exstruxit
1159 1787 1212 1840 in
1242 1799 1353 1854 quo
1385 1782 1530 1837 idola
1570 1782 1797 1845 statuit,
1828 1780 2001 1849 jussis
2030 1777 2213 1833 homi-

648 1876 814 1930 nibus
857 1874 967 1929 illis
1007 1874 1215 1928 cultum
1269 1872 1561 1943 μήτιδι-ε.
1593 1880 1649 1924 et
1688 1868 1961 1924 sacriﬁcia
1995 1867 2213 1929 oﬂ‘erre,

648 1968 758 2023 illis
802 1968 893 2035 qui
944 1965 997 2020 id
1047 1965 1229 2020 facere
1276 1972 1600 2018 recusarent
1644 1969 1873 2016 mortem
1928 1958 2211 2014 inferens:

648 2058 1008 2127 quamobrem
1064 2055 1186 2112 neci
1234 2054 1358 2110 data
1406 2063 1491 2109 est
1544 2067 1737 2123 magna
1778 2050 2214 2105 Christianorum

654 2149 981 2215 multitudo,
1021 2163 1161 2217 quos
1207 2163 1373 2215 super
1408 2146 1607 2216 Ephesi
1654 2143 2107 2212 muro‘patibulis
2134 2141 2217 2194 af-

654 2241 788 2294 tixit.
811 2237 1007 2293 Decius
1026 2237 1191 2291 etiam
1214 2236 1511 2305 imperator
1525 2241 1839 2301 assumptus
1859 2227 2214 2299 389-391

652 2346 686 2385 e
716 2338 1031 2398 magnatum
1067 2327 1267 2396 Ephesi
1306 2325 1427 2379 filiis
1459 2337 1660 2394 pueros
1691 2330 1924 2391 septem,
1960 2323 2108 2389 ipsos
2144 2319 2220 2372 rei

657 2421 925 2475 vestiaris
945 2434 1059 2475 sua:
1080 2416 1358 2488 praefecit;
1386 2430 1622 2485 quorum
1649 2413 1872 2496 numina
1898 2420 2026 2467 sunt
2050 2411 2221 2464 Max-i—

660 2513 897 2573 mianus,
932 2509 1244 2575 Amlicbus,
1281 2507 1519 2571 Dianas,
1554 2504 1874 2575 Martimus,
1908 2503 2222 2572 Dionysius,

661 2568 953 2666 Antonius,
981 2568 1245 2656 Joannes.
1282 2568 1513 2668 Septem:
1542 2568 1633 2652 ἱείὶ
1659 2596 1892 2665 juvenes
1916 2568 2223 2648 cunr'idola

664 2706 771 2749 non
803 2692 1068 2753 colerent,
1107 2701 1298 2744 notum
1332 2688 1539 2743 factum
1569 2695 1655 2742 est
1688 2688 1787 2741 hoc
1813 2686 1925 2754 regi
1958 2700 2052 2754 per
2074 2682 2225 2739 dela-

600 2798 619 2812 σ
663 2792 852 2837 tores:
882 2795 1052 2850 quare
1086 2781 1263 2843 iratus
1298 2779 1415 2849 ipse
1463 2778 1584 2833 illos
1617 2778 1671 2831 in
1718 2791 1997 2831 carcerem
2028 2774 2224 2842 conjici

664 2873 867 2943 jussit,
896 2871 1092 2928 deinde
1133 2874 1200 2926 ad
1238 2871 1542 2926 exercitum
1588 2868 1870 2939 profectus
1904 2868 2027 2923 illos
2055 2867 2230 2922 donec

1620 202 1921 267 EUTYCll
1938 199 1993 260 ll
2036 186 2569 257 ALEXAXDRlNl
2614 182 2754 247 PAT
2770 184 2837 240 Β,

2029 319 2185 369 Anno
2214 312 2261 371 Α
2286 309 2471 364 Ctesar
2504 303 2689 364 audit,
2723 313 2896 354 annos
2936 292 3242 364 quindecim
3265 329 3281 353 ,
3321 286 3486 355 idque
3516 297 3658 336 anno
3687 280 3812 350 regi

3570 8 3995 136 "*"1

2291 399 2537 453 Bahrami
2606 395 2695 447 lilii
2776 387 3025 443 Bahrami
3083 386 3373 436 Persarum
3441 376 3582 445 regis
3633 375 3820 426 decimo

2289 501 2503 562 quarto.
2539 488 2697 541 Anno
2729 479 2938 549 imperii
2972 476 3144 543 ipsius
3191 472 3367 541 prium
3399 457 3823 519 constitutus'est

2294 559 2560 635 Maximus
2594 572 2900 646 patriarcha
2930 565 3350 625 Alexandrinus,
3381 559 3471 628 qui
3504 571 3677 611 annos
3700 562 3825 607 octo-

2292 674 2466 729 decim
2498 671 2661 730 sedit,
2695 666 2819 720 dein
2853 668 3101 714 mortuus
3131 662 3233 709 est.
3267 654 3464 707 Eodem
3497 663 3642 703 anno
3674 647 3829 699 factus

2294 777 2378 823 est
2411 774 2465 819 et
2511 761 2712 816 Lucius
2748 752 3057 824 patriarcha
3091 747 3406 807 Romanus,
3440 743 3532 812 qui
3569 754 3694 794 cum
3726 748 3831 790 orto

2297 872 2512 914 menses
2564 851 2795 908 sedisset
2848 850 3099 899 mortuus
3148 848 3253 893 est.
3307 835 3437 888 Post
3493 848 3615 886 eum
3680 829 3835 881 factus

2298 948 2539 1005 Estatius
2584 944 2780 998 ibidem
2810 935 3146 1010 patriarcha,
3188 946 3279 986 sex
3326 940 3501 979 annos
3536 923 3701 984 sedit,
3729 920 3837 973 dein

2302 1051 2549 1097 mortuus
2573 1046 2677 1092 est.
2713 1035 2870 1089 Anno
2904 1028 3147 1099 ejusdem
3183 1035 3376 1078 octavo
3402 1020 3740 1073 constitutus
3772 1018 3843 1066 est

2298 1130 2507 1205 Xystus
2544 1125 2851 1199 patriarcha
2883 1121 3119 1181 ibidem,
3157 1116 3248 1186 qui
3288 1128 3413 1169 cum
3459 1123 3654 1205 novem
3687 1119 3846 1159 annos

2302 1198 2820 1281 sedissetimortuus
2852 1221 2957 1268 est.
2995 1209 3195 1263 Eodem
3231 1219 3375 1260 anno
3417 1198 3752 1256 constitutus
3778 1200 3849 1248 est

2306 1315 2567 1370 Dominus
2598 1308 2899 1363 Antiochia:
2931 1298 3234 1373 patriarcha
3270 1295 3360 1364 qui
3391 1307 3515 1348 cum
3546 1300 3661 1343 tres
3693 1298 3851 1340 annos

2307 1407 2542 1463 sedisset
2587 1408 2837 1455 mortuus
2887 1402 2990 1450 est.
3040 1391 3199 1446 Auno
3245 1385 3490 1455 ejusdem
3541 1377 3854 1434 duodecimo

2308 1493 2658 1570 393-395
2689 1498 2904 1545 creatus
2934 1497 3017 1541 est
3052 1482 3370 1555 Timotheus
3402 1473 3601 1529 ibidem
3634 1469 3855 1540 patriar-

2313 1568 2436 1653 cha,
2472 1590 2563 1657 qui
2596 1596 2649 1639 et
2686 1589 2972 1653 postquam
3007 1588 3116 1629 tres
3148 1585 3321 1627 annos
3353 1568 3586 1622 sedisset
3625 1570 3858 1615 mortuus

2312 1650 2606 1735 estrA'uno
2636 1650 2848 1742 imperii
2883 1667 3055 1736 ipsius
3092 1666 3284 1732 quinto
3319 1657 3491 1711 factus
3525 1663 3609 1709 est
3642 1650 3859 1704 Alexan-

2314 1774 2411 1828 der
2434 1768 2720 1838 episcopus
2745 1759 3292 1828 llierosolymitanus,
3318 1765 3479 1818 quem
3510 1759 3639 1801 cum
3666 1749 3858 1810 septeni

2314 1830 2489 1916 annos
2535 1830 2805 1916 sedisset,
2864 1860 3039 1903 morte
3084 1843 3263 1899 affecit
3312 1842 3617 1909 imperator
3674 1832 3776 1887 iste
3815 1830 3858 1883 in

2319 1952 2452 2007 urbe
2480 1948 2751 2009 Cmsarea,
2793 1944 2955 2011 idque
3003 1950 3145 1991 anno
3187 1930 3400 2003 imperii
3444 1929 3532 1983 sui
3564 1924 3862 1979 undecimo.

2317 2046 2476 2099 Anno
2501 2039 2743 2107 ejusdem
2776 2036 2986 2090 decimo
3022 2039 3217 2097 quarto
3250 2023 3585 2079 constitutus
3624 2027 3710 2071 est
3738 2014 3861 2069 llat-

2318 2137 2509 2195 zaban‘
2533 2133 2823 2204 episcOpus
2866 2120 3426 2190 llierosolymitanus,
3467 2112 3561 2181 qui
3590 2122 3771 2163 annos
3796 2107 3866 2157 vi-

2322 2228 2456 2301 ginti
2491 2198 2656 2279 unum
2688 2198 2847 2280 sedit,
2882 2216 3005 2270 dein
3041 2218 3291 2266 mortuus
3319 2212 3425 2261 est.
3461 2202 3622 2257 Anno
3654 2198 3867 2269 septimo

2300 2292 2553 2390 imperii
2580 2314 2790 2372 Galieni
2827 2308 3057 2365 Caesaris
3091 2304 3409 2359 interfectus
3451 2311 3540 2353 est
3572 2292 3868 2367 Cyprianus
3896 2360 3905 2371 ι

2310 2383 2531 2481 martyr
2565 2412 2617 2462 in
2650 2404 2850 2475 Oppido
2880 2402 3029 2481 dicto
3071 2399 3371 2465 Arsageua.
3416 2383 3683 2445 Crudelis“
3707 2395 3870 2439 autent

2325 2504 2424 2557 fuit
2451 2475 2736 2570 Calitenus
2759 2475 3065 2566 [Calienu‘s]
3086 2488 3269 2543 Caesar
3294 2486 3348 2537 in
3377 2480 3747 2540 Christianos,
3773 2487 3873 2529 ma-

2326 2567 2554 2664 gnorum
2592 2588 2701 2643 illis
2741 2586 3002 2639 malorum
3036 2588 3247 2635 auctor.
3283 2576 3414 2646 Ejus
3448 2574 3622 2627 lilium
3650 2609 3667 2636 ,
3694 2569 3785 2640 qui
3814 2567 3869 2618 ad

2325 2685 2524 2740 bellum
2547 2696 2672 2737 cum
2699 2677 2881 2733 Persis
2909 2675 3202 2745 gerendum
3230 2668 3506 2739 profectus
3530 2672 3642 2729 est,
3672 2671 3869 2730 captum

2326 2778 2503 2832 Persa
2520 2774 2586 2828 ad
2607 2771 2929 2825 Bahramum
2952 2767 3115 2820 lilium
3133 2762 3385 2817 Babrami
3402 2759 3693 2813 Persarum
3712 2764 3872 2821 regem

2330 2871 2626 2927 miserunt,
2657 2861 2749 2932 qui
2793 2858 2969 2929 capite
2994 2856 3171 2926 ipsum
3214 2851 3518 2911 truncavit,
3562 2862 3677 2917 quo
3707 2843 3876 2898 audito

671 2970 1041 3020 reverteretur
1083 2961 1312 3016 dimisit.
1363 2961 1703 3024 imperatore
1740 2955 1881 3030 ergo
1938 2958 2073 3013 urbe
2104 2972 2229 3028 pro.
2256 2967 2301 3023 ο
2334 2972 2527 3030 magna
2573 2952 2800 3009 tristitia
2844 2950 3069 3004 affectus
3098 2953 3183 3001 est
3222 2942 3505 2999 Galitenus
3545 2939 3749 2999 Caesar,
3779 2942 3829 2989 et
3853 2946 3877 2983 a

672 3055 839 3120 fecto,
866 3055 1117 3108 omnibus
1139 3067 1260 3122 qua:
1289 3051 1564 3105 habebant
1592 3050 1647 3105 in
1689 3051 2085 3120 eleemosynam
2120 3049 2233 3104 dis-

673 3148 892 3202 tributis
932 3145 1001 3199 ad
1046 3151 1283 3198 montem
1329 3157 1609 3223 magnum,
1644 3139 1825 3197 Chaos
1868 3141 2233 3211 appellatum,

675 3239 742 3291 ad
790 3246 999 3306 partem
1051 3236 1247 3304 Ephesi
1297 3235 1616 3289 orientalem
1659 3233 1921 3304 profecti,
1970 3236 2021 3286 in
2073 3248 2235 3302 specu

675 3331 907 3399 quodam
964 3344 1163 3399 magno
1208 3330 1300 3398 qui
1354 3330 1408 3382 in
1459 3330 1579 3396 ipso
1627 3328 1726 3380 fuit
1778 3342 1837 3381 se
1889 3326 2236 3395 abdiderunt,

680 3420 823 3474 unde
850 3434 993 3473 unus
1026 3420 1224 3488 aliquis
1264 3434 1330 3473 ex
1384 3417 1516 3485 ipsis
1554 3418 1798 3485 quotidie
1830 3417 2018 3468 urbem
2050 3428 2238 3483 perso-

679 3521 842 3565 natus
896 3510 1335 3579 ingrediebatur,
1391 3518 1449 3562 ut
1496 3509 1628 3578 quid
1682 3506 1750 3563 de
1806 3507 1937 3575 ipsis
1994 3506 2240 3559 dicerent

682 3606 931 3659 homines
973 3604 1204 3663 audiret,
1246 3604 1499 3669 victuque
1530 3602 1663 3669 ipsis
1697 3608 2013 3666 comparato
2060 3612 2242 3651 rever-

686 3708 785 3746 sus
815 3693 920 3746 illis
951 3692 1237 3745 indicaret.
1267 3690 1509 3743 Reverso
1544 3690 1708 3759 igitur
1736 3686 2057 3755 imperatori
2090 3700 2153 3741 ac
2177 3687 2243 3740 de

686 3783 823 3851 ipsis
862 3783 1070 3850 rosanti
1100 3797 1225 3835 cum
1256 3780 1566 3833 nuntiatum
1605 3787 1769 3843 esset,
1808 3777 1979 3832 fuisse
2015 3778 2161 3845 ipsos
2186 3770 2240 3830 in

687 3881 871 3929 tuente
918 3876 974 3925 in
1029 3874 1323 3941 spelunca,
1358 3870 1522 3939 jussit
1568 3870 1685 3937 ipse
1727 3869 1934 3923 obstrui
1978 3869 2246 3937 spelunca:

690 3966 938 4028 aditum,
984 3973 1041 4017 ut
1086 3964 1159 4017 ibi
1208 3973 1573 4015 morerentur.
1623 3961 1764 4015 Deus
1811 3968 1994 4013 autem
2042 3968 2243 4028 septem

688 4056 976 4127 juvenibus
1022 4055 1142 4109 istis
1184 4057 1433 4107 so'mnum
1469 4052 1716 4113 immisit,
1761 4067 1869 4119 quo
1898 4051 2072 4103 instar
2104 4064 2248 4102 mor—

697 4159 908 4201 tuorum
945 4146 1306 4199 dormierunt.
1341 4144 1569 4208 Quidam
1612 4156 1740 4210 ergo
1784 4157 1845 4194 ex
1892 4142 2065 4209 ipsius
2112 4154 2244 4209 prte-

710 4237 867 4291 i'eCtis
900 4247 1114 4303 sumpta
1146 4234 1345 4287 lamina
1381 4234 1630 4302 plumbea
1664 4232 1945 4286 historiam
1984 4232 2247 4299 ipsorum,

2337 3023 2478 3107 malo
2512 3044 2841 3105 Christianis
2875 3039 3161 3095 inferendo
3191 3032 3447 3090 cessavit.
3480 3031 3644 3085 Anno
3682 3023 3879 3094 imperii

2334 3139 2723 3209 ipsittsquinto
2753 3143 2997 3188 mortuus
3023 3138 3107 3184 est
3134 3127 3363 3181 Bahram
3384 3164 3399 3189 ,
3441 3116 3585 3176 (ilius
3616 3116 3877 3179 Babrami,

2335 3234 2625 3298 Persarum
2657 3241 2749 3282 rex
2775 3244 2791 3284 :
2826 3234 2944 3294 post
2975 3235 3136 3292 quem
3169 3216 3412 3289 regnavit
3437 3215 3696 3279 Baltram,
3731 3209 3874 3263 etiam

2336 3322 2591 3378 Bahrami
2624 3320 2785 3383 illius,
2822 3316 2913 3385 qui
2944 3325 2998 3369 et
3032 3313 3250 3368 Shahan
3290 3308 3433 3363 Shah
3472 3304 3648 3369 audit,
3684 3315 3876 3373 menses

2336 3422 2591 3483 quatuor.
2628 3408 2754 3462 dein
2794 3414 3043 3459 mortuus
3082 3412 3188 3461 est.
3219 3398 3548 3453 succedente
3588 3392 3695 3464 ipsi
3734 3392 3878 3445 fratre

2336 3482 2511 3574 ipsius
2542 3500 2714 3555 Narsa
2745 3498 2853 3552 filio
2883 3492 3164 3556 Bahrami,
3188 3490 3293 3566 ‘ﬁlii
3324 3488 3573 3558 Saporis,
3602 3484 3696 3539 lilii
3726 3482 3880 3537 Azda-

2338 3598 2496 3659 shiri,
2527 3593 2624 3648 lilii
2656 3592 2849 3654 Babec,
2884 3587 2977 3641 filii
3014 3582 3206 3639 Sasaui
3232 3600 3248 3649 ;
3278 3581 3368 3650 qui
3410 3582 3465 3635 in
3499 3578 3698 3633 Persas
3728 3587 3882 3643 annos

2344 3704 2533 3745 novem
2581 3683 2861 3754 regiravit,
2899 3678 3025 3733 dein
3069 3685 3319 3729 mortuus
3365 3683 3468 3726 est.
3500 3674 3661 3725 Anno
3691 3665 3877 3736 imperii

2344 3780 2585 3850 ejusdem
2618 3759 2885 3847 (videlicet
2913 3769 3124 3825 Galieui
3153 3766 3401 3835 Caesaris)
3434 3763 3648 3818 decimo
3681 3766 3873 3831 quarto,

2344 3870 2507 3942 396
2552 3882 2777 3937 regnum
2818 3866 2871 3918 in
2908 3863 3103 3918 Persas
3144 3858 3378 3915 obtinuit
3420 3855 3679 3917 llormoz,
3722 3852 3887 3905 Narsa

2346 3960 2525 4025 filius,
2574 3959 2733 4013 annis
2777 3965 2985 4027 septem
3036 3963 3090 4008 et
3139 3954 3379 4021 quinque
3414 3948 3731 4012 mensibus,
3776 3942 3878 3998 dein

2347 4047 2593 4107 mortuus
2619 4060 2723 4103 est.

2417 4140 2631 4194 Mortuo
2666 4146 2845 4191 autem
2883 4134 3105 4189 Galieuo
3131 4132 3367 4196 Caesare,
3402 4130 3767 4184 Romanorum
3794 4124 3877 4177 im-

2354 4242 2635 4304 peratore,
2688 4229 2975 4298 imperavit
3023 4234 3143 4295 post
3194 4226 3371 4293 ipsum
3418 4223 3603 4276 Romae
3648 4218 3879 4273 Claudius

696 4337 750 4383 et
792 4326 919 4395 quid
968 4328 1103 4394 ipsis
1145 4342 1267 4379 cum
1320 4325 1645 4392 imperatore
1694 4321 1853 4375 Decio
1899 4323 2248 4389 contigisset,
2286 4299 2327 4352 θ
2362 4327 2565 4389 canar,
2607 4336 2808 4377 annum
2862 4309 3060 4384 unum,
3096 4318 3260 4386 idque
3306 4331 3449 4367 anno
3486 4314 3635 4383 regni
3673 4311 3877 4366 Horme!

696 4422 1021 4490 inscripsit;
1062 4433 1223 4488 quam
1257 4416 1452 4471 deinde
1483 4402 1623 4468 areae
1650 4428 1818 4467 aeneae
1860 4412 2109 4475 inclusit,
2149 4428 2251 4481 qua

700 4513 755 4565 in
787 4525 950 4579 specu
983 4508 1169 4560 relicta
1208 4492 1429 4574 janua'm
1465 4504 1634 4573 ipsius
1655 4502 1947 4555 obstruxit.

774 4602 934 4671 392
994 4598 1208 4652 Mortuo
1272 4597 1433 4650 Decio
1482 4595 1696 4658 Catsare
1755 4596 2082 4661 imperatore
2135 4594 2255 4661 post

700 4695 878 4763 ipsum
926 4690 1111 4743 Romae
1153 4688 1205 4740 in
1257 4686 1535 4739 Romanos
1570 4685 1854 4752 imperium
1904 4683 2261 4737 obtinuerunt

702 4796 879 4836 8|lll05
917 4780 1090 4843 duos,
1132 4777 1488 4845 imperatores
1520 4774 1628 4828 duo
1668 4773 1858 4828 Galius
1895 4782 1949 4825 et
1990 4772 2258 4836 Julianus,

705 4872 981 4935 Caesares;
1020 4867 1182 4936 idque
1210 4878 1353 4917 anno
1381 4863 1530 4931 regni
1573 4862 1822 4914 Bahrami
1865 4861 1957 4913 lilii
1990 4860 2262 4923 Bahrami,

708 4962 991 5015 Persarum
1027 4958 1191 5025 regis,
1222 4954 1564 5009 duodecimo.
1598 4954 1754 5006 Anno
1782 4952 1998 5020 imperii
2026 4952 2263 5020 ipsorum

711 5055 885 5123 primo
915 5050 1202 5104 Cornelius
1232 5047 1414 5099 Romae
1440 5044 1746 5113 patriarcha
1774 5032 2101 5096 constitutus
2127 5040 2265 5095 duos

707 5159 882 5199 armos
913 5143 1075 5206 sedit,
1099 5140 1223 5193 dein
1264 5146 1515 5191 mortuus
1538 5146 1643 5189 est.
1681 5134 1886 5188 Eodem
1919 5150 2063 5187 anno
2092 5134 2267 5187 factus

711 5248 793 5290 est
838 5233 1141 5288 Demetrius
1192 5229 1501 5299 patriarcha
1552 5227 1961 5289 Antiocheuus,
2007 5226 2097 5294 qui
2146 5232 2269 5277 octo

714 5340 885 5381 annos
915 5325 1075 5383 sedit,
1111 5304 1235 5375 dein
1271 5329 1517 5373 mortuus
1554 5326 1657 5373 est.
1694 5317 1939 5383 Mortuus
1971 5324 2054 5370 est
2090 5324 2267 5369 autem

716 5419 967 5474 Julianus
990 5418 1307 5482 imperator,
1324 5422 1379 5467 et
1403 5410 1708 5464 octodecim
1736 5418 1855 5480 post
1886 5407 2077 5462 diebus
2102 5408 2270 5460 inter-

720 5509 895 5564 fectus
944 5506 1172 5569 Callus,
1221 5504 1432 5575 imperii
1477 5518 1745 5568 consors,
1802 5500 2103 5571 imperante
2148 5507 2273 5570 post

722 5607 866 5672 ipsos
912 5601 1170 5671 llomauia
1215 5597 1417 5666 Galitio
1460 5598 1711 5668 Casam,
1747 5598 1838 5669 qui
1874 5609 1927 5652 et
1964 5597 2273 5651 Alteriauus

2362 4416 2646 4469 Persarum
2673 4412 2816 4481 regis
2842 4408 3020 4462 tertio.
3038 4408 3191 4459 Anno
3217 4405 3422 4473 imperii
3446 4400 3875 4456 ClaudiiCzsaris

2361 4507 2535 4576 primo
2568 4502 2899 4557 constitutus
2936 4509 3013 4552 est
3049 4494 3247 4550 Paulus
3276 4495 3585 4566 patriarcha
3622 4489 3881 4548 Antioche»

2362 4605 2497 4654 nus,
2546 4589 2637 4657 qui
2689 4601 2814 4641 cum
2862 4599 3036 4637 annos
3081 4590 3204 4637 octo
3248 4582 3477 4637 sedisset
3526 4592 3767 4637 mortuus
3796 4585 3878 4633 est.

2358 4679 2789 4751 Cognominatus
2846 4686 2929 4730 est
2996 4684 3173 4729 autem
3228 4672 3431 4729 Paulus
3480 4673 3876 4730 Somaisetanns,

2362 4772 2506 4840 quod
2536 4786 2600 4825 ex
2629 4770 2823 4823 incolis
2848 4765 3114 4821 Somaiset
3144 4774 3309 4829 esset,
3335 4764 3541 4835 fuitque
3564 4765 3702 4819 idem
3725 4771 3878 4816 auctor

2364 4862 2633 4915 haereseos
2684 4860 3139 4913 Paulicianorum.
3186 4856 3290 4922 Qui
3336 4858 3581 4911 eamdem
3629 4841 3745 4912 cum
3787 4855 3879 4923 ipso

2366 4951 2519 5006 fidem
2568 4950 2800 5019 professi
2834 4956 3005 5025 .suul,
3052 4946 3405 5014 eamdemque
3448 4947 3761 4999 sententiam
3788 4955 3877 4995 arn-

2369 5044 2529 5109 plexi,
2555 5058 2582 5095 a
2616 5041 2831 5095 nomine
2864 5039 3039 5108 ipsius
3064 5038 3254 5099 l’aulo,
3283 5037 3599 5092 Pauliciani.
3633 5034 3874 5092 Sententia

2366 5142 2543 5186 autem
2572 5130 2720 5184 Pauli
2752 5129 3087 5182 Samosetani
3123 5129 3235 5181 haec
3264 5126 3415 5181 erat:
3448 5127 3727 5182 Dominum
3753 5126 3875 5180 Cim-

2367 5234 2509 5277 stum
2555 5221 2829 5276 hominem
2872 5217 3042 5273 fuisse
3084 5234 3111 5270 a
3158 5219 3362 5272 Deitate
3394 5230 3633 5273 creatum
3675 5218 3874 5288 ejusdem

2369 5329 2491 5367 cum
2526 5320 2771 5365 nostrum
2794 5310 2977 5378 aliquo
3006 5308 3344 5373 substantiae,
3370 5317 3422 5363 et
3451 5310 3762 5379 principium
3781 5301 3872 5358 Filii

2371 5421 2398 5458 a
2439 5405 2603 5457 Maria
2638 5403 2843 5466 fuisse,
2893 5401 3179 5472 ipsumque
3215 5402 3446 5455 electum
3482 5400 3650 5456 fuisse
3687 5411 3739 5455 ut
3764 5403 3873 5452 esset

2373 5496 2622 5550 Salvator
2674 5495 2993 5549 substantia:
3048 5495 3333 5557 humanae,
3397 5494 3686 5550 comitante
3734 5493 3869 5562 ipsum

2374 5591 2543 5660 gratia
2590 5588 2770 5642 divina
2815 5596 2869 5641 et
2896 5586 2948 5639 in
2990 5586 3106 5655 ipso
3142 5585 3415 5641 habitante
3462 5601 3554 5650 per
3596 5585 3873 5643 amorem“
