4138 6472
245 289 334 347 997

1647 285 2012 346 ANNALES.

3325 294 3425 354 998

245 395 579 456 voluntatem,
637 395 864 461 ideoque
929 402 1172 444 vocatum
1223 409 1342 448 esse
1397 392 1590 444 Filium
1657 391 1766 442 Dei.
1808 395 1846 447 Α
1877 387 2056 441 Titum
2099 400 2299 443 vastata
2347 391 2473 444 anni
2519 401 2644 445 sunt
2688 393 2902 448 ducenti
2950 410 3066 449 sex.
3114 395 3191 450 Ad
3229 397 3364 454 idem
3396 415 3425 451 ε

246 485 374 536 Dixit
402 485 557 536 etiam
606 485 770 537 Deum
809 498 967 534 unam
1001 499 1122 536 esse
1165 474 1548 544 substantiam,
1588 496 1777 532 uuam-

240 592 334 642 que
364 590 646 643 personam
673 616 686 638 ,
734 590 906 639 neque
939 574 990 626 in
1030 573 1262 627 Verbum
1292 573 1564 631 credebat,
1604 585 1775 638 neque

241 669 287 718 iu
325 665 577 733 Spiritum
626 673 896 717 sanctum.
945 666 1071 718 Post
1120 674 1348 717 mortem
1390 664 1553 732 igitur
1605 663 1776 728 ipsius

236 757 535 826 congregati
574 765 700 808 sunt
743 756 983 824 epis-com
1024 755 1279 808 tredecim
1325 757 1375 806 in
1419 756 1550 808 urbe
1582 755 1777 806 Antio-

238 851 416 907 chcna,
449 846 538 913 qui
571 847 622 898 in
659 846 830 913 ipsius
866 847 1064 898 factum
1099 854 1150 897 et
1186 845 1505 898 sententiam
1539 843 1770 912 inquisi-

237 943 438 995 verunt,
483 942 686 986 etcum
750 933 949 1000 ipsum,
1011 943 1066 987 et
1130 942 1396 1002 quotquot
1451 933 1774 986 sententiam

234 1028 340 1093 ejus
374 1024 829 1093 amplecterentur
850 1025 1185 1077 anathemate
1206 1024 1550 1077 devovissent
1573 1023 1773 1075 reversi

233 1127 368 1169 sunt.
670 1121 676 1127 ’

294 1205 644 1275 397-399
676 1206 884 1261 Mortuo
908 1205 1131 1259 Claudio
1158 1205 1371 1259 Caesare
1401 1205 1773 1258 Romanorum

234 1296 567 1365 imperatore,
604 1305 723 1364 post
756 1297 931 1366 ipsum
977 1296 1234 1350 Romanis
1271 1295 1454 1349 Romae
1492 1295 1777 1364 imperavit

233 1388 472 1442 Aurelius
501 1388 681 1443 Caesar
713 1403 888 1442 annos
923 1389 1199 1458 quinque,
1242 1388 1404 1456 idque
1436 1402 1580 1438 anno
1623 1385 1772 1454 regni

235 1479 469 1531 llurmozi
513 1479 606 1533 t'ilii
636 1479 823 1534 Nai-2a:
854 1481 993 1549 regis
1033 1481 1320 1535 Persarum
1365 1491 1581 1547 quarto.
1619 1478 1776 1531 Anno

235 1571 430 1639 imperii
463 1572 666 1625 Aurelii
697 1573 925 1626 Caesaris
960 1574 1134 1641 primo
1171 1573 1507 1623 constitutus
1540 1577 1619 1621 est
1649 1569 1774 1620 Dio-

237 1661 406 1728 nysius
435 1663 747 1728 patriarcha
788 1660 1088 1724 Romanus,
1121 1659 1216 1728 qui
1251 1671 1374 1714 octo
1409 1674 1584 1713 annos
1611 1659 1772 1724 sedit,

234 1749 337 1802 dein
397 1759 649 1804 mortuus
701 1760 804 1805 est.
861 1753 1018 1804 Auno
1072 1759 1269 1818 quarto
1329 1749 1542 1816 imperii
1601 1749 1774 1818 ipsius

229 1847 430 1894 creatus
489 1850 572 1894 est
629 1840 806 1895 Neron
834 1844 1139 1910 patriarcha
1193 1841 1630 1902 Alexandrinus,
1685 1841 1773 1893 ubi

228 1931 585 1984 novemdecim
627 1945 802 1986 annos
837 1932 998 1994 sedit,
1033 1932 1157 1986 dein
1195 1942 1441 1984 mortuus
1475 1940 1581 1986 est.
1617 1929 1772 1984 Chri-

223 2021 372 2074 stiani
409 2031 595 2075 autem
623 2022 974 2075 Alexandrini
1023 2023 1075 2074 in
1116 2022 1391 2089 speluncis
1433 2029 1487 2074 et
1523 2021 1775 2074 domibus

225 2112 350 2163 clam
381 2112 650 2170 orabant.
699 2120 846 2163 metu
879 2107 1291 2173 Romanorum,
1329 2125 1395 2162 ne
1429 2111 1573 2178 ipsos
1611 2111 1778 2163 truci-

223 2207 438 2266 darent,
487 2217 662 2271 neque
708 2201 1000 2259 manifesto
1032 2217 1092 2255 se
1131 2201 1422 2256 exhibebat
1466 2201 1774 2269 patriarcha

225 2292 270 2344 iu
295 2292 620 2345 Alexandria
648 2310 662 2358 ;
698 2302 893 2347 atcum
925 2281 1234 2361 patriarcha
1262 2303 1542 2346 crearetur
1572 2293 1779 2360 Neron,

223 2384 302 2437 ille
330 2399 388 2436 se
422 2384 715 2437 manifesto
749 2384 1017 2446 exhibuit,
1049 2399 1226 2451 neque
1261 2384 1469 2437 destitit
1501 2382 1776 2446 Romanos

222 2476 560 2540 demulcere,
609 2478 782 2529 donec
822 2477 1162 2530 Alexandriae
1199 2478 1488 2530 ecclesiam
1534 2475 1777 2530 Dominis

221 2564 393 2619 Maria:
461 2581 675 2620 sacram
746 2576 1075 2620 exstrueret.
1151 2567 1308 2619 Anno
1372 2567 1775 2634 imperii‘ejus

220 2658 438 2725 quinto,
501 2667 751 2712 mortuus
804 2668 887 2714 est
944 2660 1180 2713 Hormoz
1239 2657 1428 2712 Name
1483 2658 1626 2713 illius
1681 2673 1772 2711 rex

222 2749 526 2810 Persarum,
564 2748 650 2802 cui
684 2749 866 2802 nullus
895 2758 1033 2812 erat,
1062 2764 1221 2817 quem
1257 2761 1633 2823 successorem
1670 2748 1775 2801 sibi

220 2841 608 2906 constitueret,
644 2840 807 2894 titius.
845 2838 974 2892 Erat
1006 2829 1186 2892 tamen
1213 2855 1278 2892 ex
1307 2840 1572 2894 uxoribus
1604 2839 1775 2907 ipsius

218 2931 459 3002 quaedam
511 2932 768 3000 gravida,
823 2947 985 3000 quam
1041 2946 1163 2983 rum
1217 2938 1464 3000 rogasset
1518 2929 1770 2998 populus,

1880 481 2094 535 Christo
2127 494 2274 545 nato,
2306 484 2519 537 ducenti
2567 487 2906 552 septuaginta
2946 503 3061 541 sex.
3103 489 3179 542 Ad
3226 489 3364 543 idem
3395 505 3423 541 a

1880 585 2046 641 regno
2075 573 2391 638 Alexandri,
2442 573 2796 645 ἀοι-403
2829 577 3102 642 quingenti
3136 579 3426 646 nonaginta

1877 665 2138 732 quinque.
2171 664 2248 718 Ad
2294 665 2434 718 idem
2470 681 2499 718 a
2526 669 2841 733 captwitate
2874 668 3213 737 Babylonica,
3251 671 3426 724 eetin-

1877 757 2022 820 genti
2057 758 2449 825 quinquaginta
2485 767 2630 811 octo.
2666 759 2742 810 Ad
2777 759 2917 811 idem
2951 773 2978 811 a
3024 758 3243 825 Davide,
3279 761 3426 813 mille

1878 848 2102 900 trecenti
2129 847 2342 915 triginta
2372 849 2632 917 quinque.
2664 849 2741 901 Ad
2777 849 2914 902 idem
2946 849 3014 902 ab
3043 850 3186 902 exitu
3217 851 3429 906 Israeli-

1879 946 2055 990 tarum
2110 952 2175 989 ex
2234 935 2502 1007 Egypto,
2554 938 2701 991 mille
2754 941 3011 1009 nongenti
3071 940 3425 1008 quadraginta

1880 1043 2040 1080 unus.
2083 1027 2162 1078 Ad
2207 1028 2345 1080 idem
2376 1029 2448 1079 ab
2476 1028 2805 1089 Abrahamo.
2851 1029 2936 1081 bis
2982 1031 3127 1084 mille
3166 1029 3432 1096 quadrin-

1879 1115 2023 1184 genti
2065 1114 2427 1182 quadraginta
2475 1124 2616 1168 octo.
2667 1115 2744 1168 Ad
2796 1116 2936 1168 idem
2979 1131 3006 1167 a
3040 1116 3307 1182 Pbaleko,
3349 1118 3432 1171 bis

1879 1204 2023 1256 tnille
2051 1205 2304 1272 nongenti
2335 1206 2603 1273 octoginta
2631 1221 2845 1278 novem.
2871 1207 2948 1258 Ad
2976 1206 3118 1258 idem
3144 1223 3172 1258 a
3203 1208 3428 1271 diluvio,

1879 1299 1962 1345 ter
2008 1294 2152 1347 mille
2199 1295 2477 1362 quingenti
2517 1296 2730 1365 viginti.
2773 1296 2851 1348 Ad
2903 1297 3041 1349 idem
3090 1298 3157 1350 ab
3201 1296 3428 1362 Adamo,

1877 1383 2168 1452 quinquies
2199 1386 2341 1439 mille
2367 1386 2690 1456 septingenti
2727 1388 3069 1456 septuaginta
3102 1403 3216 1442 sex.

1949 1569 2220 1638 Imperare
2251 1579 2429 1623 autem
2452 1568 2666 1640 [empit]
2701 1567 3068 1623 Diocletianus
3099 1584 3244 1624 anno
3281 1572 3432 1641 regni

1882 1657 2130 1726 Saporis,
2161 1659 2252 1711 lilii
2290 1659 2564 1723 llormozi,
2592 1658 2882 1714 Persarum
2914 1660 3080 1728 regis,
3105 1649 3419 1725 undecimo,

1882 1766 1984 1804 una
2014 1766 2136 1804 cum
2174 1751 2292 1818 ipso
2325 1751 2625 1820 imperante
2653 1751 2998 1816 Maximiano,
3031 1756 3123 1822 qui
3151 1763 3205 1809 et
3234 1755 3433 1810 Curius

1877 1843 2182 1910 appellatus
2231 1851 2359 1907 est;
2408 1846 2723 1910 potitusque
2768 1854 2852 1898 est
2900 1845 2952 1898 in
3000 1843 3435 1902 Romanos.ini-

1878 1931 2030 1998 perio
2061 1930 2218 1984 annis
2251 1931 2436 2000 viginti
2470 1947 2599 1985 uno.
2648 1931 2958 2002 Magnarum
2999 1935 3072 1993 illi
3108 1935 3433 1992 Christianis

1878 2022 2272 2086 calamitatum,
2296 2035 2346 2078 et
2374 2026 2608 2078 tristitiae
2643 2027 2933 2093 diuturnm,
2979 2030 3436 2100 crueiatuumque

1878 2114 2120 2180 gravium
2171 2129 2235 2167 ac
2279 2117 2679 2183 persecutionis
2706 2119 2856 2171 durae
2903 2128 3158 2173 auctores
3193 2120 3434 2186 fuerunt,

1877 2200 2013 2254 adeo
2060 2212 2120 2254 ut
2168 2203 2372 2271 majora
2413 2205 2522 2258 sint
2573 2222 2733 2275 quam
2766 2223 2886 2274 qua:
2926 2209 3158 2278 exprimi
3204 2195 3434 2278 possunt

1878 2293 2039 2355 mala,
2076 2310 2197 2362 qua:
2217 2295 2326 2349 illis
2364 2296 2683 2360 intulerunt,
2710 2313 2813 2365 qua
2844 2301 3008 2362 caede,
3039 2316 3144 2368 qua
3168 2300 3432 2355 bonorum

1885 2383 2251 2450 publicatione
2276 2400 2292 2448 ;
2320 2386 2618 2440 interfectis
2635 2401 2698 2440 ex
2726 2390 2856 2456 ipsis
2877 2404 3108 2456 quorum
3139 2406 3170 2443 a
3197 2393 3434 2455 nemine,

1877 2484 2105 2542 excepto
2135 2473 2266 2538 Duo,
2304 2492 2567 2534 numerus
2601 2479 2726 2532 iniri
2757 2489 2956 2548 potest,
3019 2496 3083 2534 ac
3116 2485 3432 2553 martyrium

1875 2579 2064 2620 eorum
2107 2577 2350 2638 tempore
2402 2570 2581 2638 passis
2632 2571 2866 2625 millenis
2919 2583 3218 2641 martyrum
3275 2575 3436 2627 milli-

1878 2656 2004 2711 bus.
2040 2652 2212 2711 lidem
2242 2670 2492 2713 sanetum
2525 2659 2810 2729 Georgiqu
2846 2662 3012 2715 rariis
3046 2664 3434 2734 suppliciorum

1877 2748 2170 2815 generibus
2220 2752 2522 2803 crueiatum
2560 2752 2614 2804 in
2665 2736 2974 2815 Patrestina,
3029 2762 3204 2806 morte
3247 2752 3439 2808 a‘ﬂeeeo

1881 2846 2010 2893 runt
2043 2859 2056 2894 :
2101 2841 2195 2909 qui
2229 2851 2455 2896 sanctus
2487 2858 2515 2894 a
2544 2843 2881 2912 Cappadocia
2917 2859 3089 2914 genus
3118 2845 3290 2899 duxit.
3345 2845 3437 2898 ln-

1880 2930 2210 2995 terfecerunt
2249 2934 2415 2984 etiam
2445 2943 2697 2986 sanctum
2746 2933 2967 2997 Minam,‘
3019 2931 3182 3006 505
3222 2951 3433 2989 necnon

216 3024 376 3078 sciret
423 3039 601 3076 necne
647 3033 826 3075 utrum
860 3021 913 3075 in
961 3033 1114 3074 utero
1161 3037 1388 3088 puerum
1435 3035 1501 3074 an
1536 3021 1769 3088 puellam
1800 3033 1843 3089 (ζ
1878 3031 2131 3074 sanetum
2186 3020 2484 3086 Victorem,
2539 3023 2866 3076 l'hicinitum
2894 3063 2909 3086 ,
2967 3015 3320 3079 Abiinaehum
3381 3033 3437 3080 et

215 3124 472 3183 gestaret,
507 3115 784 3182 respondit
814 3113 905 3166 illa
944 3111 1176 3166 :Motum
1203 3111 1514 3180 embryonis
1535 3112 1602 3164 ad
1631 3111 1772 3164 latus

216 3204 462 3260 dextrum
518 3205 733 3268 sentio,
787 3218 910 3257 eum
962 3202 1295 3280 gestaminis,
1329 3201 1584 3266 levitate,
1631 3201 1774 3270 quod

216 3296 473 3349 indicium
523 3303 605 3348 est
655 3295 821 3348 fetum
880 3293 1178 3346 masculum
1222 3307 1362 3346 esse.
1416 3291 1598 3347 Gavisi
1650 3306 1782 3360 ergo

217 3387 282 3437 illi
345 3386 600 3438 diadema
669 3394 824 3438 utero
899 3383 1142 3437 mulieris
1221 3383 1378 3437 istius
1441 3383 1775 3451 alligamnt,

213 3491 441 3546 cumque
498 3476 662 3528 lilium
714 3476 1039 3544 peperisset,
1103 3476 1279 3529 Sabur
1323 3467 1628 3544 appellatus
1669 3486 1772 3529 est.

213 3567 367 3638 ἀ,οθ
397 3569 606 3633 Estque
639 3568 725 3621 ille
755 3568 896 3620 idem
925 3568 1016 3636 qui
1045 3565 1338 3622 Dul—Ectal
1387 3565 1771 3638 [Scapularum

218 3658 499 3731 Dominus]
539 3659 954 3728 cognominatus
1017 3669 1137 3724 est;
1192 3661 1316 3715 inde
1373 3661 1773 3732 scilicet.quod

215 3766 328 3803 cum
358 3765 540 3820 regem
567 3751 800 3820 aliquem
830 3750 1097 3816 vinceret,
1124 3752 1400 3818 seapulam
1429 3752 1510 3806 illi
1542 3752 1773 3807 luxaret.

215 3841 396 3912 Magna
452 3852 668 3908 autem,
719 3841 890 3910 ipsius
941 3857 1142 3907 causa,
1199 3845 1381 3898 laetitia
1425 3842 1606 3898 allecti
1643 3853 1776 3899 sunt

213 3931 405 3988 Persae.
474 3991 476 3993 ,

276 4017 737 4088 Blo'rtqutn‘elio
766 4023 980 4079 Caesare
1005 4024 1385 4081 Romanorum
1419 4025 1769 4095 imperatore,

215 4127 327 4184 post
358 4096 539 4186 ipsum
564 4127 874 4184 regnarunt
912 4109 1153 4171 Tacitus
1172 4126 1226 4170 et
1264 4117 1544 4172 Kurianus
1578 4133 1770 4172 novem

215 4225 459 4272 menses,
508 4208 635 4262 dein
675 4209 843 4264 occisi
891 4218 1040 4263 sunt.
1095 4211 1402 4279 imperante
1449 4220 1574 4279 post
1623 4213 1772 4272 ipsos

214 4299 430 4352 Μαι-ωηο
460 4300 681 4353 Cazsare
721 4315 894 4353 annos
941 4317 1072 4360 sex;
1108 4302 1270 4368 idque
1299 4318 1443 4356 anno
1483 4303 1629 4370 regni
1675 4302 1771 4354 Sa-

1824 3105 1829 3111 ί
1881 3109 2234 3169 Mercurium.
2279 3114 2435 3166 Anno
2467 3113 2677 3182 imperil
2712 3115 2949 3183 ipsorum
2990 3114 3204 3169 decimo
3231 3119 3431 3170 consti-

1884 3213 2033 3257 unus
2059 3214 2142 3259 est
2182 3206 2367 3260 Petrus
2396 3205 2702 3274 patriarcha
2726 3207 3145 3272 Alexandrinus,
3180 3209 3432 3280 seditque

1863 3311 2055 3350 annos
2117 3297 2305 3352 decem
2355 3313 2370 3350 :
2417 3285 2540 3351 dein
2592 3313 2735 3353 anno
2795 3300 3123 3354 eorumdem'
3174 3302 3438 3356 vicesimo

1861 3392 2220 3463 Alexandriae
2253 3375 2432 3462 gladio
2463 3403 2625 3463 caput
2658 3396 2757 3460 ipsi
2787 3408 3121 3466 amputatum
3150 3409 3253 3453 est.
3279 3402 3437 3454 Anno

1879 3483 2092 3552 imperii
2131 3483 2371 3552 ipsorum
2413 3485 2588 3552 primo
2624 3488 2957 3543 constitutus
3009 3499 3092 3544 est
3131 3491 3434 3562 Eutychius

1879 3575 2184 3642 patriarcha
2237 3574 2542 3639 Romanus,
2591 3579 2685 3647 qui
2726 3594 2850 3633 cum
2887 3594 3062 3636 annos
3096 3591 3224 3636 octo
3258 3585 3436 3639 sedis-

1878 3673 1961 3717 set
1983 3673 2240 3718 montuus
2277 3676 2380 3720 est.
2435 3668 2594 3721 Anno
2624 3671 2938 3724 earumdem
2973 3687 3116 3726 nono
3145 3673 3321 3729 [actus
3354 3686 3437 3730 est

1876 3753 2084 3828 Gabius
2116 3755 2331 3828 [Caius]
2377 3762 2689 3826 patriarcha
2729 3760 2966 3826 ibidem,
3010 3763 3100 3830 qui
3149 3765 3434 3818 duodecim

1865 3860 2051 3900 [annos
2076 3849 2243 3911 sedit,
2306 3849 2429 3902 dein
2479 3860 2724 3906 mortuus
2760 3861 2864 3906 est.
2916 3856 3075 3905 Anno
3107 3854 3437 3920 imperiieo-

1875 3937 2118 3990 rumdem
2167 3940 2378 3994 decimo
2423 3943 2755 3995 constitutus
2798 3951 2883 3996 est
2924 3940 3082 3997 Euris
3126 3946 3434 4013 patriarcha

1874 4022 2394 4100 Antiochenus,‘qui
2428 4033 2680 4086 undecim
2714 4046 2886 4088 annos
2924 4037 3087 4096 sedit,
3123 4037 3248 4090 dein
3285 4054 3433 4092 mur-

1875 4131 2003 4176 tuus
2047 4132 2152 4176 est.
2203 4127 2360 4176 Anno
2392 4125 2703 4179 earumdem
2734 4126 2925 4192 quinto
2975 4129 3306 4183 constitutus
3351 4142 3433 4184 est

1872 4211 2156 4266 Mamunes
2209 4209 2496 4283 episr'opus
2557 4213 3099 4285 llierosolymitanus,
3161 4219 3250 4272 ubi
3312 4235 3431 4274 eum

1874 4301 2134 4354 tredecim
2160 4318 2330 4356 annos
2365 4306 2596 4358 sedisset
2630 4315 2876 4358 mortuus
2906 4317 3008 4360 est.
3030 4308 3186 4361 Anno
3212 4324 3436 4363 eorum-

217 4391 356 4457 poris
399 4391 495 4443 lilii
547 4389 799 4444 llormozi
847 4390 1136 4446 Persarum
1191 4398 1328 4460 regis
1376 4395 1558 4447 tertio.
1611 4373 1845 4444 AnnuD
1873 4393 1992 4445 dem
2027 4393 2237 4446 decimo
2273 4404 2466 4448 octavo
2516 4405 2744 4450 creatus.
2781 4407 2863 4450 est
2905 4396 3199 4453 Zebedams
3230 4400 3436 4465 epist‘o-

216 4481 419 4548 imperii
457 4469 670 4532 Μητυυὶ
710 4482 869 4532 tertio
894 4495 1110 4534 creatus
1140 4491 1225 4535 est
1252 4480 1498 4535 Philetus
1530 4482 1763 4550 patriar-

217 4567 309 4622 cha
353 4569 674 4633 Romanus,
724 4569 814 4624 ubi
863 4586 986 4622 cum
1034 4586 1209 4625 annos
1254 4573 1493 4640 quinque
1533 4574 1768 4626 sedisset

219 4670 458 4715 mortuus
492 4674 609 4718 est.
658 4663 816 4714 Anno
861 4661 1104 4728 ejusdem
1148 4662 1393 4716 secundo
1435 4663 1766 4715 constitutus

216 4762 294 4804 est
339 4751 581 4822 Cyrillus
638 4752 950 4818 patriarcha
990 4753 1400 4818 Antiochenus,
1451 4753 1549 4821 qui
1589 4767 1766 4806 annos

217 4841 520 4907 quindecim
555 4842 711 4904 sedit,
740 4836 864 4895 dein
900 4854 1145 4895 mortuus
1176 4854 1278 4895 est.
1305 4840 1519 4894 Mortuo
1543 4841 1765 4896 Marene

217 4933 419 4986 Casare
442 4932 812 4986 Romanorum
837 4933 1161 4999 imperatore
1184 4934 1422 5000 regnavit
1444 4942 1565 5001 post
1585 4935 1760 4999 ipsum

217 5021 380 5077 Carus
417 5024 629 5088 Caesar,
678 5036 888 5090 unaque
937 5023 1047 5075 bini
1101 5023 1272 5090 ips-ius
1328 5024 1418 5075 lilii
1460 5024 1652 5077 Carius
1709 5031 1762 5078 et

220 5114 592 5180 Nuinerianus,
626 5131 796 5169 annos
823 5115 980 5179 duos,
1007 5108 1167 5184 idque
1187 5130 1330 5169 anno
1355 5120 1503 5186 regni
1535 5117 1761 5172 Saboris

219 5206 464 5263 llurmozi
492 5207 588 5260 lilii
620 5222 783 5260 nono.
817 5207 1098 5260 Crudelem
1132 5208 1220 5260 hic
1251 5223 1305 5261 se
1338 5223 1462 5277 erga
1493 5207 1758 5262 Christia-

223 5311 314 5350 nos
341 5299 617 5362 exhibuit;
650 5298 901 5366 idemque
933 5307 1013 5352 est
1045 5299 1139 5365 qui
1172 5297 1433 5351 liozmum
1467 5310 1516 5351 et
1546 5299 1762 5352 Damia-

222 5404 337 5440 num
373 5390 602 5453 fratres,
644 5399 909 5457 martyres
943 5400 1114 5441 morle
1154 5389 1348 5442 affecit.
1383 5389 1594 5442 Mortuo
1623 5389 1760 5442 Caro

221 5482 421 5537 ϐεεν-ε
446 5523 462 5546 ,
493 5484 572 5535 ’ae
617 5481 929 5535 interfectis.
959 5482 1082 5535 ﬁliis
1116 5483 1308 5550 ipsius,
1352 5483 1536 5535 llomm
1572 5485 1625 5537 in
1658 5482 1759 5537 Ro-

225 5588 403 5626 manos
440 5575 665 5641 imperio
696 5575 895 5640 potitus
926 5583 1008 5625 est
1035 5571 1399 5626 Diocletianus
1428 5573 1628 5627 Caesar.

280 5660 396 5717 .lam
424 5664 491 5719 ad
517 5665 802 5733 imperium
831 5665 1151 5720 Diocletiani
1177 5669 1244 5717 ab
1271 5663 1642 5733 Hierosolyma
1666 5682 1758 5734 per

1876 4499 1977 4552 pus
2008 4482 2166 4537 Hiero
2186 4486 2569 4553 sulymltanus,
2597 4489 2683 4554 qui
2713 4489 2892 4541 decem
2918 4505 3087 4542 annos
3120 4492 3277 4551 sedit,
3310 4492 3434 4543 dein

1871 4584 2118 4628 mortuus
2169 4588 2274 4629 est.
2355 4575 2597 4630 Fuerunt
2660 4587 2840 4634 autem
2900 4578 3062 4631 Petro
3113 4582 3432 4649 patriarcha

1871 4662 2243 4717 Alexandrino
2298 4665 2549 4734 discipuli
2602 4667 2733 4730 duo,
2787 4683 3020 4736 quorum
3068 4674 3172 4722 .uni
3231 4687 3430 4724 nomen

1868 4756 2126 4817 Achillas,
2159 4755 2313 4808 alteri
2347 4757 2672 4811 Alexander.
2709 4757 2944 4826 Fuitqne
2973 4759 3317 4812 Alexandria)
3350 4763 3433 4814 in-

1869 4845 2041 4898 fidelis
2074 4847 2293 4915 quidam
2350 4849 2570 4902 nomine
2629 4851 2816 4911 Arius,
2869 4851 2964 4918 qui
3003 4839 3219 4904 Patrem
3250 4852 3427 4905 solum

1868 4935 2035 4989 Deum
2065 4954 2185 4992 esse
2217 4940 2475 5001 asseruit,
2541 4937 2734 4992 Filium
2774 4953 2952 4993 autem
2986 4951 3249 5001 creatum,
3287 4958 3426 4995 con-

1865 5029 2082 5094 ditum;
2145 5045 2207 5081 ae
2269 5030 2444 5083 fuisse
2469 5030 2682 5084 Patrem
2739 5047 2859 5084 cum
2884 5037 3011 5084 “non
3061 5043 3201 5085 esset
3235 5031 3434 5088 Filius.

1870 5117 2018 5171 Dixit
2051 5134 2181 5188 ergo
2206 5116 2408 5174 Petrus
2439 5120 2716 5189 discipulis
2772 5122 2889 5176 suis
2919 5142 2931 5173 :
2968 5121 3231 5176 Dominus
3271 5122 3429 5178 Chri-

1863 5223 1985 5266 Stus
2015 5212 2143 5264 Ario
2174 5214 2260 5265 isti
2284 5211 2583 5276 maledixit,
2611 5222 2795 5266 cavete
2828 5213 2992 5278 igitur
3015 5229 3080 5266 ne
3111 5213 3308 5280 ipsum,
3334 5215 3428 5269 aui

1866 5306 2040 5374 ipsius
2078 5299 2280 5357 dictum
2312 5302 2660 5374 5.05-407
2695 5303 2992 5372 recipiatis.
3041 5304 3242 5358 Videns
3278 5308 3429 5359 enim

1863 5397 1916 5451 in
1950 5411 2142 5452 somno
2168 5397 2446 5450 Christum
2479 5397 2723 5448 vestibus
2753 5394 2963 5459 scissis,
2993 5411 3116 5448 cum
3151 5412 3428 5464 rogassem

1863 5488 2036 5556 ipsum
2063 5503 2077 5539 :
2105 5488 2350 5551 Domine,
2378 5486 2498 5553 quis
2524 5491 2856 5538 vestes'tuas
2886 5482 3176 5538 laceravit?
3202 5501 3430 5553 respon-

1864 5581 1943 5633 dit
1980 5579 2130 5642 mihi,
2176 5579 2356 5630 Arius.
2416 5575 2614 5628 Cavete
2671 5590 2799 5646 ergo
2846 5592 2912 5632 ne
2945 5576 3118 5645 ipsum
3155 5577 3208 5630 in
3240 5575 3427 5630 Eccle-

1864 5671 1998 5723 siaut
2027 5669 2308 5723 vobiscum
2341 5665 2660 5719 admittatis.
