4038 6464
674 358 780 423 999

1692 362 2059 427 EUTYCHII
2101 362 2636 427 ALEXANDRINI
2676 340 2891 425 mm.

3750 363 3855 428 l000

742 472 948 538 Quinto
974 481 1152 528 autem
1181 482 1309 543 post
1329 473 1549 527 Petrum
1584 474 1947 543 patriarcham
2010 472 2240 529 interfe-
2268 487 2314 540 Α
2344 474 2460 543 ipse
2489 473 2640 528 Roha
2674 474 2906 546 fugiens,
2937 488 2998 529 ae
3026 473 3341 544 Byzantium
3366 472 3662 542 profectus,
3691 484 3859 543 patrem

671 578 822 618 ctum
857 578 1021 627 anno,
1088 565 1418 619 constitutus
1477 573 1560 618 est
1617 564 1881 629 Achillas,
1941 565 2241 634 discipulus

672 652 868 722 ipsius,
921 652 1235 721 patriarcha
1270 652 1716 719 Alexandrinus;
1780 654 1868 707 ubi
1920 668 2014 708 sex
2068 666 2242 708 annos

671 742 834 805 sedit,
868 740 989 796 dein
1045 750 1295 797 mortuus
1343 752 1447 798 est.
1476 745 1641 801 Arius
1703 752 1887 799 autem
1940 745 2243 798 amicorum

672 845 899 886 suorum
927 846 1029 899 ope
1052 842 1242 886 contra
1270 834 1544 887 Achillam
1574 835 1860 917 implorpta
1886 833 1985 903 ipsi
2016 831 2242 887 simula-

672 929 753 976 vit
782 924 1009 978 rediisse
1041 940 1101 979 se
1132 926 1201 978 ab
1228 926 1333 980 ista
1377 927 1650 981 sententia
1680 927 1867 995 impia,
1918 926 2134 994 istaque
2163 923 2247 976 in-

672 1014 981 1081 ﬁdelitate;
1027 1031 1197 1084 quare
1257 1016 1435 1085 ipsum
1469 1025 1524 1071 et
1573 1020 1627 1071 in
1664 1016 1967 1073 Ecclesiam
2017 1016 2239 1069 admisit

672 1106 919 1159 Achillas
964 1114 1018 1160 et
1072 1106 1457 1176 presbyterum
1506 1110 1813 1163 conStituit.
1875 1106 2245 1161 Diocletianus

673 1212 805 1252 vero
861 1212 957 1250 rex
983 1196 1333 1253 Christianos
1394 1200 1635 1269 undique
1678 1199 2024 1269 conquisitos
2073 1205 2248 1253 morte

634 1335 639 1340 .
674 1287 858 1343 affecit
899 1303 915 1340 :
970 1303 1114 1358 quos
1143 1290 1271 1343 dum
1306 1306 1556 1359 quaerere
1581 1302 1853 1361 pergeret,
1907 1307 2032 1347 cum
2064 1288 2130 1344 ad
2167 1290 2249 1343 lo-

675 1394 801 1433 cum
838 1380 1149 1434 Dahnitiam
1180 1380 1387 1433 dictum
1424 1383 1779 1450 pervenisset,
1812 1380 1954 1436 Deus
1988 1382 2041 1434 in
2070 1381 2246 1448 ipsum

676 1471 973 1525 vindictam
1005 1488 1158 1527 suam
1187 1472 1407 1538 effudit,
1457 1472 1596 1528 adeo
1624 1482 1684 1528 ut
1712 1475 1892 1528 soluto
1921 1486 2151 1542 corpore
2189 1469 2246 1524 in

677 1563 928 1618 morbum
962 1562 1182 1635 gravem
1220 1566 1511 1632 incideret,
1551 1567 1842 1635 plagasque
1882 1578 2075 1633 graves
2109 1577 2245 1635 con-

676 1655 941 1721 traheret,
973 1657 1109 1710 adeo
1141 1664 1205 1710 ut
1237 1672 1448 1711 vermes
1477 1659 1811 1727 produceret
1841 1670 2040 1723 corpus
2074 1654 2246 1723 ipsius

674 1744 829 1815 quia
862 1758 1028 1799 carne
1058 1747 1228 1812 ipsius
1258 1747 1315 1800 in
1354 1754 1556 1800 terram
1583 1747 1917 1811 deciderent,
1954 1745 2245 1815 linguaque

669 1847 741 1887 ex
790 1847 886 1888 ore
921 1832 1207 1900 deﬂueret,
1252 1835 1440 1905 itaque
1471 1843 1719 1889 mortuus
1761 1837 1855 1889 sit.
1887 1833 2247 1889 Maximianus
2278 1815 2322 1871 Β

673 1938 825 1988 vero,
865 1924 960 1994 qui
982 1925 1243 1980 Alcurius
1264 1927 1572 1996 appellatus
1597 1940 1700 1989 est,
1742 1926 1797 1981 in
1832 1928 2082 1979 morbum
2112 1926 2249 1979 inci-

672 2012 773 2079 dit,
808 2031 917 2083 quo
948 2015 1204 2071 adustum
1235 2028 1320 2072 est
1349 2032 1553 2086 corpus
1585 2018 1777 2086 ipsius,
1804 2019 1938 2070 adeo
1965 2023 2023 2069 ut
2055 2014 2250 2069 carbo-

672 2109 762 2161 nis
784 2108 958 2160 instar
984 2116 1173 2175 esset;
1236 2107 1502 2178 Tarsique
1537 2119 1784 2163 mortuus
1808 2116 1914 2175 est,
1948 2108 2277 2176 imperante‘

676 2207 798 2269 post
835 2201 984 2268 ipsos
1007 2196 1306 2265 Maxentio,
1336 2185 1654 2254 Maximiani
1683 2200 1816 2264 tilio,
1840 2214 2053 2267 unaque
2076 2198 2248 2252 Maxi-

670 2287 859 2344 miano
889 2286 1099 2351 altero,
1146 2288 1236 2355 qui
1267 2294 1322 2339 et
1354 2286 1679 2340 Galerianus
1706 2286 1899 2349 audiit,
1948 2299 2120 2339 annos
2150 2300 2249 2339 no-

671 2392 794 2432 vel)
827 2395 844 2433 :
874 2357 1229 2448 idque'anno
1259 2374 1427 2447 408
1460 2377 1611 2445 regni
1672 2375 1901 2457 Saporis
1948 2375 2046 2429 ﬁlii
2102 2374 2246 2429 Hor-

671 2466 816 2523 mozi
840 2463 1026 2522 Persa:
1062 2465 1338 2519 tricesimo
1382 2464 1648 2519 secundo.
1697 2465 2012 2518 Diviserunt
2043 2464 2096 2518 hi
2130 2460 2250 2519 'im-

674 2559 885 2627 perium
911 2558 1049 2627 adeo
1080 2554 1537 2621 utMaximianus,
1556 2556 1650 2624 qui
1672 2554 1926 2610 Galerius
1946 2556 2247 2625 appellatus

675 2624 781 2715 est,
803 2649 858 2703 in
887 2624 1165 2702 Orientem
1197 2656 1249 2701 et
1269 2646 1509 2717 Syriam,
1536 2655 1846 2713 terramque
1875 2624 2245 2698 lt'omanorum

677 2750 959 2813 regnaret;
989 2739 1296 2798 Maxentius
1321 2754 1448 2794 vero
1478 2739 1665 2793 Roma:
1695 2746 1751 2793 et
1795 2739 1849 2791 in
1880 2737 2053 2807 ipsius
2085 2735 2246 2791 terri-

676 2834 838 2887 toria.
868 2832 1117 2887 Fuerunt
1145 2840 1325 2885 autem
1356 2831 1408 2885 in
1433 2829 1781 2885 Christianos
1815 2828 1990 2882 instar
2026 2820 2245 2881 leonum

673 2924 1039 2987 saevientium,
1089 2922 1445 2978 etmalorum
1522 2922 1949 2987 exsiliet-umque
1988 2917 2095 2971 illis
2143 2931 2243 2971 au-

674 3027 855 3071 ctores
880 3029 1001 3083 qua
1029 3012 1344 3068 describere
1379 3024 1540 3065 nemo
1560 3014 1757 3081 p‘otest,
1780 3008 2073 3078 qualiaque
2099 3003 2246 3085 haud

2343 581 2499 621 suum
2531 567 2689 628 adiit,
2722 566 2813 635 qui
2842 582 3066 637 regnum
3100 566 3200 636 ipsi
3231 565 3475 619 tradidit.

2417 658 2713 727 Aliquanto
2755 666 2880 726 post
2921 667 3166 712 mortuus
3195 665 3280 711 est
3312 656 3607 721 Constans,
3632 655 3864 712 Constan-

2342 750 2441 804 tini
2472 758 2648 819 pater.
2702 748 2843 803 Deus
2872 755 3053 802 autem
3092 748 3143 801 in
3179 747 3569 801 Maximianum
3620 748 3870 816 imperato-

2344 856 2458 895 rem
2510 839 2730 894 morbos
2772 853 2965 906 graves
3015 838 3262 903 immisit,
3292 838 3431 891 adeo
3476 847 3698 891 ut‘raro
3730 836 3873 905 ipsius

2344 932 2629 995 deﬂueret,
2682 939 2738 985 et
2789 931 2845 984 in
2905 938 3106 982 terram
3171 930 3444 998 projectus
3496 938 3755 989 maneret,
3794 943 3873 982 nec

2344 1022 2470 1094 quis
2500 1022 2568 1075 ad
2613 1022 2790 1088 ipsum
2827 1018 3108 1073 accederet
3150 1020 3230 1072 vel
3279 1018 3537 1072 accedere
3563 1026 3758 1087 posset.
3799 1014 3875 1070 li-

2344 1115 2449 1170 rati
2467 1124 2593 1170 sunt
2620 1129 2747 1184 ergo
2776 1114 2910 1169 socii
2938 1114 3107 1183 ipsius
3130 1114 3258 1165 illud
3289 1115 3433 1181 quod
3462 1114 3561 1182 ipsi
3588 1112 3875 1181 contigerat,

2344 1210 2477 1278 quin
2522 1217 2576 1262 et
2616 1208 2719 1276 ipsi
2754 1205 2957 1259 inimici
3008 1204 3218 1259 miserti
3270 1214 3399 1258 sunt
3428 1205 3548 1273 ejus
3580 1205 3651 1257 ob
3689 1219 3749 1257 ea
3780 1219 3877 1267 qua

2345 1315 2544 1369 passus
2582 1307 2687 1355 est.
2738 1298 2862 1365 ipse
2901 1312 3030 1351 vero
3065 1297 3130 1349 ad
3165 1312 3223 1351 se
3255 1310 3530 1360 reversus,
3581 1294 3690 1349 lioe
3725 1296 3877 1349 forsan

2344 1393 2491 1460 quod
2521 1391 2698 1460 patior
2735 1389 2956 1459 (inquit)
2982 1387 3107 1442 inde
3144 1387 3274 1441 mihi
3302 1388 3521 1450 accidit,
3564 1388 3707 1455 quod
3746 1386 3881 1440 Chri-

2348 1486 2561 1542 stianos
2589 1481 2978 1537 interfecerim.
3021 1481 3253 1535 Litteras
3283 1495 3415 1550 ergo
3447 1480 3501 1534 in
3541 1495 3731 1535 omnes
3779 1496 3882 1548 pro-

2347 1578 2556 1635 vincias
2597 1589 2732 1630 suas
2778 1574 2950 1637 dedit,
2998 1584 3055 1626 ut
3097 1572 3465 1633 Christianos,
3510 1572 3813 1640 quicunque
3835 1571 3878 1625 in

2344 1664 2662 1722 carceribus
2691 1672 2903 1730 essent,
2935 1663 3295 1727 dimitterent,
3344 1675 3547 1730 eosque
3590 1662 3789 1715 honore
3816 1660 3881 1715 af-

2349 1758 2592 1821 ﬁcerent,
2637 1771 2740 1812 nec
2780 1756 2949 1810 ullum
3001 1756 3069 1811 iis
3109 1756 3369 1811 damnum
3398 1754 3561 1826 412
3608 1754 3883 1819 inferrent;

2352 1844 2605 1921 rogarent
2657 1858 2836 1903 autem
2870 1857 2928 1902 ut
2958 1850 3101 1902 inter
3158 1849 3486 1918 precandum
3532 1863 3631 1918 pro
3687 1850 3880 1917 impera-

2348 1950 2468 1997 tore
2493 1953 2617 1995 vota
2653 1940 2967 1994 funderent.
2992 1938 3293 1994 Orantibus
3323 1955 3451 2008 ergo
3470 1954 3569 2007 pro
3594 1941 3885 2007 imperatore

2346 2033 2678 2089 Christianis
2717 2046 2781 2085 ac
2812 2046 3001 2101 preces
3039 2030 3424 2096 tundentibus,
3478 2030 3619 2084 Deus
3642 2030 3739 2100 ipsi
3762 2032 3883 2084 sani.

2350 2131 2515 2176 tatem
2552 2121 2814 2186 restituit,
2855 2123 2993 2175 adeo
3028 2130 3088 2175 ut
3122 2120 3329 2175 viribus
3374 2127 3427 2173 et
3454 2121 3693 2175 sanitate
3722 2121 3885 2173 melius

2347 2229 2509 2285 quam
2541 2223 2700 2268 antea
2736 2212 3014 2280 gauderet.
3071 2213 3169 2267 ille
3205 2226 3335 2267 vero
3377 2213 3468 2266 ubi
3500 2212 3726 2266 sanitati
3754 2213 3883 2266 resti-

2350 2315 2497 2360 tutus
2528 2304 2923 2368 convaluisset,
2959 2305 3026 2357 ad
3061 2304 3321 2372 majorem
3356 2302 3657 2373 impietatis
3688 2305 3883 2372 gradum

2347 2413 2511 2467 quam
2571 2404 2732 2451 antea
2782 2397 3105 2466 prolapsus,
3154 2397 3209 2450 in
3267 2411 3459 2451 omnes
3501 2395 3741 2451 ditiones
3781 2410 3885 2451 suas

2347 2489 2614 2552 Scrihens,
2641 2488 2990 2543 Christianos
3020 2488 3195 2543 occidi
3218 2488 3412 2558 jussit,
3445 2496 3498 2541 et
3532 2503 3599 2543 ne
3623 2488 3888 2559 professio-

2347 2578 2432 2632 nis
2461 2578 2583 2647 ejus
2622 2578 2901 2649 quispiam
2948 2579 3001 2631 iu
3033 2578 3261 2648 imperio
3296 2579 3469 2648 ipsius
3490 2580 3884 2648 relinqueretur,

2348 2684 2485 2724 neve
2511 2672 2703 2725 urbem
2742 2680 2833 2725 aut
2868 2671 3128 2742 oppidum
3161 2672 3400 2726 incolere
3430 2672 3762 2735 sinerentur,
3811 2671 3887 2725 Sed

2348 2762 2569 2832 penitus
2620 2763 3082 2832 exstirparentur.
3160 2762 3442 2818 luterfecti
3504 2772 3634 2816 sunt
3692 2776 3816 2833 ergo
3867 2776 3889 2814 e

2347 2852 2701 2915 Christianis,
2738 2868 2845 2922 qua
2877 2852 3003 2915 viri,
3048 2868 3154 2922 qua
3186 2852 3417 2915 feminae,
3452 2867 3560 2921 qua
3587 2850 3891 2921 pueriuplu-

2348 2957 2436 2997 res
2467 2958 2629 3012 quam
2659 2942 2753 3012 qui
2786 2943 3063 2997 numerari
3101 2942 3332 3013 possint,
3379 2944 3515 2996 adeo
3555 2950 3615 2996 ut
3642 2956 3751 3010 pra:
3774 2941 3893 2995 occi-

2332 3049 2532 3108 sorum
2564 3035 2919 3089 multitudine
2954 3034 3212 3104 plaustris
3243 3033 3407 3088 delati
3438 3033 3492 3086 in
3526 3048 3711 3097 mare,
3761 3042 3810 3085 et
3850 3034 3890 3083 in

672 3106 874 3199 fecer?"
908 3101 1033 3172 qui“
1058 3116 1125 3157 ⁸⁸
1156 3100 1347 3199 “sfw?
1399 3108 1807 3199 θξίθθβδξθτωδι
1838 3099 2084 3199 τξεώυθσ
2134 3097 2244 3199 ξ¹¹¹¹ξ
2269 3138 2312 3195 c
2347 3104 2563 3179 deserta
2591 3097 3011 3193 projicerentu—r.
3063 3124 3241 3177 Morte
3273 3132 3385 3175 tum
3428 3123 3605 3177 aii'ecti
3639 3132 3764 3177 sunt
3785 3120 3889 3173 Ser-

668 3194 882 3261 peravit
915 3206 1023 3246 una
1065 3206 1191 3245 cum
1238 3190 1373 3259 ipsis
1416 3174 1701 3260 Byzantio,
1739 3189 2097 3259 partibusque
2139 3188 2242 3255 ipsi

669 3283 1047 3351 adjaceutibus
1080 3280 1381 3347 Constans,
1426 3280 1774 3336 Constantini
1824 3274 2002 3351 pater,
2050 3282 2135 3336 vir
2162 3295 2247 3335 se-

667 3379 852 3439 datus,
875 3373 1188 3443 religiosus,
1207 3373 1474 3426 idolorum
1493 3373 1640 3436 osdr,
1662 3371 1992 3426 Christianis
2006 3371 2238 3425 amicus.

676 3462 780 3517 llic
820 3462 875 3516 in
918 3471 1106 3531 partes
1137 3459 1541 3530 Mesopotamia:
1585 3476 1650 3514 ac
1696 3458 1889 3522 Rebar,
1942 3463 2243 3530 profectus,

666 3556 795 3607 dum
828 3552 882 3606 in
916 3552 1118 3623 oppido
1147 3552 1381 3621 quodam
1407 3550 1573 3604 iioha:
1600 3552 1815 3621 Caphar
1842 3554 2055 3606 Phacar
2098 3551 2261 3624 [vice

665 3641 843 3715 figuli]
885 3646 1032 3698 dicto
1104 3642 1469 3707 subsisteret,
1519 3644 1655 3696 vidit
1690 3644 1765 3697 ibi
1804 3643 2088 3699 mulierem
2117 3644 2243 3713 pul-

666 3735 884 3797 chram;
933 3734 1258 3799 formosam,
1296 3734 1515 3787 nomine
1560 3730 1843 3801 Helenam,
1875 3750 1995 3805 quae
2036 3752 2065 3789 a
2102 3736 2240 3789 Bar-

665 3827 783 3880 sica
813 3828 1076 3895 episcOpo
1118 3822 1363 3878 Rohensi
1399 3824 1467 3878 ad
1512 3824 1672 3879 fidem
1704 3825 2077 3881 Christianam
2109 3842 2242 3883 cou-

666 3931 825 3971 versa
862 3919 1061 3982 fuerat,
1112 3931 1214 3970 nec
1241 3932 1348 3970 non
1379 3916 1560 3987 legere
1587 3917 1856 3975 didicerat
1886 3934 2083 3987 :quam
2113 3934 2238 3976 cum

664 4023 694 4061 ο
729 4020 885 4078 patre
917 4008 1143 4077 petitam
1171 4007 1229 4061 in
1264 4022 1488 4061 uxorem
1514 4006 1620 4063 sibi
1648 4010 1918 4075 duxisset,
1940 4026 2004 4064 ea
2025 4012 2094 4065 ab
2121 4012 2239 4081 ipso

663 4099 885 4171 gravida
916 4101 1059 4153 facta
1082 4110 1167 4154 est
1192 4116 1206 4166 ;
1234 4113 1456 4154 reverso
1478 4100 1674 4155 deinde
1695 4100 2000 4155 Constante
2032 4101 2240 4173 Byzan-

665 4194 826 4257 tium,
857 4193 1069 4262 peperit
1095 4190 1300 4247 Helena
1332 4191 1501 4246 tilium
1521 4192 1834 4260 pulchrum,
1864 4204 2234 4260 mansuetum,

665 4287 944 4341 intellectu
1002 4287 1317 4353 praeditum,
1385 4284 1515 4337 mali
1570 4282 1893 4354 fugientem,
1954 4286 2239 4354 sapientia:

662 4387 960 4442 amantem,
995 4378 1249 4431 videlicet
1300 4373 1742 4439 Constantinum,
1770 4377 1862 4445 qui
1899 4374 2066 4431 Rohae
2097 4377 2229 4430 edu-

2344 3216 2468 3285 gius
2496 3223 2551 3270 et
2583 3216 2830 3270 Bacchus
2860 3220 2912 3269 in
2948 3217 3083 3271 urbe
3115 3215 3499 3285 Cappadociae,
3544 3216 3703 3285 cujus
3728 3212 3887 3268 incola

2344 3316 2523 3363 erant.
2579 3306 2872 3362 lnterfecta
2913 3320 2996 3363 est
3024 3317 3077 3363 et
3118 3318 3303 3363 sancta
3338 3308 3595 3362 Barbara.
3644 3308 3797 3362 Anno
3821 3318 3887 3357 se-

2344 3399 2524 3454 cundo
2577 3399 2792 3470 imperii
2828 3398 3144 3455 Maximiani
3188 3399 3367 3454 factus
3416 3409 3502 3456 est
3534 3399 3783 3453 Vitellius
3810 3412 3883 3465 pa-

2343 3491 2583 3546 triarcha
2610 3491 3010 3558 Antiochenus,
3049 3493 3141 3549 ubi
3177 3509 3299 3549 cum
3340 3508 3435 3548 sex
3473 3508 3650 3548 annos
3682 3491 3885 3546 sedisset

2343 3589 2595 3636 mortuus
2626 3588 2733 3636 est.
2792 3582 2952 3637 Anno
2986 3584 3199 3653 imperii
3236 3585 3355 3654 ejus
3390 3585 3551 3638 tertio
3580 3594 3793 3638 creatus
3821 3591 3883 3635 rst

2341 3669 2628 3725 Marcellus
2674 3673 2988 3742 patriarcha
3038 3672 3339 3739 Romanus,
3395 3674 3492 3745 qui
3546 3689 3724 3729 annos
3767 3673 3881 3727 duos

2343 3764 2515 3825 sedit,
2565 3761 2691 3816 dein
2733 3774 2982 3819 mortuus
3022 3774 3124 3819 est.
3174 3762 3345 3819 Porro
3396 3750 3630 3834 sapores
3660 3751 3890 3827 Hormmi‘

2344 3850 2488 3905 illius
2508 3842 2806 3907 Persarum
2835 3869 2964 3921 rex,
3015 3870 3137 3909 cum
3190 3855 3303 3925 jam
3344 3856 3607 3926 grandior
3640 3854 3807 3910 factus
3828 3852 3881 3905 ad

2341 3947 2557 4024 aetatem
2600 3942 2899 4012 iuvenilem
2942 3946 3302 4015 pervenisset,
3336 3957 3588 4017 recteque
3638 3947 3879 4001 constitu-

2351 4040 2464 4085 tum
2504 4042 2661 4115 esset
2684 4050 2910 4105 regnum
2951 4038 3140 4108 ipsius,
3173 4039 3358 4093 audita
3392 4038 3705 4093 Maximiani
3737 4038 3880 4105 impe-

2338 4123 2541 4178 ratoris
2596 4124 2953 4198 ala-415
3016 4130 3389 4186 Romanorum
3446 4130 3615 4195 fama,
3678 4141 3729 4186 et
3772 4126 3878 4199 quid

2338 4212 2669 4269 Christianis
2697 4216 2939 4273 faceret:
2998 4221 3291 4275 comitibus
3321 4221 3439 4275 suis
3460 4259 3476 4286 ,
3522 4218 3658 4275 Volo
3681 4210 3877 4292 (inquit)

2336 4319 2438 4373 ego
2472 4303 2841 4359 Romanorum
2877 4308 3150 4379 regionem
3177 4313 3325 4365 solus
3351 4311 3581 4381 ingredi,
3627 4322 3686 4366 ut
3719 4326 3875 4381 regqu

2347 4396 2591 4463 ipsorum
2645 4405 2809 4468 atque
2858 4402 3197 4455 exercituum
3253 4409 3475 4469 statum,
3517 4411 3572 4457 et
3623 4402 3874 4472 regionum

660 4481 818 4524 catus
846 4462 1160 4523 Cramerqu
1198 4469 1527 4563 sapientiam
1559 4467 1839 4563 addidieit.
1867 4465 2230 4523 Maximianus
2264 4467 2306 4521 D
2336 4462 2501 4536 suum
2552 4462 2896 4553 perspectum
2956 4490 3207 4554 habeam,
3262 4492 3411 4556 dein,
3446 4462 3537 4547 ,ibi
3570 4462 3711 4563 ,μιοᾶ
3755 4488 3873 4545 volui

659 4572 867 4624 autem,
899 4561 991 4629 qui
1024 4560 1279 4613 Galerius
1308 4557 1488 4615 dictus
1515 4569 1599 4614 est
1621 4597 1637 4623 ,
1675 4561 1758 4611 vir
1791 4559 1893 4611 fuit
1923 4575 2101 4630 asper,
2132 4577 2232 4613 au-

665 4654 792 4712 dax,
845 4649 1178 4706 Christianis
1229 4650 1385 4704 valde
1442 4649 1711 4717 infensus,
1760 4650 1961 4719 quique
2032 4652 2232 4707 multos

662 4738 1013 4812 409-411
1046 4742 1290 4811 ipsorum
1324 4742 1446 4794 neci
1486 4740 1675 4807 daret;
1705 4742 2053 4807 mulierosus,
2096 4743 2234 4796 adeo

664 4846 722 4887 ut
755 4848 861 4887 non
887 4835 1227 4902 relinqueret
1254 4831 1582 4886 Christianis
1636 4832 1801 4885 filiam
1859 4833 2092 4901 aliquam
2128 4835 2235 4887 vir-

658 4928 837 4995 ginem
864 4939 1030 4995 quam
1063 4940 1175 4979 non
1216 4924 1544 4994 prehensam
1586 4938 1649 4976 ac
1681 4924 1925 4977 vitiatam
1957 4924 2235 4979 interﬁce-

658 5028 777 5082 ret;
826 5017 1130 5084 eodemque
1186 5015 1347 5069 modo
1398 5022 1708 5068 tractarunt
1760 5015 1991 5070 comites
2054 5016 2231 5085 ipsius

658 5107 901 5176 virgines
935 5106 1416 5170 Christianorum;
1449 5106 1705 5173 ipsosque
1736 5106 1934 5173 opibus
1968 5105 2232 5174 spoliatos

659 5197 1030 5262 trucidarunt,
1066 5196 1203 5250 adeo
1238 5206 1296 5248 ut
1328 5197 1473 5267 male
1501 5196 1793 5248 admodum
1823 5194 1893 5249 ab
1927 5196 2060 5263 ipsis
2089 5204 2234 5253 esset

658 5290 1008 5343 Christianis.
1038 5288 1120 5341 Ad
1150 5287 1399 5343 eumdem
1430 5296 1753 5356 pervenerat
1787 5290 1927 5341 fama
1959 5288 2234 5343 Constan-

660 5384 780 5445 tini,
806 5380 1032 5445 seilicet,
1054 5397 1174 5436 esse
1196 5396 1318 5435 eum
1352 5396 1574 5449 puerum
1607 5390 1971 5447 mansuetum,
1996 5384 2121 5436 mali
2146 5384 2233 5435 fu-

660 5476 917 5543 gieutem,
982 5475 1275 5542 multaeque
1347 5472 1623 5545 scientiae,
1706 5489 1977 5541 quemque
2034 5490 2229 5543 magno

668 5568 966 5619 fruiturum
1022 5568 1251 5635 imperio
1304 5566 1763 5619 annuntiaverant
1806 5568 1897 5633 qui
1940 5581 2062 5619 cum
2116 5568 2233 5637 ipso

663 5668 817 5709 crant
869 5659 1167 5726 astrologi;
1211 5672 1381 5725 quare
1428 5665 1603 5710 morte
1660 5658 1809 5709 illum
1853 5659 2069 5712 allicere
2119 5670 2232 5712 stu-

665 5748 783 5801 duit
819 5767 831 5801 :
869 5752 1011 5817 quod
1046 5764 1167 5802 cum
1205 5748 1568 5803 Constantino
1618 5758 1801 5803 uotum
1837 5750 2034 5803 factum
2067 5762 2229 5818 esset,

2332 4573 2641 4645 perfecero,
2691 4576 2744 4629 in
2802 4594 3028 4648 regnum
3074 4596 3251 4635 meum
3305 4598 3626 4639 reversurus
3673 4599 3806 4647 sum,
3830 4588 3873 4633 ut

2333 4674 2483 4735 post,
2531 4667 2870 4739 experientia
2927 4669 3181 4737 edoctus,
3210 4687 3306 4727 eos
3363 4674 3666 4743 aggrediar.
3699 4674 3874 4727 Carere

2333 4772 2464 4827 ergo
2514 4759 2693 4829 ipsum
2743 4761 3032 4829 jusserunt
3081 4763 3309 4818 comites
3358 4762 3555 4833 ipsius,
3596 4764 3726 4834 quid
3772 4762 3871 4817 inde

2332 4848 2438 4919 ipsi
2469 4862 2793 4905 eventurum
2832 4853 3085 4908 timerent
3113 4854 3443 4911 indicantes.
3500 4855 3595 4911 Ille
3623 4873 3750 4912 vero
3769 4871 3872 4909 cou-

2334 4938 2649 4993 sulentibus
2678 4941 2810 5009 ipsis
2839 4943 3150 4999 auscultare
3180 4945 3373 5010 uoluit,
3430 4948 3525 5002 sed
3568 4947 3871 5002 dissimulato

2336 5025 2529 5081 habitu
2582 5030 2857 5097 profectus
2908 5043 2993 5086 est
3024 5033 3194 5089 donec
3227 5037 3280 5090 in
3326 5038 3691 5092 Romanorum
3727 5037 3870 5104 regio-

2328 5113 2464 5171 nem
2498 5123 2860 5188 pervenisset,
2892 5124 2980 5178 ubi
3013 5125 3079 5180 ad
3112 5134 3325 5197 tempus
3358 5130 3583 5193 mansit,
3635 5130 3740 5184 huc
3768 5128 3867 5180 illuc

2333 5224 2679 5265 CII‘CUIDICIIS.

2406 5298 2656 5370 Dumque
2690 5304 2763 5355 ita
2800 5317 2858 5356 se
2893 5302 3139 5371 haberet,
3179 5320 3308 5361 ecce
3354 5307 3561 5361 audivit
3586 5302 3863 5362 Maximiani

2336 5389 2505 5442 tilium
2561 5393 2875 5446 convivium
2942 5394 3252 5462 instruere;
3304 5411 3367 5450 ac
3410 5398 3648 5467 iussisse
3695 5406 3863 5468 patrem

2338 5482 2510 5550 ipsius
2549 5493 2603 5535 ut
2631 5483 2953 5539 accedentes
2988 5487 3268 5542 hominum
3316 5489 3479 5541 etiam
3508 5490 3686 5542 infimi
3721 5482 3862 5542 convi-

2338 5576 2424 5625 vio
2456 5575 2597 5641 ejus,
2632 5584 2919 5645 postquam
2956 5579 3278 5634 comedendi
3315 5580 3474 5635 ﬁnem
3514 5582 3763 5636 fecissent
3789 5589 3860 5629 no-

2340 5666 2494 5729 lliiUS,
2534 5669 2815 5723 adessent.
2854 5672 3139 5726 Profectus
3174 5683 3254 5726 cst
3281 5689 3409 5743 ergo
3446 5672 3680 5743 Saperes
3713 5670 3859 5726 habitu

2340 5759 2571 5814 mendici
2629 5764 2865 5829 indutus,
2928 5777 2981 5818 ut
3042 5767 3199 5819 (actui
3256 5767 3377 5820 huic
3426 5767 3708 5821 interesset
3756 5763 3859 5813 Dum
