4138 6462
363 285 485 356 ἰοοὲ

1768 304 2130 382 ΑΝΝΑΙιΕΞ.

3434 332 3567 397 i002

350 416 525 460 autem
576 408 687 476 ipse
723 424 921 464 mensae
951 414 1324 480 accumberet,
1374 432 1501 473 ecce
1535 420 1897 481 Maximianus
1930 436 1969 488 Α
2000 430 2191 485 audito
2224 433 2461 504 linguam
2518 438 2763 506 ipsorum
2793 440 3059 497 intellexit
3092 426 3350 515 Sapores.
3406 450 3572 524 420

351 498 643 524 2....υιιιιιη..
694 516 785 524 .......
834 503 1094 524 _--..JI__..
1157 519 1177 524 -
1400 509 1432 524 n
1580 514 1589 523 ρ
1764 515 1776 524 .
1824 516 1837 524 .
2015 520 2051 524 _

351 498 643 566 imperator
694 516 789 552 vas
829 503 1098 569 quoddam
1152 519 1181 556 e
1227 508 1372 561 vasis
1400 509 1644 577 Saporis,
1690 515 1778 568 cui
1824 516 1906 569 in-

347 592 557 656 sculpta
588 601 703 643 erat
736 593 907 660 ipsius
939 595 1114 664 imago
1136 637 1149 660 ,
1206 600 1461 665 pr0tulit,
1494 604 1543 655 in
1576 620 1685 672 quo
1718 606 1907 660 biben-

306 684 472 745 ἰιΙιιιιι
525 683 839 747 imperatori
888 686 1236 753 praebuerunt
1284 698 1426 746 servi
1477 694 1614 763 ejus,
1654 712 1753 750 nec
1800 713 1903 750 non

292 787 299 795 ·
346 771 413 821 iis
442 772 530 835 qui
566 771 711 823 circa
748 770 922 838 ipsum
971 786 1152 830 essent
1199 782 1530 847 proceribus,
1562 784 1739 839 donec
1786 800 1907 853 per-

344 861 450 909 lato
480 859 695 919 tandem
737 864 926 929 poculo
956 865 1019 918 ad
1052 869 1337 934 quemdam
1371 887 1400 925 e
1444 875 1782 943 sapientibus
1823 878 1904 944 ip-

349 962 531 998 sorum
561 949 649 1015 qui
682 960 733 1001 et
761 952 1061 1023 astrologia:
1087 965 1137 1007 et
1168 957 1663 1025 physiognomonite
1692 961 1903 1014 deditus

344 1037 466 1096 t‘nit,
520 1037 606 1089 iile
660 1039 896 1106 inspecta
948 1042 1195 1112 imagine,
1255 1061 1376 1099 cum
1434 1059 1488 1101 et
1534 1058 1692 1101 antea
1740 1048 1905 1120 416

339 1125 563 1191 Saporis
596 1128 647 1178 in
680 1141 937 1181 consessu
962 1134 1199 1186 sedentis
1240 1137 1448 1187 vultum
1479 1138 1854 1205 conspexisset
1883 1157 1897 1192 :

342 1210 508 1266 Video
562 1216 782 1282 (inquit)
833 1218 974 1271 inter
1023 1221 1436 1276 discumbentes
1467 1227 1757 1291 quemdam
1807 1230 1897 1296 qui

338 1304 622 1372 imaginem
648 1316 698 1359 et
735 1308 958 1375 figuram
993 1309 1151 1362 istam
1184 1314 1381 1378 poculo
1410 1313 1535 1367 huic
1569 1315 1896 1386 insculptam

339 1395 545 1459 r.-l'ert;
589 1398 729 1459 quod
771 1398 815 1449 si
852 1398 966 1465 ipse
998 1397 1234 1467 Sapores
1284 1416 1391 1455 non
1441 1403 1534 1466 sit,
1596 1420 1703 1457 non
1734 1415 1818 1459 est
1846 1407 1898 1459 in

337 1498 482 1540 terra
520 1488 790 1555 quispiam
832 1489 933 1556 ipsi
983 1491 1235 1545 similior.
1292 1492 1534 1562 negante
1568 1511 1701 1566 ergo
1733 1496 1899 1550 Maxi—

331 1576 514 1630 miano
541 1580 868 1644 imperatore
917 1580 1171 1647 quisnam
1206 1583 1297 1636 ille
1321 1594 1498 1650 esset;
1549 1587 1673 1640 ille:
1730 1588 1899 1641 Video

332 1667 556 1736 (inquit)
613 1665 668 1718 in
706 1668 804 1720 hoc
839 1670 1038 1735 poculo
1078 1670 1302 1741 Saporis
1354 1672 1674 1742 imaginem,
1729 1685 1896 1745 atque

330 1758 421 1810 hic
453 1757 542 1810 ille
575 1765 659 1811 est
697 1774 710 1808 :
745 1759 1122 1827 preliensaque
1155 1761 1378 1828 Saporis
1409 1780 1571 1818 manu
1621 1768 1796 1835 ipsum
1831 1770 1895 1823 ad
1933 1770 1975 1828 Β

330 1859 513 1914 regem
550 1845 795 1909 adduxit,
850 1847 945 1915 qui
976 1848 1154 1915 ipsum
1190 1851 1440 1918 quisnam
1468 1864 1614 1907 esset
1643 1858 1895 1924 rogavit?

328 1934 417 1984 cui
470 1932 706 2001 Sapores
743 1950 756 1986 :
790 1931 918 1987 Sum
972 1950 1072 2004 ego
1127 1952 1332 2005 pauper
1377 1940 1601 2009 quidam
1638 1960 1668 1998 e
1703 1946 1897 2003 Persiae

332 2026 548 2078 incolis.
583 2025 908 2093 Suspicatus
940 2042 1067 2081 vero
1106 2028 1469 2087 Maximianus
1502 2034 1632 2088 illud
1660 2039 1804 2105 quod
1846 2041 1895 2092 in

330 2131 450 2183 ipso
490 2116 974 2182 animadverterat,
1022 2122 1309 2190 ipsumque
1348 2124 1491 2177 haud
1540 2142 1665 2178 vera
1715 2128 1897 2183 dicere

329 2209 662 2277 percipiens,
697 2212 1074 2265 vehementius
1103 2213 1280 2280 ipsum
1322 2213 1697 2283 interrogavit.
1746 2217 1889 2293 Dixit

327 2299 496 2367 igitur
543 2301 675 2369 ipsis
734 2302 1017 2371 Sapores:
1068 2304 1329 2369 Quoniam
1372 2307 1513 2374 quod
1564 2320 1749 2361 verum
1815 2320 1897 2363 est

328 2391 515 2454 vultis,
545 2406 664 2444 sum
692 2406 789 2462 ego
826 2409 855 2447 e
886 2392 1085 2449 Persia:
1115 2395 1367 2460 ducibus,
1396 2397 1553 2465 cujus
1584 2407 1737 2466 pater
1769 2413 1892 2454 cum

326 2482 379 2534 iu
417 2496 599 2550 regem
632 2483 871 2550 graviter
893 2484 1234 2554 deliquisset.
1269 2486 1361 2543 ille
1394 2489 1570 2556 ipsum
1600 2490 1891 2558 interfecit,

325 2574 524 2640 opibus
554 2573 724 2641 ipsius
757 2574 971 2628 ablatis.
1029 2575 1136 2646 Ego
1186 2591 1337 2646 ergo,
1388 2577 1518 2631 mihi
1545 2591 1793 2635 metuens
1823 2584 1889 2636 ad

327 2672 423 2711 vos
456 2673 541 2712 me
565 2660 795 2725 contuli,
834 2677 1061 2729 sperans
1090 2679 1176 2717 me
1207 2664 1263 2718 in
1297 2667 1513 2734 regione
1544 2677 1715 2722 vestra
1738 2686 1894 2723 secu-

326 2765 442 2800 rum
475 2749 611 2804 fore.
634 2750 713 2804 Ad
752 2756 1065 2821 pauperiem
1091 2764 1270 2809 autem
1302 2757 1580 2819 redactus.
1616 2771 1665 2813 et
1700 2775 1887 2815 neces-

324 2844 482 2895 sitate
536 2843 824 2911 impulsus,
882 2846 989 2898 buc
1037 2848 1158 2901 veni
1212 2861 1323 2916 prae
1371 2864 1434 2901 ea
1489 2865 1597 2918 qua
1659 2854 1891 2923 urgebar

324 2933 489 2998 fame,
553 2934 846 3003 indigentia
896 2952 960 2991 ac
1008 2946 1353 3007 paupertate.
1398 2937 1605 2993 Miserti
1651 2956 1781 3011 ergo
1810 2946 1889 3011 ip-

322 3021 462 3087 sius,
516 3037 641 3076 vera
681 3024 857 3092 ipsum
914 3025 1114 3080 dixisse
1164 3029 1289 3091 rati,
1317 3043 1443 3082 eum
1506 3030 1781 3088 dimittere
1834 3036 1885 3086 in

321 3105 505 3167 animo
547 3115 873 3170 habuerunt.
928 3116 1110 3170 Vetuit
1160 3131 1339 3172 autem
1397 3119 1518 3171 illos
1546 3121 1738 3176 doetus
1772 3123 1881 3188 ille,

296 3203 558 3259 «licens:
595 3206 792 3261 Sciatis
822 3210 964 3261 lmnc
990 3211 1277 3277 ipsummet
1310 3209 1568 3277 Saporem
1587 3227 1709 3267 esse
1751 3232 1763 3267 :
1802 3231 1888 3271 ve-

332 3295 639 3350 hementius
697 3313 826 3363 ergo
887 3299 989 3367 ipsi
1045 3301 1247 3354 instate
1312 3300 1486 3354 donec
1542 3317 1738 3357 verum
1808 3307 1877 3360 de

321 3399 380 3438 se
442 3386 596 3440 vobis
657 3387 876 3441 indicet.
936 3387 1245 3443 Imminebat
1298 3390 1692 3464 517-519
1754 3410 1885 3466 ergo

328 3476 428 3545 ipsi
460 3476 825 3533 Maximianus
858 3478 1171 3550 imperator,
1211 3486 1411 3540 caedem
1447 3490 1687 3543 minatus
1720 3498 1884 3559 atque

324 3567 428 3620 hac
473 3568 648 3622 solum
698 3569 1011 3625 conditione
1072 3575 1423 3629 securitatem
1476 3578 1773 3646 pollicitus,
1834 3581 1880 3634 si

322 3673 467 3721 vere,
497 3662 621 3727 quis
652 3670 820 3726 esset,
861 3661 1150 3717 indicaret.
1196 3664 1338 3718 Dixit
1379 3665 1657 3743 Sapores:
1688 3671 1878 3725 Mirum

320 3758 402 3804 est
424 3750 571 3818 quod
606 3752 806 3818 putetis
833 3749 1092 3820 Saporem
1138 3756 1373 3826 inopiam
1412 3768 1465 3813 et
1499 3771 1877 3829 paupertatem

324 3842 377 3893 in
426 3842 648 3911 regione
695 3851 876 3895 vestra
934 3845 1259 3912 electurum,
1292 3850 1473 3918 potius
1519 3868 1681 3919 quam
1720 3863 1775 3906 ut
1823 3855 1878 3909 in

326 3946 490 4001 regno
517 3934 1004 4009 suo-subsisteret.
1038 3936 1119 3990 Illi
1146 3954 1275 3994 vero
1309 3941 1414 3995 hoc
1453 3943 1520 3996 ab
1558 3960 1623 3998 eo
1651 3960 1876 4013 respon—

321 4040 439 4078 snm
491 4041 599 4079 non
652 4038 1000 4095 acceperunt,
1062 4017 1236 4085 donec
1280 4048 1338 4086 se
1388 4048 1575 4089 revera
1616 4034 1873 4106 Saporem

320 4130 443 4170 esse
481 4117 769 4173 confessus
800 4131 970 4173 esset.
1006 4119 1169 4176 Jussu
1200 4139 1329 4192 ergo
1356 4122 1673 4180 Maximiani
1710 4128 1878 4197 impe-

323 4209 532 4262 ratoris.
569 4223 745 4262 vaccae
795 4209 982 4278 figurae
1019 4226 1165 4266 cavat
1208 4228 1237 4268 e
1273 4216 1440 4275 coriis
1490 4217 1703 4272 bovinis
1750 4234 1874 4274 con-

322 4300 492 4363 fectae,
549 4301 838 4368 impositus
883 4312 1000 4363 est.
1032 4318 1139 4371 qua
1187 4304 1382 4359 deinde
1410 4308 1625 4362 occlusa
1679 4310 1872 4379 vigiles

322 4390 417 4456 ipsi
451 4397 502 4443 et
527 4391 779 4444 custodes
808 4392 1065 4459 praefecit.
1190 4406 1193 4409 '
1242 4388 1257 4403 ⁸

389 4482 524 4535 Tum
577 4480 776 4536 Persia:
839 4485 1109 4553 regioiicm
1154 4502 1437 4555 aggressus
1492 4488 1872 4553 Maximianus.

321 4586 516 4641 magna
549 4573 724 4625 tribus
772 4573 1012 4641 ipsorum
1059 4582 1262 4643 strage,
1317 4580 1479 4632 urbes
1512 4580 1667 4635 ruina
1698 4591 1879 4637 vasta-

320 4664 391 4714 vit
426 4682 439 4718 :
472 4681 569 4718 nec
601 4680 704 4717 non
731 4666 954 4717 arbores
978 4665 1295 4736 palmasque
1317 4671 1640 4738 amputavit,
1671 4671 1876 4751 Sapore

280 4799 283 4803 .
320 4753 531 4809 interim
564 4759 737 4824 ipsum
768 4771 1093 4825 quocunque
1119 4760 1217 4811 iret
1246 4762 1561 4817 comitante.
1587 4761 1768 4832 Neque
1802 4768 1873 4817 ita

319 4854 376 4894 se
416 4844 613 4897 habere
637 4842 796 4897 desiit
824 4843 997 4899 donec
1031 4845 1097 4897 ad
1124 4844 1495 4900 Jontli-Sabur
1519 4851 1871 4917 pervenisset,

320 4931 371 4984 in
403 4950 507 5004 qua
537 4938 845 4990 munierant
871 4952 931 4991 se
958 4936 1246 4993 Persarum
1282 4941 1573 5008 primores,
1627 4932 1787 5011 cujus
1822 4954 1873 4997 et

317 5024 600 5085 dimidium
635 5028 905 5081 machinis
954 5029 1008 5082 in
1044 5045 1163 5083 eam
1201 5029 1427 5085 directis
1469 5033 1737 5099 deiecerat
1767 5036 1869 5089 nisi

316 5117 460 5179 quod
487 5118 658 5187 ipsam
695 5120 901 5186 ingredi
952 5136 1059 5173 non
1106 5134 1304 5189 posset.
1363 5122 1541 5178 Rebus
1585 5135 1764 5180 autem
1801 5128 1871 5179 ita

319 5216 376 5258 se
408 5207 728 5263 habentibus
762 5216 918 5264 necte
962 5213 1193 5279 quadam
1227 5214 1482 5266 custodes
1525 5214 1733 5283 Sapore
1764 5231 1859 5269 ne-

318 5294 599 5366 gligentius
631 5300 810 5352 habito
845 5309 1083 5369 portam,
1121 5317 1212 5370 per
1244 5317 1417 5371 quam.
1441 5304 1493 5357 in
1526 5305 1749 5370 figuram
1781 5307 1890 5384 iu-.

314 5384 404 5451 jicl
449 5390 661 5445 solebat
691 5391 869 5452 cibus,
926 5406 1033 5444 non
1070 5394 1484 5447 obseraverant.
1527 5394 1653 5447 Erat
1685 5404 1865 5449 autem

320 5489 421 5531 uox
469 5478 760 5545 Osbauan,
820 5481 991 5550 (juxta
1023 5482 1171 5536 aliud
1217 5484 1511 5553 exemplar,
1575 5500 1679 5538 nox
1709 5485 1865 5553 festa)

252 5626 254 5628 τ
320 5562 638 5640 fueruntque
691 5570 839 5625 circa
896 5574 1071 5641 ipsum
1105 5588 1169 5627 ex
1220 5575 1413 5627 incolis
1459 5576 1683 5639 Abvazi,
1729 5592 1865 5644 quos

321 5652 543 5715 Romani
573 5663 815 5733 captivos
843 5674 1119 5731 ceperant,
1155 5666 1332 5729 multi,
1358 5682 1589 5735 quorum
1613 5683 1863 5722 sermone
1919 5734 1923 5739 τ

623 5760 893 5817 Panos.
939 5758 1055 5818 Gn.
1102 5758 1266 5820 CXI.

2014 520 2382 578 Erantautem
2418 528 2552 593 ipsis
2583 538 2734 586 utres
2765 533 2885 587 oleo
2929 537 3101 602 pleni.
3153 538 3356 596 Horum
3404 520 3570 613 igitur

2008 613 2224 666 cuidam
2256 626 2417 671 noctu
2442 620 2507 673 ad
2537 635 2594 675 se
2626 631 2818 677 vocato
2845 626 3020 678 dixit:
3056 628 3128 679 Ex
3157 628 3244 684 bis
3273 641 3443 687 utrem
3477 636 3565 688 ali-

2010 720 2170 771 quem
2223 720 2503 777 acceptum
2553 713 2605 766 in
2665 731 2750 769 me
2808 716 3079 783 eﬂ‘undas,
3116 723 3260 790 quod
3309 740 3430 779 cum
3478 725 3569 780 ille

2010 794 2213 850 fecerat
2239 800 2600 857 madefactum
2635 815 2717 860 est
2750 808 2926 862 lorum
2958 827 3068 879 quo
3098 816 3433 871 constrictus
3464 828 3567 873 est.

2010 887 2277 955 Egressus
2301 904 2454 958 ergo,
2515 896 2687 946 instar
2730 896 2919 952 bestia:
2954 900 3182 957 incessit
3205 905 3379 960 donec
3417 909 3566 961 urbis

2010 981 2425 1048 portre'pmpior
2446 981 2627 1038 factus
2646 987 2999 1044 exclamaret.
3036 991 3567 1068 lnciamantibusquc

2004 1065 2179 1130 ipsum
2216 1071 2538 1127 custodibus
2573 1090 2768 1130 nomen
2795 1094 2953 1132 suum
2984 1080 3243 1139 indicavit
3266 1123 3282 1149 ,
3313 1089 3405 1154 qui
3435 1104 3563 1142 voce

2002 1156 2120 1223 ejus
2147 1160 2356 1225 agnita,
2409 1174 2621 1231 portam
2652 1167 2802 1223 urbis
2832 1170 2934 1238 ipsi
2971 1184 3321 1239 aperuerunt.
3373 1175 3565 1242 Quam-

2002 1249 2236 1314 primum
2289 1262 2467 1308 autem
2528 1258 2717 1312 urbem
2764 1260 3043 1331 ingressus
3083 1275 3190 1333 est,
3240 1282 3436 1337 magno
3490 1270 3563 1323 illi

1999 1340 2198 1406 gaudio
2225 1343 2431 1409 perfusi
2466 1361 2655 1402 vocem
2708 1355 3053 1409 sustulerunt
3080 1356 3249 1411 Deum
3281 1359 3565 1415 laudantes

2001 1443 2065 1480 ac
2093 1432 2452 1491 celebrantes.
2526 1437 2844 1509 Experrecti
2894 1445 3063 1514 igitur
3094 1447 3406 1505 Maximiani
3429 1451 3565 1506 socii

2001 1523 2277 1591 suppetias
2338 1527 2475 1595 ipsis
2508 1544 2538 1583 a
2571 1539 2723 1601 tergo
2745 1535 3035 1592 advenisse
3069 1542 3171 1593 rati
3212 1549 3360 1596 sunt.
3420 1539 3566 1597 Dixit

1999 1618 2177 1665 autem
2211 1615 2445 1685 Sapores
2474 1621 2581 1675 illis
2614 1628 2704 1693 qui
2735 1628 2789 1682 in
2825 1643 2949 1684 arce
2981 1639 3137 1685 erant
3167 1648 3180 1685 :
3221 1633 3414 1689 Parate
3446 1650 3563 1701 vos,

2002 1710 2201 1757 utcum
2235 1722 2512 1776 campana:
2536 1728 2729 1768 sonum
2748 1718 3028 1774 audieritis
3062 1724 3115 1774 in
3150 1720 3298 1790 ipsos
3322 1724 3563 1780 irruatis.

2004 1793 2156 1856 Quod
2194 1812 2314 1851 cum
2350 1800 2630 1868 fecissent,
2660 1806 2716 1859 in
2736 1807 2915 1878 fugam
2946 1825 3129 1866 coram
3159 1814 3289 1882 ipsis
3317 1816 3565 1871 conversi

2002 1894 2129 1938 sunt
2156 1886 2390 1944 Romani
2419 1908 2434 1945 :
2462 1909 2601 1962 quos
2632 1897 2812 1966 gladio
2842 1901 3092 1968 insecuti,
3128 1919 3378 1972 magnam
3416 1905 3567 1975 ipso-

2002 1993 2117 2031 rum
2153 1989 2390 2050 stragem
2443 1986 2759 2055 ediderunt,
2810 1992 3042 2063 direptis
3079 2012 3199 2066 quae
3244 1997 3379 2065 ipsis
3408 2007 3567 2053 erant

2000 2071 2195 2135 opibus
2234 2080 2289 2128 et
2336 2077 2882 2141 thesauris..Deinde
2924 2083 3163 2155 Sapores
3190 2086 3560 2145 Romanorum

2000 2161 2274 2227 regionem
2332 2166 2613 2236 ingressus
2652 2187 2904 2241 magnam
2933 2190 3123 2231 eorum
3163 2187 3399 2250 stragem
3452 2182 3566 2236 edi-

1998 2250 2094 2311 dit,
2131 2253 2437 2323 multasque
2470 2263 2699 2317 vastavit
2730 2265 2913 2331 urbes,
2962 2269 3151 2325 multis
3182 2272 3309 2325 inde
3332 2273 3563 2342 captivis

1998 2342 2271 2399 abductis.
2310 2346 2568 2405 Grassata
2615 2362 2702 2408 est
2742 2364 2924 2411 autem
2968 2360 3023 2413 in
3058 2362 3432 2419 Romanorum
3478 2381 3566 2420 re-
3642 2410 3651 2415 -

1997 2434 2157 2500 gione
2205 2436 2376 2493 fames
2424 2442 2628 2510 gravis,
2678 2447 2957 2517 pestisque
3003 2462 3058 2506 et
3103 2454 3283 2523 plaga,
3317 2456 3452 2510 adeo
3502 2464 3563 2512 ut

1996 2535 2244 2583 mortuos
2287 2544 2397 2598 prie
2439 2534 2787 2592 multitudine
2824 2540 3063 2609 ipsorum
3094 2546 3328 2615 sepelire
3367 2550 3560 2620 nequ}-

1995 2627 2137 2672 rent.
2192 2620 2382 2689 Itaque
2432 2625 2572 2680 bello
2608 2625 2855 2698 Saporis,
2905 2634 3047 2687 fame
3080 2626 3105 2699 ,’
3143 2638 3450 2704 pestilentia
3505 2649 3560 2695 et

1994 2720 2168 2765 inorte
2213 2726 2242 2764 a
2289 2714 2614 2771 Christianis
2672 2720 3063 2781 intet‘ficlendis
3135 2730 3338 2785 detenti
3411 2742 3557 2788 sunt.

1991 2797 2163 2856 Porro
2190 2800 2517 2894 Maxentius,
2552 2806 2921 2868 Romanorum
2950 2817 3307 2892 421-423
3334 2824 3559 2894 impera-

1994 2902 2099 2958 tor,
2134 2896 2390 2951 omnibus
2444 2885 2536 2967 qui
2584 2910 2710 2957 ante
2749 2903 2928 2973 ipsum
2966 2885 3365 2978 impera-vasin
3404 2885 3556 2987 pejor

1992 2980 2115 3046 fuit,
2153 2998 2344 3041 omnes
2374 2989 2467 3056 qui
2519 2984 2703 3046 Romae
2734 3005 2912 3064 erant,
2982 3004 3256 3071 praecipue
3289 2980 3556 3063 Christia-

1916 3105 1958 3161 ο
1993 3088 2093 3127 nos
2124 3113 2140 3137 ,
2189 3078 2256 3130 in-
2299 3072 2622 3136 servitutem
2654 3087 2927 3158 redigens,
2972 3095 3167 3159 opibus
3203 3097 3444 3166 ipsorum
3477 3103 3559 3157 di-

1984 3166 2184 3234 reptis,
2215 3170 2535 3228 mulieribus
2562 3185 2615 3230 et
2644 3182 2829 3246 pueris
2861 3182 3188 3243 interfectis.

2062 3257 2195 3311 Cum
2224 3274 2352 3329 ergo
2379 3265 2627 3319 audirent
2647 3266 2830 3325 Romae
2861 3274 3070 3340 incolae,
3110 3278 3376 3347 imperare
3407 3283 3552 3340 Cou-

1989 3356 2306 3421 stantinum,
2339 3358 2622 3430 ipsumque
2656 3364 2779 3416 mali
2824 3380 3061 3435 osorem,
3106 3372 3230 3426 boni
3277 3388 3547 3434 amantem

1985 3461 2126 3509 esse,
2164 3455 2323 3517 atque
2358 3450 2586 3520 imperio
2611 3453 2782 3535 ipsius
2806 3446 3051 3515 subditos
3073 3466 3461 3535 tranquillitate
3488 3486 3552 3522 ac

1986 3552 2115 3604 pace
2152 3539 2255 3594 sub
2294 3542 2410 3610 ipso
2443 3544 2570 3605 frui,
2617 3534 2825 3602 litteras
2872 3553 2939 3606 ad
2984 3534 3167 3622 ipsum
3219 3560 3554 3629 scripserunt

1982 3644 2172 3683 eorum
2204 3634 2492 3702 primores,
2525 3639 2725 3706 quibus
2752 3640 2933 3711 ipsum
2972 3661 3232 3717 rogarunt
3276 3666 3339 3706 ac
3376 3656 3549 3723 petico

1983 3730 2129 3784 runt,
2181 3733 2237 3776 ut
2270 3726 2466 3793 ipsosa
2500 3729 2752 3787 Maxentii
2785 3735 3043 3793 servitute
3077 3738 3344 3798 liberaret.
3375 3744 3552 3801 Lectis

1982 3812 2070 3864 ille
2105 3815 2340 3881 ipsorum
2374 3821 2569 3876 litteris
2596 3839 2942 3903 magnarum
2978 3830 3282 3888 afﬁceretur
3305 3836 3547 3905 tristitia,

1980 3905 2177 3960 dubius
2220 3910 2393 3974 haesit,
2415 3913 2544 3981 quid
2575 3912 2779 3970 faceret
2800 3898 3040 3976 nescius.
3067 3921 3202 3977 Dum
3232 3935 3407 3980 autem
3433 3928 3547 3983 haec
3582 3996 3583 3999 η

1980 3999 2162 4051 animo
2186 4002 2441 4065 volveret,
2467 4019 2592 4060 ecce
2617 4011 2868 4077 apparuit
2890 4012 2965 4065 illi
2987 4013 3114 4083 ipso
3143 4020 3384 4086 meridie,
3413 4038 3547 4078 crux

1977 4102 2007 4140 e
2024 4089 2193 4144 stellis
2216 4091 2445 4161 fulgens,
2462 4098 2607 4150 circa
2638 4113 2797 4167 quant
2821 4105 3081 4173 scriptum
3102 4120 3241 4177 erat,
3268 4111 3379 4167 [Ioc
3399 4116 3547 4185 signa

1978 4182 2165 4236 riuces.
2218 4182 2482 4253 Egressus
2523 4206 2650 4260 ergo
2684 4195 2849 4250 sociis
2875 4198 2989 4251 suis
3014 4200 3151 4254 dixit
3182 4223 3196 4258 :
3251 4204 3546 4264 Vidistisnc.

1974 4275 2115 4341 quod
2147 4291 2243 4343 ego
2269 4277 2404 4332 vidi?
2430 4288 2826 4350 responderunt
2854 4289 2927 4342 illi
2956 4307 2971 4344 :
3000 4290 3191 4349 Etiam.
3224 4296 3301 4352 Ex
3324 4314 3386 4354 eo
3415 4317 3547 4372 ergo

1976 4373 2217 4435 tempore
2283 4369 2593 4440 religionem
2662 4376 3012 4437 cbristianam
3089 4390 3368 4457 amplexus
3439 4369 3540 4449 est.

1983 4455 2218 4528 Fuitque
2250 4462 2374 4527 hoc,
2402 4479 2546 4520 anno
2577 4467 2643 4521 ab
2663 4470 2813 4525 obitu
2842 4475 3011 4541 patris
3038 4455 3207 4547 ipsius
3229 4482 3541 4543 Constantis

1982 4562 2154 4607 sexto.
2180 4553 2573 4633 Constantinus
2598 4576 2727 4631 ergo
2751 4564 3043 4621 instructus
3071 4572 3243 4639 copiis
3261 4578 3540 4633 omnibus-

1980 4658 2083 4710 que
2115 4645 2180 4698 ad
2235 4645 2564 4703 Maxentium
2606 4652 2977 4711 Romanorum
3020 4661 3400 4730 imperatorem
3445 4685 3539 4737 op-

1981 4737 2324 4804 pugnandum
2357 4743 2581 4807 paratis,
2617 4759 2834 4799 crucem
2863 4765 3105 4818 magnam
3148 4757 3401 4823 confecit,
3434 4777 3537 4829 qua

1981 4830 2172 4884 vexillo
2200 4832 2620 4903 superimpOsita
2643 4841 2917 4906 profectus
2958 4851 3041 4897 est
3081 4844 3406 4906 Maxentium
3442 4863 3537 4922 ag-

1978 4935 2290 4987 gressurus.
2334 4922 2636 4982 Maxentius
2670 4945 2797 4984 vero
2821 4933 3004 4988 audito
3028 4940 3439 4998 Constantinum
3472 4949 3538 4999 ad

1978 5014 2174 5067 bellum
2207 5017 2308 5084 ipsi
2353 5017 2692 5075 inferendum
2726 5026 3007 5091 accedere,
3032 5046 3089 5083 se
3117 5040 3169 5084 et
3210 5033 3327 5101 ipse
3378 5050 3537 5105 para-

1976 5107 2071 5169 vit,
2100 5106 2373 5179 fluvioque
2391 5114 2479 5181 qui
2504 5113 2688 5170 Romae
2710 5118 2920 5188 adjacet
2946 5130 3106 5189 ponte
3136 5131 3334 5190 strato,
3355 5131 3539 5198 copias

1974 5215 2101 5255 suas
2127 5217 2317 5259 omnes
2352 5207 2604 5275 edocens,
2632 5225 2756 5265 cum
2782 5214 3140 5271 Constantino
3168 5218 3331 5291 424
3354 5226 3540 5291 prmlio

1974 5294 2270 5348 contendit.
2303 5296 2656 5352 Constantino
2700 5310 2876 5353 autem
2920 5305 3142 5359 vii-toria
3181 5312 3368 5376 potito,
3419 5329 3536 5364 ma-

1972 5396 2183 5450 gnaque
2214 5386 2482 5440 sociorum
2532 5387 2785 5441 Maxentii
2832 5401 3010 5459 strage
3052 5396 3216 5461 edita,
3264 5398 3395 5464 fugit
3449 5400 3537 5452 illi:

1971 5486 2093 5526 cum
2116 5477 2323 5544 exiguis
2348 5492 2534 5531 eorum
2565 5479 2806 5548 reliquiis
2838 5485 2902 5534 ad
2950 5482 3144 5538 Urbem
3167 5470 3534 5543 contendens.

1974 5568 2118 5623 Eliso
2146 5584 2270 5623 vero
2305 5570 2404 5622 sub
2430 5572 2561 5639 ipsis
2592 5584 2773 5640 ponte,
2820 5577 3138 5631 submersus
3162 5588 3247 5631 est
3274 5594 3395 5641 cum
3421 5598 3535 5637 suis

1973 5661 2295 5727 Maxentius,
2322 5663 2456 5718 adeo
2498 5677 2555 5719 ut
2583 5682 2697 5746 qua
2729 5670 2922 5724 mersis
2950 5684 3052 5736 qua
3078 5671 3236 5725 caesis
3285 5674 3532 5741 implcrt-

3026 5764 3102 5823 32
