4138 6494
525 250 661 318 1003

1532 228 1901 316 EUTYClllI
1936 255 2472 318 ALEXANDRINI
2504 257 2736 316 .rarn.

3595 263 3749 355 ,ιοοι
3788 308 3799 319 ι

526 373 610 416 tur
636 361 849 418 ﬂuvius.
884 362 1097 431 Egressi
1134 380 1262 433 ergo
1300 364 1523 417 lloniani
1572 380 1693 418 cum
1737 365 1955 420 coronis
1997 380 2090 417 au-
2123 374 2163 429 Α
2199 369 2378 422 exutis
2438 370 2681 424 vestibus
2751 371 2801 422 in
2840 370 3014 422 locum
3062 384 3119 424 se
3153 371 3443 439 projicicns
3498 373 3547 426 in
3585 364 3741 427 Chri-

526 456 651 514 rcis,
693 453 1031 524 diversisque
1080 455 1408 508 ludicrornm
1467 468 1520 509 et
1564 460 1713 511 lusus
1762 455 2090 525 generibus,

522 545 1281 609 Constantinooccurrerunt,
1325 557 1516 616 magna
1549 548 1619 601 ob
1668 548 1840 616 ipsius
1884 546 2086 599 adven-

528 648 636 688 tum
683 637 858 689 laetitia
911 637 1104 691 allecti.
1137 637 1227 690 llle
1255 637 1342 692 ubi
1388 637 1573 690 urbem
1607 637 1882 703 ingressus
1923 644 2090 699 esset,

527 738 823 797 martyrum
860 728 1284 781 christianornm
1344 727 1603 796 crurique
1631 725 1933 789 aﬂixorum,
1968 741 2092 779 cor-

522 834 649 889 pora
689 818 1104 887 sepelirijussit.
1139 816 1286 886 lique
1308 818 1399 886 qui
1426 818 1549 888 fuga
1596 834 1656 872 se
1696 815 2089 878 subduxerant,

523 920 576 965 ct
600 926 737 979 quos
767 910 1016 964 exsulare
1050 910 1290 979 jusserat
1331 908 1661 970 Maxentius,
1687 909 1739 960 in
1771 908 2000 977 patriam
2033 915 2087 960 et

482 1022 485 1025 ν
523 1006 697 1056 locum
726 1017 881 1055 suum
920 1002 1117 1054 reversi
1154 1007 1299 1055 sunt.
1325 998 1478 1067 Quod
1504 1000 1545 1053 si
1570 998 1654 1052 cui
1681 997 1810 1067 quid
1840 1005 2083 1066 ereptum

521 1096 734 1161 luisset,
779 1093 907 1147 illud
946 1093 1047 1162 ipsi
1084 1092 1343 1147 restituit.
1384 1091 1599 1161 Septem
1645 1104 1774 1157 ergo
1803 1089 1993 1143 diebus
2031 1089 2086 1141 in

521 1185 665 1254 regis
688 1193 741 1239 et
762 1181 947 1237 crucis
971 1181 1231 1235 honorem
1274 1178 1470 1233 festum
1509 1177 1879 1240 celebrarunt,
1918 1177 2083 1231 eden-

519 1283 625 1339 tes,
649 1275 899 1329 bibentes
928 1280 982 1327 et
1024 1271 1205 1326 laetitia
1249 1268 1479 1339 perfusi.
1536 1268 1660 1322 Haec
1692 1257 1814 1321 cum
1844 1268 2085 1322 audisset

522 1366 867 1431 Maximinus,
919 1363 1170 1419 Galerius
1220 1360 1568 1431 appellatus,.
1610 1374 1803 1429 magna
1861 1358 1949 1412 ille
2005 1360 2082 1413 ira

518 1467 851 1516 exaestuans,
898 1453 1145 1507 collectis
1170 1451 1342 1520 copiis
1380 1449 1500 1505 suis
1528 1448 1803 1523 profectus
1831 1457 1914 1502 est
1942 1446 2086 1502 Con-

520 1547 819 1599 stantinum
852 1542 991 1596 bello
1012 1554 1393 1611 aggressurus.
1419 1538 1537 1607 Quo
1565 1537 1757 1593 audito
1774 1536 2083 1591 Constanti-

522 1653 621 1689 nus
658 1636 821 1689 etiam
861 1632 1145 1688 instructis
1187 1631 1365 1700 copiis
1400 1628 1676 1698 rebusque
1712 1629 1937 1698 paratis,
1981 1629 2082 1700 ipsi

520 1727 730 1782 obviam
769 1725 885 1779 ivit.
941 1721 1217 1776 Maximini
1258 1730 1436 1775 autem
1487 1721 1735 1787 comites,
1768 1720 1885 1775 visa
1918 1736 2082 1789 super

484 1854 487 1857 -
526 1820 722 1873 vexillo
752 1834 936 1886 cruce,
979 1820 1031 1873 in
1060 1819 1236 1893 fugam
1261 1836 1445 1876 coram
1487 1819 1609 1891 ipso
1636 1819 1881 1876 conversi
1928 1826 2075 1879 sunt,

518 1924 656 1979 quos
702 1908 881 1978 gladio
925 1909 1204 1965 insecutus
1249 1909 1797 1979 magnamipsorum
1840 1917 2076 1974 stragem

516 2000 704 2063 edidit,
735 2000 854 2055 aliis
879 2000 1039 2074 etiam
1072 2000 1299 2070 captivis
1340 2000 1515 2065 factis,
1554 2000 1676 2053 aliis
1705 2000 1874 2067 ipsius
1918 1997 2075 2051 iidem

518 2091 950 2161 implorantibus,
968 2093 1103 2147 adeo
1118 2101 1175 2147 ut
1190 2091 1511 2147 Maximinus
1527 2093 1702 2147 nudus
1720 2092 1951 2160 fugiens,
1970 2106 2077 2143 non

518 2190 756 2236 cessaret
776 2180 1125 2254 διδ-427
1161 2199 1189 2238 a
1215 2185 1332 2238 loco
1364 2184 1443 2259 ad
1462 2184 1639 2238 locum
1670 2199 1728 2237 se
1756 2182 2084 2247 subducere,

517 2270 689 2324 donec
716 2270 781 2324 ad
814 2271 999 2325 urbem
1028 2285 1181 2325 suam
1211 2272 1539 2341 perveniret,
1565 2272 1657 2327 ubi
1696 2271 1920 2327 deorum
1953 2287 2079 2327 suo-

520 2374 637 2411 rum
682 2344 1049 2424 sacrilirnlos,
1107 2361 1637 2431 praestigiatoresque
1672 2370 1726 2416 et
1763 2361 1984 2427 sciolos,
2024 2362 2080 2416 in

518 2464 653 2519 quos
681 2464 865 2504 amore
886 2465 1206 2523 propensus,
1229 2460 1284 2505 et
1309 2466 1337 2504 a
1355 2451 1554 2520 quibus
1574 2451 1861 2507 consilium
1891 2466 2084 2521 capere

519 2541 715 2595 solitus
734 2543 931 2606 luerat,
957 2549 1316 2613 congregatos
1342 2542 1520 2611 capite
1541 2542 1831 2607 truncavit,
1853 2556 1921 2596 ne
1942 2542 1988 2598 si
2024 2543 2078 2595 in

519 2644 715 2682 manus
736 2630 1075 2684 ConSIantini
1103 2630 1405 2685 inciderent
1430 2632 1641 2684 illorum
1676 2645 1778 2700 ope
1814 2638 2079 2684 uteretur.

589 2719 729 2774 Deus
755 2732 937 2775 autem
965 2721 1289 2776 Maximiano
1324 2723 1498 2791 ignem
1540 2721 1595 2775 in
1628 2732 1869 2776 ventrem
1896 2722 2077 2775 immi-

517 2814 614 2877 sit,
648 2815 887 2883 quicum
952 2813 1088 2867 adeo
1125 2814 1343 2879 torruit,
1391 2824 1449 2867 ut
1509 2825 1892 2883 rumperentur
1950 2798 2078 2881 ipsi,

518 2922 627 2973 pra:
676 2906 857 2960 calore
888 2920 1050 2973 quem
1102 2906 1249 2960 intus
1312 2906 1505 2969 sensit,
1564 2904 1975 2973 viscerazquin
2024 2913 2080 2957 et

516 2998 825 3053 excidentes
854 2998 955 3066 ipsi
986 2998 1127 3051 oculi
1165 2998 1216 3050 in
1253 3009 1450 3051 terram
1488 2997 1828 3059 deciderunt,
1853 2997 2078 3050 aduSta-

517 3103 623 3159 que
660 3104 788 3145 caro
841 3090 907 3143 ab
958 3089 1176 3143 ossibus
1236 3100 1483 3157 separata
1532 3097 1637 3151 cst,
1695 3088 1764 3139 ita
1807 3097 1864 3139 ut
1907 3094 2081 3139 morte

518 3178 1023 3248 pessima-periret.
1086 3176 1352 3232 Omnibus
1397 3193 1525 3247 ergo
1583 3176 1947 3231 [tertianorum
1999 3176 2081 3229 di-

518 3267 759 3322 tionibus
796 3267 1094 3335 tranquille
1129 3275 1180 3320 ct
1231 3268 1282 3320 in
1316 3283 1445 3336 pace
1498 3268 1779 3335 imperavit
1809 3266 2077 3319 Constan-

518 3359 687 3422 tinus,
721 3357 881 3424 idque
916 3372 1059 3409 anno
1089 3358 1299 3426 imperii
1348 3355 1595 3426 Saporis,
1651 3354 1902 3409 “OI‘lilOll
1960 3356 2074 3419 lilii,

517 3447 803 3503 Persarum
840 3448 981 3516 regis
1011 3446 1426 3516 quadragesimo
1480 3446 1675 3515 primo.
1722 3445 1849 3497 Erat
1894 3454 2075 3497 autem

515 3538 938 3600 Consmntinus,
966 3536 1108 3591 illius
1137 3537 1459 3597 Constantii,
1521 3538 1613 3588 lilii
1667 3535 1920 3596 Valentii,
1981 3536 2073 3588 lilii

514 3632 720 3692 Arsisi,
775 3628 868 3683 lilii
925 3628 1091 3691 Decii,
1143 3627 1233 3679 lilii
1304 3623 1518 3679 Claudii
1579 3627 1929 3693 imperatoris
1979 3625 2073 3693 qui

519 3722 701 3773 Ruina:
744 3718 934 3772 ﬂoruit
987 3726 1230 3787 tempore
1288 3716 1688 3786 apostolorum.
1749 3716 1877 3768 Erat
1944 3731 2073 3768 vero

515 3811 874 3865 Constantino
924 3814 1034 3861 dux
1088 3822 1249 3881 quem
1314 3808 1538 3867 amavit,
1602 3814 1655 3859 et
1716 3804 1785 3857 ad
1840 3807 2072 3859 honores

514 3904 713 3964 evexit,
766 3899 981 3952 nomine
1012 3896 1291 3961 Licinius;
1353 3911 1643 3965 quemque,
1680 3896 1803 3949 data
1854 3894 1954 3964 ipsi
2017 3898 2069 3947 in

516 4007 736 4046 uxorem
770 4004 961 4044 sorore
996 4003 1094 4041 sua
1124 3987 1528 4049 Coustantinia,
1563 3985 1745 4037 Romae
1797 3985 2069 4053 pra'fetit;

508 4084 706 4153 jnbcns
742 4082 915 4150 ipsum
949 4080 1282 4133 christianos
1331 4078 1535 4130 honore
1582 4077 1813 4135 allicere,
1862 4075 2069 4142 magni-

514 4194 619 4247 que
673 4177 870 4235 facerc,
939 4188 1038 4226 nec
1093 4172 1336 4239 ipsorum
1398 4168 1490 4220 ulli
1558 4182 1779 4220 nocere.
1829 4163 2067 4220 Licinius

514 4280 691 4321 autem
734 4262 1018 4333 imperium
1054 4262 1279 4329 adeptus
1307 4259 1371 4310 ad
1440 4256 1704 4310 idolorum
1737 4255 1939 4309 cultum
1983 4269 2069 4306 rc-

2115 1687 2156 1747 Β

2203 469 2347 513 stum
2389 460 2641 521 credidit,
2674 462 2938 530 istamquc
2984 475 3013 515 c
3057 460 3176 517 lure
3212 478 3463 519 coronam
3514 465 3739 534 accepit.

2199 549 2334 602 Tum
2362 566 2391 604 e
2420 551 2628 619 piscina
2661 560 2933 606 extractos
2958 553 3083 607 dum
3118 554 3357 620 plaustro
3379 559 3744 625 asportandos

2196 640 2557 708 imponerent,
2579 652 2824 710 repertus
2846 654 2927 697 est
2951 644 3090 697 inter
3116 644 3263 712 ipsos
3289 645 3501 713 juvenis
3525 650 3741 715 quidam

2199 731 2438 785 nondum
2498 739 2768 798 mortuus,
2835 748 2993 803 quem
3052 734 3174 788 ideo
3215 741 3499 801 delictum,
3557 749 3741 792 astans

2198 832 2367 875 mater
2398 822 2570 891 ipsius
2624 825 2845 878 sustulit
2896 831 2954 877 ut
3005 823 3059 877 in
3117 825 3418 894 plaustrum
3457 843 3563 880 una
3618 843 3739 882 cum

2196 913 2428 968 mortuis
2460 912 2784 982 conjicerct,
2817 916 2962 983 quod
3014 931 3141 970 cum
3187 931 3301 972 eam
3349 916 3525 970 facere
3564 918 3743 987 probi-

2194 1002 2401 1066 berem,
2440 1004 2566 1073 quia
2609 1005 2789 1059 adlmc
2821 1006 3048 1071 viveret,
3084 1006 3257 1061 ille-in
3287 1006 3528 1059 humeris
3570 1008 3743 1075 ipsius

2197 1102 2451 1148 mortuus
2481 1105 2588 1149 est.
2626 1094 2804 1161 Quare
2851 1105 2903 1150 ct
2936 1097 3106 1166 ipsum
3140 1097 3192 1150 in
3229 1098 3527 1167 plaustrum
3558 1094 3742 1164 injecit

2195 1198 2301 1236 una
2330 1200 2452 1237 cum
2493 1186 2846 1255 martyribus,
2881 1202 3020 1255 quos
3048 1196 3197 1241 extra
3252 1187 3438 1239 urbem
3479 1184 3739 1239 Sehasten

2192 1271 2423 1327 eductos
2450 1282 2897 1328 concremarunt.
2925 1273 3061 1328 Cum
3094 1283 3273 1329 autem
3322 1274 3435 1327 haec
3481 1272 3743 1326 audiisset

2190 1358 2608 1427 Constantinus,
2626 1362 2930 1433 litterisque
2961 1364 3059 1432 ipsi
3088 1364 3211 1418 facti
3241 1363 3324 1418 sui
3349 1360 3739 1431 turpitudinem

2190 1452 2601 1521 exprobrasset,
2656 1470 2833 1524 neque
2885 1456 2975 1509 ille
3023 1463 3204 1509 tamen
3254 1454 3561 1517 desineret,
3607 1453 3740 1520 quin

2189 1541 2543 1615 429-531
2576 1545 2756 1613 potius
2783 1542 3026 1599 collectis
3055 1544 3229 1613 copiis
3259 1544 3325 1597 ad
3357 1544 3556 1598 bellum
3593 1543 3742 1597 Con-

2191 1634 2437 1686 stantino
2484 1633 2828 1688 inferendum
2894 1634 3350 1704 proﬁcisceretur,
3403 1634 3549 1687 misit
3593 1630 3739 1694 Con-

2185 1726 2459 1778 stantinus
2512 1728 2819 1802 exercitum
2872 1726 2965 1797 qui
3022 1741 3144 1782 cum
3198 1728 3319 1796 ipso
3380 1726 3436 1780 in
3484 1726 3735 1797 Bithynia

2188 1816 2375 1885 pradio
2406 1815 2670 1881 conﬂixit,
2703 1831 2733 1870 a
2755 1831 2866 1887 quo
2904 1832 3027 1872 cum
3087 1816 3401 1887 proﬂigatus
3446 1825 3612 1880 esset,
3644 1830 3737 1871 ca-

2188 1916 2311 1975 ptns
2336 1907 2503 1961 etiam
2538 1914 2624 1961 est
2656 1914 2712 1961 et
2744 1905 2811 1961 ad
2845 1905 3261 1963 Constantinum
3291 1907 3604 1977 perductus,
3639 1906 3734 1975 qui

2187 2000 2366 2068 ipsum
2426 1998 2481 2052 in
2533 2000 2722 2052 urbem
2779 1996 3225 2053 Thessalonicam
3274 1996 3534 2067 relegavit
3580 2013 3597 2051 :
3645 1996 3736 2050 cui

2188 2091 2479 2161 praefectus
2503 2108 2628 2147 cum
2663 2102 2977 2158 conaretur,
3006 2093 3180 2162 copiis
3223 2106 3254 2147 e
3282 2091 3735 2147 Thessalonicen-

2186 2179 2341 2231 sibus
2363 2178 2631 2242 collectis,
2683 2178 3099 2235 Constantinum
3137 2182 3329 2235 iterum
3370 2181 3513 2236 bello
3560 2180 3732 2233 laces-

2187 2284 2328 2331 sere,
2359 2269 2513 2324 misit
2567 2271 2800 2340 ipsequi
2853 2280 3017 2343 caput
3063 2272 3141 2326 illi
3197 2279 3525 2342 amputaret.
3576 2270 3735 2325 Chri-

2189 2361 2535 2413 stianismum
2564 2368 2744 2416 autem
2802 2362 3086 2431 amplexus
3130 2373 3214 2417 est
3255 2361 3647 2417 Constantinus
3678 2362 3733 2414 in

2192 2449 2325 2502 urbe
2350 2450 2493 2503 dicta
2524 2448 2861 2517 Nicomedia,
2892 2444 3054 2521 idque
3081 2466 3225 2507 anno
3248 2452 3461 2522 imperii
3489 2451 3575 2506 sui
3599 2450 3737 2504 dno-

2189 2539 2404 2593 decimo
2441 2556 2454 2593 :
2488 2540 2764 2611 jussitqne
2792 2541 2846 2595 in
2893 2542 3150 2596 omnibus
3184 2541 3499 2612 regionibus
3525 2538 3731 2595 exstrui

2188 2630 2475 2704 ecclesias,
2534 2634 2771 2702 erogatis
2826 2648 2856 2687 e
2914 2633 3256 2704 vectigalium
3317 2646 3541 2686 suorum
3603 2631 3736 2687 ﬁsco

2189 2725 2429 2777 nummis
2461 2722 2528 2776 ad
2562 2724 2919 2778 ecclesiarum
2954 2738 3084 2779 vasa
3126 2722 3505 2779 conﬁcienda-

2261 2812 2437 2869 Primo
2471 2815 2681 2884 imperii
2713 2814 2889 2885 ipsius
2916 2829 3058 2869 anno
3086 2815 3421 2871 constitutus
3472 2810 3735 2867 Eusebius

2190 2904 2494 2972 patriarcha
2533 2901 2810 2959 Romanus
2868 2919 2963 2959 sex
3008 2920 3181 2960 annos
3214 2903 3373 2968 sedit,
3414 2902 3535 2957 dein
3587 2917 3735 2955 mor-

2107 3000 2153 3061 ο
2184 3004 2311 3049 tuus
2342 3005 2445 3052 est.
2498 2996 2658 3051 Anno
2690 2996 2902 3065 imperii
2957 2997 3200 3064 ejusdem
3256 2996 3491 3065 septimo
3550 2994 3731 3048 factus

2183 3096 2267 3139 est
2307 3086 2631 3141 Mcletianus
2660 3088 2968 3154 patriarcha
3010 3088 3311 3149 Romanus,
3352 3086 3595 3156 quicum
3635 3099 3734 3139 an-

2185 3192 2283 3231 nos
2322 3186 2560 3247 quatuor
2590 3178 2825 3233 sedisset
2858 3188 3109 3232 mortuus
3141 3185 3244 3233 est.
3289 3176 3446 3231 Anno
3472 3190 3600 3230 vero
3630 3190 3732 3228 nn-

2179 3268 2390 3323 decimo
2441 3268 2640 3323 ibidem
2693 3270 3003 3338 patriarcha
3066 3269 3394 3324 constitutus
3446 3268 3728 3329 Silvester,

2182 3374 2356 3415 annos
2401 3360 2594 3429 viginti
2646 3371 2768 3415 octo
2796 3360 2953 3423 sedit,
2982 3358 3107 3414 dein
3146 3368 3390 3413 mortuus
3424 3369 3528 3415 cst.
3571 3358 3731 3412 Anno

2178 3452 2517 3520 principatus
2548 3450 2666 3519 ejus
2694 3466 2841 3504 nono
2878 3451 3208 3505 celebratum
3232 3460 3314 3505 est
3348 3450 3637 3505 concilium
3670 3453 3727 3505 in

2180 3539 2311 3593 urbe
2344 3538 2540 3593 Nicaea.
2574 3540 2732 3593 Anno
2763 3541 2922 3593 etiam
2956 3542 3164 3610 imperii
3193 3540 3537 3596 Constantini
3573 3542 3732 3596 tertio

2181 3636 2398 3683 creatus
2444 3636 2526 3683 est
2578 3627 2893 3683 Philouicus
2949 3632 3255 3699 patriarcha
3313 3633 3726 3696 Antiochenus,

2180 3719 2270 3787 qui
2307 3720 2546 3786 quinque
2578 3734 2749 3773 annos
2787 3721 2942 3786 sedit,
2999 3722 3121 3776 dein
3159 3733 3401 3791 mortuus
3435 3734 3536 3777 est.
3571 3728 3730 3777 Anno

2175 3810 2419 3875 ejusdem
2453 3824 2596 3863 nono
2629 3811 2961 3865 constitutus
2985 3820 3067 3867 est
3088 3812 3401 3880 Apollonius
3419 3814 3724 3881 patriarcha

2175 3901 2574 3963 Antiochenus,
2627 3903 2721 3971 qui
2765 3901 2925 3973 432
2976 3895 3107 3955 cum'
3133 3904 3373 3972 quinque
3426 3920 3596 3959 annos
3635 3921 3726 3957 se-

2176 3989 2367 4052 disset,
2404 4000 2653 4065 mortuus
2684 4000 2786 4044 est.
2823 3993 2980 4044 Anno
3012 3992 3249 4059 ejusdem
3285 3992 3494 4046 decimo
3534 3993 3724 4059 quinto

2177 4082 2349 4133 lactus
2383 4092 2465 4133 est
2501 4081 2699 4133 ibidem
2744 4083 3052 4148 patriarcha
3091 4082 3429 4146 Eustathius,
3460 4084 3551 4150 qui
3598 4091 3721 4136 octo

2172 4182 2341 4221 annos
2371 4168 2531 4231 sedit,
2589 4169 2712 4221 dein
2758 4178 2998 4222 mortuus
3046 4179 3148 4224 est.
3182 4170 3347 4238 Cujus
3388 4170 3720 4240 principatus

2174 4275 2314 4313 anno
2343 4260 2531 4327 quinto
2566 4258 2665 4311 fuit
2702 4260 2989 4312 concilium
3030 4259 3326 4314 Niczenum.
3374 4261 3527 4312 Anno
3558 4262 3717 4313 etiam

514 4374 724 4419 versus,
755 4358 818 4407 ad
857 4362 1083 4407 mortem
1122 4351 1245 4405 duci
1300 4350 1464 4418 jussit
1518 4348 1870 4401 christianos.
1926 4338 2067 4400 Mar-
2100 4322 2144 4377 0
2177 4350 2389 4418 imperii
2429 4350 2773 4401 Constantini
2834 4352 3008 4417 ptimo
3057 4350 3383 4403 constitutus
3435 4359 3515 4402 est
3572 4352 3719 4402 Ason

514 4450 710 4518 tyriuuu
748 4458 876 4514 ergo
907 4442 1009 4496 sub
1034 4442 1152 4509 ipso
1181 4439 1320 4507 passi
1348 4446 1474 4492 sunt
1521 4436 1839 4489 Theodorus
1887 4436 2062 4500 miles,

514 4538 855 4605 nietropolita
916 4532 1080 4603 428
1149 4529 1484 4592 Batkensis,
1548 4543 1670 4581 cum
1738 4528 2064 4596 martyribus

512 4630 892 4700 quadraginta,
945 4626 1037 4692 qui
1091 4639 1156 4675 ex
1222 4623 1354 4674 urbe
1412 4612 2063 4685 Sebastia'Cappadocite

513 4732 685 4775 t.‘l':tttl.
722 4717 843 4770 Fuit
873 4724 1052 4766 aute-tn
1089 4714 1188 4780 ipsi
1245 4714 1297 4764 in
1342 4709 1585 4763 Sebaslia
1630 4707 1921 4775 prmfectus
1969 4723 2065 4759 no-

516 4814 655 4863 mine
702 4804 969 4876 Agricola,
1020 4804 1107 4869 qui
1142 4798 1493 4866 quadraginta
1538 4804 1802 4863 martyres
1854 4792 2063 4859 Cappa-

510 4907 670 4954 «ιω-ος
696 4898 987 4967 prchensos
1018 4892 1068 4944 in
1122 4890 1387 4959 piscinam
1425 4901 1578 4953 aquae.
1619 4884 1792 4937 nudos
1840 4882 2061 4948 abjecit,

513 5007 634 5045 cum
687 4994 829 5041 esset
892 4985 980 5036 nix
1036 4982 1348 5041 vehemens,
1416 4978 1559 5029 unde
1614 4976 1812 5041 l'rigorc
1865 4970 2060 5023 mortui

512 5088 659 5135 suist.
692 5077 844 5131 Unus
881 5084 1085 5126 tantum
1114 5087 1177 5123 ex
1208 5068 1343 5143 ipsis.
1392 5067 1445 5117 in
1499 5066 1772 5124 balneum,
1820 5060 1960 5130 quod
1998 5062 2061 5113 ad

514 5173 661 5223 lacus
693 5168 861 5233 ripam
901 5164 1095 5223 fuerat,
1131 5170 1385 5227 egressus
1429 5166 1510 5207 est
1545 5163 1601 5205 ut
1640 5153 1712 5204 ibi
1756 5167 1812 5204 sc
1867 5151 2062 5203 calefa-

519 5268 688 5323 ceret,
715 5271 872 5325 qucm
908 5252 1166 5305 decidens
1196 5250 1247 5300 in
1284 5246 1457 5317 ipsum
1486 5244 1737 5297 balneum
1771 5242 2060 5296 interfecit.

516 5352 811 5409 Praefectus
853 5356 1057 5407 autem,
1087 5343 1179 5413 qui
1217 5339 1542 5393 satellitibus
1578 5352 1605 5387 a
1638 5337 1835 5405 quibus
1884 5344 2065 5386 custo-

511 5444 794 5495 diebantur
824 5442 1073 5506 praeerat,
1101 5447 1224 5485 cum
1244 5426 1600 5495 quadraginta
1632 5441 1659 5475 e
1690 5427 1809 5474 luce
1834 5438 2062 5475 coronas

510 5533 723 5586 catlitus
775 5530 1172 5593 inanartyium
1226 5521 1458 5573 istorum
1492 5516 1668 5581 capita
1717 5514 2064 5567 descendisse

509 5628 772 5679 cerneret,
831 5632 987 5668 unam
1050 5620 1227 5665 autent
1286 5621 1507 5662 vacuam
1564 5604 1856 5669 mansisse,
1926 5604 2042 5671 ipse

2166 4441 2451 4507 episcopus
2522 4433 3226 4509 llierusolymitanus{qui
3298 4455 3485 4492 norem
3550 4456 3720 4494 annos

2169 4528 2337 4589 sedit,
2386 4530 2511 4581 dein
2576 4540 2821 4583 mortuus
2857 4539 2957 4583 est.
3014 4531 3169 4583 Anno
3219 4531 3427 4597 imperii
3476 4530 3715 4595 ejusdem

2166 4619 2393 4678 decimo,
2418 4620 2847 4673 constitutuscst
2878 4617 3145 4671 Macarius
3184 4620 3375 4671 ibidem
3408 4622 3720 4689 ρρὶςειινιιε,

2167 4709 2257 4774 qui
2322 4708 2694 4761 novemdccim
2745 4723 2915 4761 annos
2964 4708 3121 4773 sedit,
3177 4709 3296 4762 dein
3338 4723 3577 4765 mortuus
3616 4726 3716 4768 ρει.

2167 4802 2320 4851 Aeno
2376 4800 2713 4866 principatus
2775 4800 2892 4867 ejus
2967 4800 3178 4851 decimo
3234 4800 3561 4855 celebratutn
3636 4813 3721 4857 est

2165 4887 2451 4939 concilium
2482 4887 2775 4941 Nicaenum.
2813 4890 2968 4939 Anno
2999 4888 3160 4939 etiam
3205 4888 3414 4955 imperii
3452 4890 3718 4942 Constan-

2166 4976 2262 5027 tini
2304 4974 2491 5043 quinto
2539 4975 2715 5027 factus
2754 4983 2838 5027 est
2884 4977 3188 5029 Alexander
3234 4976 3539 5043 patriarcha
3591 4978 3717 5031 Ale-

2166 5065 2483 5119 xandrinus.
2554 5065 2652 5116 llic
2677 5064 2819 5116 Petri
2854 5066 3104 5134 martyris
3136 5066 3456 5133 patriarcha:
3484 5066 3718 5120 Alexan-

2164 5154 2328 5215 drini,
2360 5155 2453 5222 qui
2484 5155 2698 5207 occisus
2732 5164 2835 5216 est,
2865 5154 3185 5221 discipulus,
3217 5154 3483 5223 iidemque
3533 5160 3717 5211 socius

2165 5244 2383 5296 Achilla:
2438 5243 2758 5311 patriarcha:
2811 5242 3180 5307 Alexandrini,
3237 5258 3408 5299 annos
3479 5245 3712 5299 sedecim

2164 5335 2321 5397 sedit,
2370 5335 2493 5387 dein
2541 5341 2789 5388 mortuus
2817 5342 2923 5387 est.
2964 5336 3118 5387 Anno
3153 5336 3488 5403 principatus
3543 5337 3713 5403 ipsius

2164 5425 2374 5478 decimo
2398 5425 2585 5492 quinto
2621 5424 2951 5477 celebratum
2982 5431 3062 5479 est
3092 5426 3383 5477 concilium
3413 5423 3709 5478 Nicaenum.

2163 5518 2468 5569 Alexander
2495 5516 2757 5584 siquidem
2779 5517 3081 5583 patriarcha
3109 5516 3502 5569 Alexandrinus
3528 5517 3711 5568 Arium

2164 5608 2445 5660 ecclesiam
2482 5608 2687 5676 ingredi
2722 5610 2911 5671 vetuit,
2947 5606 3105 5673 eique
3130 5606 3447 5672 maledixit,
3485 5606 3709 5661 dicens:
