4138 6510
336 173 497 240 1005

334 289 678 346 Maledictus
711 301 792 343 ρει
849 291 1046 351 Arius;

334 383 671 446 patriarcha
717 392 1008 448 antequam
1029 381 1345 449 martyrium
1376 379 1614 432 subiret:
1644 375 1913 428 Maledixit

336 470 505 524 Deus
550 473 698 530 Ario,
753 485 819 522 uc
855 485 983 536 ergo
1014 471 1190 536 ipsum
1243 469 1541 537 recipiatis,
1601 481 1775 534 neque
1827 480 1915 516 vo-

335 563 571 617 biscum
609 563 675 618 ,in
732 559 1026 615 Ecclesium
1088 561 1407 614 admittatis.
1444 559 1677 612 Praterat
1735 566 1912 609 autem

333 653 474 705 urbi
505 655 706 722 Asyuto
725 653 972 706 editione
988 652 1200 721 Egypti
1222 653 1510 719 episCOpus
1525 649 1742 701 nomine
1758 647 1918 700 Melc-

334 743 487 805 titts,
511 742 603 810 qui
623 743 732 796 Arii
764 743 1087 797 sententiam
1118 742 1394 809 amplexus
1414 736 1764 810 ‘33-‘35
1794 746 1910 799 est;

336 833 544 888 cidem
567 847 698 902 ergo
719 834 879 886 etiam
925 833 1203 886 maledixit
1245 830 1551 885 Alexander
1579 829 1913 898 patriarcha.

333 920 538 977 Porro
589 922 692 976 fuit
752 923 1091 977 Alexandria:
1156 923 1413 991 templum
1469 936 1724 990 magnotu
1772 917 1914 986 quod

331 1013 634 1066 exstruxit
655 1013 936 1082 Cleopatra
970 1014 1147 1083 regina
1176 1012 1382 1066 nomini
1428 1010 1648 1064 Saturni
1677 1009 1895 1062 dedica-

337 1109 503 1164 tum,
543 1101 598 1154 in
637 1115 746 1170 quo
795 1101 1001 1155 idolum
1054 1116 1253 1156 aereum
1310 1113 1564 1168 magnum
1615 1106 1730 1150 erat
1773 1093 1917 1163 quod

339 1188 594 1244 Michael
624 1193 932 1262 appellatus
959 1202 1063 1255 est,
1105 1193 1191 1244 cui
1220 1191 1562 1245 Alexandria:
1613 1197 1666 1242 et
1697 1186 1916 1257 Egypti

346 1283 564 1336 incolae
611 1282 699 1337 die
733 1283 940 1336 mensis
974 1281 1187 1345 lleturi,
1244 1282 1336 1349 qui
1379 1279 1595 1334 'l‘ishrin
1651 1281 1919 1348 posterior

337 1379 460 1435 est,
518 1368 714 1424 festum
772 1383 1027 1439 magnum
1078 1370 1444 1431 celebrabant,
1490 1369 1692 1420 multas
1743 1366 1915 1430 cidem

339 1461 573 1515 hostias
603 1461 970 1514 immolantes.
993 1460 1129 1514 Cum
1159 1474 1285 1529 ergo
1315 1459 1656 1514 Alexandria:
1689 1459 1918 1524 patriaro

337 1549 458 1603 cha
495 1550 673 1604 factus
699 1559 846 1605 esset
873 1551 1197 1615 Alexander,
1237 1549 1422 1619 ibique
1452 1549 1751 1602 obtinuerit
1785 1549 1917 1602 fides

1808 170 2167 229 ANNAIES.

1103 290 1238 342 dixit
1294 291 1435 343 enim
1500 288 1660 340 nobis
1714 285 1906 337 Petrus
1938 293 1979 342 Α
2011 298 2208 350 corpus
2231 269 2956 347 assumpsisse,’eteSpiritu
2996 276 3217 330 sancto;
3263 265 3571 335 factumque

2016 383 2094 428 est
2123 373 2251 426 illud
2285 372 2708 426 Christusunus.
2738 365 2987 422 Christus
3010 375 3139 429 ergo
3163 360 3296 412 duos
3325 373 3548 425 compre

2030 463 2217 517 hcndit
2248 462 2599 531 significatus.
2625 457 2860 513 Verbum
2891 463 2945 508 et
2979 465 3200 520 corpus;
3235 464 3355 516 qua:
3393 457 3566 502 tamen

2017 565 2243 622 utraque
2265 564 2444 607 creata
2464 561 2609 604 sunt.
2634 549 2769 602 Tum
2792 545 3130 616 respondens
3154 543 3227 594 illi
3246 540 3568 595 Alexander:

2018 646 2112 698 Dic
2164 646 2289 698 mihi
2360 642 2576 712 (inquit)
2610 657 2766 710 quem
2799 649 2958 709 putas
3009 636 3179 692 teneri
3237 650 3338 689 nos
3390 632 3572 702 potius

2019 737 2216 800 colere,
2245 736 2467 788 illumne
2513 733 2605 800 qui
2659 746 2758 784 nos
2807 730 3034 791 creavit,
3070 745 3134 780 an
3191 726 3281 796 qui
3314 739 3414 778 nos
3460 739 3564 776 non

2027 825 2266 889 creaviti?
2299 821 2676 891 Respondente
2707 820 2859 879 Ario,
2895 820 3041 870 illum
3069 818 3158 885 qui
3209 833 3306 871 nos
3337 814 3575 874 eteavit;

2031 917 2167 968 dixit
2202 913 2546 968 Alexander:
2591 909 2645 964 Si
2679 924 2808 978 ergo
2856 907 3060 962 creavit
3117 922 3221 960 nos
3267 906 3458 968 Filius,
3496 908 3572 958 uti

2019 1007 2230 1069 dixisti,
2299 1007 2479 1074 sitque
2549 1005 2691 1056 idem
2754 1011 2997 1066 creatus,
3058 1007 3170 1052 tum
3231 997 3424 1051 Filium
3484 999 3572 1063 qui

2020 1106 2240 1153 creatus
2274 1106 2378 1162 est,
2415 1096 2588 1165 magis
2617 1093 2798 1149 colere
2827 1091 3095 1154 tenemur,
3143 1105 3306 1160 quam
3363 1087 3572 1143 Patrem

2022 1193 2362 1253 increatum;
2396 1191 2502 1241 itno
2538 1185 2754 1242 futurus
2781 1191 2864 1238 est
2891 1184 3072 1239 cultus
3099 1181 3275 1235 Patris
3310 1181 3576 1235 creatoris

2020 1280 2325 1346 infidelitas,
2354 1278 2532 1333 cultus
2568 1292 2692 1331 vero
2718 1275 2839 1329 Filii
2871 1275 3036 1328 creati
3095 1274 3260 1338 fides;
3295 1272 3442 1342 quod
3487 1273 3574 1327 ab-

2018 1368 2306 1421 surdorum
2341 1366 2800 1421 absurdissimum
2835 1374 2938 1418 est.
2988 1361 3199 1417 Placuit
3239 1377 3369 1432 ergo
3400 1364 3572 1432 impc-

2019 1457 2209 1521 ratori,
2240 1466 2295 1510 et
2321 1458 2414 1524 qui
2443 1451 2668 1510 aderant
2696 1455 2931 1517 caeteris,
2955 1455 3243 1509 Alexandri
3275 1457 3578 1519 sententia,

2021 1549 2135 1600 Arii
2170 1556 2349 1602 autem
2375 1545 2616 1601 absurda
2655 1545 2771 1599 visa
2794 1554 2898 1600 est.
2931 1544 3063 1599 Alia:
3111 1547 3273 1600 etiam
3311 1550 3570 1615 quaastio-

337 1639 684 1705 chrisuana,
726 1642 896 1695 voluit
933 1641 1023 1695 ille
1051 1640 1319 1708 confringi
1369 1639 1571 1692 idolum
1598 1648 1650 1692 et
1674 1638 1785 1692 tolli
1837 1651 1921 1691 sa-
1954 1635 1997 1689 Β
2025 1651 2120 1690 nes
2152 1636 2332 1690 multm
2355 1635 2498 1690 inter
2531 1650 2623 1689 eos
2651 1635 2865 1705 agitatte
2889 1643 3036 1690 sunt.
3070 1634 3239 1689 Jussit
3265 1651 3397 1705 ergo
3424 1636 3570 1691 Con-

338 1729 592 1795 criﬁcia,
627 1745 863 1800 cumque
893 1731 1225 1784 obsisterent
1267 1730 1371 1798 ipsi
1410 1723 1921 1792 'Alexandriui,'ille

341 1821 565 1876 astutia
594 1821 742 1889 ipsos
767 1820 1098 1890 aggressus:
1142 1818 1345 1874 Idolum
1375 1818 1592 1890 (inquit)
1629 1819 1771 1873 istud
1789 1819 1920 1872 nulli

341 1912 588 1965 ouinino
619 1914 694 1964 rei
727 1911 855 1965 utile
880 1919 996 1975 est;
1022 1910 1165 1980 quod
1213 1911 1258 1964 si
1288 1909 1483 1963 festum
1515 1909 1648 1962 illud
1669 1909 1921 1962 Michaeli
1961 1956 1969 1961 .

345 2000 565 2068 angelo
603 1999 1033 2061 celebraveritis,
1085 2002 1244 2067 eique
1292 1999 1498 2052 hostias
1550 2000 1683 2052 istas
1719 1998 1924 2052 consti-

344 2088 607 2149 tueritis,
643 2087 757 2155 ipse
786 2100 884 2155 pro
911 2086 1064 2140 vobis
1089 2088 1229 2155 apud
1268 2085 1436 2139 Deum
1482 2086 1785 2141 intercedet
1808 2101 1923 2140 ma-

341 2180 616 2249 iorisque
677 2166 830 2233 vobis
875 2179 1016 2232 boni
1074 2193 1259 2241 causa,
1308 2194 1468 2248 quam
1525 2179 1730 2235 idolum
1777 2179 1921 2234 istud

349 2274 587 2326 futurus
617 2279 724 2325 est.
757 2269 1140 2323 Annuentibus
1170 2283 1299 2337 ergo
1327 2269 1453 2334 illis,
1495 2284 1558 2323 ex
1607 2269 1749 2324 idolo
1787 2285 1918 2323 con-

347 2362 546 2417 fracto
573 2377 792 2417 crucem
823 2362 1098 2427 confecit;
1137 2362 1392 2431 templum
1445 2377 1597 2424 vero.
1647 2361 1924 2416 Michaelis

347 2453 653 2508 ecclesiam
683 2455 977 2523 appellavit
1007 2453 1219 2522 (estque
1253 2453 1342 2506 illa
1380 2443 1608 2508 ecclesia
1649 2469 1769 2522 qua:
1808 2454 1924 2507 Ca:-

347 2558 522 2596 sarea
562 2552 751 2596 vocata
779 2551 892 2609 est;
929 2552 981 2596 et
1013 2545 1137 2612 igne
1185 2543 1343 2611 periit
1383 2557 1502 2596 cum
1547 2543 1920 2598 Occidentales

349 2633 747 2689 Alexandriam
804 2635 1034 2701 ingressi
1083 2650 1202 2688 eam
1235 2635 1571 2705 vastarunt);
1635 2650 1920 2689 coosecra-

352 2735 532 2794 taque
563 2735 689 2778 sunt
737 2724 934 2779 festum
997 2734 1048 2778 et
1100 2725 1333 2779 victima:
1395 2725 1637 2779 Michaeli
1696 2725 1921 2794 angelo;

353 2817 516 2870 unde
544 2825 596 2870 et
626 2816 806 2870 adhuc
840 2816 1109 2885 Cophtitze
1157 2816 1211 2868 in
1241 2816 1471 2886 Egypto
1499 2826 1554 2871 et
1598 2814 1920 2870 Alexandria

353 2925 427 2964 eo
453 2909 545 2962 die
575 2908 770 2962 festum
797 2907 1038 2961 Michaeli
1059 2909 1248 2977 angelo
1275 2909 1570 2972 celebrant,
1598 2917 1650 2962 et
1672 2907 1918 2963 victimas

353 2999 806 3069 quamplurimas
837 2999 1070 3052 caedunt.

433 3073 606 3162 436
636 3090 768 3144 Cum
817 3104 946 3158 ergo
979 3088 1284 3143 Alexander
1332 3089 1642 3158 patriarcha
1692 3090 1924 3144 Alexan-

355 3182 583 3245 drinus,
615 3180 806 3234 Arium
843 3179 1144 3233 Ecclesiam
1172 3179 1374 3249 ingredi
1411 3181 1741 3248 prohiberet,
1765 3181 1922 3250 eique

356 3271 740 3325 malediceret.
782 3269 1060 3338 profectus
1113 3270 1202 3323 ille
1243 3269 1309 3322 ad
1362 3269 1778 3323 Constantinum
1819 3270 1920 3323 im-

357 3370 669 3432 peratorem
706 3376 861 3428 opem
903 3363 970 3414 ab
1024 3362 1141 3429 ipso
1187 3368 1377 3413 contra
1425 3360 1790 3414 Alexandrum
1830 3376 1923 3430 pa-

358 3451 660 3506 triarcham
692 3453 862 3520 petiit.
913 3450 1150 3506 Comites
1174 3461 1354 3504 atttem
1398 3467 1455 3506 se
1496 3453 1625 3506 Ario
1679 3456 1921 3522 prazbue-

355 3553 496 3599 runt
543 3544 782 3612 episcopi
823 3546 946 3607 duo,
971 3557 1199 3612 quorum
1219 3557 1356 3596 unus
1377 3543 1592 3596 nomine
1627 3541 1920 3600 Eumenius

365 3634 390 3706 [
421 3634 504 3688 at.
537 3631 866 3704 Eusebius],
895 3633 1216 3687 Nicomediae
1243 3633 1434 3701 episc.,
1476 3634 1610 3688 alter
1656 3634 1920 3692 Eusebius

362 3724 536 3778 Philae
560 3724 867 3792 episcopus,
904 3737 1058 3792 opem
1089 3738 1117 3775 a
1149 3723 1510 3777 Constantino
1544 3725 1915 3793 implorantes.

361 3815 590 3870 Dicente
639 3815 1144 3868 AriozAleiander
1199 3816 1506 3880 patriarcha
1582 3818 1780 3885 iniuria
1834 3834 1919 3872 me

359 3907 569 3970 aﬂ'ecit,
603 3916 656 3960 et
705 3906 943 3960 Ecclesia
981 3906 1252 3959 immerito
1301 3908 1528 3975 expulit,
1588 3921 1639 3961 et
1683 3911 1918 3978 impeta-

362 4007 540 4050 torem
567 4007 785 4065 rogante
813 4008 868 4047 ut
895 3995 1043 4048 illum
1082 4005 1409 4059 accerseret,
1465 4013 1572 4067 quo
1597 4015 1780 4052 coram
1813 4002 1915 4054 im-

362 4095 617 4155 peratore
645 4102 768 4138 cum
820 4088 934 4155 ipso
982 4086 1304 4154 disputaret.
1364 4089 1762 4144 Constantinus
1790 4106 1918 4160 ergo

363 4177 662 4245 imperator
689 4177 857 4229 misso
885 4177 1266 4231 Alexandriam
1301 4182 1488 4233 nuntio
1540 4181 1686 4232 illum
1735 4196 1916 4235 accer-

364 4267 516 4331 sivit,
585 4266 883 4334 Ariumque
945 4269 1233 4321 convenire
1296 4268 1422 4322 fecit
1472 4284 1579 4338 quo
1629 4285 1750 4322 cum
1802 4272 1916 4340 ipso

363 4358 786 4426 disputationem
822 4359 1065 4412 haberet.
1114 4358 1288 4413 Jussit
1326 4361 1489 4429 igitur
1533 4362 1917 4415 Constantinus

363 4449 554 4502 Arium
576 4447 893 4497 sententiam
915 4463 1067 4500 suam
1092 4449 1379 4514 explicare.
1398 4447 1533 4500 Tum
1555 4450 1715 4499 Arius
1736 4470 1747 4501 ;
1772 4450 1921 4510 Dico,

363 4540 560 4607 inquit,
585 4539 799 4591 Patrem
844 4538 1013 4592 fuisse
1038 4555 1159 4592 cum
1195 4554 1297 4591 non
1323 4546 1468 4591 esset
1491 4537 1694 4601 Filius;
1727 4537 1922 4592 deinde

2021 1725 2298 1788 stantinus
2326 1726 2692 1780 Alexandrum
2724 1727 3082 1796 patriarcham
3129 1727 3260 1780 Ario
3291 1728 3568 1783 omnibus-

2020 1830 2128 1886 que
2163 1817 2254 1886 qui
2289 1817 2532 1871 eamdem
2567 1818 3025 1887 amplecterentur
3051 1819 3376 1873 sententiam
3409 1821 3574 1874 male-

2022 1908 2223 1962 dicere.
2262 1906 2407 1961 Dixit
2434 1915 2614 1962 autem
2645 1908 2952 1961 Alexander
2995 1907 3358 1963 Constantino
3403 1910 3577 1979 impco

2022 1996 2190 2050 ratori
2219 2013 2232 2050 :
2273 1996 2424 2050 Haud
2455 1999 2564 2063 ita;
2597 1996 2723 2067 quin
2757 1997 2936 2066 potius
2961 1997 3184 2051 mittens
3219 2013 3310 2050 rex
3353 2001 3576 2066 patriar-
3642 2046 3651 2052 .

2021 2089 2154 2142 chas
2170 2098 2224 2142 et
2244 2089 2524 2157 episcopos
2547 2098 2807 2149 accersat,
2836 2097 2894 2140 ut
2919 2091 2989 2144 sit
3020 2088 3173 2142 nobis
3193 2090 3501 2156 concilium,
3520 2090 3572 2144 in

2021 2191 2130 2248 quo
2149 2193 2258 2232 rem
2281 2178 2620 2243 definiamus,
2645 2179 2879 2247 Arioque
2899 2180 3306 2245 maledicamus,
3325 2192 3376 2234 et
3396 2198 3574 2238 veram

2022 2267 2182 2322 fidem
2256 2283 2608 2337 exponamus,
2650 2269 3012 2336 omnibusque
3064 2277 3242 2322 notam
3291 2269 3577 2326 faciamus.

2091 2357 2310 2414 Mittens
2337 2372 2466 2430 ergo
2492 2358 2884 2412 Constantinus
2925 2374 3016 2412 rex
3048 2359 3105 2411 in
3153 2375 3342 2416 omnes
3377 2362 3576 2430 passim

2025 2454 2293 2523 regiones,
2314 2451 2651 2521 patriarchas
2674 2459 2728 2503 et
2754 2451 3034 2520 episcopos
3050 2449 3215 2521 “0
3238 2466 3340 2506 con
3351 2457 3575 2516 vocavit,

2023 2547 2157 2601 adeo
2191 2555 2249 2600 ut
2269 2554 2391 2614 post
2415 2557 2615 2596 annum
2643 2551 2697 2597 et
2728 2541 2866 2596 duos
2927 2557 3140 2598 menses
3168 2542 3346 2598 Niccaa
3379 2559 3579 2600 conve-

2024 2638 2202 2691 nirent
2265 2637 2348 2690 bis
2408 2635 2558 2688 mille
2589 2633 2943 2703 quadraginta
2975 2641 3101 2687 octo
3134 2635 3395 2702 episcopi,
3453 2649 3579 2690 sen-

2027 2729 2216 2783 tentiis
2245 2734 2300 2782 et
2334 2725 2690 2794 religionibus
2736 2724 2880 2778 inter
2917 2739 2975 2778 se
2999 2724 3386 2793 discrepantes.
3412 2725 3577 2780 Erant

2025 2834 2090 2871 ex
2116 2818 2224 2873 illis
2255 2817 2346 2888 qui
2381 2817 2710 2870 aliirmarent
2737 2813 3014 2869 Christum
3069 2823 3122 2868 et
3153 2815 3372 2871 Matrem
3407 2819 3576 2887 ipsius

2025 2911 2161 2963 duos
2187 2923 2310 2964 esse
2361 2909 2495 2963 deos
2528 2915 2725 2974 praeter
2772 2903 2938 2960 Deum
2971 2904 3284 2977 [summum
3311 2908 3364 2981 ε]
3421 2921 3576 2966 erant

1953 2994 1993 3050 C
2033 3001 2084 3053 hi
2126 3000 2369 3064 Barbari,
2402 3009 2454 3052 et
2482 2996 2782 3052 Marianitze
2836 2997 3148 3052 audierunt.
3185 2998 3351 3053 Erant
3381 3003 3472 3069 qui
3498 3002 3575 3057 di-

2027 3104 2210 3147 cereut
2241 3093 2516 3164 Christum
2552 3104 2581 3144 a
2614 3090 2772 3144 Patre
2807 3104 2947 3155 esse,
2981 3091 3151 3145 instar
3184 3089 3411 3148 ﬂamma:
3440 3095 3578 3163 ignis

2026 3198 2146 3253 quae
2172 3183 2238 3237 ab
2261 3182 2381 3252 igne
2416 3180 2728 3244 flammante
2771 3181 3119 3250 dependeret,
3183 3198 3283 3238 nec
3345 3187 3576 3253 priorem

2025 3276 2336 3330 diminuere
2360 3274 2677 3344 posterioris
2717 3274 2786 3329 ab
2838 3274 2955 3344 ipso
2985 3275 3395 3331 derivationem.
3424 3279 3577 3333 Erat-

2023 3383 2128 3436 que
2159 3367 2273 3420 haec
2298 3366 2516 3420 Sabellii
2569 3375 2623 3422 et
2672 3367 3005 3421 asseclarum
3062 3368 3235 3438 ipsius
3286 3373 3576 3428 sententia.

2023 3458 2360 3512 Asserebant
2411 3459 2501 3512 alli
2538 3454 2814 3528 Virginem
2873 3457 3095 3513 Mariam
3160 3461 3574 3534 haudquaquam

2021 3548 2197 3618 ipsum
2240 3565 2429 3603 novem
2461 3549 2741 3605 mensibus
2793 3550 2844 3604 in
2906 3561 3062 3606 utero
3099 3563 3362 3624 gestasse,
3392 3571 3574 3611 verum

2023 3640 2197 3708 ipsum
2228 3654 2322 3709 per
2358 3648 2568 3694 uterum
2597 3641 2775 3710 ipsius
2820 3642 2990 3698 instar
3023 3658 3176 3713 aqua:
3209 3661 3305 3716 per
3335 3649 3574 3703 canalem

2021 3730 2337 3792 trausiissc;
2371 3728 2606 3784 Verbum
2644 3731 2908 3800 siquidem
2938 3748 3032 3801 per
3066 3749 3252 3790 aurem
3303 3737 3474 3805 ipsius
3499 3739 3577 3792 iti-

2020 3835 2263 3889 gressum
2288 3820 2356 3874 ibi
2385 3821 2564 3874 statim
2608 3822 2810 3877 exiisse
2837 3825 2925 3878 ubi
2961 3826 3142 3894 egredi
3175 3827 3312 3881 solet
3349 3828 3524 3883 infans
3559 3846 3575 3884 :

2020 3921 2139 3973 qua:
2171 3909 2446 3962 sententia
2489 3908 2660 3964 Eliaui
2695 3922 2747 3964 et
2789 3913 3098 3982 sequacium
3126 3914 3296 3985 ipsius
3325 3916 3445 3971 fuit.
3475 3919 3577 3973 Alii

2021 4001 2294 4054 Christum
2343 4002 2616 4057 hominem
2684 4003 2854 4060 fuisse
2909 4021 2940 4060 a
2994 4008 3275 4064 divinitate
3309 4022 3573 4076 creatum,

2020 4091 2258 4159 ejusdem
2303 4107 2424 4145 cum
2460 4103 2709 4147 nostrum
2759 4097 2941 4164 aliquo
2985 4098 3325 4163 substantiae,
3377 4101 3576 4170 filiique

2022 4183 2341 4252 principium
2382 4200 2407 4236 a
2441 4183 2606 4237 Maria
2648 4186 2840 4250 fuisse,
2885 4187 3170 4258 ipsumque
3198 4191 3428 4245 electum
3480 4197 3569 4263 qui

2021 4274 2336 4327 substantiae
2396 4274 2648 4328 humana:
2719 4277 2978 4331 liberator
3044 4290 3208 4343 esset,
3283 4285 3576 4340 comitante

2022 4366 2193 4432 ipsum
2226 4366 2394 4434 gratia
2439 4367 2646 4430 divina,
2678 4377 2730 4419 et
2773 4368 2824 4420 in
2859 4369 2974 4437 ipso
3020 4387 3114 4440 per
3139 4388 3376 4426 amorem
3409 4387 3457 4428 et
3485 4391 3576 4428 vo-

2021 4459 2278 4509 luntatem
2310 4456 2610 4519 habitante,
2649 4457 2880 4527 ideoque
2929 4465 3252 4528 appellatum
3289 4465 3456 4520 fuisse
3487 4467 3545 4521 Fi

2026 4544 2154 4598 lium
2189 4545 2299 4598 Dei.
2340 4545 2588 4601 Dicentes
2627 4548 2786 4600 etiam
2822 4549 2986 4602 Deum
3029 4553 3384 4607 substantiam
3413 4565 3571 4610 unam

367 4632 543 4699 ipsum
573 4633 638 4684 de
667 4645 805 4683 novo
840 4631 1155 4697 produxisse
1187 4629 1378 4682 Filium
1415 4629 1504 4697 qui
1542 4628 1640 4680 fuit
1688 4629 1760 4680 illi
1790 4627 1930 4680 Ver)
2023 4649 2143 4688 esse
2164 4677 2177 4699 ,
2201 4645 2253 4688 et
2287 4652 2570 4704 personam
2595 4655 2778 4704 unam,
2807 4656 2922 4708 qua:
2948 4645 3117 4697 tribus
3136 4649 3446 4702 nominibus
3477 4665 3570 4717 ap-

363 4723 516 4782 hum,
544 4723 646 4776 nisi
673 4724 814 4789 quod
844 4723 908 4776 de
935 4738 1072 4775 noro
1099 4722 1395 4789 productus
1420 4731 1474 4773 ct
1502 4731 1715 4775 creatus
1739 4721 1925 4774 fuerit.

371 4812 576 4866 Deinde
609 4814 829 4866 tradidit
868 4814 1026 4865 Pater
1052 4813 1208 4874 Filio,
1244 4812 1338 4879 qui
1374 4812 1605 4866 Verbum
1636 4812 1804 4880 ipsius
1830 4828 1926 4878 ap-

368 4894 619 4958 pellatur,
644 4895 949 4961 imperium,
979 4894 1183 4963 fuitque
1208 4898 1295 4949 ille
1331 4899 1587 4951 ccclorum
1606 4910 1657 4952 et
1677 4911 1845 4961 teri-:12,
1865 4912 1917 4953 ct

367 4984 606 5034 omnium
626 4999 744 5051 qua:
765 4983 902 5037 inter
922 5000 981 5037 ea
1001 4995 1126 5038 sunt
1176 4988 1441 5049 conditor,
1471 4989 1612 5040 sicut
1664 4991 1714 5041 in
1737 4988 1913 5041 Evan-

367 5076 508 5141 gelio
551 5085 737 5126 sancto
782 5083 1030 5140 testatur,
1063 5078 1282 5131 dicens:
1312 5079 1444 5130 Data
1476 5093 1551 5131 est
1579 5081 1701 5132 mihi
1746 5085 1912 5134 omnis

363 5173 590 5227 potestas
613 5166 664 5214 in
683 5169 834 5216 ratos
856 5177 899 5215 et
929 5167 982 5216 in
1017 5177 1209 5216 terram
1233 5168 1252 5195 ⁸
1274 5185 1285 5219 :
1311 5167 1406 5220 fuit
1429 5184 1554 5237 ergo
1600 5171 1688 5222 ille
1728 5186 1911 5222 eorum

373 5254 623 5306 Conditor
656 5270 717 5306 ea
743 5271 862 5321 qua:
896 5255 994 5323 ipsi
1037 5257 1158 5309 data
1189 5258 1263 5310 esl
1298 5257 1665 5329 [potestate]
1716 5262 1914 5314 Deinde

364 5342 719 5414 537-539
744 5343 977 5399 Verbum
1042 5348 1167 5402 illud
1201 5360 1380 5418 postea
1411 5367 1472 5404 ex
1502 5353 1666 5406 Maria
1707 5355 1914 5423 virgine

431 5546 451 5576 ⁸
503 5545 686 5601 Matth.
717 5562 905 5613 xxvut.
935 5549 1020 5604 18.

2021 4726 2270 4792 pellatur,
2307 4743 2406 4780 nec
2436 4727 2488 4779 in
2520 4729 2774 4793 Verbum,
2805 4747 2901 4784 uec
2940 4733 2990 4783 in
3026 4733 3285 4800 Spiritum
3320 4749 3565 4791 sant-tum

2020 4817 2335 4870 credentes:
2359 4817 2844 4892 eratMI-ﬁﬁa
2865 4823 2971 4875 haec
3003 4829 3267 4879 sententia
3293 4827 3440 4880 Pauli
3471 4831 3571 4883 Sa-

2017 4909 2278 4960 mosateni
2299 4902 2617 4975 patriarcha:
2638 4911 2981 4977 Antiochcoi,
2999 4919 3219 4983 ejusque
3241 4929 3565 4974 sectatorum

2020 4999 2107 5066 qui
2143 4998 2442 5053 Pauliciani
2479 5003 2729 5056 audiunt.
2787 5004 2953 5057 Erant
2995 5017 3049 5058 et
3088 5008 3177 5073 qui
3242 5021 3565 5077 assererem,

2024 5098 2134 5143 tres
2165 5106 2284 5144 esse
2326 5092 2472 5152 deos,
2509 5095 2597 5160 qui
2629 5109 2730 5146 nor.
2768 5097 2920 5150 aliter
2959 5112 3017 5149 se
3050 5099 3278 5152 habeant
3310 5117 3472 5168 quam
3509 5115 3566 5156 ut

2019 5181 2212 5244 bonus,
2247 5192 2297 5235 ct
2332 5186 2526 5244 malus.
2575 5194 2626 5237 et
2655 5169 2740 5253 qui
2779 5187 2936 5238 medii
2970 5189 3038 5239 sit
3063 5189 3202 5242 inter
3239 5206 3334 5245 eos
3361 5204 3562 5261 tempe-

2021 5275 2290 5335 ramenti;
2345 5291 2465 5343 qum
2516 5275 2806 5330 Marcionis
2857 5279 3127 5333 maledicti
3183 5290 3236 5333 et
3291 5284 3559 5335 sociorum

2023 5362 2193 5428 ipsius
2260 5366 2524 5416 scnt--ntia
2584 5365 2799 5432 :quiet
2857 5365 3188 5421 aﬂirmarunt
3243 5369 3558 5422 Marcioncm
