4138 6490
573 299 590 358 l
603 299 705 360 007

1567 290 1936 351 EUTYCHII
1959 288 2489 350 ALEXANDRINI
2531 291 2746 354 ΡΑΊἪ.

3643 313 3773 375 1008

568 404 867 475 principem
913 405 1281 474 apostolorum
1318 417 1457 463 esse,
1512 403 1673 455 Petro
1706 401 1955 469 apostolo
1987 401 2123 468 reje.
2157 410 2197 461 Α
2229 396 2554 465 sabbatum,
2577 401 2765 456 Ciliaci
2825 402 3017 457 feriam
3056 408 3291 463 tertiam.
3317 408 3487 467 Natus
3519 425 3601 469 est
3659 431 3781 489 ergo

566 506 676 553 clo.
709 497 808 549 Alii
836 492 1117 568 [denique]
1136 501 1492 549 asseruerunt
1518 491 1855 545 divinitatem
1884 488 2082 544 Christi
2107 509 2121 555 ;

568 604 688 660 quae
716 587 868 642 Pauli
901 586 1132 656 apostoli
1163 584 1434 641 sententia
1465 592 1568 645 est,
1609 597 1708 635 nec
1761 596 1867 643 non
1913 582 2123 650 episco-

567 692 755 749 porum
778 688 1145 733 trecentorum
1173 687 1228 732 et
1255 675 1575 730 octodecim.

636 770 858 826 Auditis
892 772 1131 840 ipsorum
1165 768 1452 823 sententiis
1482 766 1709 820 miratus
1742 772 1825 821 est
1852 764 2122 819 Constan-

566 866 712 917 tinus
744 876 837 916 rex
871 862 1014 915 hanc
1036 858 1483 929 discrepantiam,
1509 858 1779 927 domoque
1806 857 1937 926 ipsis
1956 871 2120 926 sepo-

568 955 671 1007 sita
715 954 768 1007 in
798 967 903 1021 qua
941 953 1056 1006 loca
1096 951 1229 1021 ipsis
1260 951 1495 1020 paravit,
1534 949 1929 1019 disputationes
1974 949 2118 1015 ipsos

564 1046 759 1100 habere
785 1028 971 1112 jussit,
1002 1052 1060 1095 ut
1092 1050 1382 1113 perspecto
1427 1042 1568 1110 apud
1611 1055 1769 1110 quem
1798 1054 1925 1094 vera
1974 1046 2118 1093 esset

563 1136 716 1201 fides,
758 1138 936 1205 ipsum
987 1144 1330 1204 sequeretur.
1391 1134 1469 1186 llli
1525 1146 1656 1201 ergo
1693 1138 1993 1195 tercentum
2064 1137 2118 1183 et

559 1228 863 1283 octodecim
900 1229 952 1280 in
1012 1242 1175 1281 unam
1224 1225 1404 1289 fidem,
1469 1238 1742 1294 unamque
1795 1223 2114 1277 sententiam

558 1326 952 1375 consenserunt
1000 1318 1380 1385 disputantes,
1438 1315 1545 1369 illis
1591 1313 1931 1385 argumentis
2001 1314 2115 1367 suis

556 1412 863 1480 superiores
918 1415 1236 1469 evaserunt,
1295 1406 1567 1475 (idemque
1616 1419 1800 1460 veram
1863 1404 2113 1458 declarao

557 1500 934 1569 ruut;re|iqui
961 1507 1140 1554 autem
1180 1499 1421 1567 episcopi
1464 1497 1757 1551 sententiis
1803 1506 1857 1551 et
1900 1495 2114 1564 religio-

557 1599 716 1652 nibus
744 1596 883 1649 inter
920 1610 979 1649 se
1021 1593 1221 1648 diversi
1252 1592 1493 1646 luerunt.
1532 1588 1644 1645 Rex
1679 1604 1810 1659 ergo
1856 1588 2114 1643 trecentis

554 1698 606 1742 et
635 1687 939 1742 octodecim
990 1685 1260 1754 episcopis
1299 1682 1422 1736 istis
1453 1683 1570 1736 loco
1608 1681 1843 1751 quodam
1881 1666 2115 1748 ‘pmprio

526 1789 605 1833 .et
647 1778 829 1849 amplo
859 1788 1047 1847 parato
1099 1762 1217 1845 ipse
1261 1775 1313 1828 in
1364 1789 1553 1830 eorum
1606 1772 1785 1827 medio
1845 1769 2111 1833 consedit,

554 1882 886 1942 acceptaque
915 1867 1201 1934 annulum,
1226 1866 1467 1937 gladium
1524 1872 1579 1917 et
1620 1870 1895 1932 sceptrum
1952 1875 2112 1916 suum

513 2029 517 2033 ~
555 1962 688 2030 ipsis
709 1960 951 2022 tradidit,
971 1958 1160 2013 dicens
1177 1957 1342 2027 ipsis:
1369 1954 1533 2011 Vobis
1559 1954 1717 2009 hodie
1742 1954 1801 2007 in
1826 1952 2109 2021 imperium

558 2067 734 2108 uicum
765 2057 1084 2122 potestatem
1120 2050 1391 2111 concessi,
1421 2056 1478 2102 ut
1514 2048 1568 2100 in
1596 2060 1662 2101 eo
1705 2042 1873 2117 444
1903 2042 2113 2097 faciatis

554 2142 817 2213 quidquid
852 2141 1029 2196 facere
1061 2140 1219 2195 vohis
1251 2139 1470 2209 expedit
1520 2151 1707 2192 eorum
1737 2150 1858 2205 qua:
1880 2134 1945 2189 ad
1981 2133 2112 2188 reli-

553 2237 765 2303 nionem
794 2234 897 2289 rite
942 2232 1321 2288 stabiliendam
1368 2237 1425 2286 et
1474 2229 1712 2283 fidelium
1764 2225 2109 2283 commodum

554 2334 810 2398 spectant.
843 2325 947 2390 llli,
975 2324 1084 2393 regi
1112 2322 1496 2378 benedicentes
1519 2329 1571 2373 et
1596 2319 1772 2388 ipsum
1798 2316 1978 2387 gladio
2010 2328 2113 2369 suo

554 2420 864 2480 cinxerunt,
895 2416 1191 2470 dicentes:
1234 2412 1419 2467 Fidem
1480 2410 1834 2465 christiauam
1893 2406 2108 2481 publice

553 2506 897 2579 profitearis,
970 2519 1197 2573 eamque
1273 2513 1600 2571 propugnes.
1672 2497 2112 2565 Composuerunt

551 2601 711 2655 etiam
745 2601 847 2669 ipsi
901 2598 1071 2653 libros
1121 2594 1504 2665 quadraginta,
1535 2592 1627 2661 qui
1691 2589 2111 2645 constitutiones

545 2702 601 2765 et
633 2693 776 2763 leges
814 2690 1155 2745 continerent
1195 2708 1209 2741 :
1242 2701 1471 2756 quarum
1505 2684 1628 2738 alia:
1655 2682 1784 2752 quid
1822 2681 1933 2747 regi
1968 2682 2111 2735 scire
2142 2686 2145 2693 ‘

550 2792 602 2836 et
640 2781 816 2836 facere
837 2778 1118 2848 expediret
1154 2771 1527 2848 [docuerunt,]
1557 2773 1675 2826 alia:
1706 2771 1835 2841 quid
1890 2770 1958 2824 ab
1997 2770 2111 2837 epi-

562 2871 762 2941 scOpis,
797 2886 861 2926 ex
914 2869 983 2924 iis
1022 2882 1142 2937 quae
1194 2870 1248 2921 in
1281 2866 1414 2935 ipsis
1460 2865 1846 2953 cpmprehensa
1903 2872 2107 2923 essent,

520 3004 523 3007 ι
552 2963 666 3016 lteri
698 2962 935 3016 deceret.
965 2955 1195 3015 Concilii
1224 2958 1480 3027 princeps
1506 2952 1572 3010 et
1595 2968 1797 3023 prmses
1826 2960 1944 3007 erat
1982 2952 2109 3005 Alc-

2229 490 2488 545 Dominus
2516 504 2701 547 noster
2755 494 2913 549 Jesus
2973 496 3228 555 Christus
3281 504 3545 560 vicesimo
3593 509 3781 576 quinto

2225 582 2311 635 die
2342 583 2552 637 Canuni
2592 586 2813 653 prioris,
2863 588 3055 642 Cihaci
3094 593 3351 647 vicesimo
3375 590 3541 665 nono,
3572 598 3784 670 fuitque

2224 673 2341 726 dies
2362 674 2480 739 ejus
2508 676 2701 732 natalis
2733 678 2861 730 feria
2898 680 3077 735 tertia.
3115 682 3261 735 lliem
3329 702 3459 741 vero
3522 691 3780 761 baptismi

2225 763 2397 831 ipsius
2449 765 2629 832 reperi
2688 766 2855 820 fuisse
2906 770 3040 838 cycli
3089 772 3285 826 solaris
3315 774 3523 829 decimo
3552 790 3780 847 qUartu;

2221 854 2356 923 rycli
2390 855 2597 909 lunaris
2624 856 2839 910 decimo
2876 875 3041 922 nouo.
3083 878 3202 915 cum
3238 872 3383 919 esset
3413 878 3599 934 epacte
3654 871 3782 926 solis

2221 951 2329 998 tres
2356 955 2409 999 et
2436 946 2722 1002 dimidium
2781 959 2835 1004 et
2899 967 3001 1005 una
3030 964 3242 1022 quarta,
3274 952 3414 1011 lunae
3441 975 3565 1014 vero
3593 964 3633 987 "
3666 981 3678 1017 :
3719 978 3781 1018 ac

2219 1038 2428 1103 primus
2462 1039 2675 1092 Cannni
2708 1043 3030 1108 posterioris
3060 1046 3194 1111 dies,
3236 1046 3367 1103 feria
3401 1051 3608 1118 quinta,
3634 1069 3783 1108 men-

2218 1128 2295 1180 sis
2329 1125 2540 1183 Tubahi
2596 1129 2920 1216 Sabbatum.
2950 1132 3081 1189 Fuit
3132 1152 3263 1209 ergo
3317 1139 3583 1208 baptisma
3614 1144 3782 1211 ipsius

2218 1221 2431 1274 illustre
2453 1222 2537 1276 die
2566 1220 2771 1287 Martis,
2807 1236 2959 1299 sexto
2983 1226 3171 1283 Canun
3191 1231 3536 1299 posterioris,
3570 1232 3781 1289 Tubahi

2218 1314 2525 1369 undecimo.
2576 1317 2699 1372 Dies
2762 1328 2939 1373 autem
2981 1323 3353 1379 crueilixiouis
3386 1326 3557 1396 ipsius
3588 1328 3781 1383 saluti-

2218 1405 2343 1459 fera:
2372 1406 2537 1479 448
2564 1409 2751 1463 incidit
2777 1411 2828 1481 in
2864 1412 3133 1467 decimum
3168 1431 3369 1470 nonum
3400 1418 3534 1488 cycli
3565 1418 3779 1483 solaris,

2216 1496 2355 1565 cycli
2407 1512 2573 1551 vero-
2605 1499 2810 1555 lunaris
2858 1501 3423 1574 decitnumquartuut,
3476 1522 3601 1562 cum
3638 1524 3782 1566 esset

2209 1592 2396 1651 epacte
2436 1583 2571 1637 solis
2612 1595 2819 1654 septem
2860 1603 2986 1641 cum
3027 1578 3279 1658 diiuidio,
3322 1594 3464 1650 luna:
3504 1612 3632 1652 vero
3668 1577 3709 1620 ⁵·
3750 1620 3766 1656 :

2208 1667 2262 1725 et
2322 1674 2532 1762 primus
2599 1679 2804 1733 mensis
2862 1680 3028 1745 Adar,
3087 1681 3222 1737 feria
3288 1687 3503 1754 quinta,
3563 1691 3776 1759 primus

2210 1776 2391 1820 autem
2432 1768 2637 1823 mensis
2677 1769 2971 1826 Bormahat
3011 1772 3147 1830 feria
3185 1776 3395 1845 prima,
3454 1789 3507 1835 et
3555 1780 3778 1837 Julia-o-

2209 1872 2330 1911 rum
2376 1856 2583 1913 Pascha
2625 1859 2715 1915 die
2752 1861 2934 1928 Jovis,
2993 1864 3155 1918 Adari
3208 1869 3467 1925 vicesimo
3505 1873 3775 1937 secundo,

2209 1951 2302 2018 qui
2350 1950 2662 2028 Bormahati
2704 1946 2831 2007 erat
2877 1955 3166 2012 vicesimus
3201 1971 3410 2015 sextus.
3464 1962 3638 2033 Atque
3670 1965 3776 2020 hoc

2212 2043 2417 2098 iudicat
2474 2046 2762 2101 Dominum
2801 2045 2989 2103 Jesum
3051 2048 3254 2105 Pascha
3308 2067 3432 2108 cum
3484 2054 3771 2125 discipulis

2210 2136 2327 2188 suis
2366 2135 2670 2192 comedisse
2709 2137 2797 2192 die
2854 2138 3040 2203 Jovis;
3100 2126 3421 2197 cruciﬁxum
3481 2144 3647 2200 fuisse
3685 2148 3774 2201 die

2213 2223 2461 2289 Veneris,
2512 2229 2679 2284 Adari
2730 2231 2993 2287 vicesimo
3038 2235 3222 2298 tertio,
3265 2235 3577 2292 Bormahati
3631 2242 3778 2295 vice-

2210 2316 2644 2386 simo‘septimo;
2671 2333 2734 2373 ac
2764 2322 3131 2377 resurrexisse
3186 2325 3275 2379 die
3300 2326 3452 2388 solis,
3502 2327 3665 2381 A-Jari
3695 2329 3773 2382 vi-

2211 2409 2414 2461 cesimo
2445 2409 2661 2479 quinto,
2714 2409 3026 2466 Bormahati
3081 2413 3341 2469 vicesimo
3398 2431 3562 2471 nono.
3617 2406 3776 2472 Chri-

2211 2500 2409 2553 stianis
2449 2515 2597 2564 vero,
2632 2502 2707 2554 uti
2756 2502 2867 2569 jam
2902 2504 3163 2567 diximus,
3200 2508 3252 2560 in
3280 2522 3433 2561 more
3461 2518 3598 2569 erat,
3628 2518 3777 2578 post-

2210 2606 2372 2658 quam
2407 2589 2724 2660 Epiphania:
2751 2592 2949 2647 festum
3003 2594 3372 2651 celebrasscnt
3404 2600 3777 2665 diecrastino,

2209 2682 2571 2752 quadraginta
2589 2684 2707 2743 dies
2748 2683 3020 2754 jejunare,
3050 2686 3177 2741 dein
3228 2690 3499 2758 jejunium
3535 2670 3783 2756 solvere,

2210 2789 2449 2844 cumque
2475 2774 2649 2831 ιιιιὰεεί
2702 2776 2914 2832 Pascha
2974 2780 3314 2835 celebrarent
3373 2782 3513 2837 idem
3570 2784 3770 2839 festum

2213 2882 2322 2920 una
2354 2866 2657 2931 celebrare,
2681 2869 2827 2936 quod
2861 2869 2981 2925 dies
3016 2872 3298 2926 Paschalis
3323 2880 3444 2927 cum
3468 2876 3659 2945 jejunii
3688 2892 3778 2931 so-

2218 2958 2428 3011 latione
2457 2967 2601 3012 erat.
2636 2956 2905 3015 Vetarunt
2937 2974 3116 3017 autem
3147 2965 3296 3033 ipsos
3329 2967 3519 3020 Patres
3549 2969 3777 3022 trecenti

555 3056 759 3109 sander
791 3052 1097 3121 patriarcha
1149 3046 1569 3134 Alexandrinus.
1604 3056 1658 3101 et
1690 3042 1954 3123 [cum‘eo]
1996 3044 2107 3097 Eu-
2137 3078 2179 3134 ε
2215 3048 2518 3105 octodecim
2563 3050 2666 3105 hoc
2693 3050 2895 3117 facere,
2944 3054 3206 3123 jubentes
3242 3056 3448 3113 Pasrha
3504 3057 3775 3113 Christia-

552 3147 791 3203 stathins
825 3144 1132 3214 patriarcha
1163 3130 1554 3204 Antiochenus,
1586 3147 1642 3193 et
1700 3137 1965 3191 Macarius
1996 3136 2109 3203 epi-

550 3251 746 3308 scopus
780 3233 1316 3305 Hieroso'yuitsnus,
1361 3231 1633 3303 Sylvester
1677 3228 1977 3299 patriarcha
2003 3229 2112 3283 Ro-

552 3342 743 3383 manus
794 3326 1011 3379 nomine
1045 3336 1147 3378 suo
1178 3321 1315 3377 duos
1367 3321 1515 3376 misit
1564 3319 1891 3381 sacerdotes,
1941 3334 2106 3370 unum

552 3399 770 3474 nomine
788 3415 1092 3479 Victorem,
1133 3414 1362 3468 alterum
1398 3411 1724 3474 Vicentium,
1753 3412 1842 3478 qui
1887 3412 1939 3463 in
1993 3409 2108 3462 Arii

552 3486 937 3577 sociorumque
991 3506 1165 3575 ipsius
1202 3502 1820 3558 exeommunicationem
1880 3514 2110 3554 consen-

553 3608 775 3662 serunt;
809 3600 1070 3669 ipsisque,
1099 3613 1163 3652 ac
1216 3596 1469 3649 omnibus
1511 3595 1601 3665 qui
1648 3592 1895 3648 eamdem
1943 3591 2107 3661 proli-

553 3700 801 3749 terentur
856 3689 1210 3752 sententiam,
1255 3686 1688 3747 ,malcdixcrunt.
1740 3683 1887 3738 Fidei
1940 3684 2104 3738 etiam

549 3783 945 3840 confessionem
980 3781 1294 3845 ediderunt,
1322 3785 1643 3841 statuentes,
1668 3774 1860 3830 Filium
1886 3791 1915 3829 a
1949 3775 2107 3828 Patre

550 3888 673 3930 ante
724 3875 908 3929 omnia
961 3869 1158 3929 saecula
1206 3870 1449 3941 genitum
1504 3867 1708 3935 fuisse;
1747 3868 2105 3935 cumdemque

553 3967 797 4036 ejusdem
840 3980 964 4020 cum
1020 3965 1181 4018 Patre
1247 3950 1477 4025 natura,
1532 3961 1863 4015 iocreatum.
1911 3957 2102 4022 Porro,

552 4058 671 4111 urbi
704 4053 1174 4125 Constantinopoli
1196 4052 1565 4123 patriarcham
1601 4048 1961 4119 praefecerunt
1994 4048 2105 4101 ble-

550 4145 888 4215 trOphancni.
907 4142 1051 4196 Inter
1067 4156 1158 4197 eos
1176 4145 1335 4195 etiam
1357 4138 1604 4194 convenit
1632 4138 1834 4192 Pascha
1856 4138 2104 4191 christia-

554 4249 740 4289 norum
770 4234 857 4287 die
908 4232 1183 4284 Dominico
1224 4240 1344 4299 post
1386 4225 1692 4281 Iudaeorum
1724 4224 1929 4279 Pascha
1958 4226 2102 4279 cele-

2215 3155 2407 3194 norum
2436 3140 2701 3196 celebrari
2759 3144 2846 3197 die
2885 3142 3189 3211 Dominico,
3212 3146 3421 3203 Pascha
3455 3142 3769 3205 Judaorum

2214 3232 2461 3302 proxime
2499 3245 2794 3323 sequente:
2828 3236 3285 3309 probibentesque
3336 3242 3417 3297 vel
3482 3257 3590 3297 una
3647 3258 3773 3297 cum

2210 3323 2433 3389 Judaeis,
2468 3326 2552 3380 vel
2578 3336 2704 3381 ante
2735 3328 2885 3396 ipsos
2939 3328 3136 3386 festum
3194 3331 3299 3388 hoc
3346 3348 3527 3404 agere,
3583 3348 3776 3390 verum

2210 3428 2404 3471 curare
2426 3425 2484 3469 ut
2529 3431 2744 3486 semper
2775 3416 2978 3474 Pascha
2999 3420 3433 3479 Christianorum
3462 3423 3776 3480 Judaaorunt

2212 3505 2422 3559 Pascha
2442 3516 2793 3574 sequeretur.

2280 3594 2602 3651 Statuerunt
2630 3600 2793 3652 etiam
2820 3614 2890 3654 ne
2915 3601 3205 3671 episcopus
3263 3602 3385 3671 quis
3419 3620 3638 3659 uxorem
3666 3605 3771 3659 ha-

2210 3689 2379 3743 beret.
2398 3690 2445 3742 A
2464 3696 2704 3758 tempore
2726 3691 2871 3745 enim
2894 3693 3285 3761 apostolorum,
3310 3709 3479 3763 usque
3503 3698 3569 3747 ad
3589 3698 3775 3751 conci.

2209 3781 2337 3835 lium
2386 3790 2750 3834 trecentorum
2807 3782 3107 3838 octodecim
3157 3790 3350 3840 uxores
3397 3786 3530 3855 ipsis
3584 3796 3772 3851 erant,

2207 3872 2340 3925 adeo
2372 3881 2429 3924 ut
2458 3871 2501 3925 si
2540 3874 2663 3940 quis
2718 3872 2807 3940 qui
2872 3888 3091 3928 uxorem
3140 3874 3364 3929 duxerat
3412 3874 3769 3948 449-451

2205 3962 2492 4031 cpiscopus
2542 3962 2991 4027 constitueretur,
3038 3974 3277 4019 maneret
3310 3968 3426 4034 ipsa
3481 3982 3605 4020 cum
3653 3966 3765 4028 illo,

2208 4066 2382 4117 neque
2427 4051 2496 4104 ab
2540 4066 2627 4115 ,eo
2679 4052 2971 4115 recederet,
3003 4054 3245 4122 exceptis
3285 4055 3629 4123 patriarchia.
3657 4056 3774 4112 illis

2205 4142 2348 4193 (milli
2379 4156 2574 4197 uxores
2595 4156 2701 4194 non
2748 4151 2928 4207 erant,
2972 4157 3149 4212 neque
3196 4146 3545 4214 coniugatum
3576 4163 3772 4218 quem-

2210 4247 2371 4298 quam
2409 4230 2707 4303 admunus
2740 4233 2871 4287 illud
2903 4237 3291 4303 provehehanl.
3325 4234 3491 4293 Porro
3535 4241 3763 4295 Alexan-

553 4327 1027 4393 hrandum,ueque
1043 4324 1227 4375 eodem
1248 4316 2102 4374 dieeoncurrcredcbercJudzeo-
2139 4312 2178 4365 D
2208 4326 2325 4384 der,
2366 4322 2630 4375 Achillam
2660 4325 2866 4377 socium
2919 4341 3102 4390 suum,
3140 4332 3229 4396 qui
3280 4340 3405 4384 ante
3457 4333 3629 4400 ipsum
3667 4346 3766 4400 pa-

555 4436 669 4471 rum
702 4432 751 4470 ut
792 4416 1212 4472 christianorum
1236 4412 1465 4467 Pascha.
1493 4410 1894 4465 Conlirmarunt
1914 4407 2105 4480 445·

552 4510 708 4583 447
725 4509 882 4565 etiam
905 4507 1171 4562 calculum
1196 4504 1479 4560 Paschalis
1498 4513 1550 4558 et
1569 4502 1762 4572 jejunii
1788 4518 1814 4555 a
1837 4500 2104 4555 Demetrio

555 4601 858 4671 patriarcha
892 4597 1282 4659 Alexandrino,
1320 4594 1527 4649 Gaiano
1558 4594 1815 4662 episcopo
1861 4591 2106 4645 llicroso«

556 4696 829 4764 symitano,
858 4689 1084 4741 Maximo
1113 4686 1413 4753 patriarcha
1436 4683 1795 4744 Autiocheuo,
1814 4691 1867 4737 et
1892 4680 2105 4735 Victore

554 4783 853 4854 patriarcha
876 4781 1116 4833 ltomano
1130 4776 1507 4838 constitutum;
1522 4774 1739 4842 loreque
1751 4772 1940 4841 jejunii
1962 4771 2102 4838 apud

551 4871 878 4929 christianos
951 4866 1274 4934 sdlntionem
1340 4865 1531 4918 eodem
1596 4864 1683 4919 die
1737 4879 1845 4932 quo
1896 4863 2102 4916 Pascha

553 4966 815 5033 ipsorum,
842 4959 1051 5013 scilicet
1094 4956 1376 5011 Dominiro
1398 4955 1704 5018 Judzeorum
1742 4954 1946 5010 Pascha
1976 4970 2103 5024 pro-

553 5056 694 5109 xime
723 5049 1211 5120 sequentc.lnquit
1265 5046 1393 5101 Said
1455 5045 1674 5101 Patricii
1733 5047 1898 5110 illius,
1934 5046 2104 5101 medi-

552 5145 684 5199 cina:
713 5141 988 5196 studiosus
1018 5157 1031 5191 :
1062 5136 1214 5190 Scire
1241 5126 1372 5189 aveo
1400 5150 1510 5204 quo
1540 5134 1627 5189 die
1658 5135 1972 5203 septimanae
2008 5148 2104 5187 na-

553 5246 642 5289 tus
676 5233 746 5287 sit
783 5230 1054 5284 Dominus
1102 5237 1287 5280 noster
1321 5224 1483 5279 Jesus
1515 5224 1791 5288 Christus,
1824 5226 1971 5286 item,
1994 5238 2103 5293 quo

551 5329 637 5381 die
670 5317 1280 5387 crucifixussit,etquoti
1306 5317 1506 5387 fuerint
1536 5315 1651 5370 dies
1679 5315 1804 5379 isti;
1856 5316 1909 5368 in
1966 5316 2101 5368 hanc

553 5418 713 5487 igitur
736 5429 867 5467 rem
902 5420 960 5465 ut
1013 5410 1344 5479 inquirerem
1377 5422 1547 5461 annos
1574 5409 1877 5470 revolvens,
1927 5407 2100 5475 reperi

554 5502 725 5574 ipsum
761 5503 1079 5558 duodecimo
1111 5500 1249 5571 cycli
1278 5500 1469 5553 solaris
1492 5507 1679 5553 natum
1713 5498 1882 5553 fuisse
1904 5502 1967 5565 ",
2001 5516 2101 5551 nu-

553 5596 683 5649 tneri
714 5596 847 5666 cycli
900 5594 1128 5655 lunaris,
1184 5593 1463 5659 fuisseque
1503 5599 1616 5643 tum
1675 5600 1921 5657 epactum
1969 5592 2102 5645 solis

507 5742 510 5743 ν
553 5700 740 5747 unum,
790 5684 954 5740 Luna:
992 5685 1197 5747 vero“,
1224 5682 1453 5752 primum
1493 5682 1697 5736 Cauuui
1739 5682 1931 5751 prioris
1964 5682 2099 5736 diem

2215 4412 2456 4466 triarcha
2490 4412 2895 4467 Alexandrinus
2950 4404 3166 4480 fuerat,
3203 4411 3270 4472 de
3305 4421 3475 4488 gradu
3542 4422 3767 4490 patriar-

2210 4504 2353 4558 chali
2385 4504 2607 4571 dejeeit,
2634 4503 2763 4573 quia
2792 4504 2919 4559 Ario
2956 4517 3175 4576 recepto
3234 4520 3420 4564 contra
3474 4511 3615 4567 Petri
3673 4530 3768 4583 pa-

2209 4593 2464 4648 triarchae
2500 4589 2856 4648 Alexandrini
2890 4595 3208 4651 mandatum
3245 4597 3465 4655 fecerat.
3503 4601 3582 4657 llti
3637 4619 3767 4659 vero

2176 4684 2440 4757 .trecenti
2462 4684 2767 4738 octodecim
2798 4684 2864 4738 ad
2906 4685 3023 4738 loca
3056 4701 3153 4739 sua
3185 4688 3395 4743 honore
3450 4690 3629 4745 all‘ecti
3665 4708 3765 4747 re-

2205 4774 2463 4839 dierunt;
2526 4775 2687 4843 idque
2746 4790 2892 4829 anno
2951 4777 3297 4832 Constantini
3356 4781 3496 4847 regis
3550 4783 3767 4837 decimo

2208 4880 2373 4918 nono.
2432 4865 2557 4918 Tria
2617 4875 2796 4920 autem
2857 4868 3071 4921 decreta
3127 4867 3297 4923 edidit
3348 4870 3761 4929 Constantinus.

2208 4957 2469 5019 Primum,
2506 4968 2563 5012 ut
2602 4959 2897 5014 confractis
2935 4947 3093 5018 idolis
3131 4978 3321 5018 omnes
3350 4980 3539 5019 eorum
3589 4972 3758 5022 culto-

2205 5062 2291 5101 res
2323 5063 2352 5100 e
2379 5049 2554 5101 medio
2584 5049 2918 5103 tollerentur.
2951 5051 3290 5114 Secundum,
3332 5070 3408 5109 ne
3449 5058 3571 5123 quis
3602 5068 3756 5113 nota—

2206 5139 2270 5191 rii
2296 5139 2528 5193 forensis
2562 5139 2738 5193 cilicio
2762 5140 3078 5210 fungeretur
3102 5152 3295 5212 praeter
3320 5144 3756 5204 Christianorum

2207 5227 2431 5290 liberos,
2464 5228 2735 5297 iidemque
2767 5229 3052 5298 praefectus
3084 5241 3137 5286 et
3191 5234 3360 5287 duces
3393 5245 3594 5291 eSscnt.
3628 5237 3761 5292 Ter-

2208 5320 2360 5381 tium,
2395 5331 2453 5373 ut
2486 5319 2571 5372 die
2606 5319 2909 5387 Passionis,
2932 5330 2992 5376 et
3016 5323 3188 5391 ipsum
3214 5337 3471 5392 sequente
3514 5330 3601 5381 die
3652 5328 3760 5385 Ve-

2205 5412 2463 5471 neris,ab
2512 5414 2659 5464 omni
2696 5427 2859 5481 opere
2917 5414 3255 5469 abstinerent
3313 5417 3576 5482 homines,
3626 5435 3761 5475 nere

2206 5506 2256 5556 in
2295 5503 2482 5555 iisdem
2510 5505 2752 5571 praelium
2808 5505 2975 5557 ullum
3027 5509 3477 5563 committeretur.
3515 5510 3571 5563 lu
3608 5528 3759 5566 tuan-

2203 5594 2343 5646 datis
2366 5595 2526 5647 etiam
2562 5594 2706 5646 dedit
2764 5597 3157 5651 Constantinus
3208 5598 3499 5666 imperator
3524 5601 3760 5657 Macario

2204 5675 2451 5755 episcopo
2502 5669 3015 5756 Hierosolyuiitauo,
3060 5696 3119 5743 ut
3184 5692 3417 5757 sepulcri
3474 5704 3526 5747 et
3578 5694 3757 5750 crucia
