4138 6510
327 391 451 453 1069

1735 351 2132 476 ANNxtEs‘

3401 366 3534 431 toto

323 506 432 558 loca
465 501 820 572 perquireret,
853 510 906 555 et
934 501 1197 555 ecclesias
1233 510 1489 556 strueret.
1517 500 1663 556 Dixit
1718 502 1875 571 quin-

1996 502 2247 558 terierat:
2286 513 2458 555 annos
2505 495 2695 569 viginti
2730 504 2840 566 tres
2897 494 3052 558 sedit,
3100 493 3223 548 dcitt
3287 496 3534 577 mortuus

320 595 475 649 etiam
527 595 729 648 llelena
778 592 1122 647 Constantini
1154 602 1369 645 mater:
1421 591 1554 645 Vovi
1612 606 1713 662 ego
1770 594 1874 644 itu-
1973 601 2259 672 est,Ann9
2297 595 2463 667 456
2505 592 2714 661 imperii
2748 589 2994 658 ejusdem
3046 588 3309 641 vicesimo
3362 582 3525 636 tertio

322 700 432 739 ram
467 701 551 739 me
598 683 971 754 Hierosolyma
1015 692 1071 736 nt
1128 683 1443 753 pcrquisitis
1490 682 1623 737 locis
1674 685 1875 737 sanctis

323 777 434 843 ipsa
466 775 709 829 :ediiiciis
730 789 944 829 ornem.
970 774 1100 829 Cum
1130 791 1258 843 ergo
1290 790 1533 843 magnam
1568 774 1669 843 ipsi
1704 790 1863 843 Opnm

321 868 525 933 capiam
554 866 782 936 largitus
816 876 978 931 esset,
1003 866 1240 937 profecta
1274 864 1354 920 est
1398 866 1557 938 552
1604 868 1739 935 ipsa,
1773 880 1876 919 una

322 974 440 1011 cum
466 956 699 1011 Macario
724 958 1003 1027 episc0po,
1032 957 1401 1029 Hierosolyma
1414 959 1481 1013 ad
1500 975 1710 1013 crucem
1734 975 1879 1027 quie-

324 1046 567 1107 rendam,
599 1046 690 1100 ubi
722 1048 1036 1102 convocatis
1080 1046 1390 1102 Judaeorum
1426 1034 1797 1118 Hierosolyma
1829 1060 1885 1121 et

326 1143 560 1192 montem
593 1136 823 1190 Galilazte
880 1138 1237 1192 incolentium
1269 1146 1495 1193 centum
1538 1139 1692 1197 viris.
1754 1153 1877 1192 cum

324 1244 387 1282 ex
410 1230 516 1282 illis
552 1230 736 1282 decem
775 1229 1031 1295 elegisset
1054 1268 1069 1293 ,
1094 1229 1289 1283 deinde
1313 1245 1375 1283 ex
1413 1229 1546 1297 ipsis
1577 1236 1711 1290 trcs,
1744 1244 1880 1291 quo-

325 1332 441 1369 rnm
474 1316 563 1370 nni
603 1332 794 1370 nomen
854 1316 1044 1381 ludas,
1078 1318 1286 1386 rogavit
1325 1327 1384 1371 ut
1439 1317 1540 1386 ipsi
1603 1318 1719 1369 loca
1762 1333 1884 1370 sau-

324 1416 409 1461 cta
442 1409 783 1473 indicarent;
820 1408 893 1462 illi
938 1423 1066 1464 vero
1108 1408 1442 1470 abnuerunt,
1500 1408 1744 1461 dicentes
1781 1407 1881 1460 sibi

326 1499 502 1552 lucum
537 1507 722 1554 notum
781 1515 891 1556 non
918 1516 1068 1565 esse;
1127 1515 1297 1569 quare
1351 1499 1497 1568 ipsos
1556 1499 1608 1552 in
1664 1507 1881 1568 puteum

325 1608 463 1660 aqua
490 1607 733 1647 vacuum.
757 1591 1014 1662 conjecit,
1065 1592 1157 1647 tibi
1192 1607 1310 1647 cum
1346 1598 1553 1661 septem
1587 1592 1703 1646 dies
1759 1607 1883 1660 per-

327 1681 658 1737 mansissent
709 1681 846 1735 nihil
886 1680 1111 1736 edentes
1145 1682 1225 1735 vel
1260 1681 1528 1743 bibentes,
1586 1680 1721 1735 dixit
1776 1693 1882 1734 ter-

325 1774 437 1825 tius
468 1772 558 1854 ille
606 1764 827 1826 nomine
882 1769 1051 1827 Judas
1108 1773 1274 1827 sociis
1332 1773 1486 1828 suis:
1526 1771 1684 1826 Pater
1719 1785 1883 1825 ‘meus

326 1863 446 1918 loca
472 1862 585 1924 illa,
620 1878 741 1931 quae
768 1863 996 1930 inquirit
1025 1862 1219 1918 mulier
1263 1863 1392 1925 ista,
1445 1863 1573 1915 mihi
1606 1862 1885 1922 indicavit,

328 1968 502 2023 eaque
536 1954 675 2024 patri
735 1969 835 2010 suo
891 1956 959 2009 ab
1017 1969 1120 2010 avo
1172 1955 1430 2009 indicata-
1472 1953 1659 2008 fuisse.
1700 1952 1891 2008 Excla-

330 2054 542 2101 mantcs
572 2060 700 2115 ergo
741 2045 935 2115 reliqui
986 2045 1121 2108 duo,
1181 2058 1304 2097 cum
1359 2060 1387 2098 e
1440 2053 1603 2113 puteo
1661 2042 1887 2099 extracti

328 2133 587 2199 fuissent,
622 2134 837 2189 Helena:
869 2144 1191 2199 narrarunt,
1222 2134 1352 2203 quid
1406 2133 1543 2205 ipsis
1569 2146 1893 2191 narraverat

324 2210 521 2282 ludas.
554 2226 724 2293 Quem
756 2242 881 2282 cum
926 2226 1107 2299 ﬂagris
1160 2228 1294 2283 caedi
1354 2227 1636 2297 iussisset,
1673 2228 1891 2284 confes-

326 2333 421 2372 sus
457 2326 541 2371 est
574 2317 661 2371 ille
710 2333 769 2372 se
808 2318 1002 2372 locum-
1036 2332 1238 2384 nosse;
1295 2319 1679 2389 profectusque
1717 2319 1891 2373 donec

328 2407 397 2463 ad
428 2409 552 2463 loca
591 2408 681 2463 ubi
717 2418 902 2465 essent
957 2411 1267 2475 sepulcrum
1318 2422 1374 2466 et
1425 2412 1668 2466 craniutn
1706 2428 1890 2479 perve-

331 2500 570 2580 nissent,
602 2498 725 2570 (fuit
753 2507 933 2580 autem
967 2499 1121 2556 locus
1171 2500 1413 2557 fimotum
1473 2500 1753 2571 magnum)
1788 2502 1891 2555 ibi-

329 2606 439 2660 que
470 2576 659 2658 preces
691 2576 925 2646 fundens
948 2592 1085 2647 dixit
1117 2591 1403 2657 :Domine,
1424 2594 1468 2647 si
1494 2591 1658 2647 fuerit
1690 2594 1743 2647 in
1772 2594 1891 2647 loco

330 2681 440 2750 isto
472 2680 802 2751 sepulcrum,
836 2679 919 2739 fac
958 2690 1017 2736 ut
1070 2690 1337 2736 tremente
1392 2682 1480 2736 hic
1540 2691 1683 2735 terra
1736 2687 1894 2738 exeat

335 2772 547 2834 fumus,
578 2786 687 2839 quo
720 2771 961 2826 credam.
995 2770 1285 2828 Tremente
1342 2787 1473 2843 ergo
1524 2773 1644 2827 loco
1684 2771 1895 2828 exienle

330 2863 461 2918 inde
498 2861 647 2917 fumo
677 2862 1047 2928 suaveolente,
1074 2863 1326 2921 credidit.
1359 2863 1605 2933 Cumque
1633 2863 1893 2933 jussisset

329 2957 538 3012 Helena
562 2957 739 3011 locum
771 2957 990 3024 pulvere
1043 2958 1262 3020 nudari,
1298 2966 1680 3027 apparuerunt
1715 2960 1895 3026 sepul-

329 3065 488 3104 crum
530 3056 585 3102 et
620 3048 865 3103 eranium
903 3065 917 3104 :
960 3057 1015 3103 at
1043 3048 1217 3104 tribus
1272 3048 1343 3103 ibi
1404 3050 1662 3105 crucibus
1721 3066 1897 3119 reper.

329 3144 423 3208 tis,
449 3143 734 3209 Quomodo
758 3143 957 3213 (inquit
989 3142 1212 3213 llclena)
1234 3144 1615 3215 dignoscemus
1644 3160 1891 3211 quaenam

330 3232 574 3305 ipsarum
594 3249 725 3289 crux
738 3235 940 3290 Christi
960 3235 1143 3291 fuerit?
1163 3236 1335 3305 Pr0pe
1353 3243 1531 3290 autem
1544 3235 1898 3310 453-455

337 3327 480 3395 ipsis
512 3324 686 3380 adfuit
721 3326 943 3393 quidam
981 3326 1169 3380 morbo
1217 3326 1504 3380 admodum
1538 3327 1687 3397 gravi
1744 3326 1899 3380 laho~

332 3433 470 3474 rans
507 3416 647 3473 adeo
684 3419 920 3472 utnulla
976 3418 1170 3473 salutis
1222 3432 1348 3487 spes
1402 3416 1509 3487 ipsi
1568 3428 1896 3485 superesset,

333 3512 429 3564 cui
462 3510 729 3578 impositre
756 3524 950 3565 cruces
1002 3509 1174 3579 prima
1205 3518 1257 3565 et
1313 3511 1549 3564 secunda
1592 3509 1728 3562 nihil
1778 3523 1900 3577 pro-

340 3602 604 3663 fuerunt;
653 3601 1055 3669 quamprimum
1104 3610 1287 3655 autem
1326 3600 1482 3655 tertia
1544 3601 1650 3671 ipsi
1685 3603 1899 3656 admota

332 3690 465 3752 fuit,
494 3691 731 3745 surrexit
754 3697 989 3759 aegrotus
1007 3689 1198 3744 morbo
1228 3704 1329 3745 suo
1358 3690 1570 3759 penitus
1617 3692 1898 3759 liberatus,

332 3796 399 3836 ac
436 3782 660 3836 sanitati
694 3784 994 3837 restitutus.
1028 3779 1351 3836 Unde’novit
1396 3780 1595 3837 Helena
1626 3799 1744 3840 eam
1793 3784 1899 3839 Do-

338 3873 480 3927 mini
517 3874 689 3928 nostri
730 3872 956 3939 Christi,
988 3888 1094 3926 non
1131 3874 1251 3928 sine
1304 3875 1655 3931 veneratione
1704 3892 1901 3933 memo-

333 3963 544 4028 randi,
577 3977 793 4018 erucem
850 3961 1043 4018 fuisse.
1092 3963 1267 4029 Quam
1316 3980 1447 4035 ergo
1500 3965 1669 4022 thecae
1724 3982 1900 4023 aureae

332 4054 650 4126 impositam
700 4042 885 4109 secum
927 4057 1225 4124 asportavit
1259 4072 1273 4119 ;
1307 4065 1361 4112 et
1391 4062 1757 4129 quodcunque
1802 4057 1902 4114 Do-

333 4148 492 4202 mino
522 4157 708 4201 nostro
729 4146 951 4201 Christo
1004 4148 1346 4203 reconditum
1381 4148 1559 4204 fuerat
1609 4149 1675 4205 ad
1730 4151 1897 4207 ﬁlium

332 4254 500 4295 suum
534 4238 955 4310 Constantinum
987 4240 1235 4296 abduxit.
1282 4240 1695 4313 Exstructisque
1725 4239 1897 4300 eccle-

294 4318 414 4388 asia
448 4330 921 4394 Resurrectionis.
952 4342 1005 4387 et
1031 4334 1217 4388 cranio
1266 4342 1319 4388 et
1351 4336 1581 4391 ecclesia
1631 4336 1899 4391 Constan-

334 4425 437 4479 tini
474 4439 691 4479 reversa
716 4433 820 4489 est,
866 4424 1291 4495 jussoMacario
1330 4426 1588 4496 episcopo
1637 4428 1897 4482 Hieroso-

333 4516 602 4586 lymitano
634 4516 867 4585 reliquas
889 4508 1146 4572 ecclesias
1172 4524 1480 4572 exstruere.

406 4604 635 4659 Factum
668 4613 753 4658 est
790 4604 890 4659 hoc
918 4619 1062 4658 anno
1100 4605 1312 4673 imperii
1359 4605 1704 4658 Constantini
1756 4607 1901 4661 vice~

332 4696 480 4749 simo
505 4696 767 4749 secundo.
818 4694 987 4751 Porro
1038 4712 1066 4749 a
1120 4704 1249 4751 nato
1295 4682 1523 4751 Domino
1566 4694 1785 4751 Christo
1831 4698 1899 4751 ad

332 4788 708 4843 inventionem
750 4789 934 4843 crucis
969 4788 1095 4841 anni
1150 4788 1370 4842 fuerunt
1426 4790 1652 4844 trecenti
1710 4790 1897 4859 viginti

330 4889 485 4934 octo.
537 4880 692 4934 Anno
761 4889 939 4935 autem
1006 4880 1216 4950 imperii
1252 4880 1593 4935 Constantini
1640 4883 1899 4935 vicesimo

332 4974 522 5040 primo
551 4972 886 5027 constitutus
921 4982 1003 5027 est
1046 4972 1384 5026 Athanasius
1435 4974 1764 5041 patriareha-
1788 4976 1901 5028 Ale-

331 5064 666 5129 xandrinus,
705 5066 795 5133 qui
826 5065 1058 5132 scriptor
1118 5064 1266 5119 fuit:
1315 5080 1489 5120 annos
1543 5066 1900 5135 quadraginta

338 5172 436 5210 sex
500 5156 664 5210 sedit.
709 5158 865 5209 Anno
924 5156 1133 5225 imperii
1193 5156 1366 5225 ipsius
1431 5158 1694 5211 vicesimo
1740 5160 1901 5213 tertio

333 5248 676 5302 constitutus
709 5258 791 5302 est
826 5246 1071 5301 Valerius
1138 5250 1447 5317 patriarcha
1504 5251 1899 5317 Antioclienus,

334 5338 427 5390 ιιιιί
468 5353 644 5391 annos
698 5339 945 5392 undecim
1004 5335 1166 5404 sedit,
1221 5342 1416 5396 deinde
1473 5352 1721 5400 mortuus
1769 5356 1901 5401 OSl:

335 5430 581 5484 A‘rianus
614 5430 732 5483 fuit.
764 5431 921 5485 Anno
968 5432 1213 5501 ejusdem
1249 5434 1505 5490 vicesimo
1560 5451 1704 5491 nono
1733 5435 1907 5492 factus

334 5529 425 5573 est
457 5518 824 5576 Maximianus
872 5523 1161 5591 episcopus
1212 5522 1763 5595 llierosolymitanus,
1826 5532 1907 5582 vir

341 5609 673 5672 humilis,et
728 5613 814 5665 cui
844 5613 1038 5669 oculus
1092 5613 1281 5670 dexter
1337 5623 1579 5684 tempore
1623 5618 1904 5674 seditionis
1947 5620 1956 5629 ’

418 5797 434 5823 ⁷
471 5792 629 5847 Jnan.
663 5811 698 5857 ι,
732 5795 763 5846 5
797 5810 914 5863 sqq.

1933 4515 1976 4571 Β
2005 4523 2299 4578 Eumenius
2338 4539 2351 4574 :

1977 697 2220 740 mortuus
2248 694 2328 739 est
2357 682 2735 751 Metrophanes
2781 676 3091 747 patriarcha
3156 672 3536 728 Constantino-

1978 780 2242 847 po'itanus
2288 792 2409 832 cum
2447 786 2557 830 tres
2606 786 2779 827 annos
2818 769 3138 824 cathedram
3199 772 3534 830 occupasset,

1980 872 2261 939 factusque
2323 877 2404 923 est
2458 876 2575 935 post
2630 866 2807 934 ipsum
2874 859 3181 915 Alexander
3234 854 3536 923 patriarcha

1976 962 2645 1031 Constantinopolitanus,
2693 960 2783 1024 qui
2825 964 2948 1010 octo
2998 966 3170 1006 annos
3211 948 3384 1011 scdit',
3421 945 3540 998 dein

1981 1062 2230 1108 mortuus
2263 1060 2366 1107 est.
2402 1050 2573 1103 Porro
2628 1048 2902 1103 Eusebius
2951 1041 3280 1098 Nicomedia:
3335 1038 3544 1106 episco-

1981 1167 2081 1218 pus
2113 1158 2166 1203 et
2196 1149 2382 1201 socius
2420 1145 2616 1213 ipsius,
2667 1144 2992 1209 quibusuna
3026 1154 3145 1191 cum
3199 1135 3327 1189 Διῑο
3376 1132 3547 1185 maluo

1982 1240 2236 1292 dixerunt
2271 1237 2497 1290 trecenti
2529 1242 2580 1287 et
2632 1232 2957 1292 octodecim,
2999 1230 3063 1283 ad
3124 1226 3544 1295 Constantinum

1988 1329 2308 1385 accedentes
2339 1342 2494 1395 opem
2545 1324 2720 1393 ipsius
2765 1323 3149 1391 implorarunt,
3206 1324 3459 1385 rogantes
3492 1324 3549 1366 ut

1987 1420 2220 1489 receptis
2254 1420 2387 1488 ipsis
2445 1416 2884 1471 maledietionem
2935 1411 3143 1465 irritam
3195 1406 3438 1460 faceret:
3492 1419 3551 1458 se

1986 1515 2252 1585 siquidem
2289 1511 2419 1565 Ario
2449 1511 2671 1576 ejusque
2724 1505 3048 1562 sententiam
3093 1498 3356 1569 amplexis
3383 1495 3552 1549 male-

1985 1609 2188 1671 dicere,
2215 1606 2571 1667 eamdemqne
2616 1616 2779 1670 quam
2811 1595 3067 1651 “trecenti
3118 1589 3420 1646 octodecim
3476 1586 3549 1639 illi

1986 1700 2142 1753 tidem
2172 1696 2433 1766 proﬁteri.
2463 1691 2715 1761 iteceptis
2746 1704 2875 1754 ergo
2921 1685 3054 1754 ipsis
3078 1698 3173 1738 rex
3217 1677 3553 1734 maledictio-

1989 1800 2110 1838 nem
2140 1784 2385 1846 sustulit,
2408 1790 2462 1835 et
2498 1778 2789 1834 Eusebium
2826 1772 3299 1828 Nieomediensem
3334 1779 3551 1821 assum-

1993 1884 2143 1945 ptum
2189 1871 2560 1943 patriarcham
2608 1862 3089 1934 Constantinopoli
3131 1858 3395 1931 prrefecit.
3452 1855 3555 1909 lle-

1994 1968 2113 2023 lena
2134 1974 2312 2020 autem
2348 1962 2515 2018 misso
2572 1960 2711 2014 duce
2774 1957 3008 2028 quodam
3058 1953 3245 2007 inultis
3287 1951 3557 2005 instructo

1992 2058 2229 2128 opibus,“
2255 2054 2541 2111 ecclesiam
2579 2050 2746 2105 Rohre
2778 2047 3070 2111 exStruxit,
3092 2045 3201 2109 cui,
3223 2051 3283 2099 ut
3299 2052 3353 2098 et
3386 2039 3555 2097 eccle.

1993 2146 2091 2201 siis
2118 2142 2507 2213 Hierosolymis
2534 2139 2856 2203 exstructis,
2894 2152 3017 2191 cum
3050 2134 3214 2189 finem
3269 2132 3558 2201 imposuis-

1993 2240 2135 2297 sent,
2166 2228 2477 2288 consecrari
2545 2243 2640 2283 eas
2693 2226 2865 2281 voluit
2920 2226 3238 2293 imperator,
3279 2232 3439 2290 quem
3501 2218 3553 2270 in

1997 2327 2154 2379 tinem
2183 2322 2473 2379 Eusebium
2498 2318 2861 2389 patriarcham
2893 2302 3554 2383 Constantinopolitanum

1996 2416 2362 2486 Hierosolyma
2399 2412 2667 2483 proﬁcisci
2694 2411 2879 2480 jussit,
2930 2408 3114 2475 ibique
3174 2406 3555 2474 episcoporum

1992 2508 2285 2564 concilium
2315 2506 2553 2561 indicere
2578 2511 2635 2557 ut
2672 2504 2912 2556 locorum
2962 2495 3356 2553 consecrationi
3388 2494 3558 2549 ints-rc

1964 2614 2196 2660 essent.
2263 2599 2600 2670 Scripsitque
2662 2592 3056 2651 Constantinus
3127 2592 3421 2659 imperator
3491 2586 3557 2640 ad

1995 2695 2355 2751 Athanasium
2385 2690 2749 2760 patriarcham
2794 2682 3227 2739 Alexandrinum
3269 2687 3328 2733 ut
3356 2684 3412 2732 et
3446 2676 3560 2746 ipse

1996 2784 2324 2840 detlicationi
2358 2781 2447 2835 isti
2486 2779 2794 2841 interesset,
2833 2783 2892 2828 ut
2941 2774 3087 2827 dicto
3147 2785 3246 2825 suo
3294 2769 3561 2835 obseque-

1996 2887 2166 2940 retur,
2193 2890 2292 2929 nec
2318 2873 2365 2928 ei
2385 2868 2744 2944 457-459
2766 2866 3170 2935 immorigernm
3197 2878 3255 2917 se
3280 2861 3557 2929 praeberet,

2000 2983 2252 3022 monens.
2279 2962 2466 3032 Nepoti
2495 2962 2656 3015 etiam
2689 2974 2811 3022 suo,
2837 2957 2925 3012 eui
2968 2969 3162 3011 nomen
3202 2950 3556 3012 Delmatinus,

2002 3062 2054 3114 in
2084 3040 2352 3113 mandatis
2384 3056 2553 3116 dedit.
2600 3061 2657 3108 ut
2691 3050 2979 3106 concilium
3021 3048 3152 3101 illud
3180 3046 3369 3110 adiret,
3400 3052 3560 3113 atque

1922 3187 1967 3246 ρ
2003 3154 2055 3205 in
2092 3152 2227 3205 urbe
2264 3148 2406 3220 Tyro
2443 3154 2709 3201 maneret.

2069 3242 2201 3298 Cum
2255 3254 2383 3309 ergo
2416 3238 2483 3293 de
2513 3235 2928 3292 consecratione
2981 3235 3121 3287 inter
3152 3231 3300 3300 ipsos
3347 3246 3556 3285 conve-

2001 3340 2194 3401 nisset,
2226 3332 2601 3403 Hierosolyma
2634 3328 2940 3390 tendentes,
2975 3325 3029 3379 in
3064 3324 3196 3379 urbe
3245 3322 3389 3392 Tyro
3424 3337 3560 3378 con-

2001 3428 2203 3500 gregati
2232 3433 2391 3489 sunt;
2422 3408 2512 3479 ubi
2541 3420 2832 3476 adfuerunt
2858 3416 3221 3471 Maximianus
3244 3413 3562 3469 Monoculus

2000 3523 2292 3593 episcopus
2326 3514 2879 3585 Hierosolymitanus,
2930 3508 3267 3563 Athanasius
3330 3506 3562 3574 patriar-

2001 3612 2102 3665 cha
2126 3606 2550 3669 Alexandrinus,
2578 3600 2829 3656 Valerius
2863 3597 3170 3669 patriarcha
3194 3597 3564 3652 Antiochenus

2006 3718 2129 3758 cum
2188 3696 2459 3770 episcopis
2511 3692 2882 3763 compluribus
2937 3694 3244 3759 magnaque
3282 3687 3560 3741 hominum

2004 3790 2372 3848 multitudine.
2421 3786 2546 3842 Fuit
2588 3784 2790 3840 ibidem
2838 3784 2891 3837 in
2942 3780 3177 3836 concilio
3205 3779 3427 3849 quidam
3471 3791 3566 3832 no-

2005 3867 2148 3941 mine
2176 3881 2497 3945 Eumenius,
2530 3892 2749 3948 unaque
2790 3891 2912 3931 eum
2962 3875 3080 3943 ipso
3108 3872 3292 3943 plures
3317 3871 3408 3941 qui
3452 3870 3563 3923 Arii

2003 3974 2329 4034 sententiam
2372 3970 2861 4040 amplectebantur.
2895 3962 3195 4019 Subinnuit
3238 3976 3369 4031 ergo
3400 3959 3566 4014 Euse-

2005 4068 2119 4123 bius
2158 4061 2465 4136 patriarcha
2511 4055 3150 4126 Constantinoliolitanus
3201 4052 3464 4107 Eumenio
3508 4058 3565 4103 ut

2002 4156 2349 4227 quaestionem
2372 4152 2667 4206 Athanasio
2698 4147 3021 4220 patriarcha:
3048 4143 3417 4201 Alexandrino
3447 4155 3563 4195 m0-

2002 4256 2169 4303 veret.
2207 4244 2477 4301 Eusebius
2509 4242 2801 4313 siquidem,
2829 4238 2928 4294 etsi
2965 4236 3031 4291 ad
3082 4252 3262 4307 regem
3318 4248 3567 4288 reversus

2004 4341 2284 4411 professus
2333 4346 2478 4393 esset
2518 4350 2577 4390 se
2616 4333 2745 4389 Ario
2788 4330 3146 4393 contrarium,
3190 4328 3332 4382 idem
3384 4335 3563 4380 tamen

2004 4448 2126 4487 cum
2184 4432 2276 4497 illo
2330 4427 2618 4488 sentiebat,
2669 4434 2831 4491 atque
2877 4423 3179 4478 asserebat.
3248 4421 3394 4473 Dixit
3434 4434 3564 4487 ergo

2402 4520 2519 4575 Non
2576 4518 2860 4573 amrmavit
2914 4516 3077 4570 Arius
3134 4514 3417 4570 Christum
3479 4527 3566 4567 res

2006 4626 2244 4673 creasse,
2300 4626 2512 4673 verum,
2561 4625 2654 4678 per
2713 4608 2885 4676 ipsum
2942 4620 3030 4661 res
3082 4604 3256 4661 fuisse
3310 4613 3562 4656 creatas:

2008 4708 2181 4774 ipsum
2210 4704 2352 4759 enim
2384 4702 2617 4757 Verbqu
2648 4714 2770 4753 esse
2798 4698 2890 4753 Dei
2924 4713 3033 4766 quo
3067 4706 3249 4751 creata
3294 4703 3421 4750 sunt
3451 4709 3564 4747 cm-

2008 4797 2117 4849 lum
2148 4800 2202 4849 et
2230 4801 2371 4847 terra
2408 4809 2420 4845 :
2454 4804 2671 4845 creasse
2706 4788 2851 4843 enim
2888 4788 3052 4854 Deum
3085 4802 3171 4840 res
3212 4801 3305 4854 per
3328 4783 3562 4837 Verbum

2008 4902 2189 4951 suum,
2222 4895 2273 4940 at
2298 4882 2533 4939 Verbum
2587 4882 2704 4947 ejus
2752 4896 2837 4931 res
2878 4879 3013 4932 istas
3057 4892 3163 4931 non
3213 4890 3430 4930 creasse
3467 4891 3482 4929 :
3513 4885 3566 4927 ct

2009 4976 2150 5031 sicut
2171 4975 2309 5028 dixit
2329 4970 2589 5026 Dominus
2606 4969 2855 5022 Christus
2881 4968 2935 5021 in
2958 4966 3272 5036 Evangelio,
3300 4965 3365 5018 Et
3389 4966 3565 5018 omnia

2007 5084 2096 5136 per
2144 5067 2313 5134 ipsum
2343 5066 2572 5135 fuerunt,
2602 5073 2652 5116 et
2681 5063 2793 5114 sine
2824 5063 2933 5129 ipso
2981 5077 3082 5113 non
3123 5062 3224 5128 fuit
3257 5060 3563 5129 quidquam,

2010 5175 2189 5212 eorum
2220 5173 2337 5226 qua:
2371 5157 2605 5224 fuerunt.
2652 5155 2942 5219 Dixitque:
2976 5153 3076 5206 Per
3121 5154 3291 5222 ipsum
3325 5152 3428 5217 fuit
3456 5151 3563 5203 vita

2004 5262 2051 5305 et
2084 5251 2188 5303 rita
2228 5249 2320 5302 lux
2348 5258 2459 5302 erat
2478 5247 2764 5300 hominum.
2794 5243 2921 5299 Item
2958 5262 2971 5297 :
3012 5244 3071 5297 In
3118 5244 3315 5296 mundo
3347 5244 3471 5312 fuit,
3516 5254 3565 5295 et

2010 5342 2232 5396 mundus
2455 5356 2545 5408 per
2576 5343 2745 5406 ipsum
2786 5338 2957 5406 [actus
2992 5348 3065 5390 est
3095 5346 3138 5391 ².
3200 5337 3407 5390 Retulit
3436 5352 3563 5405 ergo

2007 5451 2094 5491 res
2127 5450 2216 5501 per
2263 5434 2438 5502 ipsum
2497 5431 2667 5484 iactas
2720 5428 2907 5489 fuisse,
2960 5442 3062 5479 non
3116 5435 3295 5480 autem
3348 5426 3411 5497 ub
3446 5427 3563 5494 ipso

2004 5527 2172 5580 facias
2207 5540 2357 5580 esse:
2396 5523 2537 5585 "rce,
2585 5520 2787 5587 inquit,
2830 5527 2947 5571 erat
2986 5518 3097 5570 Arii
3150 5519 3439 5573 sententia.
3475 5532 3561 5570 vc-

2004 5633 2121 5673 rum
2156 5616 2381 5673 trecenti
2411 5613 2709 5669 octodecim
2740 5610 2835 5671 illi,
2876 5608 3063 5675 inique
3097 5626 3216 5662 cum
3257 5610 3373 5675 ip~o
3400 5622 3562 5673 agon.
