4138 6462
698 484 831 550 1011

692 607 794 662 les.
840 602 1035 671 injuria
1085 602 1235 656 illum
1284 610 1443 667 atque
1494 593 1764 650 immerito
1795 586 2235 645 excommunicao
2268 584 2309 636 Α

692 702 838 747 runt.
863 695 960 748 Cui
996 694 1269 761 respondit
1310 687 1635 742 Athanasius
1658 680 1958 751 patriarcha
1992 678 2223 729 Alexan-

691 782 884 835 drinus
918 783 1083 837 :Ario
1123 780 1257 833 nihil
1306 779 1441 832 falso
1478 778 1815 841 impegerunt
1850 767 2083 835 episcopi
2121 776 2226 817 tre-

681 871 836 937 centi
895 869 1235 935 octodecim,
1280 885 1378 923 nec
1422 867 1618 934 injuria
1677 862 1847 929 ipsum
1911 857 2226 912 affecerunt.

693 961 989 1018 Allirmavit
1031 964 1173 1017 enim
1228 963 1340 1031 ipse
1377 977 1391 1013 :
1424 958 1617 1012 Filium
1681 955 1885 1021 absque
1938 951 2093 1003 Patre
2143 962 2228 999 res

692 1069 923 1110 creasse.
976 1054 1126 1120 Quod
1155 1055 1200 1108 si
1238 1068 1323 1109 res
1362 1066 1391 1104 a
1423 1050 1559 1106 Filio
1588 1055 1781 1104 creata:
1826 1043 2044 1106 fuerint,
2074 1040 2144 1092 ita
2176 1047 2231 1089 ut

699 1139 853 1195 Pater
895 1142 1134 1210 ipsarum
1182 1148 1395 1195 creator
1428 1153 1533 1192 non
1579 1137 1679 1197 sit,
1745 1140 2002 1200 sequetur
2056 1129 2231 1193 ipsum

695 1230 825 1283 nihil
870 1232 1090 1285 omnino
1145 1244 1328 1285 earum
1372 1240 1621 1284 creasse.
1669 1224 1811 1293 quod
1864 1219 1979 1274 falsi
2032 1217 2233 1270 crimen

697 1326 925 1378 intentat
958 1324 1033 1377 illi
1079 1326 1221 1388 quod
1268 1324 1323 1376 in
1353 1320 1647 1390 Evangelio
1682 1317 1885 1371 dictum
1918 1325 2001 1369 est
2029 1332 2043 1368 :
2076 1312 2237 1365 Pater

696 1430 840 1467 meus
869 1426 1030 1475 creat.
1058 1426 1106 1468 et
1131 1432 1221 1484 ego
1258 1413 1413 1467 creo‘
1449 1432 1462 1465 :
1500 1411 1785 1476 Dixitque:
1819 1404 1875 1459 Si
1912 1421 2013 1457 non
2044 1404 2237 1472 faciam

692 1519 784 1571 ego
807 1520 967 1587 opera
995 1503 1175 1557 Patris
1221 1505 1341 1567 mei,
1370 1518 1430 1555 ne
1462 1501 1589 1553 mihi
1629 1497 1911 1551 credatia'.
1946 1494 2055 1548 Nec
2094 1506 2235 1546 non:

694 1585 837 1648 Sicut
875 1596 1032 1649 Pater
1061 1596 1284 1663 eiviﬁcat
1308 1612 1456 1664 quem
1486 1592 1614 1657 uult,
1651 1598 1701 1645 et
1730 1598 1891 1641 morte
1936 1586 2131 1655 aﬁirit;
2163 1585 2241 1636 ita

695 1685 950 1740 et-Filius
976 1688 1200 1765 viaiﬂcat
1223 1703 1370 1755 quem
1394 1688 1523 1749 vult,
1552 1694 1601 1738 et
1632 1692 1797 1736 morte
1830 1680 1983 1749 aﬂicit
2012 1679 2103 1731 ".z
2134 1686 2241 1743 quo

698 1780 951 1841 ostendit,
976 1795 1033 1832 se
1057 1787 1108 1833 et
1141 1777 1413 1831 vivificare
1432 1785 1485 1829 et
1507 1782 1677 1828 morte
1702 1774 1931 1835 allicere,
1952 1780 2006 1822 et
2024 1778 2240 1823 creare:

698 1879 859 1939 atque
888 1871 1011 1924 hinc
1051 1869 1315 1922 mendacii
1338 1866 1585 1937 arguitur
1606 1863 1852 1933 quisquis
1876 1862 2047 1928 ipsum
2094 1871 2244 1911 crea-

697 1971 869 2017 torem
912 1977 1034 2017 esse
1084 1961 1377 2030 negaverit,
1428 1973 1494 2014 ac
1544 1972 1630 2011 res
1676 1972 1765 2021 per
1814 1955 1988 2021 ipsum
2030 1958 2242 2003 creatas

698 2052 889 2113 fuisse.
926 2054 998 2106 ita
1030 2060 1086 2106 ut
1109 2053 1226 2121 ipse
1254 2065 1437 2105 earum
1475 2060 1689 2103 creator
1733 2059 1839 2099 non
1873 2041 2052 2098 fuerit.
2084 2038 2239 2105 Quod

697 2154 874 2201 autem
901 2147 1058 2209 dicis,
1093 2161 1182 2201 res
1208 2161 1303 2215 per
1338 2146 1515 2215 ipsum
1548 2144 1717 2197 factas
1751 2140 1917 2194 fuisse
1939 2178 1953 2203 ,
1995 2152 2094 2191 nos
2125 2149 2233 2189 non

696 2234 1023 2301 dubitamus,
1056 2250 1180 2291 cum
1215 2237 1425 2296 fierent.
1462 2220 1734 2297 Christum
1769 2229 1996 2291 dixisse.
2037 2239 2241 2294 easque

697 2324 874 2380 factas
900 2325 1086 2389 fuisse,
1120 2327 1263 2396 quod
1306 2326 1484 2380 innuit
1510 2324 1657 2379 dicto
1683 2337 1821 2377 suo:
1862 2319 1970 2390 Ego
1986 2317 2144 2386 facio,
2193 2324 2245 2369 et

694 2414 858 2471 Pater
882 2416 1031 2487 facit,
1059 2412 1337 2471 creaturas
1358 2424 1411 2470 et
1435 2416 1623 2495 vitam.
1657 2414 1867 2469 Dictum
1896 2412 2037 2465 enim
2067 2419 2241 2471 tuum,

698 2508 804 2565 Per
852 2510 1029 2581 ipsum
1079 2510 1233 2564 facta:
1280 2518 1411 2564 sunt
1454 2504 1561 2569 res,
1612 2520 1679 2559 eo
1708 2503 1845 2559 redit
1879 2510 1935 2555 ut
1980 2498 2247 2570 significet

700 2601 875 2671 ipsum
926 2617 1018 2657 eas
1043 2599 1399 2674 θοι-ιω
1436 2611 1671 2658 creasse.
1710 2608 1910 2663 easque
1935 2607 2025 2663 per
2062 2590 2238 2659 ipsum

701 2700 910 2745 creatas
955 2690 1158 2746 fuisse:
1202 2702 1361 2745 secus
1395 2687 1561 2748 enim,
1587 2687 1779 2739 horum
1813 2676 2246 2737 dictnruinaltc-

700 2798 819 2839 rum
849 2782 1003 2837 alteri
1034 2781 1456 2837 contradiceret.
1484 2773 1744 2834 Prast‘erea
1776 2764 2053 2845 respondit
2080 2773 2246 2826 Atha-

701 2876 888 2931 nasius
916 2876 1205 2939 Eumenio,
1233 2874 1464 2929 dicens:
1499 2869 1654 2937 Quod
1684 2869 1753 2923 ad
1798 2883 1986 2924 eorum
2018 2882 2083 2921 ex
2128 2864 2241 2919 Arii

699 2967 923 3023 asseelis
966 2965 1291 3021 sententiam
1337 2963 1433 3043 qui
1494 2962 1683 3017 dicunt
1732 2958 1946 3013 Patrem
2007 2957 2247 3011 voluisse

702 3059 924 3128 aliquid,
954 3057 1150 3114 Filium
1173 3065 1356 3112 autem
1385 3054 1514 3109 illud
1538 3067 1789 3118 creasse;
1827 3060 1885 3107 ut
1914 3051 1961 3106 si
1992 3050 2247 3104 voluntas

700 3151 900 3215 Patris,
924 3150 1127 3205 crcatio
1152 3146 1300 3211 Filii.
1328 3146 1466 3203 falsa
1502 3154 1588 3201 est
1616 3154 1671 3201 et
1708 3145 1835 3210 illa;
1874 3140 2068 3198 Filium
2094 3141 2240 3195 enim

704 3252 947 3298 creatum
1002 3256 1123 3299 esse
1178 3249 1461 3305 autumat;
1514 3237 1660 3294 unde
1706 3233 2001 3309 [sequitur]
2070 3225 2323 3302 partesC

705 3337 871 3392 creati
904 3336 957 3390 in
990 3334 1262 3390 creatione
1292 3333 1535 3402 patiores
1589 3344 1712 3387 esse
1756 3326 2002 3396 partibus
2041 3334 2254 3380 creato-

707 3429 814 3493 ris;
847 3443 968 3485 cuui
1001 3427 1091 3480 ille
1134 3436 1188 3481 et
1240 3424 1471 3479 voluerit
1510 3434 1565 3477 et
1594 3422 1823 3485 fecerit;
1872 3417 1962 3472 hic
1998 3416 2252 3477 voluerit,

706 3532 763 3575 at
805 3536 912 3574 non
958 3518 1168 3573 fecerit.
1202 3516 1352 3573 Illius
1374 3516 1542 3586 igitur
1578 3522 1783 3583 partes,
1814 3512 1870 3565 in
1897 3525 1964 3566 eo
1996 3509 2140 3578 quod
2169 3506 2257 3586 fe-

706 3613 865 3676 cerit,
900 3611 1134 3680 potiores
1159 3615 1318 3664 erant
1348 3622 1508 3676 quam
1551 3578 1731 3675 hujus.
1757 3594 1991 3670 Quintia
2036 3578 2259 3653 necesse

708 3710 791 3758 est
844 3710 903 3753 ut
944 3700 1133 3753 eadem
1162 3697 1235 3751 sit
1279 3696 1424 3750 illius
1471 3694 1613 3749 ratio
1653 3694 1709 3746 in
1748 3707 1812 3746 co
1836 3689 1979 3759 quod
2026 3686 2260 3742 voluerit

712 3794 819 3858 hic,
854 3790 1181 3860 perficiendo
1209 3803 1331 3858 qua:
1368 3786 1663 3856 cujuslibet
1682 3782 1899 3852 agentis
1935 3796 1967 3835 e
1998 3779 2262 3834 creaturis

1691 475 2055 541 EUTYClIll
2092 465 2616 529 ALEXANDRINI
2659 464 2871 522 PATR.

3735 442 3865 507 1012

2342 578 2446 640 tiit,
2484 576 2573 629 ubi
2610 575 2729 627 oleo
2759 568 3069 624 chrismatis
3099 564 3366 624 coufeclo,
3407 558 3555 613 nullo
3596 555 3864 621 episcopo-

2334 678 2450 715 rum
2524 667 2803 729 prmsente,
2867 654 3129 710 Ecclesias
3191 656 3531 704 consecratas
3592 644 3710 695 oleo
3766 640 3866 693 isto

2335 753 2506 814 unxit,
2554 748 2746 804 deinde
2804 746 2869 799 ad
2922 746 3296 811 imperatorem
3344 753 3400 791 se
3440 730 3721 788 conferens
3766 728 3868 794 ipsi

2334 840 2461 908 quid
2519 837 2734 892 fecisset
2790 831 3167 894 annuntiavit,
3218 830 3308 897 qui
3361 828 3570 880 honore
3623 819 3866 872 allectum

2334 926 2708 982 Alemndriam
2741 924 2966 977 remisit.
3002 920 3082 976 lra
3108 927 3284 972 autem
3316 915 3613 969 commotus
3655 916 3740 962 est
3767 906 3867 957 im-

2336 1025 2550 1087 perator
2588 1017 2643 1069 in
2685 1013 2979 1067 Eusebium
3010 1007 3370 1079 patriarcham
3424 997 3877 1062 Constantinopo-

2336 1107 2585 1168 litanum,
2617 1102 3165 1172 pmnituitqueipsum
3215 1093 3357 1162 quod
3403 1104 3523 1144 eum
3552 1089 3619 1142 ad
3651 1085 3881 1154 patriar.

2338 1198 2552 1248 citatum
2589 1171 2861 1246 evexerat.
2916 1185 3147 1241 Profecti
3183 1181 3379 1237 deinde
3424 1177 3627 1238 caeteri,
3678 1172 3771 1242 qui
3821 1171 3873 1222 in

2342 1285 2473 1338 urbe
2505 1282 2649 1353 Tyro
2690 1278 3003 1349 congregati
3054 1276 3287 1335 fuerant,
3337 1268 3574 1336 episcOpi
3624 1264 3878 1317 llieroso-

2344 1376 2503 1444 lyma,
2553 1372 2875 1426 invenerunt
2930 1365 3282 1420 Athanasium
3309 1356 3688 1428 lpatriarcham
3735 1354 3883 1419 ipsus

2344 1463 2669 1536 praevertisse
2716 1458 2973 1515 ecclesias
3040 1450 3430 1509 consecrando.
3484 1445 3701 1498 Festum
3753 1454 3885 1508 ergo

2343 1569 2599 1623 magnum
2624 1552 2958 1605 celebrantes
2985 1545 3055 1601 ob
3084 1540 3436 1599 ecclesiarum
3468 1531 3883 1588 dedicationem.

2346 1644 2635 1711 lmtitiaque
2663 1638 2868 1709 ingenti
2894 1632 3123 1705 perfusi,
3154 1628 3353 1684 reversi
3377 1632 3525 1680 sunt.

2416 1733 2637 1787 Factum
2668 1740 2751 1784 est
2780 1729 2884 1780 hoc
2919 1738 3061 1778 anno
3096 1719 3307 1788 imperii
3339 1708 3679 1769 Constantini
3726 1704 3889 1755 trice-

2350 1824 2507 1879 simo.
2544 1821 2788 1876 Hortuus
2805 1825 2887 1871 est
2910 1823 3087 1869 autem
3118 1807 3387 1863 Eusebius
3415 1797 3717 1871 patriarcha
3748 1793 3891 1846 Con-

2274 1910 2316 1967 B
2345 1909 2875 1977 siantinopolitanus,
2923 1917 3043 1956 cum
3076 1899 3225 1953 duos
3261 1907 3431 1947 annos
3470 1889 3721 1947 sedisset,
3758 1881 3893 1949 ipsi-

2345 2019 2452 2074 que
2479 1974 2821 2071 maledictum
2843 2002 3008 2056 esset,
3035 1988 3472 2051 substitutusque
3492 1986 3577 2033 est
3615 1976 3669 2028 in
3702 1974 3882 2025 locum

2342 2060 2901 2164 ipsius‘mom
2934 2072 3399 2143 Constantinopoli
3430 2068 3626 2121 Paulus
3664 2060 3891 2131 patriar—

2334 2187 2471 2250 cha,
2493 2158 2595 2253 qui
2620 2158 2743 2234 cum
2771 2185 3005 2247 quatuor
3033 2184 3201 2225 annos
3221 2158 3448 2221 sedisset
3480 2162 3548 2214 ab
3570 2160 3893 2224 imperatore

2340 2247 2700 2331 Constantino
2739 2268 3009 2336 relegatus
3050 2269 3161 2315 est;
3190 2259 3359 2310 Porro
3400 2249 3571 2304 vetuit
3615 2247 3891 2301 Constan-

2342 2368 2493 2421 tinus
2521 2359 2836 2431 imperator,
2858 2332 2939 2409 ‘ne
2970 2352 3095 2423 quis
3137 2347 3357 2403 Iudaeus
3408 2337 3781 2405 Hierosolyma
3810 2332 3896 2385 in-

2344 2457 2569 2519 coleret,
2602 2458 2697 2506 aut
2724 2464 2819 2519 per
2865 2460 2928 2500 ea
2968 2420 3258 2501 transiret;
3312 2441 3486 2488 morte
3543 2427 3709 2482 etiam
3747 2420 3895 2475 ’τιωοί

2340 2547 2503 2620 jussit
2532 2556 2720 2598 omnes
2753 2536 2844 2609 qui
2892 2534 3204 2603 religionem
3227 2523 3587 2580 Christianam
3633 2530 3744 2570 non
3779 2526 3894 2566 am-

2346 2606 2733 2704 plecterentur.
2772 2606 2973 2679 Christi
3031 2634 3161 2690 ergo
3194 2627 3390 2670 nomen
3435 2606 3666 2677 professi
3711 2610 3843 2659 sunt
3868 2614 3899 2654 e

2348 2692 2599 2798 gentibus
2646 2736 2710 2774 ac
2746 2716 2951 2772 Iudaeis
2981 2704 3387 2782 quamplurimi.
3420 2716 3485 2756 ac
3519 2697 3718 2769 passim
3753 2692 3900 2749 obti-

2352 2785 2475 2873 nuit
2550 2808 3008 2870 christianismus.
3052 2800 3369 2856 Nuntiatum
3412 2800 3496 2849 est
3536 2798 3712 2845 autem
3761 2785 3903 2839 Con-

2350 2896 2595 2966 stantino
2642 2897 2953 2969 imperatori
3000 2894 3225 2948 .Iudzeos
3270 2895 3421 2965 metu
3463 2872 3900 2936 mortisAChriati

2346 2997 2565 3067 quidem
2593 2990 2907 3059 religionem
2938 2982 3201 3055 profiteri,
3238 2988 3296 3032 at
3323 2960 3476 3029 suam
3517 2966 3737 3025 interim
3772 2961 3903 3017 reti-

2352 3058 2502 3141 nere.
2536 3058 2779 3153 Rogante
2797 3091 2926 3145 ergo
2948 3076 3293 3142 imperatore:
3315 3059 3599 3131 Quomodo
3622 3058 3726 3111 hoc
3752 3061 3906 3107 certo

2355 3141 2650 3234 sciemus;
2668 3141 2948 3240 respondit
2994 3141 3193 3217 Paulus
3240 3152 3552 3227 patriarcha
3580 3141 3906 3203 Constanti—

2356 3265 2702 3336 nopolitanus
2744 3278 2759 3312 :
2812 3258 2952 3311 Caro
2980 3252 3201 3323 porcina
3235 3249 3353 3317 lege
3393 3241 3557 3296 vetita
3608 3244 3715 3300 est,
3737 3246 3908 3303 quare

2354 3324 2475 3413 eam
2501 3369 2609 3409 non
2639 3348 2931 3405 comedunt
2957 3341 3163 3405 Judaei;
3192 3337 3324 3405 lube
3368 3345 3499 3413 ergo
3530 3324 3758 3383 mactari
3786 3333 3909 3391 por-

2356 3462 2481 3508 eos,
2546 3457 2610 3498 ac
2659 3438 2818 3507 coqui
2861 3422 3047 3490 eorum
3097 3428 3338 3487 carn‘em.
3388 3406 3510 3493 quae
3570 3424 3733 3474 secta
3787 3411 3911 3465 huic

2355 3531 2618 3606 gusta-da
2659 3526 2993 3597 pnbeatur;
3025 3519 3073 3574 si
3108 3515 3233 3585 quis
3258 3512 3405 3567 enim
3443 3520 3563 3562 eam
3590 3518 3698 3559 non
3725 3511 3909 3553 come-

2358 3587 2531 3683 derit,
2579 3587 2721 3669 scies
2751 3612 2930 3681 ipsum
2972 3608 3027 3660 in
3077 3601 3381 3674 judaismo'
3416 3594 3595 3683 adhuc
3639 3587 3912 3656 perstare.

2356 3710 2455 3767 Cui
2487 3677 2879 3762 Constantinus
2915 3698 3209 3765 imperator
3237 3705 3252 3741 :
3293 3685 3353 3741 Si
3382 3677 3605 3755 (inquit)
3631 3691 3761 3733 caro
3787 3688 3912 3767 por-

2362 3799 2483 3853 cina
2508 3796 2625 3862 lege
2646 3788 2814 3844 vetita
2847 3786 2941 3848 sit,
2970 3762 3244 3852 quomodo
3276 3773 3439 3828 nobis
3468 3784 3535 3823 ea
3560 3766 3733 3827 vesci,
3764 3762 3913 3816 aliia-

706 3883 767 3964 1η
806 3851 899 3936 illo
928 3882 1070 3951 quod
1102 3880 1170 3934 ab
1200 3851 1318 3947 ipso
1348 3851 1463 3930 ﬁeri
1494 3851 1952 3929 volueritcreator
1977 3867 2260 3923 faciendo:
2363 3851 2471 3956 {lue
2518 3851 2759 3938 εξηκιρη,
2822 3851 3200 3929 comedam,“
3268 3863 3511 3935 mare
3552 3853 3770 3912 “ubi”
3811 3851 3915 3904 ηε-

712 3976 1014 4079 θοξιξεᾞιυξ
1057 3972 1217 4027 "md"
1249 3988 1309 4025 ⁸⁸
1341 3969 1543 4024 "abem
1588 3973 1835 4035 τεεΡθεω
1886 3960 2185 4017 cucumis
2212 3969 2266 4013 ει
2365 3940 2581 4045 spondit
2601 3968 2800 4025 Paulus
2827 3961 3132 4034 patriarcha
3152 3975 3168 4012 :
3192 3952 3652 4018 Dominusfnoster
3671 3940 3925 4000 Christus

845 4076 853 4079 _
1022 4066 1035 4079 .
1124 4074 1135 4079 -
1183 4064 1215 4079 -.
1313 4063 1354 4079 η
1408 4059 1464 4079 γλ
1522 4059 1563 4079 ,ε
1618 4065 1832 4079 ----.---
1873 4053 2036 4079 -....-:.
2111 4050 2269 4079 ....ιι...ι
2369 4064 2381 4079 .
2425 4065 2436 4074 -
2516 4057 2682 4079 eum
2716 4054 2892 4079 -_....:-
2919 4064 3036 4079 ..η-ι.
3071 4046 3268 4079 tul...-
3288 4047 3419 4079 ιιιηι
3450 4034 3758 4079 ahmtavit-
3785 4044 3916 4079 nova

718 4066 927 4171 arbitrii
950 4064 1275 4171 .libe‘rtatis.
1310 4059 1466 4127 Quod
1517 4059 1564 4113 si
1612 4065 1833 4112 coactus
1869 4053 2061 4131 egerit,
2111 4050 2269 4104 nulla
2369 4034 2684 4135 Ejusmodi]
2712 4054 2897 4109 omnia
2917 4064 3036 4119 qua
3071 4047 3128 4099 in
3150 4046 3269 4113 lege
3288 4047 3420 4095 sunt
3450 4034 3759 4104 abrogavit,
3785 4044 3916 4084 nova

1246 4159 1279 4171 ,ο
1426 4159 1601 4171 μμ.--
1627 4168 1639 4171 -
1676 4149 1752 4171 -:_
1780 4147 1956 4171 «ειη.--
2025 4144 2134 4171 mm:
2172 4155 2269 4171 υ.-
2420 4153 2525 4171 ,u-
2556 4151 2671 4171 ι---
2716 4147 2819 4171 ι-.-
2882 4138 3121 4171 manu...“
3152 4131 3464 4171 EvnnatlilL
3528 4126 3685 4171 -Dilil
3711 4136 3847 4171 ergo
3868 4120 3916 4171 ill

717 4168 879 4215 erunt
917 4160 1037 4227 ejus
1079 4158 1133 4211 in
1180 4159 1390 4209 actione
1424 4159 1641 4221 partes;
1674 4149 1755 4201 sin
1780 4120 1977 4208 libere,
2025 4144 2137 4197 fieri
2172 4155 2269 4209 po-

2370 4120 2529 4208 uobis
2556 4120 2683 4219 lege.
2716 4147 2845 4203 lata.
2882 4138 3128 4195 videlicet
3152 4131 3465 4201 Evangelio.
3528 4126 3686 4178 .Dixit
3711 4136 3847 4190 ergo
3868 4120 3917 4173 in

722 4264 827 4309 test
854 4260 911 4305 ut
946 4213 1039 4305 ’νει
1066 4213 1439 4316 obsequatur;
1469 4243 1555 4297 vel
1588 4213 1992 4309 iminorigerum
2025 4250 2084 4290 se
2130 4248 2273 4304 pra-
2376 4213 2729 4300 μωςιιῖοιο
2773 4230 3083 4299 Evangelio,
3114 4224 3467 4291 Quodcunque
3519 4234 3577 4271 os
3633 4213 3921 4283 ingreditur

725 4289 911 4309 ..πη
966 4289 1422 4316 .υ.ν.,σν.,υ-.-.,
1480 4289 1555 4297 .--
1910 4289 1933 4291 ρ
2074 4289 2077 4290 ,
2130 4289 2145 4304 ,
2376 4289 2716 4300 __________-,

725 4348 869 4409 beat.
900 4353 951 4398 ει
993 4352 1051 4396 ut
1080 4343 1161 4395 vel
1192 4340 1416 4409 ντκιιιῖο
1446 4335 1731 4395 aﬂicialur.
1782 4333 1864 4385 vel
1906 4342 2067 4399 ρωηι
2104 4342 2118 4377 =
2155 4339 2274 4394 qua
2374 4334 2635 4389 hominem
2665 4343 2771 4382 non
2798 4289 3019 4394 paulo,
3042 4289 3253 4375 scilicet
3282 4289 3551 4381 quidquid
3584 4289 3919 4365 εοιιιαιίιιιτς

726 4439 907 4492 dicere
936 4436 1232 4489 absurdum
1268 4441 1372 4486 est.
1406 4430 1576 4481 Aliter
1614 4427 1776 4478 etiam
1824 4422 2000 4476 eidem
2050 4432 2276 4485 respon-

2376 4424 2632 4478 hominem
2674 4434 2790 4471 sero
2822 4413 2989 4486 ‘68
3020 4408 3206 4477 polluit
3246 4400 3497 4473 quidquid
3538 4414 3604 4452 ea:
3650 4412 3740 4448 ore
3787 4408 3925 4462 (gre-

724 4531 835 4582 dit:
866 4527 921 4581 Si
951 4527 1177 4582 Creatdr
1211 4530 1490 4577 creaturas
1535 4533 1663 4572 suas
1699 4532 1792 4584 per
1826 4514 2081 4568 Creatum
2128 4524 2278 4565 crea—
2303 4544 2356 4602 ι)
2378 4512 2526 4563 ditur
2548 4509 2617 4573 ",
2648 4482 2869 4560 scilicet
2883 4482 3116 4555 stultitia
3162 4501 3217 4545 et
3263 4487 3575 4547 infidelitas,
3602 4494 3656 4538 et
3681 4482 3732 4534 id
3757 4490 3922 4549 genus

2540 4600 2566 4602 _
2590 4599 2599 4602 Α
2835 4593 2847 4602 .
3056 4596 3068 4602 -
3188 4583 3347 4602 n,,.v‘
3380 4576 3625 4602 ----ι,ι1ιι
3667 4576 3719 4602 ἰ-
3757 4571 3922 4602 ..οιΑ-ι.

728 4621 887 4682 verit,
933 4618 1038 4671 erit
1079 4615 1198 4669 sine
1241 4612 1406 4666 dubio
1438 4612 1666 4663 Creatus
1706 4606 1847 4658 alius
1898 4616 1925 4653 a
1976 4602 2266 4661 Creatore;

730 4711 1025 4767 autumatis
1060 4722 1191 4775 ergo
1242 4705 1553 4757 Creatorem
1604 4713 1696 4765 per
1740 4680 1904 4747 alium
1959 4706 2151 4760 agere;
2180 4689 2273 4755 qui

732 4810 910 4855 autem
955 4812 1049 4867 per
1096 4796 1259 4847 alium
1310 4793 1420 4860 agit
1458 4787 1771 4857 perficiente
1804 4785 1910 4835 isto
1956 4796 2094 4847 Opus
2116 4779 2277 4855 habet

736 4908 842 4961 quo
873 4907 967 4961 per
1002 4890 1151 4943 illum
1188 4895 1311 4953 agat
1364 4899 1487 4936 cum
1525 4880 1642 4933 sine
1676 4878 1770 4929 illo
1819 4890 1925 4928 non
1974 4872 2287 4939 perficiatur

736 4985 836 5054 ipsi
864 4981 1026 5054 565
1046 4996 1179 5049 Opus
1200 4997 1215 5045 ;
1240 4978 1331 5046 qui
1360 4984 1537 5027 autem
1566 4972 1673 5023 alio
1704 4984 1839 5037 opus
1872 4967 2051 5027 habet,
2086 4965 2287 5031 imper-

740 5080 914 5131 fectus
936 5082 1047 5147 est,
1075 5071 1218 5139 quod
1249 5070 1388 5120 absit
1416 5076 1471 5118 ut
1502 5065 1568 5117 de
1596 5063 1848 5115 Crantore
1878 5058 2109 5110 dicatur.
2145 5053 2278 5107 Cum

740 5184 869 5233 ergo
916 5146 1253 5233 profligasset
1294 5156 1626 5211 Athanasius
1670 5148 2009 5203 Alexandriae
2058 5146 2289 5213 patriar-

740 5262 863 5320 cha.
895 5252 1384 5309 contradicentium
1414 5253 1756 5313 argumenta,
1790 5242 1921 5293 adeo
1958 5249 2015 5290 ut
2037 5238 2289 5289 omnibus

741 5352 830 5419 qui
867 5349 1091 5401 aderant
1120 5350 1410 5412 appareret
1439 5340 1644 5390 falsitas
1669 5349 1854 5385 mrum
1881 5319 1999 5397 qiur:
2026 5328 2290 5386 dicerent,

744 5437 1051 5493 eonturbati
1102 5434 1177 5486 illi
1224 5440 1277 5483 ct
1330 5429 1535 5497 pudore
1586 5422 1777 5477 suffusi
1833 5422 1884 5471 in
1936 5416 2290 5469 Athanasium

750 5538 1014 5582 irruentes
1067 5526 1265 5579 ictibus
1297 5522 1437 5573 male
1490 5518 1769 5569 multatum
1806 5528 1938 5579 pene
1966 5515 2285 5561 euecaruut.

748 5623 849 5688 Qui
881 5635 1011 5687 ergo
1042 5636 1071 5671 e
1111 5614 1362 5673 manibus
1410 5612 1651 5678 ipsorum
1684 5621 1712 5657 a
1748 5604 2059 5656 Dalmateno
2105 5604 2298 5663 nepote

754 5711 1098 5779 imperatoris
1139 5716 1355 5774 ereptus
1386 5700 1756 5767 Hierosolyma
1786 5695 1907 5763 fuga
1949 5694 2168 5757 elapsus
2208 5702 2300 5754 pe-

825 5900 844 5927 '
872 5896 1027 5950 Joan.
1060 5909 1112 5955 v,
1143 5892 1196 5945 '7.
1269 5890 1289 5919 ’
1318 5886 1477 5939 Joan.
1512 5900 1565 5948 χ,
1596 5883 1683 5934 57.

2380 4604 2506 4655 alia.
2538 4571 2751 4653 Dictum
2780 4593 2940 4646 etiam
2991 4596 3075 4641 est
3124 4601 3151 4637 a
3188 4583 3352 4635 Paulo
3378 4576 3627 4646 apostolo
3667 4576 3720 4625 in
3757 4571 3927 4639 priore

2381 4697 2447 4749 ad
2476 4692 2627 4746 urbis
2659 4674 2905 4742 Corinthi
2939 4679 3142 4733 incolas
3171 4672 3449 4742 Epistola:
3480 4668 3660 4720 Cibus.
3684 4664 3851 4717 miri
3880 4669 3925 4711 et

2385 4794 2553 4841 venter
2585 4780 2719 4851 cibo.
2755 4776 2889 4829 Deus
2914 4781 3086 4824 autem
3114 4774 3387 4830 utrumque
3430 4757 3655 4811 abolebit
3688 4757 3754 4807 ¹².
3788 4751 3927 4804 Scri-

2386 4887 2535 4945 ptum
2561 4846 2724 4924 etiam
2754 4868 2807 4917 in
2838 4862 2984 4915 Actis
3031 4854 3419 4925 apostolorum,
3454 4846 3613 4899 Petro
3663 4840 3924 4909 apostolo-

2561 4957 2809 5031 principi,
2853 4969 2974 5007 eum
3021 4950 3072 5001 iu
3122 4945 3255 4998 urbe
3297 4937 3552 5008 Joppensi
3586 4944 3748 4995 esset,
3789 4926 3924 4982 domi

2396 5051 2498 5102 viri
2545 5043 2826 5113 cujusdam
2888 5035 3145 5098 eoriarii,
3196 5030 3411 5083 nomine
3456 5024 3734 5082 Simonis,
3778 5028 3926 5085 atque

2397 5144 2593 5197 mdium
2624 5144 2820 5189 tectum
2858 5131 2986 5183 hora
3018 5126 3118 5179 diei
3153 5132 3303 5176 sexta
3333 5116 3522 5191 orandi
3541 5114 3712 5184 gratia
3742 5123 3924 5163 ascen-

2398 5235 2586 5289 disset,
2619 5224 2879 5279 incidisse
2909 5230 3181 5277 somnum,
3230 5212 3513 5279 ipsutttque
3555 5203 3749 5257 cmlum
3783 5211 3924 5264 aper-

2400 5328 2516 5375 tum
2562 5316 2932 5383 conspexisse,
2968 5318 3128 5375 atque
3179 5318 3305 5355 ecce
3360 5296 3699 5351 descendisse
3740 5307 3770 5344 e
3796 5298 3926 5341 creto

2400 5412 2622 5462 linteum
2654 5416 2904 5469 magnum
2936 5399 3105 5451 donec
3137 5404 3332 5445 terram
3366 5386 3715 5454 pertingeret,
3746 5380 3794 5428 in
3825 5387 3921 5441 quo

2400 5509 2554 5550 erant
2586 5494 2787 5562 qumvis
2821 5483 3188 5553 quadrupedia
3229 5488 3283 5531 ct
3315 5479 3459 5537 ferae,
3509 5489 3574 5525 ac
3624 5468 3847 5537 reptilia,
3870 5474 3944 5511 aC‘

2403 5593 2648 5644 volucres
2678 5584 2822 5644 creli,
2858 5593 3065 5644 unaque
3109 5586 3291 5624 vocem
3333 5566 3568 5619 audiisse
3592 5578 3709 5629 que
3732 5554 3823 5623 ipsi
3846 5551 3922 5604 di—

2398 5691 2579 5737 ceret:
2610 5677 2773 5738 Heus,
2815 5672 2983 5739 Patre,
3015 5681 3226 5733 surgens
3257 5669 3427 5713 macta
3456 5664 3505 5708 et
3531 5668 3727 5706 vescere
3739 5664 3756 5713 ;
3781 5642 3923 5697 cidi-

1762 5878 1803 5909 ¹⁹
1840 5874 1993 5928 Joan.
2025 5888 2070 5934 ν,
2102 5868 2188 5919 20.
2214 5932 2221 5935 4
2243 5866 2305 5935 ,⁸³
2340 5822 2527 5917 Matth.
2558 5873 2645 5923 xv,
2678 5855 2759 5907 ll.
2823 5851 2880 5915 ,¹¹
2910 5848 2930 5901 l
2958 5846 3083 5899 Cor.
3116 5842 3297 5908 vr,15.
