4138 6530
495 250 630 314 1015

1510 227 1876 324 EUTYCHII
1918 264 2453 325 ALEXANDRINI
2488 267 2707 329 raro.

3570 269 3699 333 1016

486 380 612 434 de,"
671 390 918 437 mortuus
953 396 1055 440 est.
1104 388 1403 457 Impera,”
1452 389 1812 464 4⁷⁷,479
1861 406 2039 447 amem
2070 349 2319 439 A‘ipsuut
2372 371 2679 430 trucidanili
2731 374 2935 438 animo,
2992 375 3167 429 adorti
3226 380 3374 429 sunt.
3425 374 3698 440 Quicum

494 471 660 526 misso
712 472 979 537 Eudoxio,
1020 478 1170 532 urbis
1219 478 1485 535 Jermanze
1536 483 1815 552 episcopo,
1864 485 2041 554 ipsum

488 561 789 617 Antiochiae
835 568 1200 632 patriarcham
1254 571 1511 638 praziecit.
1547 572 1899 632 ,Manichtens
1956 578 2043 631 hic

492 661 639 717 erat;
677 655 922 709 eumdem
975 673 1096 711 cum
1131 660 1404 715 biennium
1440 665 1741 720 Antiochia:
1783 667 2040 732 sedisset,

490 742 781 811 imperator
809 745 1317 817 Constantinopolin
1368 756 1663 818 transtulit,
1717 754 1805 809 ubi
1856 756 2040 812 decem

487 837 643 889 annis
676 850 900 892 munere
942 841 1293 908 patriarchali
1340 844 1560 900 functus
1596 854 1697 910 est,
1731 847 1855 903 dein
1902 865 2045 904 mor-

488 933 634 977 tuus.
662 922 819 979 Anno
848 928 1109 983 vicesimo
1152 932 1393 987 secundo
1430 936 1641 1003 imperii
1694 936 1865 1005 ipsius
1912 953 2045 993 con-

484 1013 706 1069 stitutus
748 1025 831 1073 est
890 1020 1222 1078 Athanasius
1278 1026 1583 1092 patriarcha
1631 1028 2042 1093 Antiochenus,

482 1104 576 1172 qui
607 1116 657 1159 et
695 1106 1023 1165 Manichacus
1054 1111 1184 1179 fuit;
1209 1114 1313 1168 ubi
1345 1132 1465 1170 cum
1495 1126 1730 1185 quatuor
1752 1133 1925 1175 annos
1952 1136 2045 1176 se-

483 1191 675 1259 disset,
727 1207 975 1254 mortuus
1024 1214 1127 1256 est.
1173 1200 1319 1257 Idem
1374 1221 1467 1260 rex
1510 1222 1655 1262 anno
1707 1208 1918 1278 imperii
1959 1211 2043 1265 sui

484 1284 680 1351 primo,
732 1286 901 1342 Paulo
956 1294 1267 1360 patriarcha
1319 1297 1930 1374 Constantinopolitano
1991 1302 2043 1357 in

483 1377 732 1430 exsilium
785 1380 974 1447 misso,
1028 1384 1143 1439 vice
1171 1385 1289 1452 ejus
1322 1388 1638 1451 Eusebium.
1670 1392 1830 1447 etiam
1877 1393 2048 1449 Mani-

484 1465 714 1529 chzeum,
762 1472 1126 1538 patriarcham
1164 1467 1378 1531 ibidem
1429 1482 1745 1543 constituit;
1791 1485 1884 1553 qui
1923 1502 2043 1539 cum

486 1564 597 1612 tres
624 1574 796 1615 annos
823 1563 1079 1627 sedisset,
1114 1578 1367 1625 mortuus
1397 1580 1501 1625 est.

549 1646 668 1715 Quo
711 1667 840 1719 ergo
881 1665 1131 1723 mortuo,
1190 1660 1489 1730 imperator
1534 1664 1762 1719 Paulum
1816 1670 2048 1734 patriar-

477 1740 662 1808 cham,
698 1760 725 1797 a
766 1761 824 1800 se
864 1747 1072 1815 pridem
1109 1751 1430 1817 relegatum,
1474 1756 1746 1810 cathedra!
1791 1772 1906 1812 sua:
1961 1774 2048 1811 re-

480 1831 677 1893 stituit,
714 1850 876 1905 quam
915 1846 1027 1893 tres
1062 1855 1232 1894 annos
1265 1847 1576 1912 occupavit,
1624 1847 1749 1901 dein
1793 1858 2046 1903 mortuus

476 1931 578 1975 est.
616 1928 775 1979 Anno
822 1929 1036 1999 imperii
1084 1933 1328 2000 ejusdem
1358 1936 1571 1991 decimo
1602 1940 1933 1994 constitutus
1963 1950 2048 1995 est

481 2008 830 2074 Macedonius
876 2023 1184 2089 patriarcha
1234 2025 1900 2098 Constantinopolitanus,
1947 2039 2047 2101 qui

480 2105 743 2173 Spiritum
798 2124 1049 2168 sanctum
1088 2127 1330 2172 creatum
1380 2135 1500 2175 esse
1548 2127 1821 2188 asseruit;
1859 2126 2043 2180 decem

476 2211 650 2251 annos
703 2200 869 2263 sedit,
907 2204 1032 2256 dein
1072 2212 1324 2263 mortuus
1361 2218 1466 2263 est.
1507 2211 1665 2266 Anno
1701 2202 1912 2280 imperii
1957 2216 2041 2268 sui

475 2281 742 2339 vicesimo
783 2290 961 2355 primo
993 2291 1291 2360 imperator
1326 2296 1635 2353 Eudoxium
1673 2303 2041 2370 patriarcham

474 2372 872 2431 Antiochenum
902 2418 918 2444 ,
968 2381 1483 2455 ConstantinOpolin
1530 2394 1879 2452 translatum,
1944 2393 2047 2446 ibi-

376 2533 384 2545 .
474 2465 595 2519 dem
630 2470 995 2537 patriarcham
1026 2478 1317 2531 constituit
1356 2497 1367 2533 :
1405 2481 1503 2534 fuit
1537 2483 1623 2537 hic
1669 2483 2038 2549 Maniehams;

473 2558 657 2613 decem
714 2576 887 2617 annos
943 2566 1124 2631 sedit,
1181 2568 1308 2623 dein
1374 2565 1626 2627 mortuus
1679 2583 1783 2628 est.
1843 2574 2034 2640 Porro,

472 2647 713 2720 Egyptii
750 2662 919 2721 atque
960 2656 1342 2721 Alexandrini,
1372 2678 1495 2715 cum
1529 2666 1778 2731 plerique
1848 2666 2035 2720 Ariani

471 2750 525 2797 et
578 2742 857 2798 Manichsei
912 2755 1133 2809 essent.
1192 2750 1412 2820 Egypti
1476 2764 1638 2822 atque
1696 2757 2039 2812 Alexandriae

471 2834 731 2890 ecclesias
756 2849 1095 2907 occupantes
1127 2839 1295 2911 [‘80
1328 2859 1420 2897 eas
1450 2853 1765 2909 tenuerunt,
1798 2865 1899 2903 nec
1929 2866 2035 2904 non

476 2925 529 2978 in
560 2926 922 2983 Athanasium
958 2931 1330 2999 patriarcham
1369 2935 1821 3003 Alexandrinum,
1859 2940 2032 3009 ipsum

2150 464 2273 533 fuga
2304 481 2360 519 se.
2392 467 2459 520 ab
2493 466 2623 535 ipsis
2656 466 2966 535 eripuisset,
3001 466 3075 518 illi
3104 466 3410 520 ileraclium
3449 464 3702 521 Hieroso-

2148 557 2303 627 lymis
2327 560 2638 625 episcopum
2675 557 3065 627 praefecerunt,
3096 556 3198 612 fuit
3228 560 3275 614 is
3308 558 3566 621 Arianus,
3597 567 3705 614 tres
3732 609 3737 613 .

2147 662 2321 699 annos
2354 648 2518 710 sedit,
2550 647 2675 701 dein
2707 658 2955 701 mortuus
2985 655 3091 701 est.
3117 648 3276 703 Anno
3317 648 3525 717 imperii
3558 648 3705 716 ejus-

2144 735 2265 790 dem
2319 736 2559 791 secundo
2609 745 2828 790 creatus
2880 745 2965 791 est
3015 735 3339 792 Meletianus
3397 738 3702 808 patriarcha

2144 826 2538 891 Antiochenus,
2589 828 2682 898 qui
2731 828 3066 883 urthodoxus
3118 826 3251 890 fuit;
3281 844 3454 885 annos
3510 829 3695 899 viginti

2144 918 2386 987 quinque
2432 919 2597 981 sedit,
2649 919 2808 987 cujus
2857 919 3196 988 praefecturae
3256 934 3399 973 anno
3448 921 3707 976 vicesimo

2148 1010 2327 1078 primo
2357 1010 2696 1065 celebratum
2749 1019 2831 1066 est
2888 1010 3367 1078 Constantinopoli
3417 1015 3702 1066 concilium

2146 1102 2471 1157 secundum.
2498 1099 2611 1157 Sub
2636 1103 2738 1157 hoc
2770 1104 3097 1173 imperatore
3128 1104 3438 1174 patriarcha
3468 1107 3709 1160 Alexan-

2144 1193 2337 1248 drinus
2364 1193 2466 1247 fuit
2494 1194 2853 1259 Athanasius;
2888 1195 3527 1263 Constantinopolitanus
3551 1236 3566 1261 ,
3598 1198 3692 1251 Eu

2148 1281 2355 1337 doxius
2404 1282 2765 1347 Manichzeus;
2827 1282 3122 1347 Romanus,
3181 1283 3453 1337 Linarius.
3508 1282 3706 1338 Eodem

2146 1374 2450 1443 imperante
2502 1374 2687 1429 ﬂoruit
2734 1375 2967 1430 Basilius
3021 1376 3280 1431 Caesarea:
3329 1375 3708 1445 Cappadociae.

2146 1482 2268 1535 quae
2319 1468 2371 1519 in
2432 1467 2803 1521 Romanorum
2841 1467 3049 1522 ditione
3080 1476 3183 1529 est,
3232 1466 3561 1537 episcomts;
3610 1482 3712 1521 nec

2149 1542 2259 1612 non
2303 1557 2633 1635 Gregorius_,
2680 1557 2917 1614 Naziazu
2968 1558 3262 1627 episcopus
3290 1571 3304 1608 :
3333 1555 3485 1611 urbis
3531 1564 3711 1609 autem

2150 1650 2307 1703 istius
2362 1648 2597 1703 Naziazu
2652 1649 2848 1705 incolas
2898 1662 3089 1701 omnes
3134 1646 3283 1702 Sabii
3342 1656 3519 1700 erant.
3567 1645 3706 1700 Cum

2157 1754 2284 1809 ergo
2316 1738 2607 1810 Gregorius
2654 1740 2946 1807 episcOpus
2996 1739 3373 1792 Nazianzenus
3415 1736 3714 1792 orationem

2164 1831 2391 1885 haberet
2446 1830 2499 1884 in
2553 1829 2728 1883 Natali
2783 1829 2986 1885 Christi
3049 1829 3259 1883 Domini
3317 1830 3511 1889 nostri,
3558 1826 3718 1895 cujus

2158 1923 2315 1977 initio
2370 1922 2621 1976 diceret:
2656 1919 2827 1989 Natus
2884 1931 2967 1994 est
3016 1920 3315 1983 Christus,
3378 1918 3717 1988 glorificate;

2155 2013 2410 2068 Christus
2459 2012 2526 2066 de
2581 2011 2745 2076 cmlo,
2790 2013 3062 2081 excipite;
3120 2010 3373 2065 Christus
3417 2011 3472 2066 in
3528 2017 3713 2071 terra.

2155 2106 2426 2169 exaltate;
2462 2120 2695 2175 eamque
2729 2119 2913 2160 coram
2950 2105 3083 2173 ipsis
3135 2104 3441 2168 recitasset,
3498 2102 3531 2156 ii
3584 2100 3715 2156 illu-

2155 2199 2350 2252 dcutes
2380 2198 2558 2265 ipsum
2588 2196 2818 2251 irridere
2853 2206 3155 2264 creperum.
3186 2194 3325 2248 Cum
3352 2208 3479 2263 ergo
3508 2192 3715 2257 adven-

2156 2299 2363 2344 tassent
2424 2288 2722 2360 Epiphania
2772 2286 2932 2342 aliam
2981 2288 3143 2342 etiam
3196 2284 3363 2358 ωε,
3409 2285 3711 2339 orationem

2153 2380 2481 2449 composuit,
2534 2379 2586 2431 in
2621 2392 2729 2447 qua
2760 2377 3051 2431 Sabiorum
3084 2377 3403 2443 religionem
3447 2374 3713 2435 traduxit,

2154 2473 2414 2541 ipsosque
2468 2470 2682 2537 probris
2734 2468 2933 2534 affecit,
2972 2483 3092 2523 eam
3144 2468 3350 2524 scilicet
3404 2468 3507 2523 sub
3553 2467 3713 2536 cujus

2154 2564 2371 2617 initium
2432 2562 2606 2615 dicit:
2643 2559 2881 2615 Rursum
2936 2560 3094 2615 Iesus
3144 2574 3331 2621 meus.
3384 2570 3439 2613 et
3489 2573 3709 2613 rursum

2154 2655 2492 2724 mysterium.
2530 2653 2799 2722 Tempore
2843 2653 3005 2707 etiam
3053 2651 3255 2707 Juliani
3302 2661 3565 2721 apostataa
3610 2652 3711 2704 ιιο-

2151 2748 2262 2801 ruit
2294 2747 2445 2799 Anba
2481 2746 2773 2810 Antonius.
2815 2746 2906 2813 qui
2939 2745 3149 2813 primus
3178 2753 3292 2797 erat
3323 2743 3711 2797 monachorum

2150 2836 2369 2908 Egypti
2433 2838 2706 2891 desertum
2773 2836 3150 2898 incolentium,
3216 2835 3305 2890 ubi
3365 2834 3711 2889 monasteriis

2147 2930 2441 2984 exstructis
2472 2926 2768 2983 monachos
2820 2929 3193 2997 congregavit.
3245 2925 3352 2981 Nec
3398 2940 3504 2979 non
3554 2923 3706 2978 Anba

474 3018 782 3072 trucidandi
816 3022 1023 3087 animo,
1052 3024 1355 3087 irruerunt,
1379 3027 1464 3081 ille
1495 3044 1625 3083 vero
1654 3030 1777 3100 fuga
1806 3033 1874 3087 ab
1906 3034 2035 3101 ipsis

2153 3023 2370 3077 Flavius
2419 3022 2471 3075 in
2531 3020 2689 3091 Syria
2734 3021 2827 3091 qni
2882 3019 3088 3088 primus
3145 3030 3259 3073 erat
3312 3017 3703 3077 monachorum

471 3107 716 3178 dilapsus
765 3111 1019 3176 delituit,
1070 3130 1193 3168 eum
1241 3116 1352 3184 jam
1404 3134 1631 3175 munere
1686 3125 2031 3190 patriarchali

378 3218 391 3241 κ
471 3200 657 3255 decem
704 3202 864 3257 annis
905 3203 1123 3260 functus
1177 3205 1406 3273 fuisset;
1466 3211 1912 3281 constitutosque
1954 3224 2035 3268 est

475 3289 787 3361 Gregorius.
818 3294 909 3363 qui
939 3294 1273 3352 Manichaeus
1307 3298 1425 3363 fuit,
1463 3302 1767 3367 patriarcha
1797 3305 2033 3358 Alexan-

476 3378 692 3438 drinus.
729 3381 821 3447 qui
853 3395 1030 3437 annos
1068 3383 1255 3438 decem
1293 3388 1455 3451 sedit,
1488 3388 1611 3443 dein
1646 3403 1894 3447 mortuus
1923 3403 2028 3448 est.

474 3470 571 3522 Illo
604 3479 838 3536 mortuo,
892 3473 1227 3531 Athanasius
1283 3481 1593 3547 patriarcha
1630 3482 2031 3540 Alexandrinus

473 3562 526 3615 in
560 3562 733 3617 locum
776 3580 935 3619 suum
975 3582 1247 3634 reversus,
1284 3578 1396 3625 tres
1426 3586 1601 3627 annos
1634 3575 1797 3629 sedit.
1830 3574 2027 3631 Eodem

471 3662 713 3722 tempore
734 3653 1210 3725 Constantinopoli
1236 3659 1616 3716 Alexandriam
1644 3666 1866 3720 veniens
1893 3681 2030 3733 prte-

472 3744 646 3801 l'eclns
676 3746 900 3815 quidam
937 3751 1159 3805 nomine
1193 3750 1476 3821 Syrianus,
1509 3754 1601 3822 qui
1636 3756 1874 3811 Arianus
1900 3758 2025 3823 fuit,

467 3837 826 3892 Athanasium
861 3842 1231 3909 patriarcham
1263 3844 1315 3897 in
1349 3845 1526 3898 locum
1551 3849 1844 3915 quemdam
1872 3848 2031 3904 Tibe-

468 3928 617 3981 riada
683 3930 885 3985 dictum
943 3933 1243 4001 relegavit,
1308 3938 1615 4003 patriarcha
1683 3940 2027 3995 Alexandria:

467 4022 763 4076 constituto
811 4024 1076 4092 Georgio,
1130 4027 1217 4093 qui
1254 4026 1491 4082 Ariauus
1563 4030 1683 4093 fuit,
1740 4046 2025 4100 annosque

470 4122 564 4162 sex
598 4110 753 4162 sedit.
794 4110 925 4184 Dein
961 4113 1093 4167 abiit
1126 4114 1391 4184 Syrianus
1435 4117 1723 4184 pra-fectus
1754 4118 2027 4173 Constan-

470 4199 735 4264 tinopolin
773 4199 1079 4267 petiturus;
1116 4218 1224 4267 quo
1259 4188 1580 4256 Alexandria
1611 4206 1854 4271 proiecto
1877 4206 2027 4260 urbis

468 4290 586 4352 eius
613 4291 803 4343 incolae
825 4291 1109 4346 Melchiani
1134 4294 1421 4364 Georgium
1445 4296 1803 4363 patriarcham
1825 4296 2022 4361 adorti,

2146 3113 2402 3168 Jonlanis
2448 3111 2721 3167 desertum
2767 3110 3120 3165 incolentium
3153 3120 3206 3164 et
3257 3112 3309 3164 in
3354 3111 3473 3180 ipso
3513 3125 3702 3164 mona-

2143 3204 2276 3259 chos
2304 3202 2550 3270 collegit,
2582 3210 2636 3256 et
2670 3203 3005 3256 monasteria
3046 3202 3276 3269 locaque
3307 3199 3701 3273 quamplurima

2141 3293 2436 3347 exstruxit.
2468 3290 2788 3347 Nuntiatum
2830 3305 3009 3346 autem
3044 3301 3127 3347 est
3169 3291 3389 3346 Iuliano
3440 3298 3702 3358 apostatzc

2143 3384 2457 3453 imperatori
2508 3385 2770 3438 statuisse
2801 3383 3060 3452 Saporem
3111 3383 3331 3451 Saporis
3364 3382 3530 3437 mium
3570 3381 3699 3435 Per-

2141 3490 2325 3535 ;arum
2376 3488 2579 3541 regem,
2622 3473 2796 3541 ipsum
2855 3474 2992 3527 bello
3038 3474 3279 3544 aggredi.
3314 3475 3526 3529 Paratis
3573 3489 3703 3542 ergo

2140 3565 2313 3634 copiis
2368 3563 2651 3632 profectus
2704 3571 2787 3617 est
2834 3562 3085 3617 Julianus
3134 3565 3236 3633 ipsi
3288 3566 3341 3617 iu
3389 3555 3699 3619 occursitm.

2138 3656 2324 3711 Pravac
2356 3664 2536 3708 autem
2566 3658 3009 3710 conversationis
3036 3658 3232 3726 ipsius,
3259 3657 3496 3726 ﬁdeique
3527 3673 3589 3711 ac
3614 3656 3702 3709 in-

2139 3749 2401 3802 tentionis
2433 3748 2587 3801 make
2618 3748 2815 3816 gratia,
2851 3751 3109 3817 quodque
3144 3750 3397 3805 homines
3428 3753 3496 3804 ad
3524 3748 3702 3802 idolo-

2140 3842 2350 3893 latriam
2408 3840 2685 3907 impellere
2736 3839 3003 3903 studeret,
3056 3839 3259 3895 factum
3292 3849 3372 3895 est
3417 3852 3475 3893 ut
3525 3840 3695 3907 ipsum

2136 3929 2321 3997 prtelio
2375 3928 2649 3983 devictum
2713 3930 3041 3985 intertieerct
3108 3928 3342 4000 Sapores
3402 3932 3694 3986 Persarum

2134 4036 2249 4083 rex,
2280 4035 2642 4089 magnamque
2672 4023 2992 4091 sequacium
3029 4023 3200 4092 ipsius
3228 4031 3462 4092 stragem
3490 4022 3700 4081 ederet.

2130 4110 2407 4165 Memoria:
2435 4122 2615 4166 autem
2654 4113 2888 4181 prodidit
2918 4114 3150 4169 Basilius
3187 4113 3447 4171 Caasareae
3485 4115 3691 4184 Cappa-

2133 4204 2305 4257 docia:
2338 4204 2653 4271 episcopus,
2681 4219 2740 4259 se
2763 4204 2885 4258 loco
2916 4220 3016 4259 suo
3042 4206 3319 4261 sedentem
3352 4218 3479 4262 ante
3506 4208 3699 4263 oculos

2136 4294 2372 4344 tabulam
2427 4292 2686 4347 habuisse
2739 4293 2791 4347 in
2850 4309 2956 4362 qua
3007 4294 3223 4364 depicta
3277 4305 3395 4350 erat
3440 4296 3695 4352 Mercurii

473 4384 649 4447 ipsum
702 4384 1046 4448 interfectum
1086 4386 1209 4454 igne
1262 4397 1609 4452 cremarunt,
1667 4404 2027 4457 reversusque
2060 4370 2102 4423 Ῑ)
2134 4382 2387 4451 martyris
2439 4381 2675 4451 clﬁgiesi
2741 4383 2868 4435 dum
2928 4399 3056 4437 νεεΓο
3112 4386 3350 4439 William
3405 4386 3695 4456 ίηεβίοετοι

466 4484 543 4527 est
584 4475 635 4526 in
688 4476 860 4527 locum
900 4492 1072 4529 suum
1129 4478 1481 4532 Athanasius.
1536 4479 1739 4533 Eodem
1784 4490 2028 4548 tempore

470 4568 729 4630 procellis
776 4567 1038 4635 agitatum
1092 4585 1238 4622 mare
1290 4574 1453 4624 multa
1490 4571 1832 4625 Alexandria:
1881 4571 2024 4634 loca,

473 4670 567 4705 nec
622 4670 726 4707 non
781 4658 1064 4720 ecclesias,
1103 4673 1241 4725 aqua
1276 4659 1479 4713 obruit.
1529 4661 1672 4715 Obiit
1702 4670 1882 4714 autem
1922 4661 2023 4713 im-

470 4753 685 4809 perator
714 4746 1068 4802 Constantius
1108 4748 1450 4802 Constantini
1488 4751 1628 4804 filius
1678 4767 1800 4804 cum
1856 4752 2027 4821 impe-

472 4839 605 4887 rium
641 4853 810 4891 annos
847 4838 1034 4905 viginti
1068 4847 1299 4907 quatuor
1330 4851 1668 4908 occupasset.

545 4926 667 4979 Post
718 4944 872 4995 quem
934 4929 984 4980 in
1046 4928 1321 4982 Romanos
1372 4934 1507 4984 duos
1556 4948 1728 4986 annos
1775 4934 2022 4999 regnavit

470 5017 715 5071 Julianus
752 5020 1041 5086 imperator
1064 5021 1151 5086 qui
1182 5021 1335 5074 (idem
1368 5022 1671 5089 abnegavit,
1693 5025 1855 5092 idque
1880 5040 2023 5077 anno

470 5110 613 5173 regni
653 5108 875 5175 Saporis
912 5110 1003 5159 filii
1032 5109 1253 5177 Saporis
1275 5110 1565 5164 Persarum
1598 5115 1739 5180 regis
1764 5115 2021 5167 vicesimo

469 5200 657 5261 primo.
708 5198 1007 5263 lmpermor
1040 5200 1140 5251 iste
1176 5201 1443 5261 Julianus,
1493 5202 1595 5255 ﬁde
1630 5202 2019 5273 ἀει-483

464 5288 767 5337 Christiana
804 5287 1093 5355 abnegata,
1125 5290 1370 5341 homines
1405 5291 1470 5343 ad
1510 5292 1774 5343 idolorum
1810 5294 2015 5345 cultum

467 5375 721 5427 reducere
762 5376 995 5435 studuit,
1040 5393 1398 5445 magnamque
1434 5390 1731 5448 martyrum
1769 5384 2018 5435 multitu-

464 5466 642 5516 dinem
676 5473 849 5515 morte
877 5464 1081 5517 allec-it.
1115 5468 1271 5517 Anno
1316 5469 1524 5534 imperii
1562 5469 1679 5535 ejus
1724 5470 1919 5536 primo,
1952 5485 2014 5523 ex

462 5554 655 5605 itu-olis
697 5554 1233 5625 llierosolymdrum,
1292 5560 1384 5621 qui
1440 5560 1547 5611 Arii
1604 5571 1782 5627 partes
1820 5578 2015 5628 sequeo

468 5647 683 5711 bantur,
731 5646 988 5716 Cyrillum
1041 5647 1350 5716 episcopum
1426 5652 2011 5719 ilierosolymitanum,

2134 4469 2476 4537 disparuisse
2523 4472 2781 4541 martyris
2815 4472 3042 4542 effigiem
3075 4491 3087 4525 :
3118 4477 3261 4543 quod
3298 4477 3421 4530 dum
3459 4476 3548 4529 ille
3589 4478 3691 4529 mi-

2134 4570 2371 4621 rari-tur,
2415 4570 2536 4629 post
2570 4564 2845 4617 modicum
2878 4566 3137 4631 temporis
3178 4566 3415 4633 Spatium
3445 4568 3689 4621 eamdem

2130 4653 2182 4705 itt
2218 4654 2453 4707 tabulam
2489 4656 2739 4721 rediisse,
2772 4666 2931 4725 atque
2965 4656 3320 4729 ᾆδε-487
3348 4660 3401 4713 in
3432 4677 3689 4715 mucrone

2132 4744 2329 4797 lanceae
2354 4746 2548 4812 quat-in
2576 4748 2817 4813 praedicti
2844 4750 3098 4817 martyris
3126 4766 3286 4803 manu
3323 4752 3533 4819 depicta
3563 4753 3684 4813 fuit.

2129 4824 2379 4903 sanghini
2412 4836 2541 4904 quid
2579 4838 2755 4891 simile
2790 4838 2911 4891 fuit.
2947 4840 3066 4905 Quo
3100 4844 3291 4910 majori
3327 4846 3685 4899 admiratione

2129 4943 2441 4994 percussus,
2480 4930 2716 4984 Basilius
2752 4933 3045 5000 episcopus
3078 4935 3341 4990 confusus
3375 4937 3549 5001 haesit,
3583 4939 3683 4992 do-

2128 5033 2225 5069 nec
2270 5018 2371 5085 ipsi
2419 5022 2762 5073 nuntiaretur
2813 5020 3090 5074 Julianum
3147 5034 3441 5091 apostataut
3497 5026 3681 5079 eadem

2126 5106 2258 5158 hora
2312 5110 2366 5161 in
2426 5110 2612 5176 proelio
2670 5113 2971 5175 OthltliSSe;
3016 5115 3157 5166 unde
3217 5116 3443 5169 Basilius
3494 5131 3678 5170 notum

2128 5198 2317 5251 habuit
2360 5204 2555 5266 ipsum,
2593 5202 2663 5255 ob
2689 5218 2943 5271 magnum
2974 5220 3084 5273 quo
3134 5208 3466 5261 christianos
3496 5225 3696 5276 prose—‘

2126 5300 2284 5344 cutus
2341 5302 2419 5343 est
2495 5293 2705 5354 odium,
2762 5310 3035 5362 quemque
3085 5312 3401 5361 promovere
3448 5310 3679 5354 conatus

2122 5393 2203 5434 est
2237 5382 2500 5435 idolorum
2552 5385 2779 5451 cultum,
2836 5402 2861 5436 a
2915 5385 3181 5439 Mercurio
3231 5400 3461 5457 martyre
3510 5391 3678 5446 inter-

2123 5469 2341 5523 fectum.

2194 5560 2385 5615 Occiso
2414 5561 2627 5616 Juliano
2662 5565 2989 5631 imperatore
3033 5574 3295 5631 apostata,
3330 5578 3451 5635 post
3496 5571 3673 5640 ipsum

2123 5649 2381 5705 Romanis
2415 5668 2612 5708 annum
2651 5672 2818 5709 unum
2852 5658 3131 5723 imperavit
3160 5656 3461 5723 Jovianus;
3516 5660 3676 5727 idque
