4138 6496
252 352 370 416 llil'l

1576 358 1982 419 ‘~’ANi\'ALES

3283 353 3411 420 ἲς)ιὸ

249 483 374 522 anno
407 466 552 534 regni
603 466 826 529 Saporis
876 465 969 521 lilii
1022 467 1247 539 Saporis
1297 470 1584 525 Persarum
1621 456 1765 542 regis
1795 455 1843 526 λ
1871 473 2107 542 nus,qui
2137 471 2634 541 Petripatriarcbze
2665 467 3013 526 Alexandrini
3051 463 3412 521 antccessoris

156 565 164 574 '
252 557 494 614 vicesimo
523 557 718 624 primo.
751 557 878 612 Fuit
923 557 1185 613 Jovianus
1241 559 1342 614 tide
1392 562 1764 626 orthodoxus,

245 647 508 717 religionis
583 639 895 702 christiana:
947 661 1352 719 propugnator;
1419 661 1473 705 at
1527 653 1767 719 profecto

245 746 416 791 contra
445 736 620 804 ipsum
673 737 860 791 rebelli
901 740 1156 806 quodam,
1208 739 1320 805 ipse
1359 743 1424 795 ad
1460 742 1658 796 bellum
1690 743 1763 798 illi

242 827 565 881 inferendum
621 841 942 896 progressus
992 839 1238 883 mortuus
1288 843 1368 886 est
1421 833 1474 886 iu
1512 835 1617 898 via,
1649 835 1764 888 loco

241 917 460 984 quodam
497 915 669 980 Davdes
695 906 864 970 'dicto.
900 917 1162 986 Regnavit
1198 929 1318 989 post
1350 921 1524 990 ipsum
1556 925 1608 978 in
1659 924 1768 977 Ro-

239 1018 416 1058 manos
443 1002 642 1059 Valens
671 1021 844 1064 annos
872 1007 1154 1061 duodecim
1192 1026 1207 1062 :
1239 1009 1400 1076 idque
1445 1027 1586 1064 anno
1615 1013 1763 1080 regni

239 1095 446 1163 Saporis
511 1095 602 1148 lilii
669 1081 890 1164 Saporis
945 1097 1228 1152 Persarum
1296 1101 1436 1170 regis
1505 1103 1782 1173 vicesimo,

239 1191 438 1250 quarto.
489 1183 646 1239 Anno
692 1187 899 1254 imperii
950 1187 1065 1255 ejus
1109 1190 1270 1243 tertio
1307 1193 1633 1245 constitutus
1681 1202 1766 1246 est

240 1272 512 1327 l)amasius
547 1274 851 1342 patriarcha
888 1276 1188 1342 Romanus,
1239 1262 1330 1347 qui
1368 1294 1544 1332 annos
1573 1281 1765 1348 viginti

147 1432 151 1441 ‘
238 1371 350 1417 octo
392 1363 554 1428 sedit,
605 1364 728 1418 dein
780 1372 1026 1420 uiortuus
1071 1374 1152 1421 est
1190 1385 1204 1420 :
1237 1368 1391 1436 cujus
1439 1372 1770 1439 praefectura

238 1468 370 1506 anno
422 1454 628 1508 decimo
681 1456 914 1524 septimo
963 1457 1295 1512 celebratum
1341 1473 1426 1514 est
1476 1463 1766 1516 concilium

236 1543 520 1619 secundum
543 1545 1192 1614 Constantinopolitanum
1215 1589 1228 1600 .
1255 1553 1412 1607 Anno
1444 1563 1639 1622 quarto
1667 1555 1768 1608 im-

239 1636 368 1704 perii
393 1634 621 1690 Valentii
653 1638 987 1692 constitutus
1018 1647 1100 1693 est
1123 1640 1426 1697 Democlius
1458 1645 1765 1712 patriarcha

240 1725 882 1793 Constantinopolitauus,
934 1729 1388 1796 quiManicbaeus
1433 1737 1554 1800 fuit,
1591 1752 1765 1793 annos

238 1815 474 1869 undecim
508 1816 668 1881 sedit,
701 1816 825 1871 dein
859 1829 1105 1874 mortuus
1133 1822 1300 1893 488
1327 1835 1431 1880 est.
1481 1827 1637 1882 Anno
1669 1829 1768 1882 im-

240 1905 365 1973 perii
399 1906 578 1974 ipsius
614 1902 1143 1988 pritno'constitntus
1170 1921 1254 1966 est
1283 1913 1445 1970 Arvis
1479 1917 1767 1986 episcOpus

234 1997 767 2069 Hierosolymitanus,
799 2002 888 2068 qui
915 2010 968 2054 et
1007 2001 1334 2060 Manichacus
1380 2006 1499 2073 fuit,
1545 2019 1600 2062 et
1643 2024 1766 2065 cum

234 2103 396 2143 annos
410 2091 658 2158 quinque
687 2089 937 2157 sedisset,
968 2102 1217 2148 mortuus
1234 2103 1337 2150 est.
1365 2097 1521 2152 Anno
1555 2082 1766 2166 imperii

229 2176 462 2244 ejusdem
551 2179 782 2245 septimo
836 2180 1012 2236 factus
1067 2191 1148 2236 est
1199 2182 1434 2241 Hilarius
1484 2189 1772 2259 episcopus

230 2265 764 2338 llierosolytnitanus,
793 2272 882 2340 qui
929 2272 1166 2328 Arianus
1223 2284 1373 2343 erat;
1430 2292 1600 2334 anuos
1631 2294 1768 2349 qua-

227 2367 342 2413 tuor
389 2360 554 2423 sedit,
619 2360 742 2414 dein
782 2371 1026 2415 mortuus
1078 2371 1178 2415 est.
1242 2363 1319 2416 Eo
1369 2375 1582 2420 mortuo
1613 2368 1770 2421 rediit

230 2450 464 2519 Cyrillns
493 2450 783 2520 episcopus
820 2451 1361 2523 Hierosolymitanus,
1395 2457 1484 2526 qui
1527 2458 1594 2512 ab
1616 2461 1770 2512 Aria-

227 2540 309 2595 nis
341 2542 583 2612 fugerat,
632 2543 686 2596 in
730 2541 1127 2609 loeumsuum,
1178 2545 1270 2599 ubi
1310 2560 1484 2603 annos
1535 2547 1768 2602 sederim

224 2633 399 2695 sedit,
459 2633 583 2687 dein
635 2643 886 2688 mortuus
928 2643 1030 2688 est.
1083 2634 1282 2690 Totum
1337 2654 1466 2709 ergo
1512 2643 1770 2708 temporis

226 2726 456 2792 spatium
494 2739 602 2793 quo
632 2726 948 2796 episcopatu
983 2725 1203 2782 functus
1229 2736 1314 2783 est
1335 2727 1572 2799 Cyrillus
1597 2745 1767 2784 annos

225 2821 340 2870 r'um
371 2826 492 2870 erat
541 2817 761 2893 triginta
792 2817 983 2870 trium.
1016 2819 1374 2890 Episcopatus
1421 2821 1594 2890 ipsius
1627 2837 1770 2877 anno
1835 2854 1838 2855 ν

221 2908 481 2964 vicesimo
511 2910 742 2977 septimo
791 2910 894 2963 fuit
932 2911 1221 2965 concilium
1262 2911 1770 2982 ConstantinOpoli-

219 3008 405 3054 tanum
439 3001 768 3055 secundum.
793 3001 936 3068 Quin
962 3012 1016 3054 et
1042 3001 1390 3056 Alexandrini
1413 3003 1767 3058 Athanasium

217 3089 583 3155 patriam-ham
636 3089 819 3143 animo
861 3091 1034 3159 ipsum
1071 3091 1378 3146 trucidandi
1409 3091 1581 3146 adorti
1612 3103 1761 3157 sunt,
1793 3088 1835 3146 C
1870 3082 2240 3154 [conferendo]
2305 3084 2590 3150 ᾶὶδεθηεῖο.

217 3179 305 3235 ille
357 3197 490 3236 vero
545 3181 665 3249 fuga
725 3183 1011 3252 prolapsus
1059 3183 1292 3237 delituit.
1357 3183 1587 3237 Lucium
1635 3201 1764 3256 ergo

216 3273 503 3336 Arianum,
536 3275 600 3328 ad
619 3275 1046 3342 'patriarclialetn
1076 3273 1417 3329 Alexandria:
1447 3276 1763 3340 dignitatem

218 3374 532 3418 erexerunt.
578 3363 830 3434 Quinque
875 3375 1052 3420 autem
1099 3366 1297 3434 elapsis
1326 3367 1602 3418 mensibus
1633 3381 1766 3420 con-

215 3455 494 3511 venientes
531 3458 764 3530 episcopi
812 3457 1058 3531 nonnulli
1119 3471 1227 3509 una
1270 3471 1389 3509 cum
1436 3456 1766 3510 christiano-

216 3555 331 3596 rum
378 3541 759 3598 Melcbitarum
817 3544 1170 3599 multitudine
1223 3544 1391 3598 Lucio
1442 3547 1766 3613 patriarchae

214 3631 638 3693 maledixerunt,
690 3633 864 3703 ipsum
916 3635 969 3686 iu
999 3632 1250 3688 exsilium
1285 3635 1631 3703 pepulerunt,
1677 3649 1766 3688 re-

215 3731 512 3793 versusque
545 3719 884 3776 Athanasius
913 3720 1226 3788 patriarcha
1280 3722 1336 3775 iu
1372 3721 1554 3777 sedem
1586 3738 1763 3780 suam.

210 3808 378 3880 ipsam
441 3813 620 3865 donec
675 3821 980 3865 moreretur
1026 3812 1332 3879 occupavit.
1385 3813 1762 3866 Patriarchatn

210 3909 385 3956 autem
442 3903 664 3957 functus
705 3910 788 3956 est
817 3917 992 3956 annos
1016 3904 1374 3973 quadraginta
1428 3921 1544 3958 sex.
1608 3906 1767 3959 Anno

213 3990 424 4060 imperii
481 3991 709 4047 Valentii
745 4002 936 4048 octavo
969 3995 1307 4051 constitutus
1332 4007 1412 4050 est
1447 3997 1642 4052 Petrus
1673 4013 1767 4066 pa-

212 4083 445 4137 triarcha
491 4081 911 4147 Alexandrinus,
968 4101 1130 4154 quem
1179 4101 1302 4140 cum
1350 4087 1533 4140 animo
1587 4088 1763 4155 ipsum

211 4172 494 4228 occidendi
541 4173 720 4228 adorti
768 4183 948 4228 essent
978 4176 1163 4231 Ariani
1196 4177 1311 4244 ipse
1345 4177 1465 4244 fuga
1505 4193 1564 4231 se
1588 4179 1765 4247 prori~

209 4260 735 4334 puum-$91.
772 4263 977 4319 Deinde
1025 4265 1140 4321 sedi
1189 4280 1302 4320 suae
1346 4267 1592 4323 redditus
1638 4285 1759 4324 cum

211 4363 318 4401 eam
346 4365 443 4405 εει
471 4366 645 4405 annos
673 4362 994 4421 occupasset
1028 4361 1278 4408 mortuus
1309 4364 1412 4409 εει.

277 4438 589 4494 Coueitavit
638 4449 818 4494 autem
854 4442 1074 4509 quidam
1111 4454 1298 4498 contra
1337 4444 1642 4500 Valentium
1674 4461 1762 4501 re-

215 4529 498 4587 bellionem
535 4531 588 4584 in
626 4531 942 4592 Occidente,
972 4529 1158 4586 contra
1190 4551 1348 4600 quem
1399 4537 1488 4589 ille
1520 4527 1644 4590 cum
1671 4552 1762 4590 co-

213 4621 311 4688 piis
336 4623 452 4677 suis
485 4622 758 4690 profectus
790 4624 842 4674 in
876 4623 1016 4677 bello
1043 4611 1266 4689 occidit,
1310 4628 1609 4695 imperante
1640 4641 1763 4698 post

169 4771 173 4776 η
211 4711 380 4778 ipsum
426 4711 690 4768 Romanis
733 4712 901 4767 fratre
930 4713 1098 4782 ipsius
1131 4715 1355 4770 Valente
1403 4733 1578 4772 annos
1629 4732 1758 4778 tres.

215 4801 368 4870 idque
396 4817 545 4856 anno
573 4804 723 4872 regni
758 4802 1000 4872 Saporis,
1032 4806 1125 4857 filii
1160 4805 1384 4874 SapOris
1466 4808 1756 4862 Persarum

215 4891 370 4961 regis,
432 4892 715 4947 tricesimo
766 4902 941 4948 sexto.
993 4893 1163 4949 Porro
1224 4905 1468 4967 tempore
1518 4900 1760 4955 Valentis

213 4981 580 5048 imperatoris,
615 4983 955 5037 Alexandria:
1003 4984 1106 5038 fuit
1156 4988 1238 5039 vir
1270 4989 1488 5055 quidam
1541 4993 1762 5046 nomine

214 5071 530 5145 Theodorus
545 5075 637 5143 qui
665 5074 1036 5129 Melcbitarum
1069 5079 1390 5132 sententiam
1427 5081 1760 5148 disputando

216 5166 489 5234 tuebatur,
519 5168 846 5222 Arianorum
879 5159 1057 5224 autem
1102 5172 1371 5225 refutabat
1401 5193 1413 5227 :
1455 5191 1612 5243 quem
1636 5190 1762 5239 ergo

215 5266 424 5324 raptum
459 5259 576 5313 Arii
628 5260 897 5314 maledicti
941 5261 1201 5323 asseclze,
1249 5264 1446 5317 vim-tis
1490 5267 1756 5326 manibus,

215 5364 471 5417 equorum
503 5349 733 5418 pedibus
759 5352 1076 5419 alligarunt,
1105 5368 1244 5420 quos
1269 5355 1464 5408 deinde
1491 5355 1540 5408 in
1570 5371 1758 5423 campo

213 5436 272 5488 ad
303 5453 526 5494 cursum
583 5441 901 5502 incitarunt,
952 5441 1128 5494 donec
1162 5443 1452 5512 discerptis
1488 5447 1759 5499 membro-

220 5543 327 5580 ium
345 5533 710 5600 compagibus
759 5535 1072 5602 martyrium
1109 5550 1297 5598 passus
1330 5540 1416 5590 sit.
1468 5541 1622 5590 Anno
1656 5540 1758 5590 im.

219 5620 339 5680 perii
393 5618 634 5674 Valentis
694 5621 1062 5675 Romanorum
1112 5625 1451 5690 imperatoris
1510 5631 1750 5682 secundo

219 5711 534 5765 constitutus
581 5722 660 5766 est
695 5712 1014 5766 Timotheus
1073 5715 1372 5779 patriarcha
1427 5718 1746 5770 Alexandri—

1872 567 1954 621 sui
1992 565 2161 620 frater
2195 565 2334 629 fuit;
2372 575 2578 632 septem
2604 577 2773 615 annos
2808 559 2968 622 sedit,
3000 558 3126 612 dein
3163 563 3422 609 mortuus.

1869 665 1974 710 est.
2006 656 2164 709 Anno
2202 666 2384 709 autem
2421 653 2753 723 praefectura:
2781 649 2954 715 ipsius
2986 645 3410 702 sextobabitum

1868 752 1954 797 est
2010 745 2302 798 concilium
2364 740 3022 811 Cnnstautinopolitanum
3085 734 3385 791 secundum

1871 833 2148 888 Exstruxit
2174 843 2354 888 autem
2380 831 2695 887 Timotheus
2744 825 3044 899 patriarcha
3076 823 3413 878 Alexandria:

1867 925 2125 980 ecclesias
2148 925 2469 993 complures.
2493 933 2545 976 et
2564 920 2910 975 monumenta
2931 930 3038 970 non
3063 929 3254 983 pauca.
3277 912 3412 965 Mul-

1871 1024 1951 1070 tos
1972 1015 2131 1069 etiam
2159 1015 2226 1070 ab
2255 1015 2368 1087 Arii
2399 1013 2658 1067 sententia
2688 1011 2753 1065 ad
2797 1007 3172 1062 Melchitarum
3208 1001 3413 1057 doctrio

1870 1122 1992 1158 nam
2059 1106 2346 1158 convertit.
2401 1106 2556 1155 Anno
2619 1102 2826 1170 imperii
2876 1095 3120 1164 ejusdem
3173 1092 3411 1163 .Valcntis

1871 1193 2236 1245 Romanorum
2282 1191 2623 1258 imperatoris
2652 1188 2910 1247 secundo,
2951 1185 3283 1238 constitutus
3331 1189 3414 1231 est

1870 1281 2132 1349 Evagrius
2162 1267 2488 1349 patriarcha
2537 1279 2696 1361 492
2731 1275 3373 1344 Constantinopolitanus
3400 1289 3413 1322 :

1870 1373 2029 1427 fidem
2071 1372 2158 1425 hic
2193 1371 2564 1426 Melchitarnm
2601 1369 2900 1438 professus,
2952 1382 3071 1419 cum
3099 1370 3234 1419 duos
3262 1380 3412 1421 meu-

1869 1479 1956 1519 ses
2003 1463 2234 1518 sedisset
2285 1464 2337 1517 in
2373 1462 2622 1517 exsilium
2681 1461 2866 1526 pulsus
2908 1467 3008 1512 est.
3041 1455 3238 1514 Valens
3283 1471 3415 1524 ergo

1867 1554 2163 1622 imperator
2193 1554 2458 1608 accersito
2489 1551 2752 1620 Gregorio
2785 1549 3129 1602 Nazianzeno
3156 1586 3172 1609 ,
3240 1549 3440 1613 ipsum.

1866 1629 2015 1702 sedis
2044 1633 2660 1713 Constantinopolitanie
2708 1655 2894 1695 curam
2929 1637 3414 1707 susciperejussit.

1866 1737 2024 1806 cujus
2057 1752 2184 1805 ergo
2223 1750 2312 1791 res
2345 1743 2582 1803 quatuor
2617 1748 2791 1786 annos
2828 1729 3249 1796 administravit,
3293 1729 3415 1782 dein

1869 1836 2114 1881 mortuus
2143 1835 2249 1880 est.
2285 1824 2402 1878 Sub
2430 1826 2615 1878 eodem
2651 1823 2876 1877 Valente
2901 1819 3268 1892 Romanorum
3314 1819 3415 1883 im-

1869 1921 2118 1987 peratore
2147 1922 2306 1970 natus
2336 1923 2420 1969 est
2451 1925 2669 1969 sanctus
2709 1910 3048 1981 Euthymius.
3078 1942 3087 1952 ι
3113 1907 3419 1994 Cnncitavi:
3458 1927 3462 1932 ·

1871 2013 2051 2059 autem
2089 2004 2311 2073 quidam
2343 2003 2396 2057 in
2444 2001 2734 2058 Occidente
2775 1995 3279 2078 contraYalentem
3330 2013 3418 2052 re-

1866 2095 2198 2162 bellionem,
2247 2093 2514 2148 adversus
2567 2107 2727 2159 quem
2774 2106 2898 2144 cum
2956 2091 3072 2159 ipse
3120 2088 3415 2144 exercitum

1868 2186 2132 2247 duxisset,
2196 2183 2486 2238 commiSso
2538 2182 2677 2236 inter
2730 2184 2877 2251 ipsos
2935 2179 3181 2250 pluribus
3229 2179 3417 2234 diebus

1870 2277 2076 2348 praelio,
2116 2276 2236 2330 loco
2263 2276 2496 2342 quodam
2526 2272 2734 2326 Taraka
2771 2272 2934 2327 dicto.
2972 2272 3024 2325 in
3071 2271 3249 2340 fugant
3285 2285 3430 2344 cons

1869 2381 2060 2421 versus
2101 2364 2300 2419 Valens
2349 2365 2641 2432 imperator
2690 2363 2756 2417 ad
2806 2363 2981 2416 vicum
3030 2363 3316 2431 quemdam
3361 2359 3413 2413 in

1871 2456 2075 2510 ditione
2100 2453 2580 2522 Adrianopolitana
2629 2452 2895 2520 confugit,
2944 2451 3035 2506 ubi
3082 2452 3257 2520 ipsum
3309 2465 3414 2504 una

1870 2561 1992 2600 cum
2026 2545 2142 2600 vico
2191 2545 2315 2614 igne
2362 2542 2608 2600 immisso
2654 2542 3086 2618 combusserun'.
3142 2541 3418 2596 Successit

1871 2637 1974 2704 ipsi
2015 2635 2154 2688 filius
2181 2633 2550 2698 Valentianus,
2591 2646 2826 2698 quocum
2872 2619 2980 2686 una
3010 2630 3270 2688 Romanis
3317 2633 3439 2684 ima

1871 2725 2077 2797 perarit
2110 2722 2402 2778 Gratianus
2431 2730 2540 2776 tres
2580 2736 2770 2774 annos.
3247 2729 3253 2736 ‘

1941 2812 2154 2867 Mortuo
2210 2812 2405 2867 deinde
2449 2811 2711 2867 Gratiano
2762 2812 3112 2879 imperatore,
3160 2827 3258 2866 nec
3313 2828 3417 2865 non

1874 2885 2066 2972 paucis!
2085 2911 2206 2972 post
2240 2905 2414 2973 ipsum
2441 2903 2630 2958 diebus
2679 2903 3001 2971 imperatore
3035 2908 3196 2957 etiam
3232 2905 3421 2957 Valen-

1875 2995 2041 3053 tiano,
2072 3001 2192 3050 orta
2223 3003 2308 3049 est
2339 2994 2481 3048 inter
2533 2993 2822 3045 Romanos
2854 3007 3046 3060 magna
3081 2996 3146 3048 de
3189 2995 3418 3064 imperio

2670 3080 2979 3139 dicentibus
3043 3085 3414 3152 quihusdam:

1868 3175 2158 3243 Imperium
2207 3175 2261 3228 in
2313 3189 2412 3229 nos
2468 3184 2646 3229 teneat
2701 3190 2899 3229 unuse
2934 3173 3054 3228 filiis
3114 3172 3416 3227 Valentiani

1867 3267 2208 3336 itnperatoris
2241 3266 2414 3334 magni
2440 3284 2454 3332 ;
2481 3267 2624 3320 aliis:
2661 3265 2737 3319 Ne
2765 3267 2986 3332 imperet
3019 3250 3171 3318 nobis
3195 3265 3294 3321 nisi
3313 3266 3415 3319 ali-

1866 3360 1987 3426 quis
2012 3373 2036 3410 a
2065 3359 2218 3412 nobis
2249 3359 2528 3426 probatus,
2571 3359 2661 3425 qui
2693 3358 2847 3411 fidem
2891 3357 3245 3411 christianam
3275 3371 3414 3427 pro-

1868 3427 2090 3520 pugnet.
2134 3449 2274 3514 Quin
2324 3457 2378 3503 et
2414 3448 2786 3516 discrepantes
2841 3447 3060 3504 fuerunt
3094 3447 3420 3502 christiano-

1865 3555 1984 3594 rum
2020 3542 2321 3608 opiniones,
2351 3548 2405 3594 et
2432 3539 2618 3592 divisa:
2644 3538 2951 3602 sententia),
2980 3539 3178 3607 quibus
3204 3539 3418 3598 tandem

1870 3633 2148 3701 praeraluit
2163 3634 2513 3696 Arianorum,
2528 3640 2583 3686 et
2605 3630 3112 3685 Macedonianorum
3132 3624 3446 3696 sententia,

1865 3723 2214 3796 493-“5
2247 3724 2349 3777 Sex
2383 3738 2515 3790 ergo
2546 3723 2829 3776 mensibus
2857 3723 3163 3775 ronturbati
3201 3737 3417 3776 manse-

1868 3828 1993 3868 ruut
2027 3817 2234 3882 absque
2267 3816 2612 3884 imperatore.
2662 3812 2847 3882 Neque
2879 3815 3025 3867 ullus
3069 3829 3133 3889 eo
3179 3823 3416 3882 tempore

1865 3907 2330 3974 Constantinopoli
2383 3905 2595 3972 praefuit
2648 3905 2979 3972 patriarcha.
3017 3902 3144 3956 Nam
3182 3918 3211 3955 a
3244 3912 3420 3956 morte

1866 3995 2107 4065 Gregorii
2153 3996 2394 4064 episcopi
2430 3993 2780 4057 Nazianzeni,
2808 3995 2900 4062 qui
2933 3993 3080 4048 sedis
3105 3993 3418 4048 Constanti-

1867 4087 2190 4154 nopnlitanze
2217 4099 2399 4139 curam
2429 4094 2692 4154 gesserat,
2731 4100 2900 4138 vacua
2939 4085 3198 4137 remansit
3227 4083 3417 4137 cathe-

1865 4180 1960 4231 dra
2015 4178 2168 4230 nullo
2202 4175 2427 4230 snli'eeto
2453 4176 2780 4243 patriarcha.
2840 4174 3238 4228 Convenientes
3289 4190 3418 4243 ergo

1867 4277 2148 4323 senatores
2180 4277 2233 4322 et
2263 4269 2432 4322 duces
2463 4267 2756 4335 quemdam
2784 4283 2850 4320 ex
2879 4267 3148 4335 episcopis
3199 4267 3417 4318 nomine

1865 4359 2083 4428 Cyrum,
2114 4359 2286 4411 virum
2324 4361 2550 4426 probum
2575 4370 2625 4411 et
2653 4355 2925 4425 egregium
2957 4373 2971 4408 :
2998 4356 3074 4408 Te
3119 4354 3413 4425 (inquiunt)

1864 4460 2147 4517 acceptum
2205 4450 2492 4509 habemus,
2523 4457 2578 4502 ct
2605 4448 2971 4516 quodcunque
3010 4447 3104 4499 tibi
3147 4446 3214 4500 de
3256 4446 3415 4500 nobis

1863 4549 2101 4594 statuere
2132 4540 2307 4593 visum
2341 4539 2500 4592 fuerit
2526 4556 2539 4603 ;
2573 4541 2663 4593 tibi
2690 4554 2816 4605 ergo
2843 4537 3113 4605 Optionem
3149 4536 3415 4604 pennitti-

1864 4647 2005 4693 mus,
2033 4637 2090 4682 ut
2115 4630 2289 4682 virum
2319 4630 2473 4698 cujus
2501 4630 2597 4682 tibi
2631 4644 2808 4680 mores
2840 4628 3048 4696 probati
3087 4626 3288 4679 fuerint
3315 4640 3414 4677 no-

1863 4719 1944 4773 bis
1975 4735 2151 4788 regem
2183 4722 2486 4773 constituas
2525 4737 2538 4771 :
2572 4721 2614 4772 si
2658 4719 2800 4771 enim
2854 4718 3060 4783 absque
3120 4732 3244 4781 rege
3295 4730 3415 4784 per-

1864 4811 2226 4864 manserimus
2244 4825 2272 4862 a
2296 4808 2476 4862 Persis
2495 4809 2723 4876 aliisque
2747 4805 3023 4868 timemus,
3050 4821 3115 4858 ne
3143 4807 3416 4873 regionem

1868 4910 2104 4954 nostram
2145 4901 2461 4952 invadentes
2498 4898 2678 4959 nobis,
2715 4912 2823 4964 pra:
2862 4897 3180 4964 opinionum
3227 4894 3414 4945 multi-

1863 4991 2047 5044 tudine
2081 4999 2134 5044 et
2162 4990 2587 5043 differentiarum
2615 4989 3008 5058 magnitudine,
3043 4986 3411 5055 prrevalentes,

1864 5097 1965 5135 nos
2019 5082 2267 5150 perdant.
2328 5079 2628 5148 Respondit
2677 5081 2809 5146 ipsis
2855 5081 3140 5147 episcOpus
3175 5095 3187 5130 :
3228 5077 3280 5131 Si
3313 5095 3413 5147 ego

1861 5173 2036 5223 virum
2095 5172 2327 5240 aliquem
2373 5173 2602 5225 electum
2653 5171 2806 5224 vobis
2862 5185 3038 5237 regem
3101 5169 3412 5234 prmfecern,

1863 5277 2052 5314 vereor
2089 5276 2154 5314 ne
2183 5263 2307 5314 dum
2344 5261 2463 5314 aliis
2496 5261 2777 5329 placuerit,
2813 5261 2930 5310 aliis
2964 5273 3087 5310 vero
3116 5276 3244 5319 non,
3278 5262 3413 5314 bella

1862 5354 2003 5406 inter
2033 5370 2129 5408 vos
2155 5361 2210 5407 et
2251 5355 2425 5408 credes
2457 5355 2716 5406 oriantur.
2780 5350 2977 5402 Verum
3014 5366 3133 5418 quze
3183 5351 3308 5403 mihi
3361 5351 3412 5403 in

1862 5457 2093 5497 mentem
2128 5454 2274 5496 venit
2312 5445 2580 5497 sententia
2609 5441 2762 5494 vobis
2809 5442 3111 5506 explicabo,
3151 5456 3310 5507 quam
3365 5442 3424 5492 si.

1861 5535 2090 5600 amplexi
2119 5533 2330 5589 fueritis
2357 5545 2408 5587 et
2437 5534 2563 5585 mihi
2599 5542 2654 5586 et
2677 5531 2830 5584 vobis
2885 5531 3068 5584 utilior
3099 5542 3178 5585 cst
3210 5534 3406 5583 futura.

1863 5626 2120 5690 Qucenam
2146 5627 2441 5692 (inquiunt)
2471 5624 2570 5676 ista
2595 5622 2715 5676 est?
2756 5621 3051 5690 Respondit
3075 5620 3360 5688 cpisc0pns
3388 5637 3400 5670 :

1865 5715 1932 5769 Ut
1970 5734 2063 5778 per
2096 5727 2259 5769 totum
2286 5717 2470 5768 urbem
2502 5712 3174 5779 Constantinopulitrinatu,
3202 5725 3406 5767 ρι’ςιξιςυ-
