4038 6550
727 471 882 535 λιηιε)
1631 538 1634 540 .
1750 483 2116 545 EUTYCllll
2161 487 2700 548 ALEXANDRINI
2747 492 2961 553 PATR.
3327 533 3355 544 λι
3777 505 3868 570 11121]

741 587 829 639 nis
859 599 990 638 voce
1018 584 1283 651 edicatur,
1331 598 1402 640 ne
1429 587 1500 642 sit
1533 590 1624 658 qui
1662 593 1728 646 ad
1771 595 1905 650 solis
1945 610 2199 651 occasum
2250 597 2300 650 in
2334 607 2373 658 Α
2416 580 2654 664 Sequere
2685 615 2787 652 me.
2833 601 3064 654 Secutus
3097 614 3224 670 ergo
3269 603 3438 671 ipsum
3487 608 3607 661 dum
3653 625 3740 663 una
3788 610 3917 667 απυδ-⁵

740 675 969 728 ecclesia
1004 691 1111 728 ηοη-
1129 679 1444 745 conveniat,
1472 680 1565 747 ubi
1595 690 1762 736 totam
1791 695 2001 739 noctem
2042 690 2266 755 preeihu

2406 688 2525 752 ipso
2562 691 2953 757 proﬁciscerer,
3003 693 3108 745 vidi
3156 695 3378 757 arietes.
3438 714 3584 764 oves,
3633 702 3784 766 boves,
3812 706 3871 768 iu.

743 765 1130 831 impendentes,
1157 766 1321 838 496
1360 769 1484 823 dein
1551 787 1706 827 sacra
1755 776 2097 831 celebrantes
2131 777 2299 832 Deum
2404 786 2583 830 inenta
2623 788 2676 830 et
2731 779 3002 843 volucres,
3054 797 3114 835 se
3164 783 3293 836 mihi
3332 787 3651 852 ,ineurvare,
3709 794 3874 848 arhom

739 861 793 902 et
825 853 1112 907 Dominum
1149 865 1398 911 nostrum
1431 858 1617 914 Jesum
1659 862 1940 918 Christum
1967 883 2218 934 rogemus
2245 879 2301 920 ut
2400 871 2557 921 etiam
2594 869 2723 922 mihi
2767 871 3023 925 honorem
3061 874 3332 941 capitibus
3391 877 3658 934 inclinatis
3700 883 3875 947 deferre,

739 943 902 997 nobis
944 960 1124 1012 regem
1183 949 1368 1016 eligat,
1416 961 1470 1003 et
1520 957 2050 1026 quemcunqueépse
2081 959 2302 1027 elegerit
2404 961 2587 1012 leones
2612 971 2789 1013 autem
2832 962 2884 1015 in
2925 979 3011 1015 me
3037 966 3238 1034 rugirc,
3267 981 3294 1016 a
3319 969 3520 1034 quibus
3566 988 3679 1023 cum
3711 988 3877 1042 magno-

742 1037 907 1111 pohis
962 1052 1143 1104 regem
1206 1041 1590 1107 przrficiamus.
1645 1045 1702 1098 In
1764 1049 1924 1115 cuius
1971 1049 2297 1119 sententiam
2402 1063 2526 1114 pere
2553 1061 2889 1104 memorem:
2924 1051 3000 1105 Ne
3046 1063 3277 1118 metuas,
3315 1058 3504 1122 inquit.
3566 1060 3651 1112 sed
3697 1037 3878 1128 gladium

738 1128 1162 1185 descenderunt.
1232 1130 1475 1188 Fuerunt
1549 1144 1728 1191 autem
1805 1139 2296 1208 Constantinopoli.
2401 1137 2562 1190 istum
2588 1151 2638 1193 et
2669 1142 2912 1210 clypequ
2937 1145 3315 1211 prehende,iis
3345 1148 3435 1202 tibi
3462 1148 3514 1200 in
3563 1166 3883 1207 tnauumsnm-

737 1219 840 1271 viri
874 1221 982 1275 duo
1014 1238 1302 1290 pauperes,
1341 1227 1522 1280 tenuis
1558 1229 1743 1291 sortis,
1795 1231 2029 1283 amicitia
2071 1230 2208 1284 inter
2241 1246 2300 1284 se
2399 1228 2506 1296 ptis
2536 1229 2556 1294 (
2587 1241 2703 1282 crat
2733 1241 2912 1284 autem
2943 1233 3154 1300 gladius
3187 1251 3402 1304 anceps,
3459 1248 3686 1306 quatuor
3725 1241 3883 1300 habens

741 1310 1049 1375 conjuncti,
1083 1327 1313 1379 quorum
1373 1326 1512 1388 uenus
1553 1317 1772 1371 nomine
1819 1316 2178 1378 Theodosius,
2219 1321 2299 1372 vir
2399 1319 2616 1387 sigilla).
2655 1321 2804 1383 Quos
2842 1338 2970 1389 ergo
2994 1323 3060 1375 ab
3093 1325 3209 1390 ipso
3239 1336 3492 1394 acceptos
3524 1346 3642 1381 cum
3673 1340 3882 1393 tenerem,

739 1399 924 1454 barbae.
955 1418 1114 1466 rane,
1147 1420 1318 1459 annos
1342 1406 1556 1474 triginta
1583 1417 1774 1470 natus;
1808 1411 1943 1464 alter
1959 1410 2296 1479 Theophilus
2398 1408 2543 1472 ferai,
2581 1410 2686 1463 illis
2723 1411 2774 1462 in
2805 1428 2965 1464 manu
3017 1429 3130 1464 mea
3163 1421 3488 1482 conspectis,
3538 1422 3709 1473 statim
3738 1424 3782 1480 in
3813 1435 3889 1475 ter-

735 1493 951 1556 sapieos
979 1503 1030 1545 et
1059 1496 1439 1563 philosophus,
1481 1514 1654 1550 annos
1683 1509 1840 1555 natus
1893 1502 2078 1571 viginti
2137 1504 2296 1571 quin-
2397 1513 2506 1549 ratu
2533 1499 2872 1562 procidentes
2910 1517 2992 1554 me
3025 1503 3340 1558 adorarunt.
3392 1505 3526 1558 Tum
3566 1523 3650 1560 me
3673 1509 3731 1560 ad
3779 1527 3887 1566 mare

732 1596 856 1648 que.
924 1581 1004 1635 Illi
1064 1585 1308 1650 quotidie
1365 1586 1526 1641 simul
1599 1588 2089 1659 Constantinopolk
2140 1588 2296 1646 τηειηο
2397 1587 2672 1654 perduxit,
2705 1590 2795 1641 ubi
2825 1593 3133 1644 columnam
3170 1610 3231 1646 cx
3265 1594 3401 1657 luce,
3434 1610 3463 1647 e
3495 1597 3626 1650 mari
3669 1601 3889 1664 prodeun-

733 1675 938 1740 egressi
972 1675 1112 1743 ligna
1140 1677 1623 1747 colligebaul,qum
1649 1683 1917 1750 capitibus
1947 1685 2060 1739 suis
2085 1693 2292 1753 gestam
2383 1685 2501 1742 ,tem
2535 1678 2669 1730 Vidi.
2708 1678 2798 1732 νῆ’
2838 1691 3012 1734 autem
3050 1681 3138 1736 ille
3163 1699 3322 1736 manu
3355 1700 3449 1738 sua
3481 1696 3701 1741 extensa
3729 1690 3889 1741 colum-

732 1765 1071 1830 vendemes,
1134 1769 1412 1824 dimidiam
1477 1775 1636 1841 ριεοιῖῖ
1697 1783 1903 1840 νεηνίεω
1963 1778 2292 1845 pauperibus
2394 1782 2514 1819 nam
2547 1770 2951 1839 apprehendens
2974 1776 3034 1825 ca
3079 1788 3164 1824 me
3191 1774 3383 1828 induit.
3422 1776 3598 1830 Divisa
3653 1789 3890 1834 autemest

732 1857 1155 1920 distribuehant.
1197 1863 1364 1917 altera
1407 1865 1606 1918 victum
1647 1873 1701 1918 et
1738 1865 1940 1932 reliqua
1967 1868 2069 1920 sibi
2101 1883 2274 1922 neces-

2391 1855 2638 1910 columna
2674 1860 2772 1911 ista
2807 1862 2858 1913 iu
2895 1869 3004 1914 tres
3053 1864 3262 1930 stellas,
3324 1883 3552 1934 quarum
3604 1871 3762 1937 prima
3803 1886 3889 1936 qua

731 1948 873 2001 saria
913 1943 1322 2017 comparabant.
1381 1971 1479 2008 "cc
1534 1957 1833 2025 quidquam
1891 1958 2040 2026 ipsos
2091 1969 2284 2028 pm“...
2316 1941 2356 1994 Β
2387 1946 2603 2001 unionis
2633 1949 2804 2003 instar
2827 1959 2964 2013 erat,
3001 1967 3084 2006 me
3115 1963 3298 2021 pectus
3339 1973 3509 2024 usque
3534 1958 3888 2020 circumdedit;

730 2048 946 2098 noctem
971 2040 1284 2108 dirimebat,
1323 2054 1559 2115 utroque
1589 2047 1804 2101 domum
1835 2064 1989 2102 suam
2031 2050 2284 2110 abeunte.

728 2127 852 2181 dein
897 2130 961 2182 ad
1017 2147 1245 2200 pensum
1287 2147 1442 2191 suum
1486 2138 1763 2191 redeunte.
1826 2139 1904 2192 Eo
1971 2142 2136 2211 igitur
2184 2128 2286 2196 die

729 2220 1069 2291 Theophilus
1097 2225 1262 2279 thene
1301 2242 1459 2280 mane
1503 2228 1567 2280 ad
1610 2228 1976 2284 Theodosium
2026 2231 2286 2285 accedens

727 2321 787 2366 ut
817 2313 997 2383 ipsum
1044 2328 1074 2367 e
1115 2330 1311 2369 somno
1361 2317 1623 2371 excitaret
1664 2333 1774 2384 quo
1812 2317 2077 2386 lignatum
2121 2319 2285 2387 profi-

727 2405 1083 2470 ciscerentur,
1150 2415 1411 2461 evocatus
1466 2408 1582 2475 ipse
1618 2423 1902 2475 egressus:
1942 2409 2137 2464 Frater
2211 2412 2283 2465 mi

727 2493 949 2565 (inquit)
981 2495 1033 2548 in
1076 2499 1290 2550 somnio
1330 2500 1512 2560 modo,
1548 2498 1688 2551 cuod
1720 2499 1849 2552 mihi
1883 2499 2034 2554 valde
2085 2500 2281 2553 mirum

726 2573 904 2639 visum
940 2592 1045 2648 est,
1075 2585 1330 2641 detentus
1358 2601 1478 2639 sum
1512 2586 1686 2640 donec
1721 2594 1774 2639 te
1819 2586 2152 2640 inclamante
2188 2603 2278 2640 ex.

727 2681 1008 2742 porrectus
1043 2688 1162 2726 sum
1191 2682 1338 2728 metu
1372 2675 1694 2743 perculsus;
1725 2675 1869 2744 quod
1900 2676 1943 2729 si
1979 2676 2274 2729 invenirem

725 2756 820 2830 qui
862 2763 1492 2831 mihiinterpretaretur,
1522 2764 1706 2818 darem
1753 2765 1828 2818 illi
1860 2765 2122 2835 quidquid
2171 2774 2281 2819 tota

726 2851 830 2908 hac
853 2854 1153 2926 septimana
1181 2854 1488 2910 lucraturus
1517 2871 1656 2920 sum,
1688 2870 1748 2908 ea
1771 2871 1875 2925 qua
1902 2871 2018 2910 sum
2048 2872 2283 2926 pauper—

725 2953 836 2999 tate
863 2961 989 2999 cum
1031 2945 1165 2998 nihil
1229 2944 1374 2999 aliud
1410 2955 1659 3015 suppetat
1711 2963 1873 3016 quam
1925 2949 2067 3014 quod
2123 2949 2281 3016 lignis

724 3035 1024 3090 vendendis
1053 3035 1354 3104 acquiram.
1387 3036 1486 3091 Cui
1516 3037 1875 3107 Theophilus:
1903 3038 2054 3102 Mihi,
2083 3040 2275 3106 inquit,

727 3126 1061 3180 somniorum
1114 3127 1645 3196 i‘nterpretandorum
1694 3125 2054 3201 497-499
2084 3130 2275 3197 peritia

2389 2039 2649 2101 secunda,
2711 2056 2830 2108 qua:
2895 2042 3066 2095 instar
3122 2047 3415 2113 smaragdi,
3456 2045 3662 2101 femora
3718 2065 3888 2116 usque;

2388 2131 2544 2182 tertia
2567 2141 2722 2193 vero,
2768 2148 2887 2199 qua:
2919 2131 3089 2186 instar
3119 2135 3391 2203 hyacinthi
3425 2136 3740 2198 rubicnntis,
3769 2139 3892 2205 pedes

2391 2234 2580 2287 usque.
2613 2219 2811 2276 Deinde
2842 2239 2925 2274 me
2948 2239 3107 2276 manu
3150 2226 3469 2292 prehensum
3498 2243 3622 2280 cum
3656 2228 3715 2279 ad
3742 2229 3888 2281 deser-

2386 2319 2498 2364 tum
2517 2309 2658 2363 istud
2679 2325 2929 2376 maguum
2943 2312 3438 2380 reduxissetzTolle,
3456 2315 3715 2384 iuquit,iu
3734 2317 3888 2370 culum

2389 2399 2579 2454 oculos
2609 2410 2751 2454 tuos.
2781 2400 3020 2456 Sublatis
3044 2401 3389 2474 501-503
3419 2421 3550 2474 ergo
3591 2408 3776 2474 oculis,
3795 2409 3893 2462 stel-

2386 2485 2490 2540 lam
2517 2501 2759 2554 magnam
2801 2487 3028 2556 fulguris
3063 2491 3233 2544 instar
3280 2495 3538 2562 conspexi
3566 2512 3686 2562 qua:
3715 2497 3763 2548 in
3791 2498 3893 2550 duas

2385 2588 2568 2646 partes
2597 2576 2769 2631 divisa
2796 2579 2925 2630 mihi
2960 2581 3012 2632 in
3044 2591 3206 2647 caput
3235 2582 3436 2638 decidit

2385 2667 2583 2722 deserti
2621 2683 2706 2722 me
2735 2669 2977 2732 deduxit,
3028 2671 3116 2724 ubi
3151 2673 3302 2726 multi
3343 2677 3670 2730 crescebant
3729 2688 3892 2740 sentes.

2383 2759 2604 2814 etinter
2658 2762 2865 2816 medios
2894 2771 3074 2816 sentes
3125 2765 3346 2820 arbores
3396 2765 3747 2838 infrugiferae.
3791 2770 3891 2822 Dein

2383 2849 2448 2903 ad
2484 2853 2774 2906 tentorium
2807 2867 3056 2921 magnum
3099 2864 3151 2908 et
3205 2856 3484 2922 pulchrum
3541 2875 3628 2914 me
3661 2862 3889 2928 perduxit,

2381 2939 2532 3007 cujus
2563 2950 2764 3006 partem
2813 2944 3119 2998 interiorem
3153 2945 3279 2999 dum
3331 2948 3745 3016 perlustrarcrn,
3794 2968 3892 3006 ecce

2387 3032 2440 3084 in
2474 3031 2645 3097 ipsius
2674 3032 2851 3086 medio
2881 3049 3048 3102 agnus
3082 3045 3219 3102 erat,
3248 3045 3300 3091 et
3329 3036 3446 3092 fons
3475 3055 3632 3106 aquae
3665 3043 3808 3096 lactis
3833 3044 3891 3092 in.

2380 3130 2494 3175 star
2515 3122 2822 3177 albicantis.
2849 3123 3031 3192 Agnus
3053 3133 3230 3180 autem
3269 3128 3369 3184 iste
3393 3131 3548 3198 quasi
3574 3133 3627 3186 in
3662 3133 3890 3186 flammam

723 3223 832 3269 est.
863 3213 942 3265 Tn
977 3215 1104 3282 ergo
1123 3215 1166 3267 si
1210 3224 1362 3270 tuum
1395 3217 1526 3269 mihi
1551 3218 1876 3283 narraveris,
1907 3234 2030 3287 ego,
2063 3221 2273 3274 volente
2303 3189 2349 3250 c
2382 3211 2523 3280 ignis
2573 3227 2870 3268 conversus
2920 3215 2972 3268 in
3029 3215 3224 3269 οωΙυηι
3279 3233 3385 3272 una
3446 3234 3570 3273 cum
3638 3236 3770 3289 aaua
3817 3223 3892 3276 ista

728 3303 952 3356 Domino
983 3303 1218 3370 Christo,
1252 3304 1429 3374 ipsum
1463 3305 1562 3360 tibi
1601 3309 1971 3376 explicaturus
2026 3327 2167 3374 sum,
2207 3327 2276 3363 ne

721 3407 860 3461 opus
892 3391 1092 3448 habeas
1124 3392 1417 3462 quidquam
1467 3394 1542 3448 illi
1597 3397 1688 3464 qui
1727 3398 1905 3462 ipsum
1962 3397 2057 3450 tibi
2111 3401 2276 3452 inter-

722 3483 1030 3552 pretabitnr
1090 3483 1422 3552 impendere.
1483 3485 1618 3537 Tum
1684 3485 2060 3543 Theodosius:
2124 3489 2272 3544 Inter

722 3573 1102 3628 dormiendmn
1141 3573 1363 3644 (inquit)
1397 3575 1579 3648 audivi
1609 3591 1792 3630 vocem
1830 3592 2097 3648 magnam.
2141 3579 2270 3648 (qua

715 3651 1136 3734 expergefactus
1189 3675 1336 3722 metu
1386 3675 1768 3722 consternatus
1803 3671 1970 3735 sum),
2012 3670 2140 3723 mihi
2186 3671 2270 3724 di-

721 3775 871 3813 cens:
907 3757 1260 3812 Perrenerunt
1289 3760 1545 3813 exercitus
1584 3757 1867 3812 Persarum
1899 3759 2274 3816 Constantino-

720 3851 904 3918 polim,
936 3865 1105 3918 quare
1131 3849 1430 3903 accelerato
1456 3865 1642 3919 gressu
1672 3849 1724 3902 in
1757 3850 1895 3903 viam
1922 3865 2269 3919 progressus,

722 3939 796 3995 ibi
831 3955 928 3992 nec
959 3955 1288 4006 quemquam
1322 3937 1452 4004 vidi,
1493 3953 1594 3993 nec
1641 3938 1934 4007 quidquam
1971 3933 2174 3995 audivi.
2216 3942 2270 3995 lu

721 4032 901 4087 cubile
931 4045 1060 4100 ergo
1087 4044 1342 4084 reversus
1377 4029 1606 4083 dormivi
1632 4029 1847 4098 vidique
1893 4046 1979 4086 me
2024 4031 2181 4100 quasi
2216 4033 2268 4085 iu

722 4123 943 4176 deserto
991 4120 1113 4174 loro
1145 4128 1306 4190 atque
1336 4119 1622 4172 admodum
1666 4119 1850 4189 amplo
1894 4123 2268 4185 constitutum,

720 4227 896 4281 eoque
950 4212 1235 4273 arietibus,
1293 4211 1509 4266 ovibus.
1569 4209 1763 4274 bobus,
1806 4211 2081 4278 iumentis,
2120 4211 2271 4276 feris,

721 4305 1058 4367 volucribus,
1109 4311 1270 4371 atque
1321 4300 1649 4355 animalibus
1704 4301 2024 4370 omnigenis,
2064 4304 2272 4356 arbori-

722 4401 935 4466 busque
986 4395 1397 4465 przettrandibus
1454 4393 1676 4458 referto,
1735 4410 1834 4448 nec
1896 4411 2000 4448 non
2059 4397 2269 4450 acervis

723 4490 975 4546 frumenti
1009 4488 1318 4556 ingentibus
1345 4487 1789 4554 quamplurimis.
1827 4487 1944 4539 Dixi
1973 4503 2101 4556 ergo
2126 4491 2265 4555 apud
2294 4516 2345 4576 υ

721 4599 809 4638 me
842 4600 858 4636 :
894 4582 1110 4635 l‘tinam
1165 4580 1297 4631 mihi
1361 4579 1612 4631 frumenti
1664 4579 1826 4644 hujus
1885 4579 2084 4646 aliquid
2124 4593 2267 4634 esset

721 4689 843 4726 cuin
900 4687 1101 4739 panper
1138 4672 1260 4724 sim.
1322 4669 1527 4722 Interea
1596 4677 1772 4722 autem
1807 4668 1932 4721 dum
1993 4667 2268 4734 animalia,

721 4766 947 4818 arbores
983 4772 1035 4815 et
1065 4762 1391 4815 frumentum
1443 4761 1615 4814 oculis
1662 4761 1949 4828 perlustro,
2007 4775 2133 4814 ecce
2182 4763 2269 4814 ac-

720 4856 880 4910 cessit
936 4855 1000 4906 ad
1037 4869 1119 4905 me
1149 4854 1230 4904 vir
1264 4853 1478 4904 cubitos
1515 4853 1905 4919 quinquaginta
1949 4851 2111 4907 altus.
2141 4865 2267 4903 cor-

723 4963 852 5016 pere
902 4947 1020 4998 auri
1071 4944 1246 4996 instar
1310 4942 1490 5011 obrysi
1555 4941 1774 5008 fulgida,
1810 4941 1995 4993 dextra
2035 4942 2267 5008 gladium

726 5040 1008 5106 ancipitem
1063 5045 1273 5095 tenens.
1329 5044 1591 5101 erantque
1643 5033 1820 5100 gladio
1875 5040 2109 5100 quatuor
2164 5033 2267 5084 im—

729 5144 915 5198 pressa
948 5125 1122 5194 sigilla
1149 5126 1322 5176 instar
1348 5123 1463 5174 auri
1507 5123 1795 5184 micantia;
1842 5121 2057 5174 sinistra
2087 5130 2268 5174 autem

726 5231 938 5276 sentum
992 5231 1240 5269 aureum.
1284 5213 1451 5276 Quem
1489 5226 1607 5262 cum
1671 5211 1734 5262 ad
1788 5227 1871 5265 me
1922 5213 2265 5265 accedentmn

728 5314 992 5369 viderem,
1030 5316 1172 5360 metu
1200 5314 1581 5358 consternatus
1612 5305 1663 5354 in
1694 5303 1879 5355 faciem
1921 5303 2140 5368 procidi.
2179 5301 2271 5352 Ille

730 5414 901 5454 autem
935 5415 1093 5451 manu
1119 5411 1231 5449 mea
1265 5397 1523 5463 prehensa
1557 5408 1638 5444 me
1665 5395 1874 5458 erigens
1900 5410 1913 5444 :
1949 5392 2022 5445 Nc
2041 5403 2270 5453 metuas,

731 5492 926 5557 inquii.
959 5486 1117 5555 500
1176 5481 1313 5545 Quid
1358 5489 1441 5534 est
1471 5480 1609 5546 quod
1645 5496 1706 5531 ex
1738 5479 2018 5548 [omnibus
2059 5477 2144 5548 in],
2172 5479 2272 5531 hoc

733 5586 945 5634 deserto
975 5573 1236 5645 optares?
1272 5572 1406 5624 Tum
1435 5586 1533 5638 ego
1560 5587 1572 5622 :
1616 5570 1832 5622 Domine
1865 5571 1956 5632 mi,
1988 5586 2090 5621 non
2118 5578 2272 5635 opta-

738 5689 844 5722 rem
879 5685 980 5738 ego
1014 5666 1156 5719 aliud
1210 5676 1370 5732 quam
1407 5659 1658 5712 frumenti
1692 5675 1899 5726 parum.
1931 5658 2222 5724 Respondit
2254 5674 2267 5708 :

732 5761 999 5829 Quidquid
1034 5759 1087 5812 in
1120 5759 1222 5810 hoc
1252 5755 1477 5808 deserto
1525 5750 1694 5807 vides.
1747 5750 1814 5801 ab
1867 5749 1966 5802 hoc
2029 5759 2270 5812 tempore

734 5865 886 5908 tuum
910 5861 1013 5914 est,
1036 5859 1238 5909 tuaque
1273 5847 1326 5900 in
1359 5851 1645 5907 potestate.
1678 5840 1875 5894 Deinde
1918 5839 2050 5892 dixit
2087 5840 2214 5891 mihi
2245 5856 2258 5889 z

2340 3355 2343 3358 .
2381 3302 2722 3359 ascendebat.
2751 3303 3012 3373 Egressus
3037 3319 3165 3373 ergo
3205 3308 3440 3360 tentorio
3488 3308 3604 3363 vidi
3659 3309 3715 3364 in
3764 3313 3892 3364 manu

2379 3391 2478 3446 viri
2528 3393 2945 3448 istius‘clavem
3001 3393 3162 3448 cubiti
3219 3395 3574 3464 longitudine,
3635 3400 3893 3466 eademque

2381 3481 2679 3544 latitudine.
2713 3498 2869 3552 quam
2904 3499 3023 3538 cum
3069 3483 3199 3538 mihi
3239 3485 3568 3551 tradidisset,
3625 3490 3736 3544 dixi
3770 3506 3782 3542 :
3811 3489 3891 3542 Do-

2378 3572 2522 3626 mine
2554 3572 2648 3634 mi,
2679 3575 2957 3640 quomodo
2987 3588 3092 3627 una
3121 3573 3390 3645 clypeum,
3423 3592 3636 3641 ensem,
3681 3590 3736 3634 et
3785 3580 3893 3633 hanc

2377 3661 2580 3716 clavem
2615 3661 2756 3716 ferre
2777 3665 3037 3732 possum?
3067 3665 3362 3734 Respondit
3386 3667 3510 3722 ille:
3545 3667 3660 3723 Hoc
3678 3677 3761 3724 est
3779 3669 3893 3738 quod

2375 3752 2472 3806 tibi
2510 3753 2561 3806 in
2594 3753 2865 3808 mandatis
2886 3755 3068 3810 datum
3099 3765 3206 3811 est.
3239 3757 3369 3811 Dum
3398 3769 3574 3812 autem
3603 3761 3689 3814 cui
3714 3762 3889 3815 clamo

2375 3843 2641 3897 traderem
2670 3844 3055 3912 cogitabundus
3080 3847 3315 3913 substiti,
3342 3857 3395 3902 te
3421 3849 3486 3902 ad
3512 3849 3760 3904 dextram
3789 3848 3892 3903 mihi

2376 3931 2679 3987 adstantem
2714 3933 2848 3997 vidi,
2889 3935 3051 4002 pallio
3101 3935 3337 3991 candido
3388 3938 3615 4006 pulchro
3650 3941 3890 4001 indutum,

2373 4029 2638 4090 caputque
2674 4023 2804 4075 tiara
2831 4023 3066 4077 cinctum
3098 4023 3382 4080 habentem
3410 4042 3424 4089 ;
3457 4029 3887 4099 tihlergoclavem

2376 4111 2590 4166 tradidi.
2630 4110 2765 4165 Tum
2804 4113 3111 4167 discedente
3145 4130 3174 4166 a
3210 4130 3293 4169 me
3327 4117 3441 4170 viro
3474 4115 3628 4182 isto,.
3681 4135 3779 4186 ego
3805 4135 3889 4169 ima

2373 4210 2424 4255 et
2490 4211 2547 4256 tu
2576 4202 2793 4256 domum
2825 4213 3063 4258 nestram
3115 4205 3325 4273 petituri
3360 4205 3670 4272 abivimus;
3710 4209 3891 4262 obviam

2374 4299 2553 4344 autem
2594 4296 2809 4346 murum
2867 4294 3212 4357 offendimus,
3241 4296 3326 4359 qui
3369 4295 3507 4347 viam
3542 4299 3702 4351 nobis
3751 4300 3894 4351 inter-

2373 4383 2554 4448 clusit,
2585 4383 2796 4435 cubitos
2829 4385 3087 4437 ducentos
3135 4385 3374 4454 longum.
3412 4385 3529 4439 Dixi
3566 4403 3700 4455 ergo
3730 4386 3892 4452 τουσι.

2375 4471 2536 4525 modo
2565 4473 2649 4525 fiet
2684 4482 2740 4525 ut
2780 4488 2989 4524 murum
3033 4472 3176 4526 hunc
3215 4471 3440 4525 transire
3473 4474 3790 4539 possimus?
3824 4474 3890 4525 his

2373 4563 2497 4616 dum
2523 4564 2768 4631 occupati
2794 4563 3016 4630 fuimus,
3051 4578 3178 4617 ecce
3214 4565 3382 4616 lucem
3422 4564 3645 4632 fulguris
3685 4564 3889 4617 instare

2369 4653 2507 4705 cmlo
2535 4651 2951 4706 descendentem
3003 4650 3136 4712 vidi,
3185 4648 3306 4720 quae
3350 4669 3469 4708 cum
3502 4651 3668 4723 50$
3699 4669 3886 4706 murum

2370 4743 2516 4795 illum
2549 4742 2849 4809 deiecisset,
2891 4743 3280 4806 transivimus;
3341 4754 3450 4796 tum
3499 4752 3550 4797 te
3586 4744 3888 4798 inclamantc

2370 4841 2714 4900 experrectus
2755 4848 2873 4885 sum
2887 4875 2898 4885 .

2443 4922 2581 4975 Dixit
2606 4923 2677 4977 illi
2718 4923 3049 4991 Theophilus
3082 4940 3097 4977 :
3139 4922 3197 4976 Si
3234 4939 3356 4976 vere
3390 4923 3563 4978 visum
3600 4933 3752 4977 tuum
3778 4921 3883 4975 mihi

2346 5010 2643 5073 -retuleris,
2673 5010 2911 5063 futurum
2944 5018 3024 5062 cst
3061 5020 3115 5062 ut
3140 5021 3194 5062 tu
3227 5026 3317 5063 rex
3344 5011 3561 5079 cligaris
3590 5029 3605 5074 ;
3639 5014 3882 5066 somnium

2369 5120 2496 5172 ergo
2545 5105 2635 5159 tibi
2690 5104 3111 5171 interpretabor.
3161 5105 3432 5157 Desertqu
3490 5105 3616 5157 illud
3670 5107 3880 5170 amplum

2371 5194 2912 5258 mundusest;arietes
2934 5202 2988 5246 ct
3023 5207 3169 5252 oves,
3205 5192 3444 5244 homines
3467 5199 3614 5247 sunt.
3642 5201 3750 5242 tam
3783 5188 3882 5237 boui

2371 5285 2526 5353 quam
2564 5284 2706 5341 mali,
2732 5284 2822 5351 qui
2853 5284 3107 5336 mundum
3136 5280 3689 5346 incolunt;jumenta,
3710 5278 3880 5334 Cra‘ci;

2369 5355 2658 5436 volucres,
2725 5375 2880 5426 urbes
2938 5382 2991 5426 et
3045 5373 3235 5440 oppida
3298 5370 3632 5436 univcrsim;
3690 5371 3886 5423 arbom

2370 5467 2660 5522 consiliarii
2689 5479 2742 5519 et
2781 5466 2965 5518 duces.
3002 5463 3062 5516 lli
3094 5479 3280 5516 omnes
3311 5472 3361 5514 te
3401 5463 3451 5514 in
3485 5472 3653 5532 regno
3692 5473 3779 5514 tuo
3805 5474 3882 5509 eo-

2372 5561 2499 5612 lent.
2544 5557 2752 5610 Leoncs
2791 5572 2917 5609 vero
2955 5555 3098 5623 regni
3137 5554 3322 5607 hostes
3366 5563 3494 5607 sunt
3526 5572 3540 5606 :
3572 5554 3776 5622 gladius
3799 5565 3886 5602 an.

2373 5666 2523 5717 eeps,
2557 5651 2639 5699 lex
2668 5649 2949 5712 exterique
2967 5645 3174 5698 Veteris
3204 5654 3256 5694 et
3292 5641 3421 5694 Novi
3474 5639 3800 5697 Testamenti
3832 5638 3886 5686 li-

2373 5742 2488 5803 bri;
2551 5749 2784 5807 quatuor
2845 5738 3020 5805 sigilla
3087 5735 3265 5800 gladio
3332 5733 3620 5799 impressa.
3674 5735 3883 5804 quatuor

2371 5830 2650 5894 Evangelia
2683 5848 2693 5881 :
2737 5828 2908 5884 acervi
2942 5824 3208 5886 frumenti,
3232 5835 3476 5892 magnam
3500 5833 3661 5887 opum
3693 5815 3881 5884 copiam

3481 2602 3497 2640 :
3541 2596 3657 2638 tum
3683 2591 3756 2644 Had
3785 2589 3892 2642 latus
3977 2644 3980 2656 ,
