4038 6500
307 509 456 570 mat

1720 507 2081 569 ANNALES.

3385 506 3520 574 l0?!

297 605 367 660 in
417 622 577 678 regno
606 618 696 662 tuo
730 611 985 664 denotant
1023 627 1036 665 :
1077 613 1325 666 columna
1384 611 1519 666 lucis
1565 627 1670 680 qua
1699 611 1856 665 indu-
1885 613 1928 671 Α
1956 613 2264 683 episcopum
2321 613 2884 686 llicrosolyinitanum,
2953 615 3170 680 litteris,
3219 599 3364 683 ipsos
3408 629 3508 667 una

295 706 405 751 tus
435 713 512 760 es,
550 699 638 752 Dei
673 700 725 752 in
761 710 812 754 te
841 702 1086 771 gratiam,
1123 719 1224 771 qua
1258 703 1453 778 sgeculo
1481 712 1570 756 tuo
1597 702 1811 761 ﬂorebis
1840 719 1855 755 :

293 802 431 846 tres
465 793 631 846 stella:
664 811 781 858 qme
808 804 858 847 te
893 779 1200 857 cinxerunt,
1235 796 1499 863 baptisma
1523 809 1630 862 quo
1658 795 1856 849 tinctus

291 898 369 937 es
427 884 478 935 iu
525 884 741 939 nomine
795 887 972 938 Patris
1021 897 1074 937 et
1129 886 1244 938 Filii
1285 895 1336 939 et
1377 886 1608 954 Spiritus
1663 886 1854 939 sancti.

293 972 482 1026 Stella
515 990 631 1037 qua:
657 991 686 1029 e
711 977 849 1030 cmlo
872 976 923 1028 in
954 987 1113 1043 caput
1145 987 1292 1030 tuum
1328 977 1626 1036 descendit,
1658 991 1854 1030 corona

293 1065 404 1108 tua
442 1061 584 1125 regia
616 1072 719 1124 ρει,
745 1077 904 1129 quam
948 1072 1004 1114 ut
1064 1064 1240 1116 vidisti
1293 1066 1344 1117 iu
1399 1067 1527 1118 duas
1565 1074 1744 1132 partes
1777 1065 1857 1118 di-

292 1150 448 1211 vidi,
480 1152 548 1202 ita
601 1151 836 1204 futurum
867 1162 947 1206 est
974 1163 1029 1207 nt
1053 1157 1159 1207 sint
1190 1157 1280 1207 tibi
1339 1159 1465 1209 dum
1530 1172 1722 1228 regnas
1758 1155 1853 1210 ﬁlii

292 1242 444 1294 duo.
478 1241 668 1295 Sontes
695 1253 744 1296 et
768 1246 987 1298 arbores
1017 1246 1361 1314 infrugilerze.
1383 1257 1567 1315 gentes
1590 1257 1712 1300 sunt
1738 1262 1854 1314 qua;

291 1330 357 1382 in
407 1332 685 1384 Domimun
727 1333 998 1387 Christum
1059 1352 1163 1389 non
1220 1339 1460 1390 credunt.
1519 1337 1852 1397 Tcntorium,

293 1421 554 1476 Ecclesia
583 1431 664 1476 est
697 1442 710 1476 :
749 1439 918 1494 agnus
955 1441 1110 1494 quem
1148 1427 1200 1480 in
1259 1428 1377 1493 ejus
1439 1427 1615 1480 medio
1651 1426 1852 1484 vidisti,

294 1510 651 1565 Eucharistia
720 1531 734 1566 :
800 1529 936 1581 aqua
989 1516 1108 1567 lacti
1179 1515 1410 1576 similis,
1464 1516 1750 1582 baptisma,
1804 1522 1858 1566 et

289 1603 762 1667 quemadmodum
797 1606 978 1658 vidisti
1018 1619 1212 1673 agnum
1259 1606 1428 1658 instar
1457 1603 1681 1658 [inmune
1720 1604 1859 1670 ignis

289 1707 436 1743 cum
474 1708 611 1758 aqua
640 1694 694 1747 in
729 1694 924 1749 celum
946 1696 1254 1755 ascendere,
1291 1698 1361 1748 ita
1396 1709 1461 1748 eo
1485 1694 1724 1748 ascendit
1760 1694 1858 1744 Eu-

289 1784 587 1837 charis'ia.
621 1784 965 1855 505-507
991 1785 1192 1848 Clavis,
1221 1794 1457 1853 potestas
1495 1793 1577 1840 est
1609 1785 1699 1838 tibi
1731 1786 1856 1837 data

292 1873 374 1924 ad
403 1872 707 1940 praefectum
732 1874 978 1928 Ecclesire
1010 1876 1257 1928 mandato
1283 1886 1371 1927 tuo
1397 1874 1854 1928 constituendum.

293 1960 395 2014 Tu
427 1971 604 2017 autem
637 1965 762 2017 mihi
784 1966 986 2018 clavem
1009 1965 1300 2029 tradidisti,
1325 1966 1375 2017 id
1404 1946 1597 2017 estime
1623 1967 1854 2030 patriar-

299 2054 476 2106 cliant
512 2055 828 2109 constitues.
889 2055 1071 2122 Murus
1109 2064 1310 2117 autem,
1360 2071 1458 2123 pax
1497 2063 1580 2107 est
1615 2063 1669 2107 ct
1709 2065 1855 2106 tran-

292 2143 550 2209 quillitas
575 2145 624 2196 in
656 2159 820 2212 regno
854 2154 947 2196 tuo
974 2129 1170 2195 futura.
1206 2142 1326 2195 llaec
1358 2143 1454 2196 visi
1486 2143 1558 2194 tui
1588 2143 1854 2212 interpre-

292 2232 445 2288 tatio
487 2244 588 2288 est.
623 2233 930 2301 Respondet
959 2231 1303 2287 Theodosius
1332 2250 1345 2285 :
1374 2232 1540 2298 Quam
1593 2234 1729 2288 belle
1761 2233 1854 2302 (mi

298 2325 505 2390 frater)
537 2324 918 2392 interpretatus
967 2326 1062 2378 es!
1105 2325 1212 2394 Ego
1245 2325 1386 2378 enim
1423 2335 1478 2377 ut
1507 2327 1606 2378 sim
1644 2341 1759 2386 rex,
1803 2335 1854 2378 tu

293 2415 643 2482 patriarcha,
705 2416 831 2468 illud
883 2417 1133 2484 estquod
1187 2431 1458 2483 nunquam
1516 2417 1627 2470 fieri
1659 2425 1854 2484 potest.

304 2503 512 2560 Verum
544 2521 707 2575 surge
742 2517 802 2561 ut
829 2521 933 2560 una
971 2506 1036 2560 ad
1065 2521 1202 2575 opus
1234 2517 1480 2560 nostrum
1545 2507 1858 2576 proﬁcisca-

297 2612 458 2650 mur.
493 2596 769 2664 Progressi
797 2604 972 2650 autem
1011 2611 1131 2650 cum
1169 2596 1416 2650 homines
1461 2596 1525 2650 ad
1569 2597 1853 2652 ecclesiam

296 2689 516 2742 itantes
563 2695 850 2741 cernerent
911 2696 1212 2756 rogarunt:
1253 2687 1507 2752 Quanam
1558 2699 1697 2742 esset
1755 2689 1857 2743 iste

298 2777 470 2834 dies?
500 2793 529 2831 a
563 2779 757 2846 quibus
788 2794 1103 2847 responsum
1136 2780 1400 2842 tulerunt,
1439 2779 1737 2834 Ecclesiam
1767 2796 1860 2849 pe-

302 2870 479 2923 timus
514 2872 574 2921 ut
617 2869 892 2922 videamus
917 2885 1072 2936 quem
1113 2870 1270 2922 nobis
1295 2886 1472 2938 regem
1497 2871 1762 2925 electurus
1787 2872 1857 2926 sit

305 2962 480 3015 Deus.
527 2959 669 3013 Dixit
692 2975 820 3028 ergo
855 2960 1183 3030 Theophilus
1210 2961 1540 3023 Theodosio.
1576 2964 1777 3018 Eamus
1803 2973 1856 3017 et

304 3067 416 3104 nos
447 3066 552 3104 una
581 3065 704 3104 cum
732 3050 953 3119 reliquis
982 3052 1047 3105 ad
1079 3052 1360 3106 ecclesiam
1387 3065 1402 3103 :
1449 3052 1633 3105 forsan
1673 3068 1856 3106 verum

247 3133 257 3146 ’
307 3141 556 3195 futurum
611 3151 690 3194 est
727 3141 1055 3196 insomnium
1101 3151 1272 3208 tuum.
1305 3141 1439 3196 Cum
1482 3152 1658 3195 autem
1690 3145 1860 3198 eccle-

303 3233 450 3322 siam
475 3230 699 3300 ingressi
724 3239 988 3293 orassent,
1016 3232 1152 3286 dixit
1178 3233 1475 3298 Theophilo
1496 3233 1858 3300 Theodosius,
1886 3265 1926 3322 ϐ

309 3321 504 3378 VeStes
541 3333 669 3377 sunt
695 3324 850 3378 nobis
880 3325 1134 3392 squalida:
1161 3333 1214 3378 et
1239 3324 1397 3388 tritae,
1435 3341 1574 3394 pone
1603 3342 1732 3396 ergo
1767 3327 1856 3379 ho-

307 3416 492 3470 mines
522 3413 903 3478 consistamus,
937 3423 994 3468 ut
1024 3415 1151 3482 quid
1189 3415 1428 3469 futurum
1463 3416 1854 3471 sicvideamus.

303 3503 451 3558 Cum
477 3518 606 3574 ergo
627 3502 792 3558 ﬁnitis
827 3503 1018 3564 sacris,
1047 3511 1349 3557 cessassent
1413 3505 1678 3569 homines,
1733 3523 1858 3559 ecce

308 3595 434 3648 avis
489 3609 679 3662 magna
733 3609 836 3647 ore.
874 3610 974 3648 suo
1011 3608 1264 3648 coronam
1298 3610 1364 3648 cx
1416 3595 1532 3650 luce
1565 3607 1777 3656 tenens,
1805 3600 1856 3651 in

307 3700 477 3755 quam
513 3700 635 3738 cum
670 3685 804 3738 duas
841 3683 1001 3738 horas
1033 3685 1219 3739 oculos
1277 3686 1635 3741 intendissent
1686 3687 1860 3741 ltOtui-

308 3793 414 3832 nes
443 3790 464 3830 τ
493 3776 768 3840 Miserere,
796 3791 828 3828 ο
858 3776 1096 3841 Domine,
1149 3777 1568 3846 ingeminantes.
1605 3779 1860 3834 advolaus

309 3868 407 3922 illa
439 3881 693 3921 coronam
729 3867 883 3919 istam
907 3867 1135 3920 lucidam
1170 3867 1462 3921 Theodosii
1497 3870 1660 3937 capiti
1693 3870 1862 3938 impo-

311 3957 449 4022 snit,
481 3958 638 4023 cujus
673 3973 804 4024 ergo
836 3958 1012 4010 statim
1045 3959 1109 4012 ad
1139 3961 1307 4012 altare
1337 3960 1554 4027 gestati,
1588 3961 1858 4014 vestibus-

309 4064 422 4117 que
461 4048 603 4103 tritis
627 4049 885 4116 squalidis
913 4050 1079 4111 exuti,
1129 4058 1292 4118 atque
1343 4050 1661 4104 indumento
1713 4051 1860 4119 regio
1897 4095 1900 4099 .

310 4137 522 4201 amicti,
545 4137 705 4205 capiti
737 4139 982 4191 diadema
1015 4139 1221 4206 regium
1279 4140 1444 4210 508
1499 4157 1620 4194 cum
1685 4142 1858 4211 impo—

309 4227 536 4289 suisset,
592 4227 799 4295 ipsique
861 4229 1224 4283 benedixisset
1274 4233 1577 4298 episcopus,
1645 4247 1787 4300 equo
1826 4249 1856 4286 e

313 4318 482 4386 regiis
518 4318 754 4383 quodam
791 4328 978 4373 vectus
1023 4328 1128 4378 est,
1172 4321 1406 4372 nondum
1449 4321 1559 4374 haec
1590 4339 1707 4389 qua:
1756 4324 1857 4377 sibi

311 4408 624 4462 evenissent
659 4411 906 4471 credens,
940 4409 1278 4467 cingentibus
1319 4411 1492 4478 ipsum
1524 4413 1862 4466 consiliariis

311 4508 368 4552 et
424 4498 655 4552 ducibus
703 4498 873 4552 donec
911 4500 973 4550 ad
1006 4499 1172 4553 Dar-il
1203 4501 1384 4565 Balat,
1409 4504 1460 4554 id
1491 4515 1565 4555 est
1608 4507 1857 4569 palatium

1960 720 2084 760 cum
2120 706 2398 774 episcopis
2437 706 2550 758 suis
2585 705 3048 776 ConstantinOpoli
3091 703 3282 758 adesse
3327 705 3510 772 jussi',

1967 803 2022 846 ut
2052 794 2117 846 de
2165 794 2266 847 (ide
2301 795 2598 848 christiana
2629 793 3010 862 disquirerent,
3061 811 3290 862 eamque
3343 796 3511 862 expli-

1961 897 2134 942 catam
2188 889 2496 943 hominibus
2541 889 2749 943 darent.
2798 889 3172 944 Convenerunt
3233 906 3364 960 ergo
3415 907 3506 960 pa-

1957 979 2203 1031 triarchae
2229 995 2346 1031 cum
2371 980 2636 1047 episcopis
2671 965 2790 1034 suis
2821 981 3369 1050 Constantinopolim,
3402 997 3507 1034 uno

1955 1073 2177 1131 excepto
2210 1064 2438 1116 Damaso
2471 1066 2777 1134 patriarcha
2830 1065 3092 1131 Romano,
3127 1071 3217 1136 qui
3257 1070 3370 1136 ipse
3401 1085 3506 1121 non

1956 1153 2119 1212 venit,
2144 1161 2194 1203 at
2216 1153 2280 1204 ad
2306 1151 2667 1206 Theodosium
2692 1147 2868 1207 verain
2893 1154 3050 1214 ﬁdem
3085 1154 3323 1224 [eamque
3345 1158 3510 1225 expli-

1956 1243 2128 1288 catam
2165 1236 2506 1307 509511
2545 1249 2593 1292 et
2630 1241 2951 1308 expositam,
2986 1243 3226 1310 scripsit.
3275 1244 3510 1312 Congre-

1959 1325 2063 1391 gati
2097 1336 2220 1378 sunt
2278 1343 2404 1396 ergo
2464 1329 2936 1396 Constantinopoli
2999 1334 3241 1401 episcopi
3292 1348 3510 1387 erutum

1959 1415 2368 1481 quinquaginta.
2406 1411 2629 1470 Concilii
2675 1421 2924 1486 praasides
2969 1433 3119 1475 erant
3169 1424 3506 1486 Timotheus,

1960 1505 2262 1572 patriarcha
2296 1507 2713 1570 Alexandrinus,
2749 1511 2990 1564 Melctius
3025 1514 3408 1575 Antioclicinis,
3457 1524 3506 1566 et

1959 1596 2192 1664 Cyrillus
2237 1597 2732 1668 Hierosolymorum
2788 1602 3111 1669 episcopus;
3163 1592 3510 1672 quibus-tra-

1959 1687 2090 1739 didit
2120 1685 2456 1741 Theodosius
2491 1690 2784 1757 imperator
2807 1692 3013 1745 litteras
3049 1693 3258 1748 Damasi
3286 1699 3508 1762 patriar-

1960 1777 2073 1830 cha:
2105 1778 2353 1838 Romani,
2391 1779 2440 1828 in
2501 1779 2700 1846 quibus
2739 1779 2896 1832 ﬁdem
2936 1798 3112 1834 veram
3151 1784 3512 1851 descripserat

1960 1876 2119 1932 atque
2149 1870 2510 1934 esplicaverat
2547 1888 2558 1922 :
2594 1870 2789 1937 quibus
2839 1871 2988 1924 let-tis
3032 1883 3085 1926 et
3131 1875 3414 1940 expositis.
3451 1875 3504 1926 in

1960 1959 2224 2018 eamdem,
2253 1973 2412 2024 quam
2449 1959 2560 2026 ipse
2597 1964 2909 2027 scripserat,
2956 1963 3075 2016 ﬁdei
3103 1965 3502 2016 confessionem

1961 2053 2589 2128 consenserunt.,l}einde
2617 2055 3232 2123 lllacedouiiopinioncm
3284 2060 3346 2109 ad
3379 2074 3508 2128 exa-

1962 2155 2079 2192 men
2117 2126 2456 2201 revocarunt,
2486 2142 2641 2208 enjus
2669 2144 2911 2196 doctrina
2949 2145 3066 2206 fuit,
3104 2146 3360 2212 Spiritum
3386 2126 3510 2200 sau-

1961 2233 2104 2280 ctum
2149 2243 2254 2280 non
2305 2243 2429 2282 esse
2484 2228 2671 2293 Deum,
2727 2246 2908 2283 verum
2973 2242 3232 2296 creatum,
3285 2232 3508 2287 factum.

1964 2314 2102 2368 Dixit
2149 2331 2277 2383 ergo
2318 2315 2658 2381 Timotheus,
2700 2319 3000 2386 patriarcha
3051 2321 3445 2374 Alexandrinus
3491 2336 3530 2377 ει

1961 2405 2074 2459 Non
2130 2393 2272 2459 aliud
2317 2407 2453 2475 apud
2521 2424 2618 2462 nos
2675 2409 2940 2477 signiﬁcat
3003 2409 3236 2477 Spiritus
3292 2422 3511 2466 sanctus

1960 2513 2117 2565 quam
2144 2497 2401 2565 Spiritum
2454 2499 2544 2553 Dei
2576 2515 2591 2564 ;
2630 2514 2735 2552 non
2762 2509 2841 2554 est
2873 2510 3048 2553 autem
3103 2500 3336 2575 Spiritus
3394 2500 3509 2564 Dei,

1962 2589 2108 2642 aliud
2142 2605 2300 2658 quam
2338 2589 2447 2643 vita
2490 2589 2702 2659 ipsius;
2752 2593 2796 2644 si
2835 2607 2962 2659 ergo
2994 2592 3292 2645 dixerimus
3339 2591 3510 2660 Spiri-

1963 2690 2075 2733 tum
2112 2689 2359 2734 sanctum
2417 2690 2658 2736 creatum
2715 2697 2856 2748 esse,
2913 2683 3202 2737 asseriuius
3250 2683 3506 2750 Spiritum

1964 2771 2055 2825 Dei
2079 2781 2318 2825 creatum
2351 2757 2471 2826 eSse
2499 2787 2514 2837 ;
2563 2772 2646 2826 sin
2675 2772 2934 2842 Spiritum
2971 2773 3059 2826 Dei
3101 2782 3336 2824 creatum
3369 2786 3507 2849 esse,

1965 2861 2124 2914 vitam
2154 2862 2313 2915 etiam
2355 2862 2527 2930 ipsius
2557 2873 2792 2916 creatam
2841 2863 3199 2931 esse;.quod
3255 2864 3298 2915 si
3345 2863 3506 2915 vitam

1962 2949 2133 3018 ipsius
2153 2961 2385 3003 creatam
2419 2949 2883 3018 allirmavcrimus,
2904 2934 3308 3006 autumarenms
3331 2952 3504 3019 ipsum

1963 3042 2069 3094 vita
2105 3056 2321 3106 carere;
2351 3050 2510 3110 atque
2555 3041 2659 3094 hoc
2710 3051 3024 3096 asserentes
3071 3044 3285 3112 penitus
3335 3043 3508 3108 ipsum

1961 3132 2376 3202 abnegabimus:
2411 3131 2499 3198 qui
2529 3139 2706 3184 autem
2741 3129 2907 3183 Deum
2947 3140 3107 3198 negat
3139 3132 3510 3184 maledictionc

1964 3220 2159 3290 dignus
2190 3228 2292 3273 est.
2322 3219 2740 3274 Consenticntes
2768 3236 2897 3287 ergo
2926 3220 2993 3277 in
3017 3220 3317 3274 Macedonii
3348 3240 3375 3270 ιι
3402 3222 3538 3272 alc-'

1959 3309 2274 3372 dictionem,
2307 3310 2482 3376 ipsum
2534 3323 2656 3362 cum
2717 3309 2944 3363 asseclis
2993 3309 3107 3364 suis
3160 3309 3507 3368 devoverunt,

1959 3415 2058 3453 nec
2105 3415 2210 3452 non
2242 3397 2584 3466 patriarchas
2643 3397 2746 3465 ipsi
2807 3398 3177 3461 succedentes,
3227 3399 3317 3466 qui
3371 3399 3508 3450 idem

1956 3505 2077 3543 cum
2125 3491 2238 3556 ipso
2267 3489 2584 3543 docuerunt.
2636 3486 3030 3541 Maledixerunt
3065 3490 3222 3541 etiam
3274 3487 3508 3541 Sabellio

1959 3582 2138 3650 Libya:
2173 3581 2332 3650 512
2366 3580 2626 3649 episcopo
2656 3580 2882 3647 ejusque
2913 3581 3158 3643 asseclis,
3187 3582 3326 3645 quod
3357 3594 3505 3633 assc-

1960 3683 2101 3727 reret
2131 3671 2368 3734 Patrem,
2415 3670 2630 3735 Filium,
2663 3679 2715 3724 et
2749 3670 3008 3737 Spiritum
3060 3681 3303 3725 sanctum
3349 3688 3508 3725 unam

1957 3781 2078 3819 esse
2109 3780 2430 3834 personam;
2469 3779 2677 3816 necnon
2710 3747 3044 3830 Apollinario
3075 3765 3303 3832 ejusque
3323 3780 3512 3830 sequa«

1957 3857 2132 3919 cibus,
2173 3855 2318 3924 quod
2369 3855 2660 3908 allirmarct
2705 3870 2904 3922 corpus
2951 3854 3154 3908 Christi
3208 3855 3508 3909 intellectus

1957 3962 2151 4015 expers
2188 3962 2330 4001 esse.
2372 3945 2541 3999 Porro
2573 3945 2892 3998 deﬁnierunt
2948 3944 3209 4012 Spiritum
3261 3958 3506 4018 sanctum

1959 4047 2252 4093 creatorem
2283 4053 2405 4092 esse
2434 4045 2489 4090 et
2534 4037 2856 4095 increatum,
2895 4036 3060 4089 Deum
3111 4053 3313 4102 verum,
3367 4041 3510 4107 ejus-

1957 4132 2078 4185 dem
2109 4146 2229 4183 cum
2250 4129 2408 4183 Patre
2427 4139 2480 4184 et
2511 4127 2645 4181 Filio
2669 4138 2890 4189 naturae,
2916 4128 3276 4182 substantiam
3314 4147 3472 4184 uuam
3491 4172 3506 4194 ,
3565 4196 3571 4202 ι

1959 4232 2200 4274 naturam
2239 4236 2395 4273 unam
2422 4237 2436 4283 ;
2464 4220 2722 4272 addentes
2755 4217 2874 4269 tidei
2907 4218 3160 4288 Symbolo
3190 4224 3330 4287 quod
3359 4236 3509 4272 eom-

1959 4319 2254 4378 posuerunt
2280 4309 2500 4364 trecenti
2532 4307 2826 4363 octodecim
2872 4311 3134 4378 episcopi,
3170 4310 3260 4377 qui
3315 4307 3510 4362 Nicazn

1960 4411 2322 4454 convenerant
2359 4419 2370 4455 :
2411 4400 2476 4452 Et
2509 4402 2560 4453 in
2619 4401 2876 4463 Spiritum
2929 4412 3168 4455 sanctum
3231 4401 3509 4452 Dominum

1962 4493 2322 4557 riviﬁcautem,
2353 4493 2443 4558 qui
2469 4508 2532 4544 ex-
2584 4491 2741 4545 I‘atre
2768 4495 3021 4561 procedit,
3073 4495 3158 4561 qui
3200 4511 3312 4543 cum
3355 4493 3510 4544 Patre

313 4589 545 4657 regium,
591 4589 767 4654 ipsum
804 4589 1172 4653 deduxissent,
1230 4591 1421 4644 deinde
1482 4597 1851 4648 redeuntibus.

1960 4592 2007 4634 et
2051 4581 2190 4634 Filio
2216 4583 2374 4635 simul
2429 4586 2686 4635 atloratur
2737 4597 2781 4637 et
2843 4585 3286 4654 congloriﬁcatur.
3350 4584 3511 4647 quue

389 4679 673 4746 Imperavit
734 4696 860 4744 ergo
916 4679 1250 4733 Theodosius
1307 4683 1581 4745 Romanis,
1649 4689 1737 4750 qui
1804 4702 1856 4738 et

313 4768 654 4822 Theodosius
689 4767 910 4831 Magnus
943 4772 1236 4836 appellatus
1271 4785 1372 4830 ρει,
1407 4789 1576 4826 annos
1612 4788 1758 4838 septe
1779 4793 1853 4826 m-

316 4860 513 4920 decim,
547 4859 705 4925 idque
735 4875 878 4910 anno
903 4863 1047 4926 regni
1077 4862 1315 4926 Saporis,
1357 4864 1446 4915 lilii
1480 4864 1702 4932 Saporis
1733 4865 1859 4915 Pcr-

317 4963 499 5000 sarum
536 4949 699 5014 regis,
727 4951 1133 5016 quadragesimo
1159 4954 1422 5005 seeiiudo.
1449 4953 1582 5004 Tum
1617 4954 1862 5007 Theodo—

315 5035 454 5091 sitim
511 5053 689 5099 regem
746 5041 1132 5093 convenientes
1195 5043 1484 5094 consiliarii
1531 5053 1582 5095 et
1623 5046 1857 5109 ιιι-Μυκη

316 5129 564 5180 dixerunt
603 5129 701 5193 ipsi
741 5145 754 5180 :
788 5127 1219 5197 Corrttpliesttnt
1252 5135 1526 5186 hominum
1555 5139 1856 5196 sententiae,

317 5218 636 5279 pra-valente
668 5218 804 5282 apud
841 5218 982 5282 ipsos
1015 5222 1118 5270 Arii
1143 5231 1195 5272 et
1238 5222 1525 5274 Macedonii
1563 5223 1802 5276 doctrina
1831 5242 1844 5287 ;

317 5307 415 5358 hoc
445 5315 651 5371 ergout
674 5322 851 5366 cures,
883 5302 1141 5377 iidemque
1171 5309 1526 5368 Christianam
1588 5316 1858 5367 deli-usam

318 5396 570 5456 explices,
601 5396 789 5448 litteris
812 5398 876 5450 ad
907 5415 1091 5452 omnes
1126 5403 1458 5465 patriam-has
1494 5411 1544 5454 et
1578 5405 1857 5471 episcopos

319 5485 478 5544 datis,
505 5486 795 5537 Convenire
816 5503 908 5538 eos
932 5488 1136 5555 jubeas,
1164 5499 1217 5541 ut
1238 5491 1302 5541 de
1334 5492 1431 5543 hac
1466 5508 1521 5544 re
1552 5494 1855 5560 dispiciunt,

333 5573 599 5646 ﬁdemque
635 5575 979 5627 Christianam
1003 5579 1317 5644 explicatam
1343 5582 1488 5634 dent.
1525 5582 1859 5637 Theodosius

319 5676 444 5728 ergo
484 5680 571 5714 rex
615 5666 827 5729 scriptis
867 5668 927 5717 ad
959 5668 1293 5721 Timotheum
1333 5673 1689 5737 patriarcham
1735 5675 1857 5727 Ale-

322 5751 666 5812 xandrinum,
726 5754 990 5808 llr-lotium
1040 5762 1396 5824 patriarclmn
1441 5764 1854 5826 Antiochenum,

326 5836 607 5895 Damasum
666 5846 1030 5909 patt'iarchum
1101 5849 1437 5912 nostratium,
1492 5862 1541 5904 et
1604 5856 1854 5918 Cyrillum

1963 4675 2102 4739 quod
2141 4675 2363 4727 trecenti
2403 4675 2702 4728 octodecim
2739 4676 2826 4727 isti
2856 4677 2907 4728 in
2958 4675 3076 4728 lidei
3113 4691 3268 4742 quam
3330 4675 3510 4725 edide-

1962 4774 2085 4815 runt
2113 4765 2453 4818 confessione
2487 4767 2750 4820 dixissent
2780 4777 2988 4820 tantum
3015 4786 3024 4820 :
3071 4766 3132 4817 Et
3175 4769 3223 4816 iu
3255 4768 3506 4829 Spiritum

1961 4863 2215 4905 sanctum.
2275 4853 2591 4909 Statuerunt
2616 4859 2777 4909 etiam
2820 4856 3055 4920 Patrem,
3095 4857 3282 4908 Filium
3317 4868 3366 4907 et
3394 4857 3509 4920 Spi-

1963 4944 2122 4994 ritum
2157 4955 2427 5009 sanctum,
2481 4956 2590 4999 tres
2626 4964 2744 5001 esse
2799 4963 3078 5015 personas,
3121 4957 3226 4998 tres
3262 4951 3508 5014 livposta-

1962 5049 2066 5094 ses,
2098 5044 2147 5085 et
2180 5043 2288 5087 tres
2320 5038 2698 5102 proprietates,
2752 5038 3013 5089 unitatem
3050 5041 3102 5090 in
3146 5039 3428 5098 'l‘rinitate,
3457 5048 3507 5090 et

1962 5123 2275 5175 Trinitatem
2327 5129 2377 5176 in
2408 5129 2630 5187 unitate,
2662 5129 2950 5180 essentiam
2991 5145 3147 5181 unam
3182 5129 3229 5178 in
3263 5131 3506 5194 personis

1962 5215 2153 5274 tribus,
2185 5215 2346 5267 Deum
2387 5233 2574 5278 unum,
2611 5219 2965 5270 suliSIautiam
3025 5237 3201 5279 unam,
3259 5232 3500 5270 naturam

1963 5323 2116 5357 uuam
2147 5323 2159 5369 ;
2200 5322 2404 5358 necnon
2444 5324 2640 5375 corpus
2677 5309 2883 5361 Domini
2913 5312 3110 5363 Christi
3141 5313 3316 5362 anima
3348 5313 3503 5362 intel-

1963 5397 2140 5462 ligcnti
2180 5399 2428 5449 rationali
2464 5401 2763 5465 praeditum.
2799 5401 2962 5452 Porro
3001 5404 3286 5468 quemdam
3311 5419 3370 5453 cx
3416 5419 3500 5453 sa—

1961 5489 2217 5541 tellitibus
2266 5491 2426 5556 regiis
2485 5493 2697 5542 nomine
2751 5489 3070 5552 Victoriuin,
3143 5496 3496 5559 patriarchain

1960 5579 2610 5644 Constantinopolitanum
2680 5581 3130 5646 constituerunt;
3203 5594 3501 5634 statuerunt

1958 5673 2116 5723 etiam
2153 5670 2507 5736 patriarcltam
2553 5672 2848 5721 Romanum
2875 5672 3066 5722 ordine
3092 5674 3317 5737 primum
3344 5672 3455 5720 fore
3486 5689 3496 5729 ;

1960 5762 2634 5826 ConstantiImpulitanum.
2678 5765 2972 5816 secundum
3007 5782 3018 5824 ;
3054 5763 3499 5821 Alexandrinum,

2281 5853 2673 5907 Antioche-num
2756 5872 2878 5908 vero
2940 5864 3212 5918 quantum.

1960 5857 2213 5917 tertium;
2281 5856 2673 5907 Antioche-num
2756 5872 2878 5908 vero
2940 5864 3212 5918 quantum.
3280 5856 3467 5919 lipiscu
