4138 6506
599 307 732 374 1023

1590 316 1947 377 EUTYCHH
1978 315 2497 378 ALEXANDRINI
2531 314 2743 376 PATR-

3650 313 3782 378 102$

601 435 736 490 pum
799 408 961 478 etiam
1017 406 1562 492 llierosolymitanum
1626 427 1782 480 titulo
1833 427 2149 494 patriarcha:
2178 427 2223 484 Α
2247 437 2293 480 et
2325 415 2542 481 vescere.
2580 426 2795 480 Dicente
2829 423 2957 478 illo:
3000 423 3364 493 Nequaquam,
3392 425 3629 486 nomine,
3665 426 3796 478 nihil

600 513 949 584 513-515
973 513 1259 581 or'narunt,
1311 533 1431 573 cum
1467 519 1615 588 prius
1648 522 1932 588 episcopus
1977 529 2144 580 esset,

603 614 700 652 nec
735 603 855 668 quis
889 615 1009 655 ante
1037 603 1165 657 illud
1197 616 1409 673 tempus
1433 607 1734 674 patriarcha
1772 607 2150 678 llier05olymis

609 693 916 763 praafuisset
949 711 962 755 ;
999 695 1153 760 eique
1183 694 1357 746 locum
1395 697 1639 763 quintum
1671 698 2036 766 assignarunt,
2074 709 2152 750 at-

605 799 708 852 que.
735 783 841 853 [his
878 782 1135 853 peractis]
1167 783 1558 838 discesserunt.

677 873 794 925 lam
838 887 865 924 a
900 873 1130 926 concilio
1161 874 1333 940 primo
1384 875 1762 943 episeoporum
1794 855 2151 929 tr/ecentorum

606 965 924 1024 octodecim,
963 964 1052 1032 qui
1104 965 1154 1016 in
1223 964 1350 1018 urbe
1378 965 1585 1018 Nicarna
1640 965 2030 1030 com'cnerunt,
2090 970 2152 1021 ad

609 1055 908 1108 secundum
953 1054 1053 1107 hoc
1091 1057 1142 1105 in
1198 1070 1304 1119 quo
1352 1056 1813 1121 Constantinopoli
1848 1059 2156 1125 congregati

608 1152 733 1194 sunt
766 1144 1001 1211 episropi
1037 1152 1250 1195 centum
1285 1143 1692 1211 quinquaginta,
1723 1145 1811 1212 qui
1847 1145 2158 1212 Macedonio

609 1231 831 1296 ejusque
859 1231 1183 1296 sequacibus
1222 1230 1636 1293 uialedixernut,
1674 1233 1803 1286 anui
1839 1243 1964 1285 sunt
2001 1235 2162 1302 quin-

609 1320 867 1384 quaginta
923 1329 1065 1371 octo.
1109 1319 1276 1372 Porro
1327 1319 1641 1376 Timotheus
1697 1323 2000 1390 patriarcha
2036 1325 2157 1376 Ale-

613 1410 902 1460 xandrinus
927 1411 1265 1476 patriarchis,
1295 1413 1561 1476 episcopis
1585 1424 1634 1465 et.
1663 1415 1940 1466 monachis
1967 1429 2154 1477 carne,

536 1500 539 1501 ⁷
612 1499 762 1552 festis
805 1499 1114 1562 fimuiuicis,
1153 1501 1290 1552 vesci
1333 1502 1591 1568 permisit,
1627 1502 2040 1556 Manichaeorum
2072 1504 2163 1572 qui

611 1584 860 1642 saduth
899 1590 1144 1656 appellati
1171 1599 1295 1643 sunt
1315 1606 1501 1656 causa,
1527 1601 1584 1646 ut
1617 1594 1685 1646 ita
1719 1594 1958 1661 dignosci
1991 1601 2166 1660 posset

611 1697 641 1732 e
672 1691 778 1748 pati
795 1680 990 1731 iarehis
1007 1689 1058 1733 ct
1079 1681 1346 1749 episcopis
1378 1683 1622 1748 quisnam
1649 1683 1970 1736 Manichaius
1991 1687 2164 1746 esset;

2248 521 2383 571 enim
2416 535 2639 587 unquam
2683 519 3006 569 immundum
3060 528 3151 568 aut
3191 520 3447 582 impurum
3503 517 3698 570 comedi
3729 519 3794 571 “.

2252 609 2446 663 Vocem
2479 607 2716 662 set-nudo
2751 611 2815 660 ad
2853 608 3024 675 ipsum
3070 608 3278 660 venisse
3310 624 3323 659 :
3359 608 3625 676 Quidquid
3671 624 3798 675 pur-

2253 702 2448 768 gaverit
2498 699 2653 763 Deus,
2706 708 2761 750 tu
2810 715 2870 752 ne
2906 699 3167 766 polluite:
3200 713 3260 751 ac
3313 715 3432 750 eum
3474 700 3572 752 hoc
3606 699 3680 752 illi
3718 707 3803 750 trr

2255 811 2280 843 a
2318 809 2446 845 voce
2480 793 2764 858 repetitum
2814 790 3021 854 fuisset,
3079 807 3304 845 rursum
3365 792 3420 845 in
3477 794 3672 845 cmluin
3705 810 3802 846 su—

2257 883 2458 935 blatmn
2520 882 2688 936 fuisse
2737 881 2984 935 linteum.
3037 881 3336 935 Confirmat
3395 891 3571 935 autem
3637 883 3736 934 hoc
3773 899 3801 932 a

2260 973 2418 1027 Petro
2449 974 2674 1033 dictum,
2723 989 2844 1027 cum
2888 989 3026 1026 unus
3059 990 3088 1026 e
3127 974 3396 1040 primariis
3452 975 3716 1040 apostolis
3745 989 3798 1027 et

2261 1066 2376 1118 fidei
2413 1065 2682 1118 columnis
2730 1063 2909 1126 fuerit,
2970 1064 3125 1128 cuius
3183 1063 3404 1134 [dicta]
3462 1065 3696 1130 recipere
3748 1078 3794 1114 t'l

2263 1153 2508 1221 amplecti
2543 1154 2713 1209 decet,
2752 1151 3120 1204 illittLDomini
3154 1153 3356 1205 ChriSIi
3397 1153 3623 1214 factum,
3649 1155 3793 1219 quod

2266 1251 2496 1295 mactato
2529 1252 2842 1296 vc5eoretur
2869 1251 2919 1294 et
2959 1243 3165 1308 quzevis
3220 1244 3472 1294 animalia
3521 1258 3614 1295 esu
3652 1243 3799 1295 licita

2264 1348 2404 1387 esse.
2467 1333 2644 1398 Quare
2705 1333 2998 1399 suspicioni
3056 1333 3322 1386 obnoxius
3375 1332 3431 1385 fit
3499 1333 3806 1400 quicunque

2267 1425 2445 1477 carnis
2474 1439 2623 1477 esum
2676 1434 2956 1476 aversatus
2997 1422 3153 1476 fuerit
3185 1433 3238 1476 et
3271 1425 3505 1476 alienum
3555 1438 3613 1477 se
3645 1437 3672 1475 a
3710 1423 3812 1473 llo-
3877 1424 3888 1434 ‘

2271 1515 2396 1568 nzini
2433 1515 2603 1569 uestri
2637 1515 2837 1568 Christi
2893 1516 3142 1568 instituto
3196 1515 3432 1567 ostendit
3484 1525 3536 1567 et
3571 1531 3596 1566 a
3653 1514 3814 1566 Petro

2270 1603 2633 1668 apostolorum
2664 1605 2945 1672 eoryplneo
2972 1620 2985 1665 ;
3034 1604 3169 1656 adeo
3203 1613 3259 1656 ιιι
3295 1603 3569 1656 sententia
3602 1613 3812 1665 nostra,

2273 1693 2517 1760 quisquis
2550 1701 2780 1747 mactato
2818 1708 2922 1745 non
2993 1701 3256 1756 vescatur,
3289 1693 3530 1760 religioni
3565 1694 3816 1746 christia-

618 1777 678 1820 ιιι
723 1769 826 1820 hoc
863 1777 1017 1834 pacto
1045 1768 1289 1820 carnium
1323 1785 1415 1820 esu
1470 1772 1620 1823 irrita
1669 1770 1988 1824 redderetur
2018 1771 2161 1839 ipso-

2270 1801 2346 1838 na:
2372 1785 2705 1837 contradicat
2743 1796 2794 1838 et
2847 1785 3258 1838 Maniclucorum
3317 1794 3518 1839 Sectam
3581 1795 3813 1844 astruat,

588 1870 732 1909 ‘rum
786 1859 974 1927 religio
1007 1867 1058 1908 et
1100 1860 1440 1911 solxerentur
1491 1861 1655 1929 leges.
1713 1859 1988 1914 Manichzei
2025 1861 2166 1914 enim

616 1958 980 2002 neeiuactarc
1017 1949 1216 2002 animal
1275 1949 1484 2002 licitum
1547 1954 1772 2014 ducunt,
1828 1966 1928 2004 nec
1985 1965 2170 2012 earnc,

615 2039 697 2091 vel
736 2040 841 2090 alio
876 2041 1126 2107 quopiam
1165 2038 1306 2107 quod
1345 2041 1413 2094 ab
1446 2041 1720 2095 animante
1778 2025 2047 2110 provenit,
2087 2043 2169 2093 ul-

619 2133 832 2184 latenus
862 2139 1176 2182 vescuntur.
1211 2129 1567 2198 Mctmpolita:
1622 2143 1796 2185 autem
1837 2145 1890 2186 et
1919 2135 2164 2202 episcopi

579 2258 585 2265 -
616 2223 851 2293 i‘Egyptii
899 2225 1139 2292 plerique
1170 2224 1445 2279 Maniehzei
1479 2233 1654 2279 erant.
1691 2225 2016 2280 l'atriarchaz
2044 2243 2171 2296 ergo

617 2317 923 2379 orthodoxi,
963 2333 1083 2368 cum
1118 2317 1387 2383 episc0pis
1411 2325 1462 2370 et
1498 2317 1798 2377 menacbis.
1831 2335 1992 2373 carne
2027 2321 2161 2383 Sitis,

629 2405 780 2458 festis
815 2405 1128 2466 Dominicis,
1167 2408 1566 2472 vesiebautur;
1629 2407 2044 2462 Manicliteornm
2077 2425 2170 2461 au-

621 2506 726 2548 tem
761 2499 1139 2564 ιιιιςινοριιιιιειξ.
1178 2514 1296 2549 eum
1334 2498 1603 2566 cpiSCopis
1637 2507 1688 2552 et
1725 2499 2006 2553 monachis
2030 2500 2170 2565 suis,

621 2587 689 2638 iis
725 2587 1088 2649 abstinebant,
1125 2597 1283 2655 atque
1321 2603 1505 2640 carum
1559 2591 1672 2641 vice
1723 2589 1959 2656 piscibus
1989 2605 2172 2644 resre-

626 2677 844 2736 bantur,
879 2693 970 2731 eos
1001 2679 1183 2730 carnis
1220 2679 1336 2730 loco
1385 2688 1673 2746 ponentes.
1730 2695 1850 2733 cum
1907 2682 2080 2747 pisces
2115 2683 2168 2733 in

622 2767 976 2821 animantium
1015 2784 1238 2820 numero
1269 2771 1397 2821 sint.
1462 2767 1571 2822 lloc
1609 2772 1998 2824 observabatur
2035 2781 2172 2823 tem-

622 2875 751 2928 pore
783 2858 952 2912 Manis
987 2859 1147 2930 516
1209 2861 1440 2914 haéreiici
1507 2863 1751 2914 infidelis.
1785 2863 1897 2928 Ipsi»
1949 2879 2072 2914 vero
2123 2873 2174 2914 et

621 2953 738 3017 ejus
803 2951 1026 3003 asseclis
1070 2968 1097 2999 e.
1163 2953 1334 3000 melio
1375 2952 1620 3013 sublatis,
1670 2955 1867 3005 reversi
1909 2963 2034 3005 sunt
2079 2971 2172 3021 pa-

625 3042 874 3094 triarclia-
926 3042 1236 3106 orthodmi,
1289 3059 1407 3094 cum
1468 3043 1734 3109 episcopis
1790 3054 1840 3096 et
1899 3045 2174 3097 mana-his

625 3135 763 3194 suis,
797 3135 860 3184 ad
898 3135 1208 3185 institutum
1251 3148 1408 3185 suum
1465 3134 1745 3201 antiquum
1776 3143 1829 3186 et
1862 3148 1888 3185 a
1932 3136 2173 3189 carnium

600 3238 720 3276 eesu
764 3223 915 3278 feStis
955 3223 1247 3276 Dominicis
1280 3223 1645 3276 abstinebant.
1682 3224 1859 3290 Inquit
1897 3223 2024 3276 Said
2059 3225 2172 3276 Ebn

629 3314 809 3366 Batrik
869 3315 1149 3366 medicinze
1187 3315 1489 3376 studiosus,
1552 3331 1655 3366 non
1699 3315 1946 3382 permisit
1999 3298 2178 3367 Tim-o-

629 3406 787 3458 theus
821 3407 1123 3473 patriarcha
1159 3404 1558 3456 Alexandrinus
1590 3403 1709 3456 ideo
1740 3405 1998 3459 carnibus
2032 3406 2175 3459 vesci

630 3495 783 3550 festis
837 3494 1154 3555 Dominicis.
1208 3495 1350 3562 quod
1411 3493 1685 3547 Manichrei
1728 3495 1982 3563 appellati
2025 3494 2179 3549 Sadi-

628 3585 727 3639 kzei
764 3599 948 3640 earum
980 3585 1093 3637 rice
1124 3584 1361 3650 piscibus
1393 3593 1633 3644 utantur,
1661 3600 1848 3637 vermn
1883 3586 2028 3655 quod
2061 3601 2180 3641 car-

629 3679 779 3731 nium
813 3689 906 3728 esu
941 3674 1276 3726 immolatum
1333 3673 1626 3737 innuebat;
1658 3675 1834 3746 pisces
1869 3685 2047 3730 autem
2086 3693 2181 3746 pro

631 3767 906 3822 immolato
939 3781 1042 3818 non
1074 3766 1358 3818 habentur.
1414 3765 1528 3816 Atia
1588 3781 1716 3818 vero
1758 3744 2178 3819 ‘Manichrcornm

633 3867 778 3911 secta
812 3872 931 3925 qua:
963 3855 1308 3916 Samniacun,
1349 3853 1397 3905 id
1430 3862 1514 3907 est
1571 3856 1787 3923 piscarii
1822 3856 2178 3924 appellantur,

635 3952 816 4015 pisces
871 3943 1248 4003 comedebaut,
1301 3943 1445 4011 quod
1508 3943 1540 3995 ii
1596 3959 1692 4011 pro
1737 3945 2015 3997 immolato
2074 3962 2177 3998 non

637 4038 968 4098 habeantur;
1004 4046 1054 4086 at
1089 4035 1154 4085 ab
1183 4050 1276 4084 esu
1309 4035 1509 4092 carnis,
1547 4036 1687 4102 quod
1750 4036 2025 4088 immolata
2063 4037 2182 4088 fue-

637 4129 708 4180 rit
744 4123 1249 4180 abSIinent.Verum
1311 4134 1494 4178 errant
1547 4127 1705 4178 etiam
1757 4126 2037 4179 Man’ichaai
2087 4143 2181 4191 ap-

638 4218 817 4286 pellati
839 4215 1089 4279 Saitikei,
1121 4216 1210 4281 qui
1248 4215 1418 4283 pisces
1451 4216 1567 4269 loco
1589 4217 1774 4269 carnis
1804 4217 2025 4276 habent,
2057 4232 2178 4269 cum

643 4307 901 4360 Dominus
933 4306 1181 4357 Christus
1216 4320 1405 4358 carnes
1435 4304 1766 4368 comederit;
1821 4307 1964 4360 unde
1995 4321 2181 4360 neces-

640 4399 784 4451 sario
822 4397 1072 4449 omnibus
1119 4395 1209 4463 qui
1248 4395 1400 4446 fidem
1448 4395 1800 4447 cbristianam
1863 4397 2184 4468 profitentur
2219 4397 2626 4455 Dabstinebant
2680 4409 2838 4461 quam
2898 4410 2962 4445 ne
3017 4393 3480 4458 dignoscerentur.

643 4487 923 4549 incumbit,
960 4495 1016 4537 ut
1047 4499 1208 4538 carne
1243 4493 1558 4546 vescantur,
1589 4485 1793 4534 Domini
1829 4485 2000 4537 nostri
2030 4487 2186 4537 Chri-

644 4579 713 4632 sti
769 4577 1034 4645 exemplo,
1086 4594 1192 4628 uno
1242 4576 1430 4628 saltem
1489 4575 1780 4644 quotannis
1844 4576 1950 4631 die.
1987 4593 2089 4643 quo
2125 4578 2189 4629 ab

647 4669 842 4722 animis
875 4667 988 4720 suis
1037 4667 1347 4732 scrupulum
1404 4674 1706 4721 amoveant.
1741 4673 1902 4733 atque
1935 4667 2186 4718 omnibus

649 4771 835 4813 notum
875 4758 1075 4811 faciant
1103 4757 1406 4808 contrarios
1469 4757 1564 4808 ire-
1605 4771 1662 4808 se
1717 4756 1973 4823 improha:
2023 4756 2190 4807 Mani-

649 4851 914 4900 chzcorum
935 4855 1110 4900 serta'.
1139 4847 1190 4898 ln
1219 4846 1365 4897 Actis
1385 4859 1509 4896 vero
1540 4843 2188 4910 scriptumcst",l’etrum,

651 4956 772 4992 cum
811 4940 859 4990 in
917 4940 1048 4990 urbe.
1074 4936 1238 5004 Joppe
1265 4945 1408 4989 esset
1451 4936 1594 4988 domi
1630 4935 1845 4988 coriarii
1884 4933 2191 5001 cujusdam,

654 5032 741 5083 cui
774 5044 967 5082 nomen
1007 5029 1219 5089 Simon,
1256 5040 1415 5093 atque
1451 5028 1644 5078 mdium
1682 5037 1876 5078 tectum
1921 5027 2050 5076 hora
2089 5023 2191 5074 dici

656 5130 802 5173 sexta
837 5129 1047 5172 oratum
1083 5117 1506 5178 conscendisset,
1547 5131 1744 5169 somno
1785 5115 1930 5182 gravi
1983 5128 2197 5177 correp-

658 5220 767 5258 ium
800 5205 1136 5266 dormivisse,
1169 5217 1324 5272 atque
1361 5203 1716 5273 517-519
1745 5204 1944 5274 interea
2001 5203 2193 5254 eoelnm

659 5306 899 5363 apertum
941 5295 1162 5359 vidisse,
1216 5296 1356 5348 unde
1389 5296 1670 5349 descendit
1703 5295 1923 5345 linteum
1960 5292 2096 5357 quod
2131 5290 2194 5342 ad

660 5398 858 5438 terram
897 5401 1068 5454 uSque
1101 5367 1442 5454 pertingeret,
1473 5387 1523 5436 iu
1561 5400 1666 5451 quo
1691 5383 1933 5451 cujusvis
1959 5382 2198 5448 quadru-

664 5475 877 5543 pedium
916 5478 1128 5544 generis
1165 5492 1281 5544 que
1339 5474 1566 5527 interra
1620 5484 1742 5526 sunt
1798 5473 1973 5538 aliqua
2025 5480 2198 5527 erant.

632 5566 1010 5633 ,ferarmnque
1068 5573 1136 5625 et
1178 5566 1452 5634 reptilium
1515 5573 1565 5615 et
1621 5562 1935 5621 volucrium,
1994 5574 2203 5625 unaque

666 5669 844 5716 vocem
863 5655 1394 5716 audiissedicenfcm,
1440 5657 1594 5714 Heus,
1627 5652 1772 5702 Pelre
1826 5666 1989 5714 surge,
2033 5659 2198 5698 niuem

848 5767 962 5822 Act.
993 5785 1042 5829 Χ,
1090 5770 1145 5819 l3
1182 5783 1260 5826 sq.

2270 1879 2512 1942 exceptis
2547 1878 2868 1944 patriarchis
2903 1886 2955 1929 et
2994 1876 3264 1943 episcopis
3293 1886 3345 1928 ct
3383 1877 3470 1942 qui
3499 1877 3659 1927 vitam
3697 1891 3816 1928 m0-

2274 1966 2534 2019 nasticaiu
2578 1966 2806 2031 professi
2862 1966 3098 2027 fuerint;
3147 1981 3269 2016 eum
3329 1965 3378 2015 hi
3437 1965 3614 2016 carnis
3663 1979 3817 2016 esum

2274 2071 2376 2106 non
2408 2065 2664 2122 respuant
2698 2054 2838 2121 quod
2877 2069 3001 2107 eum
3053 2052 3297 2105 illicitum
3336 2059 3538 2118 putent,
3570 2049 3660 2103 scil
3693 2051 3820 2102 abs-

2276 2125 2510 2199 tinentia:
2533 2154 2585 2198 et
2610 2145 2916 2198 rererentim
2937 2145 3126 2202 gratia.
3150 2142 3287 2206 Quin
3312 2153 3364 2195 et
3381 2140 3548 2194 ϐιωθί
3583 2155 3665 2195 res
3687 2155 3819 2193 suas

2264 2243 2406 2304 aqua
2441 2237 2600 2305 520
2650 2236 2868 2289 abluere
2900 2237 3207 2293 noluerunt,
3244 2231 3634 2299 complerique
3663 2232 3815 2299 ipso-

2272 2343 2388 2380 rum
2446 2326 2717 2379 Manichmi
2771 2335 2988 2379 essent:
3024 2323 3291 2376 Manichmi
3334 2330 3510 2374 autem
3563 2323 3816 2375 lotioneni
3889 2319 3903 2335 '

2270 2433 2402 2484 aqua
2433 2415 2780 2483 peragendam
2803 2429 2906 2466 non
2929 2413 3174 2482 probant,
3197 2413 3367 2480 Atque
3393 2411 3477 2465 bis
3496 2411 3650 2481 longo
3679 2420 3822 2463 tem-

2279 2507 2426 2575 poris
2460 2506 2688 2558 decursu
2715 2503 3062 2565 confirmatis,
3097 2503 3268 2554 adhuc.
3295 2503 3522 2554 instituti
3554 2501 3636 2554 sui
3669 2508 3822 2554 tena-

2273 2611 2362 2646 ces
2426 2602 2658 2652 manent,
2715 2607 2778 2643 ne
2826 2606 3016 2658 aquam
3069 2591 3131 2639 ad
3175 2589 3455 2641 lavandum
3516 2588 3819 2640 adhibeant.

2275 2686 2353 2736 Ab
2373 2698 2506 2751 aqua
2531 2691 2702 2734 autem
2722 2681 2783 2732 ad
2815 2681 3093 2733 lavandum
3117 2679 3412 2731 adhibenda
3439 2693 3529 2731 eos
3556 2677 3822 2731 abstinere.

2273 2772 2459 2826 dicunt
2498 2772 2759 2832 nonnulli,
2793 2773 2859 2823 ob
2893 2772 3158 2824 inti-nsum
3201 2770 3431 2836 regionis
3457 2784 3585 2835 suae,
3613 2783 3823 2831 unaque
3870 2765 3878 2776 ’

2271 2880 2421 2930 ιιιιιιιξ
2455 2863 2507 2916 in
2555 2878 2613 2915 ea
2651 2863 2839 2928 frigus,
2871 2862 2998 2913 adeo
3022 2870 3078 2912 ut
3108 2861 3238 2926 ipsis
3267 2860 3456 2929 frigida
3491 2875 3548 2912 se
3577 2861 3822 2915 abluere,

2273 2965 2460 3025 hyeme
2519 2956 2838 3022 prmscrtim,
2879 2953 3291 3021 haudquaquam
3357 2951 3622 3018 expediat,
3673 2950 3824 3002 idco-

2275 3061 2378 3110 que
2403 3060 2498 3097 nec
2528 3045 2693 3112 ipsam
2724 3045 2792 3096 ob
2816 3043 3025 3111 frigoris
3058 3043 3441 3096 vehementiam
3465 3049 3821 3119 contrectant:

2347 3134 2754 3187 lllanichzeornm
2789 3150 2912 3185 vero
2939 3132 3044 3186 duo
3072 3134 3300 3192 suut,uti
3334 3132 3442 3200 jam
3475 3132 3676 3186 dictum
3712 3141 3820 3196 est,

2275 3233 2491 3292 genera.
2544 3223 2634 3276 alii
2669 3222 2938 3276 Samakiui
2976 3223 3058 3289 (id
3089 3225 3200 3290 est)
3231 3222 3444 3289 piscarii
3482 3237 3497 3285 ;
3529 3221 3616 3273 alii
3666 3221 3826 3274 Sadi-

2278 3315 2412 3368 kiiii.
2493 3313 2766 3368 Samakini
2845 3314 3158 3377 przcstitutis
3217 3313 3420 3380 aliquot
3484 3312 3820 3380 singulorum

2279 3406 2542 3460 mensium
2617 3405 2807 3459 diebus
2859 3403 3140 3471 jejunant;
3201 3403 3444 3457 Sadikini
3502 3410 3678 3457 autem
3716 3400 3823 3470 ’per

2279 3504 2442 3548 totam
2495 3494 2655 3546 vitam
2711 3494 2980 3562 jejunant,
3040 3493 3169 3545 nihil
3215 3507 3434 3561 prorsus
3485 3492 3625 3544 aliud
3661 3506 3823 3558 quam

2279 3587 2420 3655 quod
2454 3585 2766 3654 produxerit
2805 3594 2943 3638 terra
2973 3583 3336 3636 comedentes.
3377 3582 3510 3634 Cum
3547 3596 3672 3647 ergo
3702 3580 3824 3634 fidei

2279 3675 2589 3730 christiana!
2623 3674 3014 3743 professionem
3074 3673 3127 3725 in
3157 3687 3215 3726 se
3279 3675 3614 3740 susciperent
3667 3670 3819 3725 Sadi-

2283 3765 2412 3826 kini,
2444 3772 2737 3819 metuentes
2791 3779 2855 3816 ne
2885 3763 2927 3816 si
2981 3778 3012 3816 a
3066 3762 3309 3816 carnium
3347 3778 3441 3815 esu
3473 3763 3824 3822 abstinerent,

2282 3859 2498 3925 quinam
2533 3864 2717 3910 essent
2755 3863 3061 3923 perspecto,
3121 3863 3290 3906 morte
3324 3851 3680 3915 afficerentur,
3722 3853 3823 3908 sibi

2283 3949 2414 4016 ipsis
2448 3947 2650 4013 jejuuia
2685 3945 3102 4008 constituentes,
3155 3944 3224 3998 ob
3259 3943 3395 3998 festa
3427 3943 3740 3998 Nativitatis
3774 3954 3826 3997 et

2284 4038 2340 4091 Β.
2375 4038 2608 4106 Virginis
2661 4045 2714 4089 et
2750 4037 3112 4105 apostolorum
3169 4034 3502 4102 jejunari'int,
3539 4050 3567 4086 a
3601 4035 3822 4101 piscium

2282 4145 2374 4182 esu
2413 4129 2532 4181 istis
2584 4125 2805 4193 ieiuniis
2845 4141 2902 4180 se
2936 4127 3296 4187 continentes,
3351 4125 3492 4191 quod
3535 4125 3652 4178 ideo
3692 4124 3824 4178 fece-

2286 4230 2409 4272 runt
2449 4228 2504 4271 ut
2553 4218 2667 4270 dies
2697 4217 2820 4269 anni
2868 4216 3172 4283 jejunantes
3235 4215 3595 4276 absolverent,
3655 4229 3824 4282 neque

2286 4309 2441 4360 aliam
2497 4309 2566 4359 ob
2599 4321 2818 4358 causam
2861 4305 3087 4372 piscium
3142 4318 3235 4355 esu
3288 4303 3430 4355 inter
3475 4303 3821 4370 jejnuandum

3559 4391 3821 4444 Suecessu

2292 4487 2481 4540 deinde
2532 4488 2784 4552 temporis
2841 4485 3094 4535 diuturno
3137 4480 3483 4550 521-523
3542 4482 3714 4535 evenit
3770 4488 3824 4530 ut

2293 4577 2526 4641 ipsorum
2565 4575 2761 4626 factum
2818 4574 2918 4625 hoc
2961 4573 3305 4623 imitarentur
3348 4570 3681 4626 Nestoriaui.
3721 4569 3822 4622 Ja-

2291 4663 2546 4714 Cobila‘et
2575 4661 2864 4720 Marouitm,
2907 4664 3041 4728 apud
3076 4674 3209 4725 quos
3236 4661 3332 4734 hoc
3359 4662 3406 4711 in
3441 4677 3640 4712 morem
3676 4661 3818 4711 abiit.

2293 4753 2425 4805 Tum
2456 4764 2507 4805 et
2541 4753 2846 4806 Grzecorum
2883 4750 3248 4802 Mclehitarnm
3285 4750 3527 4802 nonnulli
3578 4752 3676 4801 hoc
3707 4765 3822 4818 pro-

2293 4843 2500 4902 bantes,
2541 4841 2676 4892 idem
2709 4841 2866 4892 etiam
2918 4842 3014 4906 ipsi
3061 4855 3246 4894 eorum
3283 4840 3525 4905 exemplo
3564 4838 3820 4898 fecerunt,

2295 4932 2514 4999 piscium
2551 4946 2699 4982 esum
2735 4929 3065 4996 jejuniornm
3113 4930 3338 4981 istorum
3393 4944 3511 4995 quae
3548 4929 3820 4982 recensui-

2297 5035 2413 5070 nms
2446 5028 2679 5085 tempore
2707 5019 3046 5080 omitteutcs;
3097 5016 3167 5067 illi
3206 5016 3468 5082 prrceipue
3504 5031 3691 5074 eorum
3733 5015 3816 5082 qui

2297 5113 2349 5162 in
2390 5111 2694 5173 regionibus
2749 5110 2944 5175 degunt
2981 5110 3029 5158 in
3066 5109 3261 5175 quibus
3320 5107 3705 5159 lilohammedis
3747 5122 3819 5157 re-

2297 5203 2418 5267 ligio
2477 5200 2664 5252 floret:
2724 5199 2864 5265 quod
2924 5208 3098 5250 tamen
3161 5195 3820 5249 ncceconsuetudinilms

2299 5285 2582 5336 traditione
2636 5284 2891 5345 acceptis,
2953 5297 3048 5334 nec
3084 5297 3111 5334 ε
3150 5283 3306 5335 rebus
3363 5283 3610 5333 mandato
3650 5283 3820 5348 aliquo

2299 5375 2547 5428 Stabilitis
2581 5376 2717 5437 apud
2753 5375 2895 5437 ipsos
2932 5379 3033 5425 est.
3069 5371 3238 5426 Graeci
3275 5374 3415 5424 enim
3465 5373 3722 5426 Melchitze
3752 5369 3819 5438 pi-

2299 5466 2467 5516 scium
2527 5480 2620 5515 csn
2679 5464 2888 5515 duobus
2942 5463 3131 5514 diebus
3212 5457 3530 5528 insignibus,
3588 5462 3818 5514 \idelicet

2303 5555 2548 5607 Mercurii
2587 5562 2637 5607 ct
2695 5552 2941 5612 Veneris,
3001 5567 3092 5617 per
3148 5562 3310 5602 totum
3373 5552 3496 5602 anni
3547 5552 3816 5604 decursum

2305 5646 2593 5705 alistiueut,
2633 5652 2687 5694 ut
2728 5653 2776 5694 et
2814 5643 2896 5692 die
2932 5640 3247 5706 παραμονῆς
3299 5638 3529 5707 [r’qiliu'l
3566 5655 3666 5704 quo
3708 5647 3815 5688 ante
