4038 6520
184 424 306 486 1025

176 620 510 689 Epiphaniam
540 618 828 686 praecedit;
862 617 1055 685 quibus
1084 615 1272 669 diebus
1297 615 1436 669 inter
1459 615 1703 684 ieiunan-

178 715 293 764 duut
322 710 561 777 piscibus
588 708 728 761 haud
783 718 1096 768 vescuntur,
1130 706 1254 774 quia
1289 705 1375 759 die
1398 721 1424 759 s
1459 705 1589 759 istos
1618 719 1681 756 eo

176 802 283 853 dem
317 801 432 852 luco
470 800 668 852 habent
718 811 825 865 quo
855 796 1113 863 jejunium
1168 811 1443 861 magnum.
1499 795 1704 860 Quibus

175 908 291 961 ergo
317 907 342 944 e
369 890 572 944 Cra-cis
605 892 779 941 visum
813 900 893 942 est
925 888 1127 941 Natalis
1173 888 1232 941 Β.
1260 887 1515 957 Virginis,
1547 897 1705 957 atque

178 984 531 1053 apostolorum
566 981 735 1047 gratia
790 981 1052 1049 jejunare,
1085 980 1182 1033 tria
1218 981 1318 1033 ista
1348 979 1553 1048 jejunia
1605 982 1699 1034 ob-

177 1085 402 1135 servant,
436 1056 613 1141 pisces
648 1074 860 1124 interim
896 1070 1263 1135 coincdentes,
1321 1084 1550 1138 quorum
1604 1086 1701 1123 esu

177 1163 413 1217 Mercurii
447 1163 532 1215 cui
590 1170 795 1215 tantum
827 1170 879 1215 et
904 1160 1151 1229 ,Vencris
1184 1160 1375 1213 diebus
1409 1162 1701 1211 abstinent.

180 1253 367 1305 Eodem
400 1252 627 1311 modo,si
655 1251 738 1304 cui
761 1251 930 1304 visum
953 1257 1037 1302 est
1068 1247 1255 1301 diebus
1273 1247 1515 1299 Mercurii
1547 1245 1707 1300 etVe-

177 1342 314 1393 ncris
355 1356 448 1407 per
479 1348 646 1392 totum
700 1354 899 1391 annum
954 1337 1222 1405 jejunare,
1265 1336 1339 1389 illi
1379 1337 1703 1405 permissum

173 1439 248 1482 est
274 1432 433 1482 etiam
472 1428 536 1481 ad
566 1443 761 1481 nonam
784 1427 1028 1495 jejunare
1053 1435 1105 1480 et
1136 1426 1378 1494 piscibus
1409 1426 1701 1480 abstinere.

174 1517 351 1584 Neque
379 1518 521 1567 enim
554 1516 656 1567 hoc
686 1529 907 1569 necesse
944 1522 1046 1571 est.
1077 1529 1173 1567 nec
1209 1514 1438 1582 cuipiam
1479 1514 1704 1581 permis-

171 1622 286 1682 sum
334 1603 495 1674 524
527 1614 585 1657 ut
614 1604 816 1672 jejunia
852 1607 1145 1657 observans
1178 1594 1404 1671 piscium
1436 1621 1587 1659 esum
1624 1606 1705 1657 in-

175 1707 248 1747 ter
281 1693 639 1761 jejuuandum
676 1694 896 1755 abnuat,
956 1691 1054 1743 nisi
1108 1692 1298 1745 diebus
1353 1690 1604 1745 Mercurii
1654 1703 1705 1745 ct

173 1784 389 1837 Veneris
428 1783 529 1853 {uti
556 1782 664 1851 jam
695 1782 899 1835 dictum
934 1782 1039 1852 est]
1093 1790 1145 1835 et
1175 1780 1227 1833 in
1256 1781 1461 1847 jejunio
1495 1796 1705 1850 magno,

174 1888 265 1926 ncc
297 1889 403 1925 non
440 1873 579 1925 binis
614 1871 818 1938 vigiliis
854 1886 971 1938 qua:
1032 1871 1165 1923 festa
1220 1869 1423 1923 Natalis
1476 1879 1530 1923 et
1579 1871 1709 1939 Epi-

174 1964 382 2033 phanize
424 1962 752 2029 praecedunt.
790 1962 856 2012 At
913 1961 1153 2012 nonnulli
1216 1958 1523 2013 Graecorum
1580 1961 1705 2013 Mel-

173 2054 440 2106 chitarum
475 2053 528 2104 in
554 2050 796 2120 jejuniis,
841 2049 998 2102 etiam
1054 2049 1112 2102 Β.
1150 2048 1388 2118 Virginis
1418 2051 1587 2119 gratia
1617 2057 1707 2106 ob-

171 2145 469 2209 servandis,
508 2159 536 2196 a
571 2126 926 2213 pisciumesu
960 2158 1016 2197 se
1052 2144 1349 2198 continent.
1386 2144 1552 2209 Quem
1584 2159 1702 2197 ιιιοο

174 2253 278 2290 rem
298 2236 611 2289 hauserunt
647 2250 675 2287 e
715 2234 891 2303 typieo
921 2234 1092 2288 sancti
1126 2233 1238 2286 Mar
1266 2233 1453 2296 Saba);
1492 2248 1590 2317 ιιεο
1624 2244 1705 2287 est

171 2329 219 2379 in
274 2340 465 2379 eorum
523 2326 846 2379 abstinentia
902 2325 1002 2377 ista
1056 2332 1355 2392 peccatum.
1419 2324 1521 2388 Qui
1572 2324 1707 2377 alias

171 2418 360 2468 statuit
396 2416 511 2483 ipse
550 2425 751 2482 peccat,
805 2414 1014 2482 legique
1047 2415 1373 2467 contradicit
1397 2423 1449 2468 et
1482 2415 1702 2468 manda-

171 2518 275 2558 tum
313 2501 497 2559 solvit.
534 2506 603 2560 Ut
650 2515 825 2557 autem
864 2506 927 2557 ad
981 2506 1257 2557 historiam
1300 2505 1367 2557 de
1402 2504 1707 2558 Theodosio

168 2608 217 2649 it
245 2597 566 2664 TheOphilo,
620 2596 672 2648 in
722 2612 826 2663 qua
888 2598 1186 2649 enarranda
1221 2596 1442 2659 fuimus,
1474 2610 1707 2650 reverta-

170 2704 307 2741 mur.
342 2686 680 2755 Theophilus
714 2684 1003 2739 Theodosii
1058 2687 1197 2754 regis
1230 2687 1435 2741 amicus
1472 2687 1539 2739 ad
1589 2702 1712 2755 por-

170 2790 272 2832 tam
298 2780 476 2849 ipsius
513 2779 773 2848 integrum
817 2794 1013 2831 annum
1052 2786 1291 2832 moratus
1337 2779 1511 2848 ipsum
1564 2779 1708 2832 haud

167 2878 537 2923 convenerat:
592 2867 835 2937 quamvis
891 2868 1033 2921 enim
1084 2867 1323 2933 quotidie
1383 2868 1449 2920 ad
1498 2878 1705 2936 portam

170 2960 311 3027 regis
343 2958 609 3011 accedens
635 2959 902 3026 ianitores
930 2971 1165 3025 ,rogaret
1197 2966 1359 3025 atque
1396 2968 1707 3026 precaretur

170 3055 225 3098 ut
259 3049 331 3098 ab
371 3048 491 3115 ipso
531 3046 593 3097 ad
645 3061 817 3113 regem
854 3046 1096 3098 chartam
1150 3046 1442 3110 deferrent,
1493 3047 1560 3100 ab
1606 3049 1713 3101 illis

167 3137 419 3204 repulsus
453 3150 514 3190 ac
546 3138 850 3205 prohibitus
897 3135 1095 3189 fuerat.
1128 3138 1282 3189 Auno
1314 3148 1489 3190 autem
1522 3138 1707 3207 elapso
1738 3175 1781 3232 α

168 3240 298 3280 ecce
330 3226 625 3293 imperator
662 3222 1000 3278 Theodosius
1052 3223 1191 3278 inter
1227 3224 1490 3279 orandum
1527 3241 1711 3281 vocem

166 3315 378 3369 audivit
398 3330 515 3384 qua:
546 3314 644 3382 ipsi
675 3315 872 3368 diceret
902 3329 917 3366 :
941 3313 984 3367 0
1010 3312 1297 3379 Theodosi,
1324 3316 1480 3369 amici
1504 3330 1554 3371 et
1581 3319 1712 3371 socii

167 3407 244 3459 tui
282 3405 574 3473 Theophili
626 3406 822 3458 oblitus
870 3420 948 3459 es.
1000 3403 1327 3474 Dicenteque
1356 3405 1701 3461 Theodosio:

167 3494 397 3549 Domine
426 3495 520 3559 uti,
562 3503 613 3547 tu
648 3497 769 3563 quis
816 3495 917 3549 es?
970 3494 1068 3564 ipsi
1135 3496 1479 3565 responderet
1536 3513 1550 3551 :
1600 3498 1711 3568 Ego

170 3588 251 3636 vir
280 3599 406 3638 sum
440 3584 531 3652 qui
567 3594 740 3638 tecum
773 3586 826 3637 in
856 3585 1066 3638 deserto
1097 3584 1175 3637 fui
1207 3604 1219 3638 :
1279 3594 1332 3640 et
1363 3589 1707 3655 quemadmo-

164 3676 292 3728 dum
326 3685 381 3729 te
415 3690 591 3742 regem
619 3675 893 3739 constitui,
946 3677 1017 3727 ita
1050 3684 1104 3727 et
1154 3674 1505 3743 Theophilum
1537 3678 1703 3745 patri-
1735 3729 1738 3733 ,

168 3766 396 3819 archam
425 3768 719 3818 constituo.
771 3762 962 3818 Statim
1000 3780 1131 3834 ergo
1184 3766 1329 3819 misit
1377 3764 1711 3821 Theodosius

166 3854 495 3906 accersitum
520 3850 894 3920 Theophilum,
923 3869 1078 3920 quem
1108 3855 1159 3904 in
1188 3855 1529 3919 praesentiant
1556 3869 1707 3908 suam

168 3944 474 3997 admissum
509 3940 793 4011 postquam
824 3941 1168 4011 525-527
1192 3946 1361 4011 ipsum
1392 3943 1708 4009 salutasset,

168 4035 236 4087 ita
264 4034 465 4087 affatus
503 4042 585 4087 est
616 4047 704 4086 rex
738 4051 751 4087 :
790 4032 958 4086 Crede
1014 4035 1165 4095 mihi,
1199 4032 1267 4086 uti
1301 4032 1485 4097 frater,
1522 4050 1606 4087 me
1635 4035 1709 4087 tui

166 4126 401 4177 oblitum
441 4124 627 4188 fuisse,
660 4133 817 4190 teque
850 4125 977 4175 mihi
1010 4140 1038 4176 e
1074 4125 1327 4176 memoria
1367 4125 1577 4191 penitus
1610 4141 1705 4177 cx-

164 4214 392 4271 cidisse.
420 4212 589 4264 donec
624 4212 736 4263 hcri
764 4213 903 4263 inter
942 4212 1226 4272 orandum,
1279 4227 1423 4272 ecce,
1488 4226 1571 4263 me
1624 4216 1709 4264 in-

166 4306 440 4365 clamans,
472 4302 553 4353 vir
578 4302 663 4354 ille
699 4303 854 4368 quem
915 4301 967 4351 in
1010 4314 1198 4352 somno
1254 4299 1356 4350 vidi
1416 4310 1468 4351 te
1499 4301 1627 4352 mihi
1656 4302 1707 4353 iu

124 4395 127 4399 ⁷
167 4394 492 4448 memoriam
526 4394 816 4445 revocavit.
863 4388 1156 4455 Respondit
1188 4389 1556 4457 Theophilus:
1596 4392 1708 4459 Ego

1534 411 1896 472 ANNALES.
3146 411 3149 417 ’
3220 411 3323 477 109!

179 530 397 583 Natalem
450 513 717 598 jejuu‘ant,
779 541 876 581 nec
932 541 1039 579 non
1097 524 1183 579 die
1240 509 1559 595 παραμόνῆς
1605 525 1693 592 qui
1729 531 1770 584 Α
1801 521 1930 590 piat.
1961 519 2109 573 Dixit
2136 533 2262 588 ergo
2287 498 2658 586 Tthphilus:
2694 515 2799 585 Ego
2821 516 2909 570 illa
2942 514 3360 584 interpretabor.

3145 364 3441 466 sese?

1810 610 1978 663 Theta
2004 609 2232 679 primum
2262 616 2344 661 est
2374 606 2505 669 Θεὸς
2530 605 2674 674 quod
2704 614 2789 659 est
2822 606 2999 669 Deus;
3030 602 3358 668 secundum,

1813 697 2151 752 Theodosius
2207 712 2337 760 rex;
2367 694 2610 757 tertium,
2652 692 2980 761 Theophilus
3028 692 3358 761 patriarcha.

1813 791 1948 843 Tum
1982 789 2196 843 sublato
2241 788 2555 857 pavimento
2598 800 2846 855 magnam
2887 786 2989 838 sub
3020 800 3082 838 eo
3118 788 3360 854 pecuniae

1813 881 1916 933 vint
1950 881 2165 947 reperit,
2202 880 2358 947 cujus
2414 894 2533 931 eum
2590 893 2685 945 per
2736 878 2945 931 litteras
3002 876 3360 931 Theodosium

1809 985 1984 1036 regem
2017 970 2302 1022 certiorem
2358 968 2600 1029 fecisset,
2634 968 2911 1036 rescripsit
2948 968 3039 1022 ille
3074 984 3087 1019 :
3127 967 3361 1021 Pecunia

1810 1044 1911 1110 ista
1947 1058 2206 1111 ecclesias
2233 1066 2475 1111 exstrue.
2519 1057 2682 1127 528
2715 1059 2996 1113 Exstruxit
3027 1073 3155 1127 ergo
3188 1057 3363 1112 Theo-

1817 1142 2002 1216 philus
2072 1149 2383 1217 patriarcha
2459 1130 2742 1201 ecclesiam
2821 1164 3067 1218 magnam
3145 1148 3364 1203 nomine

1813 1237 2101 1293 Theodosii
2156 1239 2320 1305 regis,
2363 1254 2523 1307 quam
2563 1247 2726 1291 totam
2750 1245 2911 1293 ‘auro
2944 1241 3177 1293 obducto
3206 1253 3367 1293 orna-

1812 1329 1938 1393 vit,
1993 1330 2118 1397 quin
2172 1339 2226 1382 et
2285 1329 2420 1383 alias
2472 1328 2670 1383 multas
2722 1327 3061 1405 Alexandria:
3107 1330 3364 1383 ecclesias

1813 1418 2031 1482 Struxit,
2077 1434 2105 1472 e
2160 1434 2389 1486 quarum
2441 1427 2827 1472 numerosnnt
2876 1420 3101 1473 ecclesia
3155 1420 3366 1473 Sancta:

1809 1508 1989 1562 Maria:
2023 1518 2075 1562 et
2106 1509 2329 1563 ecclesia
2358 1507 2540 1563 Sancti
2570 1507 2817 1562 Joannis.

1908 1602 2075 1654 Porro
2103 1600 2214 1653 nati
2245 1612 2367 1654 sunt
2401 1600 2705 1653 Theodosio
2751 1601 3059 1671 imperatori
3099 1604 3205 1656 duo
3246 1602 3362 1664 filii,

1815 1706 2041 1757 quorum
2096 1699 2222 1743 natu
2282 1691 2473 1758 majori
2532 1706 2726 1745 nomen
2787 1692 2981 1745 indidit
3039 1692 3360 1758 Arcadium;

1814 1782 2028 1845 minori,
2096 1778 2391 1833 Honorium
2460 1798 2474 1835 :
2526 1782 2744 1850 quibus,
2796 1796 2915 1834 cum
2972 1784 3362 1848 adolevissent,

1822 1869 2065 1939 quaesivit
2095 1869 2185 1938 qui
2233 1870 2384 1938 ipsos
2410 1869 2615 1922 litteras
2650 1872 2889 1926 doceret.
2915 1872 3047 1926 Cum
3087 1887 3215 1941 ergo
3252 1871 3360 1925 Ro-

1829 1976 1970 2013 mam
2001 1959 2236 2015 misisset
2266 1962 2551 2029 qumsitutn
2584 1962 2754 2015 virum
2778 1964 3073 2032 sapientem
3104 1963 3192 2032 qui
3228 1964 3363 2017 libe-

1822 2064 1907 2102 ros
1940 2064 2069 2103 suos
2125 2049 2457 2115 institueret,
2513 2050 2585 2105 ibi
2641 2052 3023 2121 philosophum
3075 2053 3358 2130 quemdan

1819 2139 2038 2192 nomine
2062 2140 2321 2193 Arsauem
2356 2150 2701 2209 repererunt,
2742 2157 2902 2211 quem
2938 2143 3006 2197 ad
3043 2144 3220 2213 ips-tm
3257 2144 3361 2197 mi-

1818 2240 2024 2292 serunt,
2077 2232 2164 2298 qui
2199 2245 2327 2299 ergo
2383 2231 2506 2284 liliis
2538 2232 2683 2300 regis
2719 2231 3034 2288 erudiendis
3085 2234 3356 2288 incubuit.

1822 2318 1931 2373 ltex
1957 2330 2133 2374 autem
2162 2322 2249 2373 die
2279 2313 2536 2389 quodam,
2591 2337 2717 2375 cum
2768 2325 3030 2378 Arsanem
3073 2324 3213 2377 inter
3257 2324 3360 2378 do-

1818 2411 2045 2464 cendum
2077 2421 2242 2475 stare,
2280 2413 2403 2468 filiis
2464 2413 2632 2481 ipsius
2672 2412 3003 2481 sedentibus,
3041 2415 3363 2485 conspexis-

1819 2509 1918 2563 set,
1954 2502 2082 2553 illud
2130 2500 2477 2568 improbans:
2509 2501 2585 2555 Ne
2627 2503 2845 2573 (inquit)
2877 2504 2977 2557 hoc
3023 2505 3189 2558 facias
3226 2521 3242 2557 :
3280 2519 3365 2558 rc-

1819 2590 2119 2655 spondente
2156 2590 2395 2646 Arsane:
2429 2590 2504 2645 Ita
2531 2593 2684 2646 decet
2715 2595 2770 2662 (ο
2816 2594 2930 2661 rex)
2968 2608 3051 2648 me
3080 2594 3216 2648 filios
3240 2607 3360 2647 tuos

1819 2682 2047 2746 docere;
2074 2681 2237 2750 jussit
2266 2696 2360 2738 rex
2412 2683 2586 2751 ipsum
2636 2685 2843 2749 sedere,
2874 2685 3059 2755 illique
3087 2694 3144 2739 ut
3175 2702 3361 2741 coram

1819 2774 1934 2841 ipso
1976 2780 2182 2827 starent
2204 2772 2398 2828 facere.
2430 2772 2564 2828 Cum
2596 2785 2775 2830 autem
2802 2775 2911 2845 jam
2936 2788 3199 2847 quantum
3228 2792 3361 2846 opus

1828 2861 2101 2915 videretur
2131 2862 2537 2918 litterisintbnti
2570 2875 2771 2941 essent,
2802 2867 3360 2931 Arsanes,Arcadium

1820 2952 2137 3007 verberibus
2167 2951 2357 3007 durius
2394 2956 2625 3023 excepit,
2655 2956 2791 3009 adeo
2835 2965 2892 3029 u_t
2923 2957 3162 3024 ipsorum
3197 2958 3360 3011 vesti-

1822 3042 1964 3110 gium
2006 3043 2118 3095 cuti
2166 3043 2337 3109 ipsius
2378 3043 2751 3112 imprimeret;
2805 3047 2872 3099 ob
2904 3047 3055 3121 quod
3099 3049 3362 3102 Arcadius

1822 3148 1947 3202 erga
1979 3133 2150 3201 ipsum
2191 3133 2325 3186 iram
2365 3134 2549 3188 animo
2578 3137 2847 3205 concepit.
2897 3137 3020 3191 Ideo
3041 3151 3213 3192 autent
3244 3142 3358 3207 pla-

1816 3225 1898 3292 gis
1958 3225 2127 3293 ipsum
2163 3223 2376 3279 allicere
2420 3225 2589 3279 voluit
2646 3226 2906 3292 Arsanes,
2938 3239 3017 3292 ut,
3073 3244 3194 3283 cum
3238 3237 3359 3294 pust

1812 3323 2021 3384 patrem
2059 3330 2215 3370 suum
2266 3319 2490 3386 nnperio
2527 3317 2810 3386 potiretur,
2847 3320 2893 3374 si
2928 3322 3089 3375 alicui
3135 3322 3359 3376 verbera

1812 3403 1978 3474 indigi
2012 3406 2188 3469 vellet,
2241 3408 2522 3461 verberum
2570 3408 2722 3461 dolor
2760 3410 2859 3479 ipsi
2918 3412 3200 3465 monitoris
3245 3412 3360 3465 vice

1819 3502 1979 3549 esset.
2032 3495 2203 3549 Porro
2252 3510 2394 3549 anno
2443 3496 2650 3565 imperii
2690 3497 2978 3553 Theodosii
3012 3499 3173 3570 529
3200 3499 3354 3571 531
3404 3500 3415 3505 ”

1811 3581 1984 3652 Magni
2013 3591 2219 3649 octavo,
2242 3595 2603 3654 apparuerunt
2647 3588 2794 3655 pueri
2857 3589 2932 3641 illi
2964 3591 3079 3659 qui,
3114 3606 3145 3644 a
3193 3591 3360 3646 Dacio

1812 3687 1937 3743 rege
1994 3674 2117 3743 fuga
2174 3689 2233 3729 se
2287 3664 2674 3745 proripientes.
2725 3678 2781 3729 in
2824 3680 3076 3746 spelunca
3114 3680 3169 3733 in
3222 3682 3355 3736 urbe

1813 3764 2023 3834 Epheso
2079 3766 2453 3820 delituerant:
2493 3767 2656 3836 idque
2708 3769 2851 3837 quod
2897 3769 3061 3839 longo
3098 3774 3354 3841 temporis

1772 3857 2095 3927 _intervallo
2151 3871 2274 3910 cum
2310 3868 2551 3925 pastores
2602 3859 2740 3912 inter
2801 3861 3188 3916 transeundum
3222 3865 3356 3918 late-

1813 3964 1921 4012 res,
1960 3949 2159 4016 quibus
2217 3949 2483 4018 spelunca:
2540 3950 2718 4003 aditus
2775 3950 3089 4009 obstructus
3152 3952 3354 4017 fuerat,

1810 4038 1925 4091 loco
1971 4052 2184 4092 movere
2218 4038 2363 4092 soliti
2403 4047 2607 4104 essent,
2645 4040 2782 4111 facta
2830 4050 2971 4096 esset
3010 4043 3189 4099 instar
3230 4049 3356 4100 ostii

1810 4138 2044 4196 apertus.
2098 4126 2406 4196 Experrecti
2456 4144 2584 4198 ergo
2613 4131 2785 4198 pueri,
2836 4147 2895 4186 se
2931 4149 3089 4188 unam
3144 4146 3351 4191 tantum

1812 4227 2018 4270 noctem
2048 4218 2368 4272 dormivisse
2400 4227 2669 4286 putantes,
2703 4219 2851 4274 socio
2876 4235 2995 4285 suo,
3038 4222 3131 4290 qui
3168 4224 3349 4276 cilium

1811 4304 1941 4371 ipsis
1994 4318 2169 4356 emere
2216 4304 2465 4357 solebat:
2505 4305 2820 4370 Profectus,
2878 4307 3144 4375 inquiunt,
3174 4310 3353 4364 cibum

1810 4392 1965 4445 nobis
1988 4405 2259 4459 compara,
2306 4391 2521 4460 et'quid
2560 4401 2681 4461 agat
2708 4395 2999 4462 imperator
3041 4395 3232 4451 Daeius
3268 4401 3355 4451 in-

164 4487 330 4537 etiam
367 4484 489 4536 heri
540 4482 592 4535 in
622 4481 832 4535 soumio
867 4482 971 4534 vidi
1007 4482 1285 4547 Quemdam
1333 4484 1425 4549 qui
1466 4483 1592 4533 mihi
1624 4483 1705 4535 di-
1743 4494 1783 4545 ι)
1814 4480 1984 4546 quire.
2025 4479 2115 4534 Ille
2158 4479 2223 4533 ad
2257 4490 2462 4549 portam
2495 4482 2766 4551 spelunca:
2805 4498 3057 4551 egressus
3089 4488 3180 4541 ubi
3219 4491 3351 4540 ςιείιί-

169 4584 319 4630 ceret
359 4591 375 4626 :
417 4573 569 4625 Sicut
598 4570 958 4624 Theodosium
996 4585 1173 4638 regem
1210 4573 1487 4635 constitui,
1544 4574 1615 4625 ita
1653 4582 1705 4627 et

167 4675 217 4718 te
249 4662 627 4732 patriarcham
656 4661 947 4713 constituo.
997 4657 1130 4711 Ecce
1168 4667 1342 4711 autem
1398 4661 1710 4728 colloquen-

168 4757 320 4808 tibus
351 4754 512 4823 ipsis,
550 4752 831 4820 ingressus
866 4750 1067 4817 jauitor
1122 4750 1229 4816 regi
1279 4751 1564 4813 nuntiavit,
1613 4756 1702 4804 ad-

167 4841 394 4894 venisse
454 4836 789 4890 Alexandriae
841 4835 1065 4899 incolas,
1116 4838 1206 4902 qui
1278 4839 1518 4891 dicereut
1569 4855 1710 4893 mor-

168 4942 324 4984 tuum
356 4944 485 4982 esse
538 4926 881 4980 Timotheum
912 4926 1287 4992 patriarcham,
1320 4943 1381 4981 ac
1415 4931 1584 4981 virum
1620 4946 1712 4997 pe-

168 5028 351 5074 terent
388 5033 548 5083 quem
583 5016 941 5084 patriarcham
991 5017 1414 5087 constituerent;
1454 5033 1545 5069 rex
1585 5033 1709 5087 ergo

168 5108 359 5158 statim
388 5102 751 5171 Theophilum
791 5103 1148 5170 patriarcham
1174 5105 1506 5158 constituens
1534 5107 1707 5173 ipsum

166 5192 557 5247 Alexandriam
601 5191 759 5253 misit,
788 5192 876 5255 qui
911 5190 980 5242 ibi
1008 5204 1173 5243 annos
1196 5192 1379 5259 viginti
1404 5203 1522 5245 octo
1551 5194 1706 5256 sedit,
1749 5214 1765 5224 κ

166 5284 290 5335 dein
332 5290 585 5331 mortuus
621 5287 722 5331 est.
759 5277 1087 5343 Theophilus
1140 5290 1313 5331 autem
1352 5280 1443 5331 ubi
1478 5282 1710 5332 Alexan-

168 5377 346 5426 driam
386 5372 745 5440 pervenisset,
785 5372 923 5421 idola
960 5378 1221 5435 quotquot
1261 5370 1312 5421 in
1369 5386 1428 5421 ea
1469 5374 1707 5435 luerunt,

166 5464 464 5529 confregit.
506 5458 732 5524 Fuitque
792 5459 1124 5511 AleXandria:
1182 5459 1537 5525 pavimentum
1596 5477 1709 5514 tua-

166 5568 336 5620 gunm
377 5563 733 5601 marmoreum
768 5549 853 5601 cui
905 5548 1160 5613 inscripta
1193 5558 1344 5599 erant
1397 5550 1496 5599 tria
1540 5547 1707 5602 Theta

169 5643 213 5691 Θ
247 5643 290 5691 Θ
327 5641 372 5690 Θ
424 5648 478 5690 ct
528 5642 581 5690 in
629 5638 856 5690 circuitu
907 5639 1195 5704 ascriptum
1235 5656 1245 5688 :
1292 5636 1391 5700 Qui
1449 5640 1545 5690 tria
1595 5642 1705 5694 haec

168 5728 344 5784 Theta
391 5728 771 5794 interpretatus
800 5726 976 5793 fuerit,
1027 5726 1169 5795 ψη]
1224 5726 1323 5781 sub
1354 5727 1419 5781 iis
1450 5737 1528 5782 est
1565 5730 1704 5783 acci-

1814 4569 1919 4622 ticii
1949 4570 2018 4624 ibi
2058 4575 2352 4625 constructi
2388 4574 2568 4627 ruinas
2603 4584 2870 4637 cerneret,
2914 4576 3043 4644 quid
3075 4577 3176 4632 hoc
3207 4589 3353 4634 esset

1811 4661 2109 4729 ignoravit;
2143 4676 2367 4731 surgens
2407 4671 2579 4716 tamen
2612 4664 2884 4732 profectus
2908 4674 2991 4721 est
3022 4684 3186 4737 usque
3222 4670 3349 4722 dum

1813 4753 1876 4804 ad
1910 4752 2057 4805 urbis
2100 4752 2290 4820 Ephesi
2328 4768 2411 4821 po.
2431 4762 2532 4805 tam
2564 4756 2917 4822 perveniSset,
2981 4774 3143 4827 supra
3192 4778 3349 4827 quant

1809 4855 2018 4891 crucem
2053 4856 2293 4907 magnam
2328 4841 2639 4895 collocatam
2673 4850 3034 4913 conspicatus,
3062 4851 3159 4902 huc
3186 4861 3349 4904 ctiam

1810 4931 1948 4997 apud
2004 4947 2061 4984 se
2122 4934 2476 5016 itnprohaits:
2522 4933 2623 4996 Me,
2670 4937 2863 5005 inquit,
2909 4940 3142 4992 donnire
3183 4954 3347 5009 puto;

1809 5024 1990 5075 oculos
2030 5038 2155 5090 ergo
2210 5033 2414 5091 tergere
2455 5026 2616 5092 carpit
2658 5043 2720 5080 ae
2761 5031 3098 5084 dextrorsum
3135 5044 3187 5085 et
3219 5037 3350 5088 sini-

1811 5116 2073 5162 strorsum
2108 5112 2550 5177 circumSpicere,
2596 5128 2720 5163 num
2774 5117 2973 5184 aliquid
3018 5120 3123 5171 sibi
3161 5132 3342 5173 nutum

1809 5198 1985 5250 videre
2015 5194 2210 5265 posset,
2243 5197 2399 5265 quale
2434 5215 2552 5251 cum
2592 5201 2723 5252 nihil
2773 5186 3037 5266 cerneret.
3089 5209 3347 5263 confusus

1809 5286 2070 5349 substitit,
2107 5288 2216 5340 lucc
2248 5291 2386 5356 apud
2424 5306 2479 5343 se
2528 5297 2703 5345 animo
2739 5296 3284 5363 rcputatrstursitau
3316 5318 3345 5353 a

1811 5375 1893 5426 via
1926 5378 2187 5440 aberravi,
2230 5380 2306 5430 vel
2341 5380 2558 5433 forsitan
2601 5399 2704 5435 non
2739 5394 2819 5437 est
2854 5389 2979 5440 urhs
3028 5389 3127 5441 ista
3171 5392 3345 5456 liphw

1809 5481 1917 5517 sus.
1956 5464 2147 5517 Urbem
2184 5483 2309 5519 vero
2344 5471 2616 5536 ingressus
2652 5489 2926 5527 nummum
2956 5492 3109 5543 quem
3151 5480 3337 5531 habuit

1811 5556 1995 5619 pistori
2040 5558 2256 5608 tradidit
2307 5576 2413 5626 quo
2451 5578 2639 5627 panem
2697 5576 2915 5627 emeret,
2956 5570 3123 5632 piStor
3167 5571 3339 5623 virum

1810 5643 1993 5696 habitu
2050 5648 2326 5713 peregrino
2382 5653 2726 5717 conspicatus
2776 5655 3027 5719 pavidum
3086 5665 3338 5724 metuque

1809 5742 2237 5801 consternatum,
2267 5753 2514 5794 nututuos
2546 5740 2822 5804 habentem
2849 5742 3043 5812 quibus
3069 5743 3212 5800 Dacii
3240 5747 3336 5799 iut-
