4138 6520
646 260 776 335 1027

1640 248 2006 326 EUTYCHH
2038 264 2557 324 ALEXANDRINI
2606 265 2820 323 earn.

3686 263 3810 325 1028

640 380 905 448 peratoris
947 378 1148 446 efﬁgies
1206 377 1473 446 insculpta
1522 386 1685 439 esset,
1716 378 1842 443 quid
1895 376 1993 426 hoc
2043 382 2188 426 esset
2217 385 2258 436 Α
2292 390 2393 427 nus
2418 362 2731 442 patriarcha
2766 375 3154 435 Autioelieuus,
3192 372 3280 440 qui
3314 372 3498 426 decem
3525 385 3695 423 annos
3737 391 3814 422 se-

641 470 876 530 ncseins,
926 469 1231 534 sIISpiczitus
1285 466 1434 517 illum
1489 464 1647 533 532
1681 466 1995 541 thesaurum
2039 463 2187 513 inre-

641 563 810 623 nisse,
867 558 1019 612 Unde
1052 593 1067 620 ,
1095 556 1287 625 inquit.
1321 556 1414 621 tibi
1466 566 1550 609 est
1603 570 1853 609 nummus
1881 552 2016 606 iste?
2073 552 2188 616 Quo

641 649 773 700 nihil
820 646 1203 714 respondente,
1261 645 1508 699 homines
1563 644 1914 707 inclamavit,
1956 656 2185 711 quorum

641 720 833 805 magno
867 736 1004 805 apud
1034 737 1207 804 ipsum
1241 747 1385 790 casto
1420 743 1775 804 congregato,
1804 735 2089 803 ipsumque
2113 734 2190 786 al-

640 829 914 895 loquenle,
950 840 1071 878 cum
1112 824 1203 879 ille
1249 825 1455 878 nullum
1487 826 1619 892 ipsis
1658 840 1973 891 responsum
2009 825 2190 877 redde-

642 926 740 976 ret,
765 917 837 967 illi
865 932 986 968 eum
1025 916 1086 967 ad
1122 915 1407 983 patricium
1456 914 1575 966 urbi
1613 914 1922 983 prasfeelum
1975 916 2190 968 nomine

640 1008 982 1075 Antipatrum
1014 1006 1378 1065 abduxerunt,
1400 994 1495 1074 qui
1528 1021 1649 1061 eum
1690 1007 1850 1056 etiam
1898 1005 2188 1067 allocutus,

642 1098 853 1165 ipsique
882 1096 1119 1150 minatus
1142 1104 1248 1150 est.
1297 1096 1387 1150 llle
1415 1105 1590 1148 tamen
1615 1095 1747 1148 nihil
1773 1096 2070 1164 respondit.
2097 1097 2192 1148 Ac-

598 1188 800 1257 cessit
851 1187 1011 1241 etiam
1068 1185 1133 1239 ad
1177 1186 1353 1253 ipsum
1406 1184 1623 1240 Marcus
1676 1185 1828 1238 urbis
1879 1187 2189 1255 episcopus.

604 1274 729 1342 _qui
764 1275 938 1341 ipsum
968 1268 1190 1332 allatus.
1232 1288 1330 1325 nec
1357 1273 1523 1325 ullum
1563 1273 2066 1341 tulitresponsum.
2104 1275 2192 1326 Ille

639 1379 788 1433 ergo,
822 1379 930 1433 quo
974 1364 1147 1430 ipsum
1199 1371 1446 1425 terreret,
1477 1361 1619 1439 ‘Nisi,
1664 1362 1859 1431 inquit,
1910 1378 2007 1417 nos
2056 1364 2192 1416 allo-

639 1455 847 1524 quaris,
898 1468 961 1506 ac
1018 1451 1161 1507 unde
1195 1453 1289 1508 tibi
1327 1452 1490 1506 fuerit
1534 1440 1790 1508 nummus
1839 1455 1941 1508 iste
1987 1455 2190 1517 edicas,

643 1556 818 1599 morte
849 1553 901 1597 te
948 1544 1324 1598 multahimus.
1383 1542 1625 1599 Necdum
1657 1552 1838 1598 tamen
1893 1547 2191 1615 reSpondit,

640 1636 788 1709 loqui
816 1636 1027 1690 scilicet
1090 1635 1341 1690 abnuens
1404 1644 1549 1690 metu
1608 1634 1761 1689 DaCii
1826 1637 2190 1705 imperatoris,

641 1727 799 1797 quasi
827 1727 943 1794 ipse
974 1726 1151 1780 adhuc
1179 1728 1383 1780 viveret
1418 1725 1618 1793 (adhuc
1647 1727 1791 1779 enim
1827 1727 1999 1796 ipsum
2030 1728 2082 1781 in
2115 1730 2195 1780 vi—

644 1817 725 1871 vis
772 1830 1059 1883 superesse
1112 1814 1381 1884 putabat).
1426 1812 1604 1883 Plagis
1635 1812 1764 1883 ergo
1795 1817 1967 1884 ipsum
1998 1814 2194 1869 aliece-

642 1917 789 1971 runt,
823 1921 1054 1977 quarum
1110 1905 1350 1959 dolorem
1384 1906 1474 1959 ubi
1504 1906 1696 1971 sensit,
1730 1903 1853 1970 Ubi,
1880 1908 2075 1975 inquit,
2112 1914 2196 1959 est

647 1997 839 2051 Dacius
870 1997 1007 2051 rex?
1039 1992 1509 2065 Respondentibus
1554 1997 1662 2049 illis
1712 1994 1933 2051 Dacium
1962 1998 2196 2066 impera-

645 2099 812 2142 torem
852 2096 1124 2141 mortuum
1176 2101 1317 2152 esse,
1353 2088 1661 2157 multosque
1697 2097 1820 2157 post
1865 2087 2039 2157 ipsmn
2096 2090 2197 2142 im—

646 2182 792 2250 perio
821 2182 1024 2250 potitos
1050 2194 1228 2249 reges,
1256 2180 1566 2249 Christique
1595 2180 1752 2235 fidem
1782 2180 2110 2245 obtinuisse,
2141 2191 2196 2237 ct

645 2272 734 2342 qui
755 2273 865 2342 jam
899 2272 1193 2342 imperaret
1224 2268 1590 2327 Theodosium
1637 2266 1885 2339 Magnum
1910 2287 2048 2335 esse,
2082 2278 2192 2325 tum

645 2364 858 2415 sublato
888 2371 1032 2415 metu
1069 2362 1250 2417 omnia
1282 2377 1403 2431 qua:
1435 2362 1539 2415 sibi
1570 2360 1903 2417 accidissent
1932 2362 2192 2415 narravit.

646 2454 798 2509 Illum
830 2469 958 2522 ergo
986 2453 1051 2506 ad
1081 2454 1396 2523 speluncam
1427 2453 1676 2509 comitati
1710 2452 1782 2525 ibi
1815 2456 1994 2509 SOcios
2026 2456 2195 2524 ipsius

646 2552 1066 2612 conspexerunt,
1119 2558 1217 2597 nec
1267 2556 1371 2595 non
1414 2556 1594 2596 arcam
1633 2524 1837 2597 en'eam
1877 2552 2197 2611 repererunt

646 2636 803 2703 eique
868 2635 1130 2689 inclusam
1192 2633 1447 2686 laminam
1502 2632 1805 2701 plumbeam
1861 2632 1912 2685 in
1945 2648 2051 2701 qua
2097 2636 2196 2687 de-

647 2726 844 2793 scripta
878 2730 996 2778 erat
1055 2723 1294 2791 ipsorum
1339 2722 1591 2784 historia,
1626 2734 1679 2776 et
1733 2724 1865 2791 quid
1907 2723 2037 2792 ipsis
2073 2739 2193 2777 cum

649 2815 975 2883 imperatore
1004 2813 1366 2885 533-535
1422 2812 1584 2871 Dacio
1615 2812 1959 2882 contigisset,
2005 2814 2198 2867 litteris

656 2904 943 2958 mandante
974 2902 1230 2957 Tadduso
1262 2902 1407 2955 Daeii
1446 2903 1792 2971 imperatoris
1828 2903 2077 2970 patricio.
2106 2900 2197 2955 His

651 2995 706 3049 in
749 3008 1013 3048 summam
1054 2992 1466 3047 admirationem
1536 2994 1672 3060 rapti
1732 2993 1795 3045 ad
1829 2991 2192 3046 Theodosium
2222 3028 2263 3083 C

651 3100 828 3154 regem
884 3085 1092 3138 litteras
1124 3084 1452 3152 scripserunt
1484 3082 1683 3151 quibus
1733 3099 1853 3136 eum
1893 3088 2079 3135 harum
2113 3098 2197 3135 re-

652 3190 770 3229 rum
795 3177 1083 3228 certiorem
1108 3158 1479 3227 reddiderunt.
1509 3171 1609 3237 Qui
1633 3188 1761 3243 ergo
1786 3188 2089 3226 conscenso
2113 3188 2200 3224 ve—

653 3265 783 3320 redo
825 3266 1011 3319 urbem
1052 3263 1317 3334 Ephesum
1350 3249 1559 3333 petens
1597 3263 1669 3317 ibi
1719 3264 1839 3340 illos
1873 3273 1927 3317 et
1968 3265 2099 3316 vitlit
2148 3277 2201 3318 et

651 3357 958 3411 collocutus
1002 3369 1106 3410 est.
1172 3357 1242 3409 At
1273 3356 1445 3409 tribus
1483 3362 1602 3423 post
1631 3355 1840 3417 diebus,
1870 3370 1991 3409 eum
2020 3356 2084 3408 ad
2120 3356 2203 3424 ip-

612 3512 615 3513 ν
654 3462 747 3501 sos
776 3446 832 3499 in
863 3447 1173 3515 speluncam
1222 3447 1496 3509 introiret,
1531 3447 1679 3515 ipsos
1708 3446 1819 3514 jam
1852 3456 2093 3501 mortuos
2121 3448 2203 3499 iu-

654 3537 824 3592 venit.
858 3535 1027 3591 Jussit
1056 3552 1184 3607 ergo
1232 3552 1301 3590 ne
1365 3537 1489 3590 inde
1544 3539 1931 3602 educerentur,
1994 3538 2087 3592 sed
2146 3540 2198 3592 in

657 3629 777 3697 ipsa
828 3628 1084 3697 spelunca
1138 3628 1376 3696 sepeliri,
1410 3638 1464 3680 et
1500 3642 1664 3697 super
1715 3629 1865 3697 ipsos
1913 3630 2197 3684 ecclesiam

655 3717 851 3771 struxit
878 3732 997 3784 qua:
1032 3719 1272 3786 ipsorum
1320 3715 1537 3770 nomine
1577 3717 1831 3786 insignita
1856 3728 1959 3782 est,
2014 3732 2076 3772 ac
2124 3717 2199 3771 fe-

656 3819 799 3862 stum
838 3808 888 3860 in
936 3808 1169 3876 ipsorum
1198 3807 1427 3877 gratiam
1447 3807 1751 3861 institutum
1775 3822 1839 3862 eo
1864 3809 1944 3861 die
1973 3815 2201 3877 quotan-

654 3899 743 3951 nis
792 3897 1139 3950 celebratur:
1174 3898 1297 3950 dein
1358 3897 1889 3966 Constantinopolim
1952 3912 2203 3952 reversus

655 3999 736 4041 est
762 3983 1096 4040 Theodosius
1118 4002 1234 4040 rex.
1520 4048 1523 4049 ν

723 4058 839 4131 iam
873 4092 900 4128 a
936 4086 1200 4143 tempore,
1244 4065 1414 4145 quoa
1450 4075 1613 4131 Dacio
1667 4078 1992 4147 imperatore
2054 4078 2205 4147 fuge-

656 4179 783 4223 runt
816 4169 961 4237 pueri
999 4168 1087 4220 isti
1119 4169 1171 4219 in
1204 4156 1513 4234 speluncam
1560 4175 1721 4237 atque
1768 4168 1820 4222 in
1855 4184 1916 4221 ea
1959 4168 2204 4222 dormie-

660 4267 805 4323 runt,
837 4258 901 4310 ad
929 4269 1137 4326 tempus
1162 4273 1266 4325 quo
1298 4274 1509 4312 rursum
1529 4268 1895 4329 apparuerunt
1920 4274 1981 4310 ac
2008 4259 2204 4310 mortui

2286 464 2386 517 dit.
2423 464 2545 516 dein
2574 473 2819 515 mortuus
2847 472 2945 517 est.
2972 463 3125 513 Anno
3156 463 3362 528 imperii
3381 460 3619 528 ejusdem
3638 466 3818 510 octavo

2287 552 2620 605 censtitutus
2655 564 2737 605 est
2785 551 3026 605 Joannes
3059 552 3360 619 patriarcha
3388 549 3820 619 Iiierosolymita-

2292 660 2413 700 nus.
2448 646 2537 697 ubi
2573 658 2743 696 annos
2780 644 3050 697 sexdecim
3081 642 3239 703 sedit,
3282 641 3406 693 dein
3441 653 3689 694 mm-tuus
3718 652 3813 691 ρει.

2291 734 2559 801 Tempore
2593 736 2719 787 item
2754 718 3041 786 Theodosii
3094 733 3237 799 regis
3282 731 3463 784 ﬂoruit
3499 730 3824 799 Epiphanius

2290 828 2450 896 Cypri
2502 827 2816 896 episcopus.
2872 825 3080 877 Struxit
3137 824 3297 877 etiam
3355 821 3698 876 Theodosius
3736 837 3824 875 rex

2294 915 2684 987 Hierosolymis
2719 915 3001 970 ecclesiam
3052 913 3362 968 Jesmaniab
3407 914 3460 966 in
3516 928 3620 983 qua
3655 915 3828 981 Sepul-

2291 1022 2441 1060 crum
2477 1017 2594 1059 erat
2648 1016 2850 1059 sancta:
2894 1004 3091 1067 Mariae,
3133 1019 3293 1071 quam
3330 1003 3611 1055 dit‘uerunt
3657 1003 3830 1057 Persae

2291 1109 2399 1161 quo
2436 1104 2673 1161 tempore
2709 1091 3078 1160 Hierosolyma
3104 1106 3273 1159 usque
3317 1089 3540 1156 profecti
3580 1091 3829 1143 ecclesias

2292 1185 2815 1251 Hierosolymilanas
2872 1182 3291 1242 destruxerunt,
3336 1182 3470 1234 adeo
3504 1188 3560 1233 ut
3609 1182 3659 1231 in
3692 1180 3833 1232 hunc

2295 1290 2464 1342 usque
2494 1267 2632 1326 diem
2659 1284 2877 1326 Vztstalae
2909 1282 3177 1325 maneam.
3250 1312 3256 1317 .

2364 1363 2532 1417 Porro
2556 1379 2698 1417 anno
2726 1364 2934 1431 imperii
2974 1362 3254 1416 Theodosii
3291 1363 3434 1427 regis
3454 1360 3662 1416 decimo
3692 1374 3833 1413 mor-

2293 1464 2418 1509 tuus
2440 1443 2524 1508 est
2564 1453 2738 1507 Sabur
2778 1453 2972 1507 Saburi
3014 1454 3155 1508 filius
3186 1469 3275 1508 rex
3326 1452 3655 1515 Persarum;
3710 1453 3868 1521 post'

2291 1558 2448 1611 quem
2480 1544 2723 1611 regnavit
2751 1542 2979 1597 Bahram
3018 1544 3213 1598 Saburi
3248 1544 3387 1598 filius
3417 1560 3509 1599 rex
3548 1543 3832 1598 Persarum

2294 1645 2466 1685 annos
2498 1634 2775 1697 undecim,
2818 1648 2848 1685 a
2875 1648 2983 1702 quo
3013 1644 3250 1703 tempore
3281 1634 3562 1690 fruebatur
3591 1634 3837 1689 Theodo-

2295 1723 2359 1776 sii
2387 1739 2611 1793 regnum
2664 1727 3059 1796 tranquillitate
3101 1738 3155 1781 et
3195 1741 3327 1795 pace
3356 1766 3371 1792 ,
3417 1727 3543 1782 dein
3594 1736 3837 1780 mortuus

2295 1822 2397 1866 est.
2425 1811 2667 1866 Mortuus
2689 1821 2773 1867 est
2800 1815 2962 1867 etiam
3003 1813 3342 1870 Theodosius
3376 1832 3467 1870 rex
3504 1814 3840 1871 succedenti-

2296 1903 2395 1955 bus
2427 1901 2529 1970 ipsi
2558 1902 2784 1971 imperio
2813 1902 2940 1957 filiis
2984 1904 3152 1974 ipsius
3199 1906 3429 1959 Arcadio
3478 1915 3531 1959 et
3578 1902 3838 1968 Honorio.

2294 1990 2581 2062 Imperavit
2606 2002 2785 2049 autem
2802 1994 3065 2051 Arcadius
3088 1994 3347 2052 Romanis
3370 1997 3837 2067 ConstantinOpoli

2297 2097 2471 2136 annos
2497 2082 2761 2137 tredecim
2794 2101 2809 2149 ;
2850 2082 3017 2138 frater
3044 2100 3169 2139 vero
3212 2086 3383 2155 ipsius
3420 2086 3692 2141 Honorius
3719 2087 3840 2139 urbi

2299 2172 2480 2225 Romae
2511 2188 2685 2228 annos
2710 2174 2961 2231 undecim
2992 2192 3007 2241 ;
3052 2177 3207 2246 idque
3234 2192 3376 2233 anno
3408 2180 3557 2247 regni
3587 2179 3840 2234 Bahranii

2297 2266 2392 2319 filii
2460 2266 2684 2335 Saporis
2731 2267 3017 2345 Persarum
3074 2272 3214 2339 regis
3262 2272 3513 2340 septimo.
3573 2274 3841 2327 Arcadius

2296 2369 2471 2412 autem
2507 2374 2594 2411 rex
2621 2371 3007 2429 praeceptorem
3030 2360 3379 2433 537-539
3398 2379 3554 2418 suum
3581 2366 3843 2419 Arsauem

2295 2449 2361 2502 ad
2390 2465 2575 2504 necem
2613 2452 2861 2519 quarsivit
2887 2466 2996 2520 pra:
3021 2467 3084 2506 eo
3110 2453 3252 2521 quod
3283 2468 3409 2524 erga
3450 2456 3620 2523 ipsum
3649 2456 3700 2508 in
3726 2458 3847 2509 ani-
3892 2484 3893 2487 η

2298 2538 2386 2593 nio
2420 2540 2641 2609 gerebat
2677 2544 2822 2594 odio.
2852 2542 3027 2611 Cujus
3056 2544 3129 2596 rei
3166 2546 3362 2598 certior
3395 2544 3569 2599 factus
3602 2546 3843 2600 Arsanes

2296 2628 2681 2684 Alexandriam
2710 2629 2920 2700 fugiens
2948 2632 3331 2688 monachatum
3366 2636 3646 2704 professus
3676 2648 3763 2692 est
3790 2639 3844 2691 in

2299 2720 2628 2772 menasterio
2661 2719 2901 2788 quodam
2965 2722 3102 2789 quod
3148 2722 3199 2775 in
3252 2724 3386 2778 valle
3435 2723 3663 2789 llobaib,
3691 2725 3848 2793 juxta

2298 2805 2530 2870 Tarnut,
2562 2810 2724 2863 situm
2756 2820 2859 2872 est.
2893 2820 2947 2865 et
2996 2812 3147 2866 Askit
3189 2814 3536 2882 appellatum.
3578 2815 3847 2870 Arcadius

2300 2898 2497 2953 deinde
2533 2911 2661 2953 nato
2708 2902 2809 2956 sibi
2856 2902 2985 2966 lilio,
3043 2906 3124 2957 cui
3154 2904 3441 2960 Theodosii
3477 2920 3671 2959 nomen
3704 2907 3850 2960 indic

2299 2991 2399 3054 dit,
2464 2994 2721 3046 Arsanein
2756 3004 3166 3063 praeceptorem
3204 3012 3361 3051 suum
3426 3004 3634 3067 rogavit
3694 3007 3754 3052 ut
3793 3008 3849 3054 et

2303 3081 2465 3132 lilium
2497 3097 2650 3133 suum
2686 3082 2939 3146 doceret;
2971 3100 3198 3154 cumque
3231 3086 3332 3155 ipsi
3358 3088 3663 3142 nuntiatum
3701 3100 3851 3145 esset

2300 3169 2471 3237 ipsum
2497 3172 2550 3223 in
2575 3169 2863 3241 Egyptum
2894 3173 3015 3241 fuga
3036 3175 3271 3245 elapsum
3295 3178 3460 3230 vitam
3490 3182 3847 3235 monasticam

2300 3262 2368 3314 ibi
2405 3261 2460 3315 in
2506 3264 2847 3317 monasterio
2874 3262 3027 3317 Askit
3055 3268 3316 3334 proﬁteri,
3339 3270 3487 3322 misit
3518 3282 3636 3338 post
3667 3272 3850 3340 ipsum

2301 3352 2477 3421 quiet
2514 3352 2631 3406 vita!
2680 3367 2931 3407 securum
2958 3370 3080 3409 esse
3105 3356 3343 3424 juberet.
3370 3358 3629 3415 Renuens
3664 3370 3847 3417 autem

2303 3443 2541 3496 Arsaues
2584 3439 2816 3513 [venire]
2862 3446 3055 3499 nuntio
3100 3430 3378 3503 blanditus
3402 3460 3483 3503 est
3517 3454 3651 3521 adeo
3683 3463 3741 3505 ut
3776 3452 3848 3504 ab

2302 3532 2419 3602 ipso
2448 3532 2765 3588 discederet.
2798 3534 3001 3590 Deinde
3051 3548 3293 3591 metuens
3334 3552 3399 3593 ne
3427 3541 3667 3594 mitteret
3695 3539 3847 3612 [rex]

2301 3625 2393 3690 qui
2424 3624 2473 3675 vi
2508 3623 2685 3691 ipsum
2720 3623 3075 3690 abducerent,
3128 3624 3351 3681 Saidom
3403 3628 3615 3699 Egypti
3662 3629 3852 3698 profe-

2300 3722 2419 3767 ctus
2468 3712 2539 3764 ibi
2608 3715 2659 3765 in
2698 3724 2878 3767 monte
2933 3714 3218 3769 Mokattam
3253 3730 3283 3771 e
3313 3719 3530 3787 regione
3580 3720 3683 3773 vici
3712 3722 3853 3774 dicti

2302 3802 2438 3854 'l‘ora
2476 3803 2749 3866 habitavit,
2777 3804 2862 3857 ubi
2888 3814 3167 3875 postquam
3196 3816 3305 3861 tres
3322 3822 3492 3864 annos
3515 3810 3855 3865 substitisset

2303 3904 2547 3945 mortuus
2584 3901 2692 3946 est.
2726 3892 2862 3946 Tum
2898 3910 3025 3947 vero
3050 3898 3216 3949 alium
3268 3902 3514 3953 nuntium
3558 3902 3701 3954 misit
3749 3905 3857 3954 Ar-

2302 3983 2489 4035 cadius
2523 3999 2611 4037 rex
2644 3984 2734 4053 qui
2772 4000 2893 4038 eum
2925 3988 2970 4040 vi
3005 3988 3313 4051 adduceret,
3342 3992 3428 4043 cui
3460 4005 3582 4043 cum
3622 3992 3688 4045 ad
3722 4008 3852 4047 nio-

2307 4075 2604 4127 uasterium
2655 4073 2808 4128 Askit
2840 4082 3172 4145 pervenisset
3203 4082 3505 4135 nuntiatum
3533 4092 3635 4146 est,
3667 4086 3845 4138 Arsa-

2307 4180 2425 4218 nem
2480 4166 2591 4232 jam
2631 4168 2683 4219 in
2719 4177 2898 4221 monte
2953 4167 3237 4222 Moliattam
3269 4185 3297 4223 e
3326 4172 3460 4225 vivis
3521 4174 3851 4229 excessisse.

2309 4254 2587 4310 Reversus
2615 4273 2740 4325 ergo
2772 4262 2991 4313 nuntius
3022 4261 3149 4313 illud
3188 4263 3295 4331 regi
3326 4266 3579 4318 narravit.
3615 4265 3723 4319 Rex
3753 4266 3860 4336 igi-

656 4358 810 4411 sunt,
834 4347 987 4414 juxta
1031 4347 1159 4398 illud
1189 4348 1333 4413 quod
1360 4348 1410 4399 in
1450 4348 1669 4399 historia
1702 4349 1939 4415 martyrii
1968 4348 2205 4412 ipsorum
2241 4351 2283 4407 υ
2314 4357 2400 4399 tur
2439 4351 2607 4401 misso
2638 4353 2899 4402 monacho
2933 4352 3015 4404 cui
3048 4367 3239 4406 nomen
3270 4352 3509 4418 Trasius,
3538 4370 3704 4425 eoque
3730 4358 3861 4423 opi-

660 4438 911 4508 legimus,
965 4438 1088 4489 anni
1144 4446 1269 4489 sunt
1317 4445 1614 4489 tercentum
1680 4438 2017 4505 septuaginta
2070 4438 2196 4489 duo.

659 4528 827 4581 Porro
859 4526 1234 4592 anno/imperii
1278 4525 1563 4579 Theodosii
1597 4523 1770 4595 Magni
1807 4524 2018 4579 decimo
2043 4527 2200 4578 tertio

663 4618 995 4672 constitutus
1046 4626 1130 4669 est
1166 4615 1390 4668 Siricins
1439 4615 1743 4683 patriarcha
1778 4613 2075 4677 Romanus,
2110 4617 2202 4684 qui

660 4706 945 4763 duodeeim
982 4721 1155 4759 annos
1189 4706 1346 4768 sedit,
1380 4706 1503 4758 dein
1532 4717 1777 4759 mortuus
1813 4715 1914 4759 est.
1950 4706 2199 4774 ltjusdent

664 4798 870 4867 imperii
902 4811 1043 4849 anno
1072 4798 1283 4849 decimo
1318 4802 1547 4865 septimo
1593 4808 1837 4851 mortuus
1888 4808 1967 4849 est
2002 4797 2202 4850 Nekta-

664 4890 780 4943 rius
823 4888 1125 4957 patriarcha
1160 4878 1823 4953 Constantinopolitanus,
1858 4889 1948 4956 qui
2008 4889 2199 4941 ibidem

668 4993 883 5030 munere
900 4978 1244 5045 patriarchali
1270 4976 1487 5028 functus
1518 4980 1879 5029 l'uerat'unnOs
1905 4980 2051 5030 sexdt
2072 4978 2200 5031 cim.

670 5070 793 5121 I’ost
826 5084 981 5137 quem
1018 5067 1967 5135 patriaiehaConstantinopolitanus
2005 5066 2206 5120 consti-

670 5168 816 5211 tutus
840 5168 921 5209 est
947 5156 1182 5210 Joannes
1214 5159 1650 5224 Chrysostoinus,
1684 5160 1774 5223 qui
1805 5172 1925 5209 cum
1954 5159 2023 5210 ibi
2048 5161 2206 5225 quiu-

673 5264 775 5313 que
808 5261 979 5299 annos
1008 5254 1059 5297 et
1086 5245 1270 5298 decem
1320 5261 1535 5299 menses
1560 5245 1721 5315 5-36
1772 5248 2104 5301 substitisset
2152 5250 2205 5301 iti

670 5330 911 5385 exsilium
937 5336 1123 5400 pulsus
1154 5336 1203 5385 in
1232 5334 1417 5385 eodem
1464 5344 1707 5389 mortuus
1734 5343 1837 5388 est.
1871 5338 2024 5389 Anno
2046 5339 2213 5406 impe-

675 5426 735 5475 rii
766 5423 998 5488 ejusdem
1031 5433 1181 5475 sexto
1215 5433 1428 5475 creatus
1454 5430 1536 5475 est
1566 5422 1855 5479 Flavianus
1904 5427 2206 5495 patriarcha

676 5514 1060 5577 Antioelienus,
1091 5514 1184 5581 qui
1222 5528 1342 5566 cum
1379 5529 1466 5565 sex
1499 5529 1671 5569 annos
1709 5516 1932 5571 sedisset
1967 5532 2209 5576 mortuus

682 5611 782 5653 est.
818 5603 971 5654 Anno
1028 5605 1272 5669 ejusdem
1307 5603 1631 5658 duodecimo
1678 5603 1850 5659 factus
1896 5619 1976 5662 est
2006 5610 2210 5670 Barbi-

2307 4447 2405 4494 bus
2458 4441 2743 4505 instructo,
2780 4440 2921 4495 Vade
2950 4444 3168 4513 (inquit)
3202 4454 3256 4498 et
3305 4461 3469 4515 super
3510 4449 3732 4502 Arsanis
3764 4459 3855 4502 tu-

2304 4530 2449 4581 mulo
2509 4532 2898 4585 monasterium
2950 4544 3165 4588 exstrue
3209 4538 3347 4603 quod
3405 4536 3575 4602 ipsius
3630 4541 3858 4593 nomine

2306 4620 2620 4687 appelletur.
2658 4620 2931 4676 Profectus
2967 4639 3093 4692 ergo
3115 4626 3335 4680 Trasius
3364 4626 3652 4698 Egyptqu
3683 4646 3858 4697 super

2314 4711 2538 4760 Arsanis
2592 4708 2750 4779 540
2800 4712 3046 4780 sepulcro
3086 4718 3489 4791 {monasterium
3542 4720 3856 4778 exstruxit,

2306 4801 2448 4866 quod
2482 4800 2534 4850 in
2576 4808 2756 4853 tnonte
2783 4801 3067 4854 Molsattam
3102 4808 3264 4857 situm
3297 4814 3382 4858 est
3415 4815 3467 4858 et
3506 4807 3597 4861 Dic
3628 4808 3857 4864 Alkasir

2312 4902 2478 4957 usque
2504 4889 2567 4941 ad
2594 4890 2734 4942 hunc
2772 4892 2910 4943 diem
2943 4894 3253 4959 appellatur.

2381 4977 2547 5029 Porro
2574 4981 2625 5029 in
2658 4979 2890 5047 {Egypto
2924 4998 3205 5050 episcopus
3235 4985 3450 5053 quidam
3478 4988 3711 5041 moriens
3740 4998 3859 5043 tres

2317 5068 2450 5120 filios
2485 5071 2699 5137 reliquit
2729 5072 2818 5138 qui
2858 5073 3018 5125 vitam
3047 5077 3390 5128 monasticam
3424 5077 3649 5145 professi
3673 5079 3856 5132 Askiti

2314 5161 2589 5221 sederunt,
2622 5176 2849 5227 quorum
2882 5178 3046 5215 unum
3081 5164 3342 5216 adscitum
3385 5163 3711 5234 Theophilus
3749 5185 3858 5237 pa-

2315 5250 2546 5302 triarc..a
2566 5252 2964 5305 Alexandrinus
2989 5254 3297 5321 episcopum
3330 5255 3381 5307 in
3409 5256 3610 5325 aliquot
3629 5256 3858 5327 [Egypti

2316 5342 2476 5392 urbes
2511 5341 2811 5404 ceiistituit,
2871 5341 3103 5409 reliquos
3149 5345 3283 5396 duos
3326 5343 3585 5399 diaconos
3633 5350 3857 5416 sibique

2317 5430 2641 5498 discipulos;
2676 5432 2765 5501 qui
2798 5447 2925 5500 ergo
2948 5432 3247 5500 Theophilo
3271 5435 3585 5501 patriarcha:
3618 5436 3855 5489 Alexano

2319 5521 2476 5574 drino
2511 5522 2874 5577 inservierunt
2916 5539 2930 5579 :
2964 5532 3017 5575 at
3040 5525 3223 5592 elapso
3252 5525 3483 5579 triennio
3516 5526 3705 5579 iterum
3736 5527 3851 5580 As-

2320 5617 2491 5671 kitum
2528 5616 2724 5669 reverti
2753 5615 3047 5681 cupientes,
3078 5630 3200 5668 cuin
3233 5613 3380 5683 ipsos
3405 5615 3455 5669 id
3496 5616 3671 5670 facere
3700 5624 3849 5669 vcta-
