4038 6482
472 180 489 189 a,
506 180 523 187 ιι
538 180 649 189 φοι-
674 179 909 187 ..Ὴ-
934 182 957 185 -γ

155 280 299 344 1029

146 499 320 553 quam
351 488 423 541 ob
454 502 673 541 rauSam
706 485 838 554 ipsis
896 486 1235 542 Eucharistia
1279 492 1344 541 ad
1392 498 1503 544 tres
1545 504 1715 545 annos

148 575 467 628 interdixit.
557 576 636 628 illi
715 591 843 644 ergo
918 576 1182 631 Joannem
1267 577 1713 650 Chrysostomum

146 663 423 720 adeuntes
477 666 651 734 ipsum
711 674 965 735 rogarunt
998 678 1057 719 ut
1110 668 1176 721 ad
1208 666 1568 738 Theophilum
1623 685 1716 738 pa-

142 758 459 811 triareltam
496 756 921 809 Alexandrinum
969 758 1177 813 litteras
1222 762 1485 815 scriberet
1517 761 1713 829 quibus

146 848 219 901 ab
253 846 356 899 illo
385 844 588 917 peteret
623 856 679 900 ut
709 848 836 915 ipsis
865 846 1213 903 Eucharistim
1245 854 1455 921 copiam
1493 853 1712 908 faceret.

141 938 401 1004 Joannes
427 924 1009 1011 ci-govChrysosttinius
1046 943 1226 999 missis
1262 960 1356 1014 per
1389 948 1535 1014 ipsos
1570 947 1712 1001 litte-

146 1033 227 1086 ris
266 1032 338 1085 ad
382 1032 737 1100 Theophilum
773 1034 1132 1100 patriarebam
1162 1034 1593 1090 Alexandrinum
1622 1052 1711 1091 ro-

141 1122 294 1189 gavit
378 1124 526 1176 illum
598 1132 665 1196 ut,
714 1138 834 1177 cum
895 1124 1026 1192 ipsis
1078 1125 1131 1177 in
1186 1126 1413 1194 gratiam
1460 1125 1709 1181 'rediret.

139 1209 301 1273 Qttod
362 1227 484 1264 cum
533 1213 621 1265 ille
652 1212 825 1267 facere
870 1216 1060 1278 nollet,
1101 1215 1303 1269 reversi
1347 1216 1543 1275 iterum
1587 1223 1713 1270 smit

139 1305 207 1352 ad
268 1301 542 1357 Joannem
600 1303 1075 1374 Clirysostomum,
1128 1306 1218 1372 qui
1271 1303 1419 1374 ipsos
1468 1304 1534 1359 ad
1606 1305 1761 1360 Εἰι-ρ

139 1392 476 1447 rharistiam
530 1396 789 1448 accedere
834 1394 1206 1463 jussit.'0t‘ta
1256 1407 1335 1450 est
1388 1411 1519 1465 ergo
1568 1396 1712 1450 inter

138 1484 515 1555 Theophilum
544 1487 900 1556 patriarcliatn
928 1486 1347 1541 Alexandrinum
1371 1499 1423 1541 et
1443 1486 1706 1542 Joannem

138 1577 1133 1650 Clirysostoniumsimultas._Porro
1175 1577 1276 1630 fuit
1318 1588 1559 1650 tempore
1606 1578 1708 1628 Ar-

136 1668 286 1720 cadii
328 1666 700 1721 Romanorum
732 1669 1093 1737 imperatoris,
1119 1669 1201 1722 vir
1224 1669 1442 1737 quidam
1486 1668 1709 1721 nomine

138 1755 567 1827 Theognosles,
630 1759 825 1828 Opibus
886 1759 1208 1822 abundans,
1258 1760 1347 1812 cui
1405 1759 1708 1814 invidentes

138 1842 503 1919 551-543
537 1849 779 1902 nonnulli
803 1860 987 1902 contra
1017 1836 1189 1915 ipsum
1227 1849 1365 1918 apud
1411 1865 1587 1918 regem
1626 1860 1707 1904 te-

137 1938 469 1992 stimonium
500 1938 671 1992 tulere
713 1939 887 2008 ipsum
929 1938 1084 1993 [idem
1114 1941 1436 2009 abuegasse,
1487 1940 1720 2012 regique

141 2030 517 2085 conviciatum
584 2030 802 2085 fuisse:
858 2045 1020 2099 quam
1083 2032 1157 2087 ob
1190 2047 1410 2086 causam
1463 2048 1557 2087 rex
1591 2035 1707 2105 ipso

140 2120 194 2173 in
250 2121 516 2193 exsilium
566 2122 722 2189 pulso
776 2122 914 2175 bona
972 2123 1093 2193 ejus
1150 2125 1395 2193 diripuit.
1451 2125 1715 2195 Ejusdem

144 2212 299 2264 uxori
336 2211 494 2264 vinea
548 2211 648 2265 l'uit
678 2226 774 2281 per
804 2228 965 2283 quam
1016 2217 1284 2270 transiens
1322 2216 1560 2271 Eudoxia
1617 2233 1706 2272 re-

140 2296 291 2365 gina,
333 2296 409 2350 ob
455 2297 623 2367 ipsius
672 2287 1144 2367 pulchritudinem.
1171 2306 1507 2374 concupivit.
1539 2305 1707 2377 Cujus

138 2393 289 2439 esset
344 2400 480 2455 ergo
524 2400 650 2440 cum
701 2385 963 2459 rogasset,
994 2391 1200 2445 dictum
1249 2400 1331 2447 est
1363 2395 1477 2462 ipsi
1519 2396 1707 2449 uxoris

140 2489 266 2529 esse
296 2475 582 2543 cujusdam
633 2494 662 2531 a
698 2494 820 2549 rege
847 2481 900 2535 in
929 2482 1178 2536 exsilium
1207 2484 1370 2552 pulsi.
1391 2483 1527 2539 Tum
1568 2488 1656 2541 illa
1689 2504 1704 2541 :

140 2568 317 2631 Quam
353 2571 543 2623 vellem
582 2569 798 2640 (inquit)
832 2580 891 2624 ut
918 2572 1052 2625 mihi
1083 2584 1247 2639 esset,
1278 2590 1386 2644 quo
1426 2576 1483 2629 in
1531 2577 1702 2646 ipsam

148 2672 232 2710 me
275 2659 660 2715 oblectationis
694 2677 858 2716 causa
890 2664 1185 2731 reciperem
1219 2666 1232 2718 l
1282 2665 1702 2736 Responderunt

141 2764 172 2801 e
199 2750 479 2818 prmfectis
511 2752 777 2806 nonnulli:
813 2754 957 2820 [tegii
987 2755 1122 2824 juris
1151 2766 1232 2811 est
1260 2768 1316 2810 ut
1344 2760 1705 2829 quodcunque

142 2841 449 2895 calcaverit
494 2859 585 2911 pes
630 2847 830 2914 regius,
870 2847 1006 2900 illud
1041 2849 1144 2915 ipsi
1170 2853 1257 2903 sit.
1296 2850 1506 2916 Quibus
1537 2853 1698 2906 audi-

143 2932 213 2987 tis
266 2934 487 2987 vineam
546 2936 649 2990 sibi
695 2938 984 3007 occupavit
1030 2941 1239 3008 regina.
1293 2941 1488 2998 Mulier
1518 2954 1698 2998 autem

145 3023 246 3077 ista
312 3041 345 3078 a
402 3025 609 3081 Joanne
647 3026 1036 3097 Clirysostomo
1088 3046 1241 3100 opem
1292 3035 1467 3102 petiit,
1511 3036 1604 3105 qui
1630 3039 1696 3090 ad
1727 3068 1770 3127 ε

144 3114 390 3184 reginam
416 3115 817 3184 mittensjussit
846 3127 900 3171 ut
923 3120 1132 3175 vineam
1163 3123 1392 3178 domina:
1420 3139 1532 3180 sua:
1573 3126 1699 3180 red-

144 3207 315 3270 deret,
354 3208 442 3261 illa
477 3223 605 3263 vero
638 3209 809 3262 noluit
837 3226 852 3275 ;
885 3225 1120 3281 cumque
1146 3212 1212 3266 de
1242 3229 1304 3266 ea
1340 3231 1395 3269 re
1420 3217 1589 3285 ipsam
1620 3219 1698 3271 al-

144 3299 463 3374 loqueretur
518 3298 931 3369 haudquaquam
978 3305 1293 3372 respondit.’
1326 3307 1464 3361 Tum
1509 3308 1601 3363 Dei
1635 3311 1701 3363 ti-

144 3404 351 3444 morem
414 3392 516 3459 ipsi
576 3392 1054 3449 incutiens:Cave
1080 3397 1301 3466 (inquit)
1334 3415 1400 3452 ne
1426 3401 1520 3454 tibi
1552 3402 1698 3457 acci-

143 3480 233 3534 dat
258 3484 404 3552 quod
457 3485 647 3539 tzebeli
690 3484 861 3540 Ahabi
898 3490 1039 3557 regis
1070 3488 1284 3543 lsraelis
1318 3493 1471 3545 uxori
1523 3496 1698 3548 contio

145 3572 258 3641 git;
301 3582 358 3627 at
403 3575 491 3627 illa
526 3576 668 3627 nulla
706 3576 895 3630 horum
943 3579 1153 3633 ratione
1208 3582 1388 3635 habita
1434 3582 1693 3639 Joannem

146 3665 347 3731 palatio
376 3681 474 3719 suo
507 3667 628 3734 pelli
658 3667 839 3731 jussit,
871 3665 1108 3743 Joannis
1137 3686 1264 3739 ergo
1299 3674 1471 3729 tristis
1516 3691 1697 3730 rever-

146 3768 258 3813 sus.
290 3756 555 3810 diaconos
588 3757 770 3824 jussit,
812 3771 934 3810 cum
972 3761 1257 3815 accederet
1296 3765 1478 3831 regina
1524 3766 1698 3820 eccle-

144 3850 277 3899 siam
314 3851 599 3899 introitura
624 3888 637 3911 ,
673 3857 856 3917 portas
901 3852 998 3918 ipsi
1026 3854 1349 3917 occludere;
1391 3855 1689 3923 quod-cum

147 3936 429 4002 iecissent,
462 3940 619 3992 rediit
646 3941 828 4006 regina
854 3941 933 3995 ira
974 3953 1259 3997 commota.
1296 3943 1395 4013 [Eo
1426 3948 1691 4019 tempore]

145 4037 257 4080 erat
284 4030 644 4098 Epiphanius,
665 4029 824 4101 Cypri
871 4034 1178 4102 episcopus,
1202 4035 1689 4104 Constantinopoli,

147 4122 487 4188 negotiorum
519 4122 721 4188 aliquot
752 4126 891 4191 apud
928 4137 1106 4192 regem
1138 4121 1298 4195 544.
1332 4126 1692 4193 perliciendu-

149 4222 261 4260 rum
299 4210 491 4278 gratia.
521 4209 620 4277 ipsi
651 4226 775 4281 ergo
806 4217 1069 4269 accersito
1101 4214 1237 4268 dixit
1269 4217 1450 4284 regina
1481 4232 1493 4269 ε
1529 4216 1694 4271 Joan-

146 4312 237 4351 nes
281 4300 700 4369 Cht'ysostotttus
747 4303 961 4358 veritati
1006 4308 1377 4371 contradicit,
1423 4300 1693 4375 rebusque

1547 274 1919 352 ANNALES.

146 405 234 453 ret
290 397 662 468 Theophilus.
717 398 837 450 sine
866 396 1040 467 ipsius
1091 400 1362 469 permissu
1420 402 1713 465 abierunt;
1747 411 1785 462 Λ
1820 411 1925 456 tem
1959 404 2374 488 Chrysostomus
2419 410 2487 463 ad
2535 412 2896 483 Epiphaniam
2945 418 3107 490 Cypri
3157 425 3371 493 episco-

3235 317 3371 381 1030

1826 510 1951 563 pum
2004 497 2245 555 scribens
2272 515 2288 553 :
2312 501 2414 560 Tu.
2445 503 2664 582 (inquit)
2700 507 2987 578 Epiph‘ani,
3018 515 3070 568 in
3119 518 3369 572 exsiliunt

1824 600 1999 639 meum
2027 592 2353 645 consensisti
2388 607 2452 647 ac
2476 598 2806 652 contrariam
2845 603 2973 656 mihi
2998 619 3215 673 operam
3259 624 3361 661 tta-

1821 676 1980 739 vasti,
2014 675 2203 733 diceris
2247 679 2315 735 de
2352 698 2434 737 me
2460 686 2606 753 quod
2627 688 2854 745 minime
2895 700 2945 746 te
2976 694 3179 749 decuit.
3216 698 3368 752 Scias

1820 780 1947 837 ergo
1977 776 2029 843 te
2049 786 2391 841 nequaquam
2418 776 2484 828 ad
2520 780 2855 846 provinciam
2902 792 3048 838 tuam
3080 801 3369 855 perventu-

1819 873 1937 912 rum
1972 870 2258 932 antequam
2297 861 2570 928 emendo
2618 871 2933 930 excesseris.
2980 876 3078 930 Cui
3144 874 3245 931 hoc
3295 896 3378 931 re-

1826 964 2087 1016 sponsum
2125 939 2360 1006 reddidit
2413 955 2753 1024 Epiphanius
2797 966 2886 1017 :0
2934 964 3217 1031 Joannes;
3238 969 3378 1020 nihil

1828 1040 1975 1093 aliud
2007 1056 2164 1108 quant
2194 1046 2373 1097 omnia
2401 1046 2539 1100 bona
2580 1049 2734 1107 de’te
2759 1053 2896 1118 dixi,
2934 1072 2997 1110 ac
3031 1068 3195 1120 totam
3238 1075 3372 1128 ope-

1821 1144 1933 1181 ram
1961 1146 2158 1195 meam,
2193 1146 2456 1201 quantum
2505 1140 2655 1208 potui
2703 1142 2993 1198 maximam
3029 1146 3374 1221 545-547

1802 1220 1919 1273 tibi
1970 1221 2203 1291 impendi
2248 1234 2302 1277 et
2346 1226 2410 1279 ad
2459 1230 2657 1284 malum
2702 1246 2735 1286 a
2775 1243 2825 1288 Ie
2870 1240 3217 1292 avertendum
3257 1241 3377 1294 dili-

1818 1309 2054 1377 gentiam
2082 1312 2331 1377 adhibui,
2370 1333 2491 1385 qute
2524 1327 2703 1374 tamen
2746 1320 2955 1377 frustra
3000 1327 3117 1379 fuit.
3142 1326 3244 1393 Qui
3273 1345 3373 1396 an-

1818 1406 1920 1461 tem
1952 1415 2185 1469 praesens
2208 1412 2291 1458 est
2314 1407 2457 1460 videt
2475 1424 2593 1486 quas
2632 1426 2739 1465 non
2761 1412 2906 1467 videt
2934 1416 3152 1471 absens.
3175 1418 3376 1486 Quem-

1815 1490 2103 1544 admodum
2158 1505 2335 1548 autem
2384 1506 2440 1550 tn
2492 1482 2621 1553 mihi
2678 1503 2933 1574 impingis
2980 1521 3041 1561 ea
3096 1482 3217 1577 quae
3274 1525 3377 1565 nec

1817 1581 1963 1645 novi,
2025 1598 2123 1638 uec
2170 1584 2305 1651 dixi,
2339 1587 2413 1641 ita
2450 1590 2592 1645 scias
2636 1600 2693 1647 te
2731 1607 2847 1648 non
2890 1594 3276 1668 perventurum
3305 1601 3372 1655 ad

1817 1670 1994 1725 locum
2019 1674 2192 1735 exsilii
2229 1679 2302 1729 tui
2330 1691 2436 1745 quo
2454 1680 2725 1750 relegatus
2754 1698 2838 1750 es,
2862 1696 3148 1755 antequam
3175 1704 3204 1742 e
3238 1690 3375 1746 vivis

1738 1745 1781 1802 Β
1815 1762 2147 1819 discesseris.
2172 1763 2287 1819 Jam
2313 1783 2439 1822 vero
2460 1745 2789 1839 Epiphanius
2806 1745 3037 1845 Cyprum
3066 1778 3295 1835 tendens
3318 1780 3373 1834 in

1811 1854 1932 1908 navi
1956 1864 2199 1910 mortuus
2222 1858 2564 1924 est,dimidio
2582 1861 2715 1929 diei,
2737 1872 3023 1934 antequam
3045 1881 3110 1922 eo
3127 1871 3377 1939 perveni-

1806 1952 1913 2010 ret,
1946 1946 2143 2014 spatio.
2174 1944 2409 2004 Joannes
2433 1957 2611 2005 autem
2642 1940 3064 2024 Chrysostomus
3083 1943 3369 2030 antequam

1808 2048 1875 2089 eo
1908 2034 1997 2090 ubi
2035 2039 2283 2094 exsulare
2300 2039 2486 2108 jussus
2510 2051 2614 2112 est,
2641 2049 3004 2119 pertingeretj,
3035 2051 3197 2105 ctiam
3226 2052 3370 2107 diem

1810 2126 1963 2182 obiit.
2006 2130 2174 2183 Porro
2226 2130 2326 2186 fuit
2371 2131 2837 2208 Constantinopoli
2894 2148 3050 2194 terra:
3089 2150 3262 2197 motus
3288 2142 3373 2197 in-

1811 2228 1963 2281 gens,
1996 2228 2095 2269 nec
2133 2231 2239 2269 non
2267 2218 2470 2273 tonitru
2499 2236 2665 2293 grave
2693 2237 2819 2299 cum
2855 2224 3092 2295 fulgure.
3125 2228 3362 2283 lultnini-

1808 2304 1932 2368 bus,
1974 2314 2028 2358 et
2062 2305 2261 2375 pluvia.
2309 2306 2456 2377 Dixit
2498 2325 2627 2381 ergo
2656 2319 2751 2367 rex
2778 2308 2802 2370 ἐ
2850 2315 2977 2370 Ideo
3027 2317 3143 2373 haec
3190 2320 3371 2374 omnia

1807 2396 2063 2450 eveniunt
2092 2398 2235 2466 quod
2264 2397 2524 2455 Joannem
2560 2402 3008 2474 Chrysostontum
3041 2408 3371 2477 injexsilium

1808 2486 2079 2540 misimus.
2126 2485 2418 2558 Jussitque
2442 2508 2644 2561 corpus
2689 2494 2864 2563 ipsius
2913 2496 3373 2565 Coustantinopo‘.

1808 2576 1897 2630 lini
1929 2577 2134 2643 alieni,
2206 2581 2388 2647 ibique
2422 2584 2672 2651 sepeliri;
2714 2584 2876 2656 idque
2906 2602 3048 2643 anno
3099 2601 3253 2645 sexto
3283 2603 3371 2645 re-

1807 2668 1893 2737 gni
1928 2669 2166 2724 Arcadii.
2214 2671 2343 2727 ldeo
2383 2683 2563 2729 autem
2613 2678 2916 2746 appellatus
2959 2689 3044 2736 est
3084 2680 3370 2748 Joannes,

1805 2758 2245 2829 Clirysostomus,
2288 2765 2434 2833 quod
2482 2765 2679 2820 mulier
2710 2772 2955 2839 quaedam
3012 2772 3191 2842 ipsum
3240 2788 3366 2828 cum
3404 2758 3405 2761 η

1805 2859 2053 2906 mortuus
2097 2845 2241 2908 esset
2272 2853 2553 2923 plangens,
2584 2853 2841 2913 dixerit':
2875 2860 2917 2914 Ο
2944 2857 3205 2927 Joannes,
3236 2875 3269 2914 ο
3304 2874 3369 2916 os

1807 2954 2055 3007 aureum,
2080 2943 2208 2998 hinc
2246 2944 2371 3000 Oris
2402 2948 2555 3002 aurei
2595 2962 2895 3018 cognomen
2924 2937 3137 3003 liabuit.

1885 3032 2009 3086 Post
2042 3032 2219 3101 ipsum
2250 3038 2579 3090 constitutus
2606 3045 2689 3091 est
2711 3036 2853 3091 alius
2883 3036 3098 3107 quidam
3136 3036 3369 3095 Joannes

1806 3124 2109 3193 patriarcha
2146 3126 2425 3182 Constant.
2450 3130 2538 3196 qui
2588 3143 2710 3181 cum
2758 3144 2961 3201 annum
3009 3130 3081 3185 ibi
3142 3132 3369 3186 sedisset

1802 3225 2048 3271 mortuus
2066 3228 2163 3270 est.
2190 3218 2291 3286 Ipsi
2323 3219 2482 3272 etiam
2521 3219 2787 3275 successit
2822 3218 3133 3277 Gennadius
3174 3224 3225 3276 in
3268 3239 3365 3294 pa-

1801 3306 2049 3360 triarchae
2087 3305 2369 3361 Constant.
2410 3323 2632 3362 munere
2670 3309 2762 3378 qui
2813 3317 2922 3365 tres
2958 3326 3130 3367 annos
3188 3314 3352 3377 sedit,
3419 3344 3424 3351 -

1800 3400 1920 3454 dein
1962 3410 2207 3456 mortuus
2236 3410 2339 3456 est.
2380 3402 2508 3458 Post
2542 3404 2715 3472 ipsum
2767 3403 2947 3459 lactus
2986 3414 3066 3459 est
3121 3406 3369 3461 Allit'ittls
3420 3463 3422 3466 ,

1798 3491 2099 3559 patriarcha
2118 3488 2746 3561 Constantiuopolitanus
2772 3495 2865 3564 qui
2911 3508 3087 3550 annos
3135 3496 3367 3564 quinde-

1798 3581 1901 3635 cim
1928 3581 2089 3647 sedit,
2110 3583 2231 3636 dein
2259 3594 2503 3639 mortuus
2529 3592 2631 3638 est.
2675 3582 2836 3655 558
2866 3584 3028 3655 quue
3050 3601 3192 3640 anno
3217 3570 3369 3657 regiti

1797 3658 2011 3725 Arcadii
2052 3673 2394 3728 duodecimo.
2436 3674 2593 3728 Anno
2647 3675 2857 3745 imperii
2890 3677 3129 3744 ejusdem
3159 3680 3362 3732 Octavo

1797 3761 2124 3817 constitutus
2177 3773 2261 3817 est
2318 3766 2640 3819 Anastasius
2711 3766 3013 3833 patriarcha
3079 3766 3364 3821 Remauus

1797 3856 1886 3922 qui
1916 3854 2083 3908 tribus
2108 3857 2265 3908 anuis
2297 3856 2452 3924 Sedit,
2487 3857 2608 3911 dein
2635 3866 2877 3911 mortuus
2903 3866 3006 3911 est.
3038 3860 3190 3911 Anno
3212 3857 3351 3924 ejus.

1802 3944 1923 3997 dem
1959 3939 2247 3998 undecimo
2300 3946 2472 3999 lactus
2521 3958 2602 3999 est
2628 3949 2970 4001 innocentius
3002 3948 3145 4001 Patr.
3169 3946 3363 4002 Roma-

1797 4049 1921 4095 nus,
1962 4034 2051 4101 qui
2086 4050 2209 4087 cum
2244 4036 2550 4101 quindecim
2598 4052 2767 4090 annos
2811 4038 3069 4100 sedisset,
3116 4048 3363 4091 mortuus

1799 4136 1903 4181 est.
1930 4129 2083 4179 Anno
2112 4128 2318 4194 imperii
2356 4127 2523 4193 ipsius
2558 4139 2748 4181 octavo
2780 4130 3109 4183 constitutus
3142 4142 3224 4183 est
3252 4130 3351 4184 Be-

1803 4220 1951 4271 rillus
1993 4218 2293 4285 patriarcha
2346 4216 2887 4288 llierosolymitauus,
2941 4236 3113 4273 annos
3150 4222 3355 4275 duode-

1798 4308 1899 4361 cim
1935 4310 2094 4373 sedit,
2127 4309 2248 4361 dein
2286 4318 2527 4362 mortuus
2555 4319 2656 4362 est.
2704 4312 2857 4362 Auno
2890 4311 3127 4377 ejusdem
3172 4315 3360 4381 quinto

146 4391 273 4444 nihil
324 4391 390 4444 ad
433 4388 603 4459 epam.
641 4395 1012 4460 spectantibus
1064 4412 1119 4450 se
1162 4400 1474 4463 immiscuit,
1504 4403 1571 4453 de
1597 4387 1691 4454 ea?
1727 4390 1769 4442 Ῑ)
1807 4399 1983 4453 factus
2032 4410 2112 4453 est
2154 4399 2412 4451 Paulinus
2462 4400 2764 4467 patriarcha
2820 4403 3211 4466 Aulim-lienus,
3268 4406 3357 4469 qtti

146 4480 335 4537 thcdra
379 4499 509 4551 ergo
571 4487 746 4554 ipsum
801 4490 1036 4556 deiicite.
1090 4489 1387 4557 Respondit
1434 4494 1507 4544 illi
1560 4494 1685 4562 Epi-

142 4567 396 4639 ph‘anius,
429 4576 483 4628 Si
512 4577 581 4628 ita
616 4587 670 4628 ut
704 4590 759 4630 tu
797 4579 935 4632 dicis
968 4596 1025 4633 se
1058 4596 1143 4633 res
1178 4582 1393 4643 habeat,
1422 4584 1485 4635 ad
1522 4585 1691 4649 pretii-

148 4668 365 4718 tentiam
395 4668 571 4733 ipsum
604 4666 900 4731 hortabor;
944 4670 1085 4737 quod
1116 4673 1159 4723 si
1192 4670 1429 4735 redierit,
1458 4670 1687 4742 [bene;]

148 4752 225 4803 sin
256 4757 449 4815 mimis,
481 4756 650 4819 ipsum
683 4757 941 4825 dignitate
998 4774 1093 4811 sua
1127 4760 1515 4813 amovehimus.
1546 4761 1688 4813 Dixit

149 4846 363 4912 regina:
395 4847 503 4899 Nisi
543 4864 712 4914 ipsum
744 4849 1118 4902 abdicaveritis
1149 4862 1393 4919 apertura
1426 4869 1542 4906 sum
1573 4856 1687 4907 ido-

152 4932 317 4988 lorum
360 4940 578 5007 tetnpla,
609 4938 964 5005 hominesque
995 4942 1057 4990 ad
1095 4957 1156 4993 ea
1184 4942 1409 4994 colenda
1451 4944 1682 5010 adigam.

151 5022 335 5092 Adcgit
378 5025 571 5079 deinde
598 5042 657 5079 ex
692 5022 959 5095 episcopis
1001 5038 1052 5080 et
1096 5030 1341 5083 diaeonis
1401 5034 1687 5085 nonnullos

152 5120 207 5166 ut
232 5117 295 5169 ad
326 5131 501 5186 regem
534 5118 871 5183 accedentes,
923 5136 1101 5172 coram
1131 5122 1247 5191 ipso
1275 5132 1463 5176 contra
1526 5122 1686 5177 Joan-

152 5217 266 5257 nem
308 5209 668 5261 teStitnOItium
727 5210 1088 5277 pethtberent,
1116 5214 1288 5280 ipsum
1332 5213 1430 5281 legi
1466 5224 1685 5267 contra-

154 5293 341 5361 dicere,
372 5299 651 5368 ipsumque
680 5306 905 5354 moleste
934 5304 1074 5356 terre
1095 5304 1242 5356 urbis
1269 5306 1492 5366 incolas,
1526 5315 1686 5375 atque

153 5387 267 5439 odio
294 5386 565 5459 prosi-qui.
598 5392 850 5461 Episcopi
878 5406 1080 5457 autem,
1104 5394 1299 5448 Joanni
1334 5400 1401 5449 ob
1438 5414 1682 5467 magnam

157 5477 315 5544 ipsius
371 5486 649 5537 scientiam
713 5486 1071 5549 inviderunt,
1132 5487 1483 5556 feceruntque
1541 5493 1684 5559 quod

158 5568 281 5633 ipsis
308 5575 479 5627 innuit
508 5577 713 5643 regina.
747 5575 858 5629 Rex
890 5592 1019 5646 ergo
1050 5578 1321 5634 Arcadius
1349 5578 1612 5634 Joannem
1646 5598 1677 5636 a

157 5662 395 5718 cathedra
431 5666 776 5735 patriarchali
823 5669 1060 5725 amoveri
1090 5669 1274 5740 jussit.
1317 5670 1554 5729 Joannes
1582 5690 1679 5729 au-

1792 4509 1961 4545 aunos
1999 4502 2231 4560 quatuor
2252 4493 2413 4557 sedit,
2449 4493 2567 4545 dein
2610 4502 2855 4547 mortuus
2896 4508 2995 4545 est.
3020 4498 3173 4546 Anno
3208 4496 3357 4563 t-jus-

1789 4586 1907 4637 dum
1971 4600 2112 4637 nouo
2191 4586 2519 4639 constitutus
2575 4595 2657 4636 est
2716 4585 2974 4652 Evagrius
3049 4590 3351 4652 patriarcha

1794 4677 2182 4740 Antiochenus,
2201 4678 2356 4731 anuis
2377 4679 2615 4744 quinque
2638 4678 2799 4741 sedit,
2822 4679 2939 4730 dein
2978 4692 3219 4732 mortuus
3249 4688 3352 4733 est.

1788 4769 1943 4819 Anno
1983 4768 2189 4832 impcrli
2228 4767 2465 4835 ejusdem
2510 4779 2723 4836 quarto,
2761 4770 2971 4821 Arcadii
3026 4786 3213 4837 nemp.
3253 4769 3353 4821 Ro-

1791 4874 2068 4910 manorum
2097 4858 2459 4923 imperatoris,
2485 4873 2651 4926 regno
2676 4861 2876 4926 potitus
2906 4859 3352 4925 CSlYitltitfjt‘l‘til!S

1790 4950 2038 5001 Baltratni
2074 4949 2232 5007 titius,
2256 4948 2317 4999 Al
2346 4947 2561 5000 Aitham
2588 4951 3023 5017 cegnominatus,
3056 4953 3105 5001 in
3130 4952 3345 5013 Persas,

1789 5054 1960 5091 annos
1992 5038 2196 5105 viginti.
2224 5036 2392 5089 Porro
2419 5037 2744 5101 Theophilus
2776 5039 3078 5105 patriarcha
3120 5040 3351 5092 Alexan-

1788 5132 1972 5184 drinus
2002 5130 2280 5181 eet-lesiatn
2329 5145 2573 5198 magnam
2606 5130 2947 5183 Alexandria)
2992 5134 3212 5196 struxit,
3250 5134 3347 5184 Ar-

1787 5223 1923 5274 cadii
1986 5221 2345 5274 Romanorum
2412 5220 2755 5286 imperatoris
2816 5222 3019 5273 nomini
3086 5223 3344 5275 dicatam.

1787 5312 2034 5378 Obiitque
2068 5311 2325 5363 Arcadius
2363 5310 2729 5362 Romanorum
2756 5326 2854 5393 rex
2879 5326 2999 5363 cum
3048 5312 3338 5379 imperium

1788 5419 1957 5456 annos
1990 5404 2241 5457 tredecim
2279 5413 2637 5471 occupasset;
2690 5414 2948 5462 recitante
3006 5416 3121 5472 post
3170 5406 3343 5470 ipsum

1790 5496 1896 5547 lilio
1926 5494 2093 5561 ipsius
2124 5492 2448 5556 TiieodOs’io,
2482 5497 2573 5562 qui
2598 5493 3130 5561 Tlteodosiusjunior
3155 5500 3338 5563 ιψμιιι-

1788 5587 1928 5639 latus
1959 5595 2060 5648 est,
2110 5586 2160 5636 in
2208 5582 2505 5653 Romanos,
2564 5600 2734 5638 annos
2775 5585 3132 5653 quadraginta
3181 5587 3341 5651 duos,

1788 5677 1951 5743 idque
1985 5692 2123 5730 anno
2154 5675 2471 5741 Yazdejcrdi
2516 5676 2767 5733 Bahratni
2789 5676 2884 5731 lilii
2925 5674 3210 5733 Persarum
3255 5692 3339 5731 re-
