4138 6460
709 349 835 413 1031

1719 343 2085 408 EUTYCIllI
2132 335 2667 397 ALEXANDllle
2712 342 2927 401 PATlt.

3840 88 3939 113 π’

3780 336 3798 397 1
3808 335 3904 397 (132

690 468 773 534 gis
814 462 1121 516 undecimo.
1162 460 1319 513 Anno
1356 458 1567 528 imperii
1597 459 1768 527 ipsius
1804 472 1947 510 nouo
1976 453 2263 507 invadente
2290 451 2337 508 Α
2370 460 2546 514 neret,
2583 462 2745 519 atque
2774 463 2831 505 ut
2868 453 2931 504 ad
2966 454 3243 505 ιϊιὶιηιριιι
3274 449 3404 518 5-7
3442 448 3642 501 rediret
3673 448 3907 501 hortare.

689 554 865 624 ipsum
918 550 1251 619 Yazdejerdo
1291 550 1543 603 Babrami
1598 553 1705 605 lilio
1750 549 1945 603 bellum
1995 546 2135 598 inter
2161 556 2255 595 eos

689 638 851 711 grave
894 645 1247 697 cunnuissum
1294 650 1396 705 est,
1445 656 1760 711 magnasque
1817 648 2029 705 strages
2074 634 2251 699 editie,

689 734 821 788 adeo
865 743 923 787 ut
974 734 1185 801 utrique
1209 734 1435 801 ,tandein
1494 734 1625 784 alter
1664 731 1731 784 ab
1760 731 1932 782 altero
1970 728 2025 780 in
2072 726 2253 791 fugam

688 816 1056 879 verterentur;
1085 825 1244 878 Auno
1290 823 1500 891 imperii
1552 823 1793 889 ejusdem
1838 819 2053 872 decimo
2092 814 2254 867 tertio

1070 920 1398 969 constitutus
1434 922 1516 967 est
1536 911 1783 966 lusimus
1807 907 2117 980 patriarcha
2144 903 2255 955 Ro-

690 1023 903 1071 manus,
937 1010 1029 1075 qui
1060 1021 1181 1059 cum
1216 1021 1415 1059 annum
1444 1020 1607 1058 unum
1640 1003 1866 1058 sedisset
1890 1008 2128 1052 tuortuus
2150 1006 2253 1057 est,

689 1101 752 1149 ad
805 1112 923 1149 eam
961 1097 1278 1165 dignitatem
1336 1105 1455 1163 post
1505 1098 1681 1162 ipsum
1726 1101 1914 1145 evecto
1955 1087 2253 1146 Bonifacio,

687 1190 777 1255 qui
811 1199 922 1241 tres
968 1201 1141 1240 annos
1182 1187 1343 1248 sedit,
1378 1185 1505 1238 dein
1539 1194 1783 1238 mortuus
1820 1194 1925 1236 est.
1953 1179 2255 1247 Factusque

687 1289 763 1327 est
822 1288 941 1346 post
987 1278 1161 1346 ipsam
1207 1277 1510 1346 patriarcha
1559 1275 1753 1328 ibidem
1804 1272 2129 1334 CeleStiuus,
2161 1269 2254 1338 qui

689 1384 860 1422 annos
888 1368 1075 1422 decem
1125 1368 1285 1430 sedit,
1316 1368 1438 1419 dein
1476 1373 1724 1419 mortuus
1751 1371 1856 1417 est.
1901 1360 2034 1430 Ejus
2069 1358 2262 1439 pra:er

688 1469 855 1513 cturae
892 1474 1033 1511 anno
1076 1459 1266 1527 quinto
1304 1455 1406 1509 fuit
1458 1455 1749 1510 coiit-ilium
1797 1453 2014 1507 tertium
2063 1457 2254 1504 contra

685 1548 1011 1612 Nestorium,
1047 1548 1261 1616 Ephesi.
1285 1547 1442 1599 Anno
1466 1545 1672 1613 imperii
1702 1542 1965 1612 ejusdem,
2008 1541 2256 1594 videlicet

685 1636 977 1693 Theodosii
1018 1638 1283 1700 Junioris,
1330 1637 1524 1704 primo,
1556 1634 1883 1687 constitutus
1910 1645 1992 1685 est
2021 1630 2254 1701 Cyrillus

686 1731 987 1799 patriarcha
1046 1728 1471 1790 Alexandrinus;
1500 1739 1675 1778 annos
1701 1724 1923 1792 triginta
1955 1732 2065 1775 tres
2089 1722 2250 1785 sedit,

2363 552 2472 597 tur.
2509 542 2738 610 Scripsit
2770 559 2897 610 ergo
2928 543 3161 595 Joannes
3197 541 3499 609 patriarcha
3539 537 3902 591 Antiochenus

2360 635 2425 686 ad
2459 632 2792 699 Nestorium,
2827 651 2905 695 se,
2953 636 3056 687 nisi
3104 634 3169 686 ad
3213 633 3491 684 veritatem
3538 630 3760 688 rediret,
3792 642 3909 679 con-

2361 736 2661 786 venturos,
2732 724 2942 793 ipsique
3009 723 3413 777 maledicturos.
3479 720 3906 774 Intercesserunt

2362 816 2526 869 etiam
2578 818 2719 870 inter
2766 834 2858 871 eos
2905 818 3145 885 epistola:
3199 832 3302 867 nou
3358 828 3539 881 pauca:
3576 829 3592 876 ;
3632 810 3911 865 Nestorius

2363 923 2489 961 vero
2516 924 2544 959 a
2578 909 2842 962 sententia
2870 924 2968 962 sua
3000 908 3427 978 haudquaquam
3460 907 3704 976 re‘cssit,
3733 905 3823 958 sed
3863 906 3911 955 in

2363 1014 2547 1053 errore
2586 1014 2706 1062 suo,
2738 1005 3085 1069 czecitateque
3116 1016 3177 1054 ac
3207 1002 3479 1068 Opiniottis
3505 1000 3761 1069 pravitate
3796 1012 3914 1063 per-

2362 1092 2585 1145 mansit.
2618 1092 2856 1146 Joannes
2879 1108 3006 1159 ergo
3039 1092 3341 1160 patriarcha
3382 1093 3747 1144 Antiochenus
3783 1090 3915 1143 scri-

2358 1172 2469 1250 ptis
2502 1184 2567 1236 ad
2618 1184 2878 1253 Cyrillum
2933 1182 3361 1236 Alexandrinum
3402 1182 3599 1234 litteris
3629 1182 3912 1235 certiorem

2363 1276 2541 1342 ipsum
2574 1272 2704 1329 fecit
2745 1273 3049 1328 Nestorium
3080 1275 3135 1328 in
3179 1276 3461 1329 sententia:
3508 1289 3618 1328 sua:
3657 1274 3915 1341 pravitati-

2348 1379 2732 1432 perseverare.
2768 1366 2998 1434 Scripsit
3025 1366 3185 1435 igitur
3211 1364 3444 1435 Cyrillus
3478 1365 3539 1416 ad
3567 1364 3915 1418 Caelestinum

2363 1456 2724 1523 patriareham
2753 1456 3076 1518 Romanum,
3102 1467 3153 1511 et
3189 1457 3255 1510 ad
3290 1453 3646 1510 Bu-Flarinm
3679 1455 3913 1523 patriar-

2362 1548 2522 1600 eham
2558 1546 3133 1617 llierosolymitanum,
3178 1562 3277 1602 nec
3309 1562 3415 1600 non
3452 1547 3715 1600 Joannem
3749 1544 3916 1614 patri-

2363 1639 2582 1692 archam
2610 1640 3027 1702 Antiochenam,
3054 1654 3256 1710 rogans
3282 1652 3341 1693 ut
3368 1641 3420 1693 in
3454 1641 3586 1693 urbe
3617 1638 3829 1707 Epheso
3852 1636 3916 1689 ad

2362 1730 2757 1799 dispiciendum
2789 1734 2856 1785 de
2889 1732 3155 1785 sententia
3189 1731 3426 1786 Nestorii
3464 1732 3842 1789 convenirent.
3872 1735 3914 1783 si

684 1824 809 1876 dein
868 1832 1116 1874 mortuus
1144 1829 1248 1873 est.
1322 1820 1481 1871 Auno
1521 1814 1850 1886 prmieeturm
1894 1814 2063 1881 ipsius
2108 1813 2251 1865 vicc-
2289 1795 2330 1851 Β
2358 1820 2543 1874 forsan
2594 1821 2769 1875 redire
2800 1823 2991 1884 vellet;
3030 1824 3113 1875 sin
3154 1823 3355 1883 minus,
3400 1837 3458 1874 se
3500 1822 3568 1873 ab
3596 1837 3661 1875 eo
3707 1821 3912 1874 subdu-

681 1916 821 1968 simo
864 1915 1063 1981 primo,
1121 1913 1456 1965 celebratum
1514 1918 1597 1961 est
1640 1904 1950 1971 ,concilium
2006 1904 2249 1963 tertium,

684 2011 871 2059 contra
942 2001 1281 2057 Nestorium.
1342 2000 1499 2052 Anno
1565 1998 1727 2052 etiam
1796 1996 1969 2065 primo
2042 1992 2253 2061 imperii

683 2095 973 2150 Theodosii
1016 2092 1258 2147 Juuioris
1288 2092 1624 2146 constitutus
1666 2097 1749 2143 est
1800 2086 2105 2140 Alexander
2158 2101 2251 2152 pa-

682 2189 916 2242 triarcha
944 2187 1339 2246 Autiocheuus,
1392 2185 1484 2251 qui
1525 2198 1649 2235 cum
1699 2182 1854 2234 annis
1887 2189 2118 2247 quatuor
2160 2193 2252 2230 se-

681 2282 872 2340 disset,
908 2288 1152 2332 mortuus
1195 2284 1299 2331 est.
1339 2274 1466 2329 Post
1521 2289 1679 2343 quem
1713 2277 1888 2327 factus
1922 2282 2006 2327 est
2052 2271 2249 2324 ibidem

683 2368 985 2436 patriarcha
1041 2366 1341 2419 Barodotus
1393 2364 1751 2434 (Theodotus)
1802 2362 1893 2431 qui
1944 2378 2035 2415 sex
2080 2376 2251 2414 annos

682 2464 844 2526 sedit,
879 2462 1002 2515 dein
1030 2471 1275 2514 mortuus
1310 2469 1412 2513 est.
1446 2459 1573 2513 Post
1601 2457 1776 2525 ipsum
1803 2456 2108 2523 patriarcha
2140 2455 2252 2505 Au-

680 2556 897 2610 tiochia:
930 2556 1219 2625 prmfectus
1242 2552 1503 2616 Joannes,
1536 2548 1924 2619 septemdecim
1966 2562 2138 2601 annos
2159 2562 2247 2601 se.

679 2650 776 2712 dit,
811 2649 934 2702 dein
969 2656 1215 2702 mortuus
1242 2654 1348 2700 est.
1380 2648 1537 2697 Anno
1565 2644 1913 2712 episcOpatus
1935 2640 2055 2705 ejus
2082 2640 2249 2693 unde-

679 2742 821 2796 cimo
878 2739 979 2793 fuit
1048 2738 1337 2794 concilium
1399 2735 1614 2788 tertium
1668 2746 1853 2787 contra
1917 2730 2245 2791 Nestorium.

679 2828 836 2884 Anno
863 2830 1089 2899 septimo
1116 2828 1325 2895 imperii
1363 2824 1655 2880 Theodosii
1691 2822 1935 2878 Junioris
1965 2824 2237 2877 constitu-

686 2934 770 2975 tus
801 2933 884 2975 est
926 2920 1147 2973 Flavius
1194 2919 1499 2987 patriarcha
1552 2916 2094 2985 Hierosolymitanus,
2150 2914 2241 2983 qui

682 3029 853 3067 annos
894 3013 1121 3081 triginta
1153 3019 1277 3064 octo
1300 3010 1457 3074 sedit,
1496 3008 1618 3063 dein
1667 3016 1915 3061 mortuus
1950 3016 2054 3061 est.
2091 3007 2248 3059 Anno

680 3105 1011 3173 praefecturae
1038 3104 1156 3171 ejus
1189 3103 1401 3155 decimo
1434 3108 1633 3169 quarto
1675 3097 1776 3152 fuit
1798 3099 2088 3151 concilium
2130 3107 2242 3150 ter-

624 3180 625 3183 η
681 3198 815 3249 tium
844 3206 1031 3250 contra
1078 3182 1419 3251 Nestorium;
1449 3204 1663 3245 necnon
1716 3201 1861 3241 anno
1906 3186 2243 3255 praefecturae

677 3288 922 3357 ejusdem
945 3286 1225 3340 tricesimo
1246 3284 1475 3352 septimo
1496 3281 1785 3337 concilium
1809 3287 2062 3347 quartqu
2084 3276 2245 3332 Chal-

680 3380 888 3435 cedone
917 3391 1107 3431 contra
1135 3378 1476 3431 Dioscorum.
1730 3362 1734 3373 ’

753 3468 885 3540 1-4
919 3470 937 3487 ⁹
980 3470 1137 3521 Anno
1188 3467 1479 3521 Theodosii
1533 3464 1779 3519 Junioris
1806 3464 2026 3520 decimo
2054 3471 2249 3532 quarto

681 3563 1018 3616 constitutus
1045 3570 1133 3614 est
1167 3559 1406 3613 Sisinius
1439 3558 1747 3626 patriarcha
1780 3556 2244 3624 Constantinopo-

681 3657 905 3719 litauus,
953 3653 1044 3722 qui
1091 3663 1201 3706 tres
1237 3667 1410 3705 annos
1452 3651 1612 3713 sedit,
1656 3650 1780 3703 dein
1823 3657 2075 3711 mortuus,
2104 3656 2188 3701 est
2228 3664 2243 3700 :

684 3748 890 3815 fuitque
925 3755 1047 3814 post
1075 3746 1253 3813 ipsum
1292 3742 1599 3809 patriarcha
1629 3739 2100 3806 ConstantinOpoli
2138 3736 2242 3790 Nc-

682 3840 907 3901 storius,
940 3838 1031 3907 qui
1076 3853 1199 3890 cum
1242 3846 1475 3903 quatuor
1507 3834 1664 3885 annis
1699 3848 1761 3885 ac
1796 3830 2012 3883 duobus
2046 3829 2245 3882 mensi-

686 3932 786 3984 bus
822 3932 1072 3987 sedisset,
1108 3928 1450 3981 anathemate
1478 3925 1702 3978 devotus
1735 3937 1796 3975 ac
1829 3924 1946 3975 loco
1969 3922 2246 3975 abdicatus

683 4029 786 4075 est.
816 4023 1110 4073 Asserehat
1132 4017 1398 4086 siquidem
1425 4015 1704 4069 Nestorins
1728 4015 1951 4067 Mariam
1978 4014 2243 4081 virginem

684 4130 867 4167 rewra
904 4113 1183 4180 lleiparam
1216 4126 1323 4162 non
1358 4109 1526 4161 fuisse
1557 4125 1571 4170 ;
1598 4122 1718 4161 esse
1749 4108 1885 4161 duos
1915 4107 2076 4166 filios,
2109 4120 2247 4173 quo-

686 4220 805 4259 rum
837 4205 973 4258 alter
1004 4205 1074 4255 sil.
1106 4204 1267 4261 Deus,
1297 4216 1527 4268 eumque
1560 4215 1586 4249 a
1623 4200 1782 4252 Patre
1814 4198 2077 4267 genitum,
2111 4197 2245 4248 alter

684 4305 861 4349 autem
893 4297 1079 4357 homo,
1110 4295 1199 4361 qui
1233 4308 1261 4344 a
1294 4294 1457 4346 Maria
1493 4302 1653 4345 natus
1688 4294 1785 4343 fuit
1825 4309 1837 4344 :
1869 4301 2033 4359 atque
2074 4288 2244 4341 homi-

684 4403 803 4441 nem
825 4386 997 4440 ‘istum
1027 4386 1118 4453 qni
1156 4401 1212 4438 se
1239 4384 1515 4439 Christum
1550 4382 1766 4444 dixerit,
1800 4396 1984 4434 amore
2028 4384 2240 4433 unitum

682 4491 802 4530 esse
844 4491 968 4529 cum
1016 4475 1146 4536 ﬁlio,
1197 4474 1475 4540 Deumque
1512 4471 1774 4539 appellari
1807 4482 1859 4523 et
1895 4471 2085 4523 Filium
2127 4468 2239 4534 Dei,

2355 1919 2558 1973 centes,
2601 1912 2703 1981 ipsi
2755 1912 3177 1975 maledicereut,
3232 1924 3394 1981 atque
3447 1912 3563 1967 loco
3615 1923 3909 1967 moverent.

2352 1999 2735 2055 Convenerunt
2763 2017 2890 2073 ergo
2912 2003 2965 2056 in
3000 2004 3132 2056 orbe
3160 2003 3371 2072 Epheso
3406 2004 3645 2072 cpisc0pi
3670 2003 3913 2057 ducenti.

2351 2090 2578 2145 Concilii
2608 2092 2866 2160 praesides
2888 2102 3044 2145 erant
3069 2090 3307 2161 Cyrillus
3338 2092 3647 2161 patriarcha
3683 2092 3913 2145 Alexan-

2350 2181 2564 2244 drinus,
2613 2181 2935 2237 C(elestinus
2994 2184 3297 2252 patriarcha
3355 2182 3665 2247 Ruinauus,
3714 2194 3770 2238 et
3822 2183 3917 2237 Bu-

2359 2273 2576 2328 Flavius
2601 2276 2911 2343 patriarcha
2941 2276 3482 2347 llterosolymitanus.
3506 2274 3762 2329 Promisit
3783 2276 3914 2345 ipsis

2350 2366 2586 2419 Joannes
2622 2381 2681 2421 se
2711 2365 3047 2434 adfuturum,
3083 2376 3138 2421 at
3167 2380 3291 2421 cunt
3328 2382 3533 2421 moram
3563 2368 3784 2423 trahens
3809 2383 3913 2421 non

2354 2460 2602 2524 veniret,
2642 2462 2785 2515 haud
2827 2446 3051 2516 ulterius
3101 2464 3277 2531 ipsum
3310 2474 3633 2531 exspectans
3679 2461 3914 2533 Cyrillus

2352 2552 2663 2619 patriarcha
2711 2552 3133 2619 Alexandrinus,
3166 2555 3499 2618 convocatis,
3527 2554 3620 2623 qui
3668 2554 3911 2621 aderant,

2350 2642 2650 2713 episcopis,
2684 2642 2752 2696 ad
2800 2641 3109 2697 Nestorium
3158 2644 3306 2698 misit
3338 2654 3397 2697 ut
3437 2659 3496 2698 se
3529 2660 3632 2697 una
3672 2646 3909 2705 sisteret,

2350 2736 2442 2805 qui
2492 2734 2694 2803 Ephesi
2744 2743 2873 2789 tunc
2924 2742 3059 2787 erat.
3116 2735 3395 2790 Renuente
3443 2745 3623 2789 autem
3661 2732 3911 2789 Nestorio

2348 2829 2631 2893 accedere,
2649 2842 2774 2881 cum
2798 2836 2881 2883 ter
2907 2829 2973 2882 ad
3002 2829 3175 2897 ipsutn
3205 2827 3265 2898 8
3292 2826 3552 2890 misiSSet,
3577 2842 3677 2882 nec
3701 2828 3793 2881 ille
3831 2836 3909 2880 ta-

2352 2935 2473 2971 men
2504 2919 2735 2983 veniret,
2770 2919 3099 2974 sententiam
3138 2918 3309 2988 ipsius
3338 2918 3405 2973 ad
3436 2932 3661 2972 exatnen
3696 2931 3913 2972 revoca-

2354 3021 2502 3074 runt,
2548 3012 2836 3081 ipsnmque
2888 3012 3267 3067 maledictione
3317 3010 3547 3083 dignum
3584 3012 3911 3082 iudicantes,

2357 3104 2698 3159 anathemate
2728 3105 3081 3169 devoverant,
3113 3121 3177 3160 ac
3200 3105 3317 3160 loco
3354 3113 3661 3171 moverunt,
3694 3114 3910 3161 statue-

2356 3207 2591 3267 runtque
2634 3197 2856 3252 Mariam
2907 3198 3171 3269 virginem
3205 3200 3298 3254 Dei
3334 3198 3556 3253 Matrem
3588 3212 3730 3259 esse,
3761 3194 3913 3251 Chri-

2352 3295 2607 3355 stumque
2636 3287 2803 3341 Deum
2835 3303 3017 3344 verum
3047 3298 3210 3357 atque
3235 3289 3507 3343 hominem
3543 3287 3757 3343 duabus
3786 3300 3913 3341 con-

2349 3386 2586 3433 stantem
2638 3382 2889 3445 naturis,
2948 3390 3004 3435 at
3054 3396 3287 3451 persona
3352 3396 3517 3435 unum
3573 3396 3717 3443 esse,
3768 3378 3911 3448 quod

2348 3468 2623 3523 diversum
2656 3479 2737 3524 est
2767 3469 2835 3523 ab
2879 3485 3085 3526 amore.
3128 3472 3415 3527 Nestorius
3447 3472 3591 3526 enim
3634 3470 3913 3527 asserebat

2350 3558 2612 3613 unitatem
2668 3575 2788 3615 esse
2840 3560 3073 3614 duarum
3126 3577 3486 3631 personarum
3544 3576 3909 3627 consensum;

2347 3665 2470 3704 cum
2520 3650 2701 3706 unitas
2756 3666 2881 3706 vera
2937 3653 3006 3707 sit
3046 3665 3102 3707 ut
3155 3656 3225 3709 sit
3267 3671 3497 3725 persona
3543 3671 3651 3709 una
3700 3655 3911 3711 duabus

2348 3746 2561 3801 naturis
2611 3744 2942 3818 [constans].
2976 3749 3118 3804 Cum.
3142 3760 3320 3804 autem
3362 3752 3473 3820 jam
3513 3750 3767 3807 Nestorio
3800 3766 3913 3806 nta-

2348 3836 2686 3901 ledixissent,
2734 3839 2964 3893 accessit
2992 3838 3230 3896 Joannes
3265 3842 3573 3911 patriarcha
3614 3843 3910 3898 Antioche-

2348 3944 2470 3990 nus,
2501 3930 2591 3996 qui
2622 3944 2744 3983 cum
2773 3930 2884 3998 jam
2916 3931 3035 3984 illos
3058 3940 3180 3986 ante
3212 3932 3500 3987 adventum
3536 3949 3691 3988 suum
3722 3933 3909 3988 Nesto-

2347 4020 2429 4071 rio
2496 4017 2838 4073 Inaledixisse
2907 4023 3297 4088 comperisset,
3367 4022 3448 4076 ira
3515 4034 3826 4079 counnotus
3888 4041 3902 4077 :

2345 4107 2573 4177 Iniuria,
2642 4110 2848 4176 inquit,
2915 4112 3228 4168 Nestorium
3286 4113 3575 4182 alfecistis,
3622 4118 3909 4187 ipsumque

2348 4199 2821 4256 maledictionibus
2860 4203 3133 4258 immerito
3182 4206 3500 4262 devovistis.
3549 4208 3908 4275 Nestorioque

2346 4302 2406 4340 se
2436 4286 2754 4356 adjungens.
2786 4294 3105 4373 convocatis
3140 4296 3232 4363 qui
3279 4310 3401 4349 cum
3438 4298 3555 4365 ipso
3592 4308 3750 4353 erant
3791 4300 3908 4369 epi-

2348 4376 2549 4444 scopis,
2602 4376 2861 4447 Cyrillum
2918 4368 3282 4449 p'atriarcham
3330 4386 3775 4453 Alexandrinum,
3811 4368 3906 4442 nec

2350 4481 2454 4519 non
2488 4466 2761 4521 Simonem
2792 4471 3106 4539 episcopum
3143 4473 3494 4542 Ephesinum,
3531 4479 3896 4532 excouimuni-

686 4583 793 4621 non
829 4582 1038 4628 revera,
1083 4564 1174 4618 sed
1223 4578 1315 4630 per
1366 4568 1797 4625 concessionem,
1852 4571 1903 4613 et
1959 4560 2237 4614 nominum
2276 4570 2316 4623 υ
2355 4558 2519 4611 cavit.
2548 4558 2684 4615 Cum
2712 4576 2839 4628 ergo
2870 4562 3116 4617 viderent
3145 4566 3276 4619 socii
3305 4567 3491 4635 Cyrilli
3522 4568 3900 4623 absurditatent

683 4659 1141 4719 communionem,
1193 4666 1247 4708 et
1294 4656 1515 4709 lienoris
1566 4669 1752 4715 causa,
1814 4654 1954 4706 sicut
2004 4668 2142 4705 unus
2174 4667 2236 4704 ex

683 4750 981 4817 pmplietis.
1012 4747 1141 4811 Qua:
1170 4745 1401 4799 Nestorii
1432 4747 1699 4799 sententia
1731 4760 1853 4797 cum
1886 4744 1951 4796 ad
1981 4743 2238 4811 Cyrillum

683 4840 1042 4907 pitriarcham
1093 4836 1512 4891 Alexandrinum
1566 4836 1913 4904 pervenisset,
1971 4835 2082 4901 ipse
2121 4847 2237 4886 eam

685 4933 995 4997 improbans
1043 4932 1107 4983 ad
1155 4945 1278 4983 eum
1326 4932 1539 4983 litteras
1569 4928 1805 4996 Scripsit,
1841 4928 1890 4979 iu
1929 4928 2126 4995 quibus
2162 4926 2241 4979 fa-

681 5033 823 5073 ctum
865 5022 979 5089 ejus
1011 5031 1064 5071 ιιι
1114 5028 1268 5084 turpe
1305 5019 1596 5080 incusnit,
1632 5032 1694 5069 ac
1727 5018 2046 5081 senteptiatn
2078 5031 2235 5068 coar-

681 5119 795 5180 guit
847 5113 1057 5177 ipsique
1096 5113 1192 5161 via:
1226 5126 1337 5161 sua:
1383 5109 1789 5177 petversitalem
1841 5109 2096 5170 ostendit,
2150 5124 2236 5161 ro-

678 5220 809 5269 guns
848 5214 901 5254 ut
939 5206 1002 5254 ad
1036 5211 1312 5253 veritatem
1358 5201 1575 5253 rediret.
1608 5200 1851 5263 Cumque
1884 5200 2061 5253 multa:
2097 5202 2235 5252 inter

678 5298 827 5365 ipsos
877 5296 1066 5346 littera:
1123 5296 1568 5354 intercesserant,
1618 5307 1712 5344 nec
1760 5308 1787 5341 a
1830 5291 2097 5343 sententia
2136 5304 2232 5343 sua

679 5395 1042 5439 reverteretur
1074 5383 1374 5443 Nestor-ius,
1408 5384 1626 5449 scripsit
1659 5382 1895 5450 Cyrillus
1928 5380 2233 5446 patriarcha

678 5476 1018 5528 Alexandria:
1051 5477 1112 5525 ad
1141 5471 1400 5525 Joannem
1434 5473 1791 5538 patriarcham
1816 5472 2233 5533 Autiochenunt,

679 5566 854 5631 ipsum
886 5572 1047 5615 etiam
1086 5566 1282 5628 rogans
1325 5570 1382 5613 ut
1416 5561 1610 5613 litteris
1644 5560 1709 5611 ad
1746 5559 2053 5611 Nestorium
2096 5560 2235 5613 datis

682 5654 831 5708 illum
866 5653 1151 5707 sententia:
1188 5667 1299 5705 suae
1353 5650 1614 5704 fwditatis
1644 5660 1697 5702 et
1746 5648 2099 5703 ahsurditatis
2127 5665 2239 5705 nio-

746 5770 816 5837 (α)
849 5767 939 5818 Hic
962 5769 1011 5818 tu
1036 5766 1253 5818 editione
1279 5768 1550 5820 Oxoniensi
1573 5767 1745 5828 incipit
1767 5774 1926 5817 tomus
1954 5767 2098 5818 alter.

2347 4666 2533 4704 eormn
2552 4668 2670 4721 qum
2690 4651 3188 4720 patravitﬂaannes,
3204 4664 3325 4710 Orto
3353 4658 3502 4711 inter-
3518 4659 3663 4727 ipsos
3680 4661 3904 4715 dissidio

2349 4740 2559 4809 Epheso
2591 4742 2978 4797 discesserunt.
3013 4745 3268 4814 Factique
3300 4759 3426 4801 sunt
3450 4750 3582 4803 socii
3616 4748 3827 4819 Cyrilli.
3851 4760 3902 4803 et

2345 4834 2647 4888 Orientales
2663 4846 2841 4903 partes
2856 4839 2995 4900 duaa,
3019 4838 3158 4891 inter
3171 4854 3305 4906 quas
3324 4841 3742 4896 intercesserunt
3759 4844 3899 4896 rixae.

2419 4929 2482 4978 At
2518 4942 2623 4979 non
2660 4928 2867 4980 destitit
2908 4926 3249 4983 Theodosius
3282 4946 3371 4982 rex
3411 4931 3582 4986 donec
3614 4935 3756 4987 inter
3777 4933 3894 4987 illos

2347 5034 2531 5086 pacem
2566 5021 2900 5074 conciliaret.
2938 5021 3441 5089 Seripseruutcrgo
3472 5024 3777 5077 Orientales
3827 5025 3889 5076 li-

2344 5105 2538 5158 bellant
2567 5106 2619 5157 iu
2657 5121 2763 5174 quo
2786 5107 3097 5171 asserebant
3128 5117 3371 5160 sanctam
3392 5108 3609 5162 Mariam
3630 5109 3893 5179 Virginem

2346 5198 2505 5250 Deum
2531 5208 2584 5250 et
2607 5197 2887 5250 Dominum
2918 5206 3161 5251 nostrum
3184 5198 3365 5253 Jesum
3391 5200 3579 5269 9-11
3619 5203 3887 5255 Christum

2344 5290 2635 5357 peperisse,
2671 5290 2761 5355 qui
2800 5288 3040 5352 ejusdem
3082 5300 3165 5343 est
3197 5304 3316 5342 cum
3350 5290 3505 5343 Patre
3537 5307 3637 5344 suo
3671 5300 3886 5350 naturae.

2342 5380 2698 5447 ejusdemque
2754 5395 2876 5432 cum
2930 5380 3240 5433 hominibus
3281 5382 3458 5447 qu0ad
3510 5382 3885 5434 humanitatem

2346 5477 2585 5527 naturas;
2620 5470 2755 5520 duas
2795 5468 2954 5521 etiam
3001 5478 3223 5520 naturas
3254 5468 3490 5521 confessi
3538 5477 3684 5531 sunt,
3717 5478 3767 5519 et
3796 5468 3887 5534 hy-

2346 5560 2584 5626 postusitt
2632 5574 2813 5621 uuam,
2854 5574 3122 5625 unamque
3168 5572 3478 5625 personam,
3526 5568 3577 5610 et
3612 5558 3884 5610 anathema

2346 5654 2399 5706 in
2444 5647 2761 5704 Nestorium
2814 5647 3224 5702 denuntiarunt.
3261 5648 3501 5715 Eumque
3532 5646 3765 5701 libellum
3797 5654 3887 5712 per
