4138 6552
311 436 432 497 ιω

1696 419 2060 483 ANNALES.

3356 405 3493 472 1034

287 540 515 598 'Paulum
544 540 933 611 metropolitam
962 538 1325 591 ilamesanum
1351 529 1425 587 ad
1446 534 1833 604 Cyrillumpa-
1866 539 1907 588 Α
1940 538 2124 597 utpote
2156 541 2279 581 cum
2321 523 2499 589 Pater,
2542 525 2698 595 juxta
2730 525 2903 594 ipsos,
2930 521 3178 593 genuerit
3222 522 3411 588 Deum,
3442 536 3494 580 at

278 630 584 699 .triarcham
633 630 1057 713 alexandrinum
1121 626 1386 681 miserunt
1437 640 1453 678 :
1496 640 1655 694 quem
1707 637 1837 696 cunt

1939 634 2048 674 non
2082 619 2352 672 hominem
2383 634 2397 683 ;
2424 617 2589 671 Maria
2609 631 2737 671 vero
2768 616 3039 672 hominem
3066 618 3358 687 pepererit,
3390 634 3494 672 non
3590 634 3595 639 ο

311 721 592 789 accepisset
622 700 780 789 atque
813 717 1126 786 perlegisset
1158 715 1409 786 Cyrillus,
1447 729 1567 767 cum
1601 714 1737 783 ipsis
1762 698 1844 764 "de
1935 699 2117 776 autem
2152 707 2336 763 Deum.

306 810 456 866 rebus
486 810 539 863 in
563 824 628 864 eo
658 807 929 861 contentis
957 805 1303 861 consentiens
1326 804 1426 859 hoc
1454 803 1560 859 illis
1590 802 1735 873 quod
1768 801 1836 855 ad

222 898 223 901 “
302 915 418 958 eum
447 914 771 969 responsum
798 897 1033 952 reddidit
1063 915 1078 952 :

368 990 622 1046 Eamdein
652 1003 752 1057 ego
779 1002 938 1056 quam
972 988 1161 1044 vos‘in‘
1205 988 1386 1044 libello
1425 995 1606 1041 vestro
1636 985 1842 1040 deseri-

2014 799 2237 854 Dicetur
2282 807 2413 871 ergo
2460 802 2569 855 illis
2627 819 2640 855 :
2685 800 2741 878 Si
2773 802 2847 856 ita
2872 815 2960 868 res
2985 815 3045 857 se
3062 800 3264 855 haheat
3302 801 3378 855 uti
3410 816 3505 853 \os

1942 890 2146 954 dicitis,
2186 892 2294 946 erit
2335 892 2585 948 ChriStus
2651 894 2761 947 duo
2802 892 3041 955 Christi,
3092 891 3311 960 duoque
3358 890 3501 945 Filii.

1944 981 2062 1036 Erit
2100 996 2235 1050 ergo
2277 981 2532 1038 Christus
2583 982 2725 1036 Deus
2775 997 2958 1047 verus,
3021 988 3076 1035 et
3126 972 3300 1035 Filius
3346 995 3506 1069 verus

300 1070 669 1151 risistis'iidem
697 1081 1025 1148 amplector;
1056 1089 1217 1150 atque
1252 1080 1354 1135 hoc
1379 1086 1537 1147 pacto
1564 1076 1670 1131 fuit
1702 1075 1842 1129 inter
1948 1071 2114 1138 Deus,
2162 1080 2217 1128 et
2262 1071 2513 1127 ChriStus
2569 1086 2730 1153 verus
2776 1073 2968 1135 homo,
3020 1082 3075 1127 et
3125 1072 3300 1127 Filius
3346 1060 3543 1125 verus.

289 1167 555 1238 'Cyrillum
600 1177 655 1222 et
693 1167 991 1223 Orientales
1018 1167 1327 1223 concordia.
1356 1165 1511 1232 Quod
1552 1175 1731 1218 autem
1762 1163 1858 1241 die
1942 1162 2135 1235 homo,
2169 1178 2294 1217 cum
2346 1163 2657 1217 necessario
2696 1161 2983 1215 dicendum
3032 1164 3100 1217 sit
3154 1162 3237 1216 vel
3282 1160 3505 1216 Mariam

303 1270 432 1314 cunt
474 1260 719 1314 nonnulli
750 1259 1007 1331 Cyrillum
1046 1275 1170 1315 cum
1201 1256 1841 1313 libellumOrientalium

300 1350 601 1420 accepisset
622 1351 796 1420 ipsum
823 1351 1175 1421 improbasse,
1203 1364 1305 1404 nec
1330 1348 1534 1403 dixisse
1567 1348 1702 1401 duas
1743 1360 1846 1400 na-

302 1448 448 1493 turas
475 1448 527 1494 et
562 1439 891 1510 hypostasim
923 1454 1108 1504 unam,
1128 1440 1182 1492 in
1215 1450 1282 1492 eo
1309 1434 1429 1489 falsi
1464 1441 1613 1488 sunt.
1646 1432 1848 1487 Omnes

300 1530 440 1585 cnim
486 1527 673 1599 Cyrilli
721 1521 844 1593 libri
911 1530 1045 1584 illud
1097 1520 1299 1595 diserte
1352 1533 1653 1580 asserunt»
1681 1525 1850 1579 Porro

299 1621 602 1675 transmisit
638 1620 877 1690 Cyrillus
905 1618 1177 1688 exemplar
1202 1616 1368 1672 libelli
1394 1615 1751 1671 Orientalium
1782 1612 1847 1667 ad

298 1707 579 1777 Hilarium,
603 1712 919 1782 episcopum
938 1710 1087 1765 urbis
1113 1707 1456 1781 Corinthi,et
1478 1707 1543 1760 ad
1570 1705 1849 1768 Acacium,

280 1802 611 1872 episcopum
650 1801 1023 1889 hialatensem,
1057 1806 1112 1854 et
1145 1798 1233 1891 ad
1246 1798 1384 1853 alios
1414 1797 1699 1891 episcopos
1728 1795 1849 1864 plu-
1885 1836 1929 1891 Β

298 1908 407 1958 res,
458 1884 721 1949 certiores
770 1893 894 1959 illos
949 1890 1153 1946 faciens
1199 1888 1500 1945 Orientales
1556 1887 1625 1942 ad
1673 1900 1853 1942 veram

301 1983 458 2038 fidem
492 1983 743 2046 rediisse,
773 1997 948 2052 neque
977 1982 1235 2038 Nestorio
1265 1994 1552 2039 assensum
1593 1976 1855 2047 praebere,
1907 1988 1910 1992 '

300 2088 493 2129 verum
541 2071 869 2130 sententiam
901 2070 1156 2141 amplecti
1206 2069 1427 2125 concilii
1472 2066 1698 2123 secundi
1742 2064 1860 2135 epi-

297 2176 594 2233 scoporum
626 2172 842 2217 centum
877 2161 1290 2231 quinquaginta,
1335 2156 1428 2229 qui
1462 2155 1859 2215 Constantino-

301 2254 425 2325 poli-
444 2252 1182 2309 convenientesillaccdonio
1224 2250 1645 2305 tnaledixerunt.
1677 2246 1795 2302 Jam
1827 2262 1857 2300 a

298 2344 540 2414 concilio
580 2343 843 2406 secundo,
885 2333 1029 2413 quod
1078 2342 1337 2407 diximus,
1382 2340 1453 2394 ad
1497 2341 1719 2395 tertium
1757 2339 1860 2393 hoc

298 2435 594 2490 concilium
655 2434 758 2504 12
810 2433 1190 2504 episcoporum
1241 2432 1606 2486 ducentorum
1655 2429 1748 2500 qui
1804 2428 1862 2482 in

269 2527 443 2582 -urbe
473 2525 673 2594 Ephesi
706 2525 1014 2595 congregati
1052 2530 1181 2578 sunt
1207 2532 1263 2577 et
1286 2520 1599 2599 Nestorium
1638 2519 1864 2574 anathe-

302 2618 441 2673 ntali
501 2619 879 2681 devoverunt,
908 2615 1036 2669 anni
1074 2623 1204 2669 sunt
1239 2612 1644 2693 quinquaginta
1695 2624 1862 2675 unus,

300 2708 475 2777 idque
504 2722 647 2762 anno
685 2705 837 2777 regni
866 2704 1159 2761 Theodosii
1197 2702 1467 2768 Junioris,
1516 2701 1864 2773 imperatoris

299 2800 681 2855 Romanorum
702 2798 975 2852 vicesimo
1008 2796 1207 2865 primo.
1242 2794 1529 2850 Nestorius
1550 2782 1741 2848 autem
1772 2791 1863 2847 ubi

296 2894 500 2962 pulsus
531 2890 707 2946 fuerat
746 2888 1041 2959 Egyptum
1073 2889 1324 2952 tendens,
1364 2886 1420 2941 in
1467 2901 1530 2940 ea
1560 2886 1679 2957 eius
1712 2893 1865 2962 parte

293 2958 431 3052 qua
469 2981 597 3038 Said
627 2958 863 3044 dicitur,
893 2958 1016 3036 loco
1048 2980 1295 3034 Echmim
1326 2977 1615 3048 appellato,
1658 2958 1863 3045 septem

296 3090 488 3131 annos
531 3073 790 3135 substitit,
831 3072 956 3127 dein
997 3079 1248 3126 mortuus
1292 3080 1398 3133 est,
1436 3063 1501 3121 ac
1529 3067 1779 3136 sepultus
1799 3065 1863 3123 in

1951 1255 2227 1324 peperisse
2258 1253 2554 1318 Christum,
2581 1255 2663 1309 vel
2704 1269 2811 1308 non
2846 1253 3140 1323 peperisse.
3176 1253 3233 1307 Si
3278 1255 3509 1323 peperit,

1930 1346 2268 1419 “necessario
2292 1346 2398 1399 erit
2426 1356 2615 1416 partus
2637 1347 2722 1401 vel
2752 1344 3055 1414 spiritualis
3079 1345 3165 1401 vel
3189 1348 3507 1415 corporalis;

1953 1437 2000 1493 si
2032 1426 2361 1509 corporalis,
2392 1438 2534 1496 alius
2566 1438 2669 1493 erit
2699 1435 2769 1490 ab
2807 1450 2875 1491 eo
2905 1450 3068 1503 quem
3107 1437 3297 1505 genuit
3333 1437 3511 1498 Pater,

1952 1529 2099 1585 unde
2128 1531 2441 1586 necessario
2466 1537 2725 1598 sequetur
2746 1530 2882 1583 duos
2911 1543 3032 1584 esse
3057 1526 3306 1583 Christus
3332 1544 3348 1593 ;
3371 1528 3516 1596 quod

1952 1620 2000 1675 si
2050 1621 2350 1691 spiritualis
2398 1620 2589 1685 fuerit,
2637 1621 2740 1675 erit
2782 1620 3036 1677 Christus
3082 1621 3255 1675 Filius
3286 1635 3432 1673 unus
3463 1633 3518 1675 et

1952 1700 2195 1766 Persona
2246 1724 2394 1776 una,
2452 1718 2505 1765 et
2558 1709 2811 1765 Christus
2874 1726 3036 1766 unus.
3100 1711 3369 1767 Prohatur
3417 1714 3529 1781 hoc

1956 1797 2252 1872 [exemplo]
2298 1800 2514 1856 laminae
2546 1800 2734 1856 ferreas
2760 1802 2872 1856 cui
2907 1804 3092 1857 unitur
3136 1804 3298 1872 ignis,
3334 1813 3519 1872 utpote

1956 1901 2078 1957 qua
2123 1888 2195 1943 sit
2227 1888 2439 1958 gladius
2478 1894 2631 1945 unus
2670 1892 2771 1961 qui.
2812 1899 2867 1946 et
2899 1901 3038 1957 urat,
3087 1903 3141 1947 et
3188 1894 3420 1958 scindat,
3467 1906 3524 1948 ct

1958 1977 2157 2044 luceat,
2179 1987 2236 2036 et
2270 1990 2558 2047 coruscet;
2595 1997 2692 2037 nec
2718 1984 2946 2039 concedi
2980 1985 3084 2055 16
3109 1993 3286 2055 potest
3314 1994 3519 2053 partem

1959 2070 2193 2151 ferream
2234 2068 2352 2126 eam
2382 2086 2506 2128 esse
2548 2088 2666 2142 quae
2702 2074 2831 2138 urit,
2871 2082 2927 2129 et
2960 2064 3125 2139 lucet,
3157 2092 3280 2130 cum
3315 2077 3518 2142 fet'rum

1938 2162 2046 2217 cui
2080 2154 2187 2217 non
2226 2162 2368 2219 inest
2412 2163 2554 2232 ignis
2598 2179 2707 2219 non
2754 2172 2917 2231 urat;
2950 2179 3125 2233 neque
3158 2175 3364 2233 partem
3392 2182 3521 2221 can-

1959 2251 2176 2308 dentem
2203 2268 2326 2323 quae
2360 2255 2729 2322 secatignem
2777 2269 2925 2321 esse,
2973 2270 3099 2311 cum
3147 2257 3555 2333 ignis‘natura‘

1961 2344 2061 2398 sua'
2106 2342 2282 2397 luceat
2327 2353 2382 2398 et
2418 2351 2563 2399 urat.
2611 2346 2789 2414 Atque
2838 2346 2944 2399 hoc
2994 2344 3294 2419 [exemplo]
3334 2364 3523 2403 verum

1960 2449 2087 2489 esse
2133 2443 2352 2490 constat
2397 2442 2450 2488 et
2497 2434 2853 2490 conﬁrmatur
2894 2438 3037 2507 quod
3076 2441 3397 2508 protitcmur
3424 2455 3526 2497 nos

1966 2522 2257 2588 Melchitte,
2302 2523 2582 2578 Christum
2627 2538 2750 2578 esse
2789 2540 2951 2579 unam
3001 2541 3316 2594 personam,
3358 2517 3526 2582 Deum

1962 2613 2285 2687 perfectum,
2328 2614 2718 2683 hominemque
2766 2614 3093 2684 perfectum,
3131 2626 3187 2671 et
3217 2618 3530 2675 confutatur

1968 2705 2113 2776 quod
2147 2715 2398 2761 asserunt
2434 2694 2765 2771 Nestoriani,
2794 2722 2922 2763 esse
2961 2707 3240 2765 Christum
3269 2705 3544 2781 personas
3590 2776 3592 2779 τ

1964 2798 2123 2853 duas’.
2158 2797 2299 2862 Quin
2339 2797 2505 2851 etiam
2540 2797 2649 2853 dici
2676 2784 2788 2870 illis
2815 2799 3034 2869 poterit,
3074 2800 3244 2855 dicite
3276 2802 3431 2857 nobis
3462 2804 3531 2857 de

1967 2888 2304 2942 humanitate
2325 2888 2414 2942 cui
2442 2889 2596 2963 unita
2626 2898 2713 2944 est
2745 2890 3026 2955 divinitas,
3058 2883 3221 2961 atque
3248 2894 3527 2948 nominata

1966 2990 2051 3035 est
2088 2972 2347 3037 Christus
2386 2976 2520 3054 [An]
2571 2996 2677 3037 non
2713 2981 2955 3037 desierit
2999 2997 3120 3038 esse
3158 2986 3433 3040 Christum
3464 3005 3531 3042 ex

1918 3088 2078 3150 §_quo
2117 3073 2283 3129 fuerit
2308 3074 2364 3127 in
2404 3082 2560 3128 utero
2597 3073 2789 3127 matris
2821 3089 2936 3131 sum
2976 3073 3158 3128 Mariae
3192 3091 3364 3150 usque
3404 3079 3534 3132 dum
3579 3090 3587 3095 '

298 3167 430 3221 vico
478 3164 679 3219 Saklan
723 3164 895 3229 dicto,
926 3164 981 3217 in
1022 3176 1131 3235 quo
1162 3169 1327 3215 aestus
1375 3159 1567 3230 ingens
1610 3155 1865 3226 contigit,

1974 3166 2156 3232 ipsum
2188 3154 2405 3232 pareret
2448 3171 2502 3218 et
2532 3163 2790 3227 iactaret,
2826 3163 3241 3233 ettadoleverit,
3279 3176 3332 3221 et
3361 3172 3538 3223 eruci-

298 3274 372 3314 ac
405 3256 682 3329 prccipue
714 3257 769 3309 in
802 3253 939 3309 valle
982 3252 1038 3308 in
1072 3267 1181 3322 qua
1221 3251 1338 3321 ipse
1370 3254 1616 3329 seputtus
1666 3242 1873 3329 fuerat,

295 3328 451 3409 adeo
483 3357 543 3403 ut
572 3361 732 3404 nemo
776 3346 832 3401 in
859 3341 924 3401 ea
959 3342 1214 3399 incedere
1244 3341 1327 3398 vel
1354 3328 1450 3411 per
1478 3337 1600 3396 eam
1635 3328 1871 3396 transire

303 3450 564 3512 tempore
612 3438 802 3494 mstivo
844 3444 1049 3507 posset.
1082 3436 1260 3504 Atque
1316 3434 1389 3489 ita
1434 3425 1743 3487 oblitterata
1788 3440 1873 3487 est

307 3532 595 3588 sententia
639 3528 874 3584 Nestorii
920 3527 1093 3582 donec
1138 3525 1287 3579 illam
1315 3524 1495 3594 longo
1538 3528 1662 3593 post
1691 3522 1869 3592 ipsum

299 3623 581 3697 saporis
610 3622 788 3693 spatio
816 3620 1165 3676 resuscitaret
1215 3614 1476 3682 Barsuma
1526 3613 1874 3685 metropolita

300 3715 685 3777 Nisibincnsis
721 3722 967 3783 tempore
996 3709 1195 3789 Justini
1222 3706 1594 3779 Romanorum
1635 3705 1877 3776 impera:

288 3790 457 3869 turis
484 3816 539 3864 et
566 3805 772 3863 Kobadi
792 3802 1014 3878 Phiruai
1046 3800 1139 3857 lilii
1172 3800 1319 3871 regis
1362 3797 1653 3854 Persarum
1683 3811 1878 3879 ,‘eltll-

302 3916 427 3974 que
449 3902 507 3955 in
527 3892 772 3960 Oriente.
800 3911 864 3952 ac
890 3895 1158 3970 praecipue
1181 3894 1322 3962 apud
1349 3892 1641 3961 Persarum
1670 3889 1878 3954 incolas

302 3994 594 4046 astrueret
620 4004 636 4053 ;
662 3985 808 4040 unde
837 3992 922 4040 est
949 3982 1099 4054 quod
1136 3982 1297 4037 multi
1329 3982 1442 4037 sint
1479 3978 1793 4035 Nestoriani
1823 3979 1878 4034 in

282 4082 569 4151 Oriente,
594 4075 800 4132 scilicet
828 4075 1000 4139 lraco,
1024 4073 1089 4128 Al
1119 4072 1313 4140 lusal,
1346 4072 1490 4127 circa
1524 4069 1877 4141 Euphratem,

308 4183 372 4229 et
422 4172 483 4225 in
514 4154 922 4238 Mesopotamia,
953 4163 1050 4234 qui
1092 4160 1404 4218 Nestoriani
1440 4160 1696 4230 appellati
1720 4167 1880 4226 sunt,

307 4257 492 4321 titulo
519 4275 551 4315 a
576 4258 813 4314 Nestorii
855 4255 1075 4311 nomine
1109 4253 1368 4310 deducto.
1410 4252 1543 4309 Post
1568 4250 1881 4309 Nestorium

312 4353 668 4414 constitutus
713 4356 798 4403 est
828 4346 1101 4401 Maximus
1152 4343 1463 4426 patriarcha
1494 4342 1887 4401 Constantino-

310 4430 630 4521 poiitanua,
655 4440 749 4523 qui
779 4450 891 4503 tres
929 4452 1104 4493 annos
1132 4436 1292 4501 sedit,
1319 4436 1446 4491 dein
1488 4442 1736 4490 mortuus
1766 4443 1884 4503 est;

308 4540 563 4610 ipsoque
588 4531 828 4587 nondum
858 4527 1072 4599 sepulto
1104 4527 1281 4581 factus
1307 4533 1391 4582 est
1418 4527 1653 4583 Proclus
1683 4526 1885 4581 ibidem

312 4622 669 4702 patriarcha,
708 4624 803 4692 qui
830 4635 999 4704 super
1024 4617 1256 4704 laximo
1287 4618 1489 4685 oravit,
1534 4633 1770 4689 eumque
1802 4634 1890 4675 se-

311 4714 562 4794 pelivit;
588 4726 823 4791 cumque
852 4719 974 4781 post
1010 4711 1185 4783 ipsum
1204 4752 1207 4755 .
1226 4709 1487 4765 tredecim
1516 4722 1691 4765 annos
1719 4710 1892 4767 sedis-

308 4802 441 4875 get,
473 4801 718 4861 mortuus
750 4812 853 4859 est.

382 4896 592 4966 ‘lnquit
631 4891 783 4958 Said,
828 4886 1042 4961 patricii
1095 4876 1335 4958 13-15
1380 4884 1827 4953 ﬁtiurmedicu.
1873 4904 1889 4941 ε

314 4991 537 5060 Visul-
566 4994 649 5041 est
679 4974 812 5038 mihi
846 4982 951 5037 hoc
980 4977 1101 5034 libri
1134 4979 1239 5033 mei
1272 4978 1431 5047 istius
1469 4978 1589 5033 loco
1618 4976 1897 5034 Nestoria-

310 5084 423 5141 nia
456 5087 783 5147 responsum
807 5065 1055 5136 reddere,
1079 5077 1134 5123 et
1159 5070 1444 5124 sententia:
1469 5060 1712 5139 ipsorum
1741 5072 1896 5127 falsi-

310 5180 515 5231 utem
547 5144 708 5237 atque
736 5160 1126 5219 absurditatem
1165 5158 1559 5222 demonstrare,
1591 5174 1714 5215 cum
1742 5144 1927 5217 error.

309 5267 432 5328 sit,
464 5257 678 5331 ipsique
712 5264 951 5324 tempore
990 5252 1094 5307 hoc
1135 5258 1327 5304 nostro
1359 5265 1389 5303 a
1418 5250 1655 5305 Nestorii
1683 5252 1895 5320 antiqui
1926 5288 1974 5301 ρ.

312 5353 509 5410 dictis
532 5352 587 5405 in
614 5348 889 5402 diversum
919 5342 1190 5406 abierunt,
1212 5350 1563 5396 ‘autumantes
1585 5340 1896 5397 Nestorium

317 5442 652 5501 assertum
686 5437 967 5493 Christum
994 5435 1131 5490 duas
1148 5422 1488 5489 substantias
1517 5447 1580 5489 ac
1607 5435 1747 5490 duas
1778 5451 1901 5503 per-

317 5549 519 5595 sonas
543 5548 691 5597 esse,
716 5530 883 5586 Deum
908 5528 1200 5599 perfectum
1230 5526 1283 5580 in
1316 5529 1549 5596 persona
1572 5538 1624 5582 et
1646 5530 1901 5584 substan-

320 5634 417 5685 tia
446 5640 583 5693 sua,
620 5633 785 5693 atque
826 5621 1098 5677 hominem
1148 5619 1445 5688 perfectum
1490 5622 1545 5674 in
1584 5636 1817 5691 persona
1847 5632 1901 5676 ct

319 5718 656 5778 substantia
687 5730 810 5780 sua,
846 5728 912 5769 ae
953 5712 1175 5768 lariam
1208 5712 1485 5783 peperisse
1512 5713 1792 5769 Christum
1835 5733 1899 5769 ex

328 5820 513 5887 parte
541 5808 917 5872 humanitatis,
968 5819 1073 5861 non
1116 5821 1183 5862 ex
1219 5814 1378 5882 parte
1408 5806 1711 5867 divinitatis
1754 5827 1895 5883 sua;

708 5907 975 5971 Panos.
1022 5906 1136 5967 Gtt.
1183 5904 1335 5964 CXI.

1975 3254 2134 3317 fixus,
2167 3262 2235 3308 et
2282 3267 2477 3322 passus
2516 3249 2721 3307 fuerit!
2751 3255 2832 3307 An
2882 3254 3057 3310 donec
3099 3257 3322 3325 triginta
3364 3272 3536 3313 annos

1975 3346 2292 3415 compleret,
2331 3344 2495 3399 fuerit
2544 3359 2686 3399 unus
2734 3360 2799 3399 ex
2856 3356 3084 3401 numero
3135 3338 3439 3415 lmininum,
3475 3366 3539 3405 ac

1975 3446 2089 3490 tum
2122 3426 2339 3490 demum
2370 3436 2559 3489 unitus
2591 3434 2755 3489 fuerit
2784 3434 3134 3503 humanitati,
3169 3452 3232 3493 ac
3262 3439 3440 3509 factus
3467 3444 3540 3497 sit

1975 3525 2246 3581 Messias?
2290 3524 2457 3590 Quod
2505 3526 2551 3580 si
2604 3524 2839 3580 dixerint
2870 3540 2996 3583 non
3044 3527 3214 3585 inisse
3260 3530 3536 3586 Christum

1976 3614 2218 3687 quandiu
2254 3612 2357 3668 fuit
2407 3614 2463 3669 in
2499 3625 2659 3669 utero
2706 3612 2902 3669 matris
2942 3628 3055 3669 suae
3103 3615 3306 3684 Mariae,
3355 3632 3538 3673 verum

1975 3706 2200 3762 Mariam
2240 3706 2517 3777 peperisse
2562 3702 2862 3767 hominem,
2902 3720 2973 3759 ac
3014 3706 3193 3774 ipsum
3239 3707 3412 3773 donec
3440 3710 3542 3763 tri-

1976 3798 2126 3870 ginta
2158 3810 2333 3850 annos
2358 3794 2655 3865 compleret
2682 3809 2850 3849 unum
2893 3793 3067 3850 fuisse
3082 3811 3159 3849 ‘cx
3198 3797 3547 3861 hominibus,-

1980 3874 2417 3946 dein’de‘unitam
2441 3882 2620 3941 fuisse
2650 3871 2995 3941 divinitatem
3027 3900 3153 3942 cum
3184 3888 3542 3953 humanitate.

1982 3994 2046 4035 ac
2074 3977 2276 4034 factum
2315 3978 2483 4033 fuisse
2515 3976 2813 4055 Christum,
2849 3986 2995 4032 certe
3035 3980 3359 4034 sententiam
3390 3995 3544 4049 suam

1982 4077 2358 4134 astruxerunt,
2391 4077 2447 4124 at
2475 4054 2770 4139 Evangelio
2799 4069 3141 4125 mendacium
3180 4054 3541 4142 impegerunt.

1984 4178 2085 4220 nec
2127 4173 2235 4218 non
2278 4160 2478 4227 Paulo,
2534 4160 2900 4231 omnibusque
2944 4177 3081 4233 quos
3126 4162 3370 4220 Ecclesia
3409 4170 3539 4220 rcci-

1984 4256 2065 4326 pit
2117 4254 2297 4313 libris,
2326 4261 2382 4307 et
2432 4268 2472 4328 ap
2512 4253 2791 4307 sententia
2831 4253 3137 4309 Christiana
3183 4267 3547 4312 recesserunt.

1988 4346 2086 4401 Sin
2132 4344 2373 4400 dixerint
2416 4343 2775 4398 divinitatem.
2811 4330 3133 4399 httmanitati
3177 4347 3549 4417 unitam‘17-

1994 4436 2099 4507 ιθ
2128 4434 2298 4489 fuisse
2324 4433 2454 4488 dum
2490 4433 2672 4488 adhuc
2704 4429 2759 4488 in
2792 4425 2952 4490 utero
2983 4444 3314 4505 gestarctur,
3354 4415 3553 4507 ipsum-

1989 4516 2606 4603 que~<[tum]‘Christum
2659 4522 2852 4589 fuisse,
2899 4538 2965 4579 ac
2999 4524 3052 4579 in
3082 4510 3241 4582 utero
3281 4536 3550 4597 gestatum

1990 4620 2183 4688 fuisse;
2216 4636 2280 4674 ac
2310 4628 2496 4692 natum
2531 4607 2595 4674 et.
2617 4619 2905 4674 educatum
2934 4619 3111 4673 donec
3144 4620 3553 4690 crucifigeretur

1991 4722 2047 4769 et
2076 4711 2493 4776 interficeretur,
2519 4720 2629 4765 tum
2661 4710 2990 4766 conﬁtentur
3015 4710 3239 4765 Mariam
3277 4700 3551 4783 Virginem

1995 4806 2276 4877 peperisse
2337 4803 2531 4870 Deum,
2584 4801 2862 4858 Christum
2898 4815 3101 4867 unum,
3159 4809 3215 4856 et
3264 4816 3553 4872 personam

1994 4912 2183 4956 unam.
2317 4969 2320 4971 Α
3584 4949 3587 4952 ⁴

1986 5014 1991 5019 -
2064 4980 2284 5043 Dicetur
2304 5000 2498 5041 rursus
2530 4983 2678 5039 illis:
2711 4982 2943 5049 Quando
2970 4984 3181 5040 unitum
3215 4994 3296 5040 cst
3326 4989 3550 5044 verbum

1998 5080 2249 5137 homini“!
2279 5089 2405 5134 ante
2432 5086 2672 5147 partum,
2713 5083 2806 5130 aut
2830 5086 3122 5146 antequam
3153 5078 3553 5146 conciperetur,

2000 5186 2070 5226 an
2102 5162 2378 5224 ntnmento
2426 5167 2660 5237 partus’?
2686 5165 2841 5232 Quod
2880 5167 2926 5222 si
2963 5168 3221 5233 dixerint,
3260 5180 3385 5224 ante
3431 5187 3557 5241 par-

1998 5272 2115 5319 tum
2145 5278 2162 5317 :
2195 5270 2523 5331 reponemus
2556 5258 2671 5313 illis
2698 5275 2712 5313 :
2741 5258 2879 5313 Num
2912 5268 3035 5313 ante
3074 5267 3316 5327 partum,
3347 5272 3403 5316 et
3433 5272 3557 5316 ante

1999 5352 2449 5424 conceptionem?
2481 5360 2575 5406 aut
2620 5358 2747 5405 ante
2791 5359 3005 5421 partum
3038 5361 3329 5420 postquam
3358 5369 3555 5408 concc-

2001 5457 2122 5517 ptus
2147 5445 2277 5500 est?
2308 5443 2544 5511 Quodsi
2595 5443 2851 5504 dixerint,
2898 5448 3011 5494 tum
3040 5450 3179 5497 'autc
3220 5444 3554 5497 nativitatem

1990 5554 2127 5595 cum
2180 5547 2305 5592 ante
2335 5536 2766 5605 conceptionem,
2811 5540 3096 5587 autumant
3144 5535 3353 5588 unitum
3388 5534 3557 5591 fuisse

1984 5631 2181 5700 ipsum
2219 5637 2510 5697 antequam
2546 5633 2691 5681 esset
2721 5624 2905 5687 homo,
2935 5635 2985 5678 et
3021 5632 3307 5693 antequam
3356 5624 3558 5679 forma-

2005 5734 2178 5789 retur,
2231 5728 2280 5776 et
2345 5728 2631 5787 antequam
2685 5728 3053 5782 nasceretur;
3104 5733 3223 5785 qua:
3279 5717 3325 5770 si
3373 5718 3447 5772 ita
3500 5734 3584 5773 se.

2010 5818 2242 5872 habeant
2264 5811 2619 5868 absurditatis
2640 5808 2886 5879 arguitur
2918 5814 3187 5863 sententia
3210 5806 3561 5866 Ncstoriane.

3030 5903 3107 5963 33
