4138 6534
407 419 537 482 1037

1818 402 2178 465 ANNALES.

3472 396 3606 461 1038

401 531 614 588 interim
643 529 844 593 anima,
878 529 930 582 in
965 506 1228 596 sanguine
1261 521 1440 577 sedem
1479 518 1701 580 habens,
1733 515 1942 578 velum;
1976 517 2020 571 Α
2050 513 2125 564 tia
2157 507 2514 564 humanitatis
2545 508 2856 577 coniunctio
2885 549 2898 571 ,
2942 509 3023 563 vel
3053 508 3336 562 translatio
3366 508 3448 560 vel
3483 509 3608 563 alte-

401 632 536 677 utet
563 635 760 688 corpus
809 630 1057 671 crassum
1087 653 1102 678 ,
1143 614 1318 667 velum
1353 611 1401 665 ei
1431 608 1573 678 quod
1612 607 1726 676 ipso
1759 603 1949 675 purius

403 715 471 770 sit
515 730 530 767 :
580 720 744 779 atque
795 710 897 761 hac
953 706 1164 757 ratione
1219 700 1509 768 assumpsit
1564 695 1795 750 Verbum
1858 691 1948 746 Dei

404 818 598 858 creans
623 797 983 860 substantiam
1012 792 1250 848 hominis
1283 791 1545 858 integram
1569 802 1688 841 cum
1723 797 1951 853 corpore

405 895 576 962 ipsius
605 899 658 944 et
690 887 976 953 sanguine,
998 884 1298 952 spirituque
1331 879 1656 934 intellectivo
1678 872 1950 934 rationali,

407 988 613 1051 fuitque
652 979 881 1033 Verbum
916 976 1007 1030 Dei
1039 990 1160 1028 cum
1191 972 1541 1027 subsistentia
1574 984 1670 1022 sua
1693 1006 1707 1031 ,
1775 963 1954 1019 subsi—

349 1091 357 1100 ‘
403 1074 598 1131 stentia
615 1068 965 1124 humanitatis
994 1060 1172 1128 istius,
1204 1063 1358 1131 cujus
1382 1059 1687 1115 substantia
1720 1055 1955 1126 perfecta

406 1165 527 1223 fuit,
555 1177 624 1215 eo
657 1159 800 1226 quod
827 1157 1180 1212 subsistentia
1209 1152 1368 1208 Verbi
1414 1151 1506 1204 Dei
1541 1151 1711 1219 ipsam
1778 1143 1984 1199 subsi-'

413 1266 556 1309 stere
578 1252 727 1305 fecit.
759 1249 942 1318 Neque
967 1249 1107 1302 enim
1141 1247 1254 1315 ipsa
1275 1251 1453 1299 creata
1476 1239 1712 1305 fuit,_vel
1737 1235 1959 1290 omnino

407 1342 703 1414 quidquam
744 1340 999 1404 fuit,'ttisi
1043 1353 1137 1408 per
1186 1332 1592 1389 subsistentiam
1629 1327 1794 1384 Verbi
1822 1325 1956 1389 Dei,

408 1435 551 1503 quod
582 1418 757 1501 ipsam
800 1430 1036 1494 creavit,
1069 1437 1123 1481 et
1160 1425 1460 1480 subsistere
1512 1421 1637 1474 fecit
1673 1421 1742 1473 de
1790 1417 1960 1473 nihilo

411 1525 552 1595 quod
585 1525 637 1576 in
669 1532 820 1578 utero
851 1521 1090 1591 Virginis
1137 1527 1294 1571 antea
1342 1515 1664 1570 subsisteret
1685 1547 1728 1574 ,-
1758 1518 1811 1564 et
1845 1510 1962 1564 sine

418 1630 579 1670 causa
614 1613 791 1684 aliqua
830 1630 860 1666 ει
887 1628 992 1682 qua
1024 1612 1135 1679 ipsa
1171 1607 1496 1677 principium
1521 1611 1685 1668 esset,
1727 1603 1840 1655 sive
1878 1616 1962 1654 se-

411 1707 555 1760 mine
584 1705 743 1769 virili,
773 1703 886 1758 sive
915 1701 1097 1768 aliquo
1128 1698 1380 1767 quopiam
1410 1737 1423 1761 ,
1457 1702 1678 1762 excepta
1711 1692 1961 1746 substan-

413 1798 486 1850 tia
517 1794 676 1848 Verbi
707 1793 943 1848 creantis
976 1805 1096 1860 qua:
1139 1804 1244 1842 una
1274 1795 1357 1841 est
1385 1802 1414 1840 e
1446 1785 1712 1839 Trinitate
1742 1782 1958 1845 divina;

411 1899 571 1957 atque
599 1887 687 1938 illa
720 1882 1073 1938 subsistentia
1107 1895 1229 1934 cum
1273 1877 1588 1932 hominibus
1637 1881 1917 1927 numerata
1943 1913 1959 1938 ,

412 1989 468 2036 et
510 1987 633 2033 nota
673 1983 756 2030 est
790 1977 860 2030 ob
913 1989 1030 2029 eam
1079 1973 1168 2052 cui
1208 1971 1495 2036 conjuncta
1543 1976 1647 2031 est,
1694 1980 1964 2036 quamque

412 2070 616 2125 creavit
643 2069 801 2138 eique
833 2066 1083 2134 capulata
1119 2073 1224 2123 est,
1257 2060 1616 2116 substantiam
1647 2059 1962 2119 humanam,

414 2170 574 2228 atque
607 2159 720 2226 ipse
756 2156 966 2230 unitate
1009 2151 1375 2207 subsistentiae
1410 2151 1572 2202 istius
1612 2147 1796 2209 unius,
1832 2147 1962 2199 sub-

381 2260 383 2262 ·
415 2252 675 2306 sisteutia:
701 2247 964 2320 (inquam)
995 2245 1151 2300 Verbi
1181 2245 1270 2296 Dei
1297 2241 1580 2302 creatoris,
1613 2255 1754 2294 unus
1785 2229 1870 2292 est
1909 2239 1963 2291 in

417 2343 682 2397 Trinitate
712 2340 1013 2395 substantia
1043 2335 1343 2391 divinitatis
1374 2348 1518 2395 sum,
1557 2342 1610 2386 et
1645 2346 1784 2385 unus
1819 2331 1963 2382 inter

420 2437 664 2491 lioinines
698 2432 998 2493 substantia
1036 2427 1394 2483 humanitatis
1424 2440 1555 2488 suae,
1587 2420 1691 2478 non
1725 2419 1959 2491 29-31

418 2527 546 2591 duo,
577 2515 761 2582 verum
792 2539 932 2578 unus
957 2536 1078 2575 cum
1117 2519 1274 2571 Patre
1302 2527 1354 2570 et
1389 2517 1617 2584 Spiritu,
1656 2525 1816 2582 atque
1849 2513 1961 2580 ipse

418 2620 560 2673 idem
593 2631 733 2670 unus
774 2615 932 2670 simul
962 2627 1082 2666 cum
1134 2609 1466 2674 hominibus,
1501 2606 1968 2679 comprehenderis

420 2711 554 2763 (luas
586 2706 919 2762 substantias
952 2703 1198 2757 diversas
1225 2740 1240 2765 ,
1289 2715 1318 2752 c
1371 2698 1669 2753 substantia
1728 2693 1970 2766 [nempe]

421 2799 720 2854 divinitatis
745 2806 986 2857 creante,
1019 2801 1071 2846 et
1103 2789 1402 2845 substantia
1439 2788 1791 2843 humanitatis
1821 2800 1973 2838 crea-

422 2898 500 2952 ta,
540 2889 593 2943 in
626 2888 832 2941 unitate
864 2885 1231 2940 subsistentia!
1252 2883 1432 2940 unius.
1465 2878 1830 2934 subsistentia:
1859 2875 1968 2945 [in-

422 2977 608 3049 quam]
647 2978 829 3040 Verbi,
859 2975 1001 3044 quod
1034 2981 1117 3028 est
1144 2971 1312 3025 Filius
1341 2971 1554 3040 genitus
1596 2983 1624 3020 a
1656 2965 1812 3019 Patre
1849 2976 1973 3019 ante

424 3081 666 3139 tempora
693 3078 743 3122 et
778 3066 1212 3136 saeculaomuia,
1250 3063 1498 3129 idemque
1528 3067 1688 3112 natus
1719 3075 1780 3110 ex
1806 3057 1970 3109 Maria

2057 602 2215 662 ratio,
2247 600 2327 653 vel
2362 599 2589 654 mutatio
2623 601 2781 655 unius
2809 616 2838 654 e
2866 599 3077 654 duabus
3105 600 3426 654 substantiis
3456 615 3484 651 a
3513 616 3608 652 na-

2057 701 2177 744 tura
2206 706 2326 745 sua.
2364 689 2479 745 Non
2502 700 2580 746 est
2605 700 2806 745 mutata
2855 700 3040 744 natura
3078 693 3285 754 divina,
3318 701 3373 744 ut
3400 691 3609 762 [cessa-

2060 792 2144 835 ret
2170 780 2313 853 esse]
2346 781 2552 846 divina,
2581 783 2817 836 creatrix
2841 820 2857 844 ,
2897 798 3067 851 neque
3098 782 3334 835 humana
3375 793 3439 834 ut.
3467 783 3606 835 haud

2057 873 2289 941 amplius
2331 874 2402 928 sit
2447 873 2683 928 humana
2709 883 2890 952 creata
2927 889 2940 924 :
2975 881 3134 940 atque
3173 873 3273 927 hoc
3306 872 3608 926 istiusmodi

2058 971 2141 1019 est
2179 963 2321 1032 quod
2355 979 2460 1018 non
2494 965 2782 1018 absurdum
2826 964 3077 1018 videatur
3119 963 3454 1029 intelligenti.
3485 962 3605 1016 Jam

2058 1055 2308 1108 alteratio
2339 1065 2392 1108 et
2420 1057 2646 1108 mutatio
2680 1057 2985 1110 necessario
3018 1055 3246 1122 requirit
3283 1055 3609 1118 mistionem,
3657 1077 3661 1082 -

2059 1160 2179 1198 cum
2213 1145 2374 1198 fuerit
2417 1161 2447 1199 e
2485 1144 2695 1200 duabus
2743 1149 2954 1202 naturis
2983 1163 3012 1201 ε
3042 1150 3262 1202 ιιιίιιειὶει
3301 1150 3635 1202 constanti-.

2061 1238 2181 1300 bus,
2207 1239 2428 1300 crassis,
2461 1239 2632 1292 instar
2655 1254 2821 1306 aqua:
2849 1249 2902 1293 et
2932 1241 3040 1293 vini
3070 1281 3085 1302 ,
3135 1242 3309 1295 mellis
3349 1248 3400 1294 et
3434 1241 3568 1293 aceti
3595 1279 3612 1303 ,

2062 1329 2176 1380 auri
2208 1338 2260 1381 et
2291 1331 2530 1398 argenti,
2561 1331 2684 1384 aeris
2715 1338 2768 1384 et
2803 1332 3032 1400 plumbi,
3062 1341 3154 1383 aut
3194 1334 3277 1385 his
3308 1333 3564 1387 similium
3597 1351 3611 1396 ;

2063 1431 2181 1484 quae
2209 1420 2386 1470 omnia
2414 1422 2679 1474 emateria
2706 1430 2961 1475 constant
2983 1428 3036 1474 et
3060 1436 3243 1475 crassa
3273 1431 3417 1476 sunt.
3442 1422 3616 1476 Omne

2066 1515 2241 1561 autem
2278 1511 2552 1564 materiale
2577 1513 2716 1580 quod
2751 1528 2877 1566 cum
2897 1513 3004 1567 alio
3037 1513 3300 1566 materiali
3330 1515 3615 1578 miscetur,

2067 1599 2374 1653 necessario
2407 1586 2566 1654 infert
2588 1604 2935 1658 mutationem
2956 1617 3059 1671 qua
3080 1604 3222 1656 aliud
3244 1604 3432 1658 evadat
3456 1619 3618 1673 quam

2067 1683 2294 1757 utraque
2329 1692 2427 1745 ista
2467 1707 2496 1745 e
2534 1694 2762 1747 materia
2804 1695 3109 1749 constantia
3164 1695 3314 1762 prius
3363 1693 3618 1760 fuerant,

2066 1794 2241 1846 neque
2265 1780 2521 1854 [maneat]
2547 1784 2730 1837 vinum
2755 1786 2965 1848 vinum,
2995 1800 3092 1839 nec
3115 1801 3253 1855 aqua
3281 1802 3443 1855 aqua,
3471 1794 3620 1854 post-

2067 1888 2224 1940 quam
2259 1875 2539 1930 eommista
2579 1862 2797 1941 fuerint,
2828 1875 3071 1947 33-35
3095 1894 3268 1946 neque
3298 1893 3487 1930 aurum
3524 1893 3622 1930 au-

2066 1981 2207 2028 rum,
2264 1981 2363 2022 nec
2409 1974 2687 2036 argentum
2738 1977 3057 2037 argentum,
3094 1985 3197 2040 nec
3252 1985 3324 2022 aes
3373 1984 3468 2032 ms,
3523 1983 3622 2021 nec

2067 2058 2344 2122 plumbum
2410 2058 2689 2126 plumbum
2717 2101 2732 2124 ,
2767 2070 2887 2128 post
2927 2060 3122 2114 factam
3164 2060 3494 2124 mistionem,
3529 2063 3623 2115 sed

2071 2160 2294 2217 utraque
2327 2150 2555 2203 alterata
2592 2151 2704 2205 sint
2741 2166 2770 2204 a
2807 2152 3111 2207 substantia
3145 2167 3240 2207 sua
3287 2161 3342 2206 et
3388 2168 3475 2207 res
3517 2153 3623 2206 alia

2067 2240 2277 2294 diversa
2317 2241 2589 2295 evaserint
2616 2281 2632 2305 ,
2659 2258 2776 2310 qua:
2808 2251 2996 2296 neutra
3049 2246 3266 2311 penitus
3295 2258 3478 2297 earum
3511 2245 3579 2297 sit
3606 2284 3621 2306 ,

2068 2349 2168 2387 nec
2202 2333 2403 2387 utravis
2437 2336 2671 2400 ipsarum
2722 2334 2977 2387 immunis
3010 2336 3080 2388 sit
3113 2350 3141 2387 a
3174 2337 3541 2402 corruptione,
3572 2348 3628 2388 et

2071 2424 2392 2477 alteratione
2422 2423 2490 2476 ab
2539 2439 2604 2477 eo
2627 2439 2758 2492 quo
2787 2409 2974 2478 fuerat
3001 2434 3162 2477 statu.
3196 2424 3349 2488 Quod
3386 2426 3430 2479 si
3466 2426 3628 2478 fuerit

2073 2516 2251 2567 mistio
2288 2532 2317 2566 e
2346 2524 2532 2566 natura
2560 2515 2766 2576 subtili,
2805 2524 2859 2567 ct
2893 2495 3082 2568 natura
3125 2531 3310 2570 crassa
3342 2557 3355 2580 ,
3389 2531 3495 2568 non
3544 2517 3624 2569 in-

2074 2605 2174 2658 fert
2205 2605 2383 2658 mistio
2410 2604 2893 2662 istaaltcrationem
2923 2614 3021 2659 aut
3056 2609 3492 2668 conversionem,
3529 2623 3628 2660 cx-

2073 2694 2233 2760 cmpli
2268 2694 2448 2763 gratia
2484 2712 2497 2747 :
2531 2695 2588 2747 ιιι
2644 2695 2899 2748 mistione
2939 2697 3134 2749 anima:
3179 2705 3231 2749 et
3272 2697 3513 2765 corporis
3537 2695 3630 2767 [ex

2072 2786 2268 2853 quibus
2295 2785 2526 2856 constat]
2560 2789 2720 2855 homo
2737 2803 2894 2852 unus,
2927 2790 3106 2839 unitur
3137 2787 3361 2841 alterum
3393 2791 3548 2841 atteri
3573 2799 3631 2841 ut

2072 2888 2173 2927 nec
2204 2881 2434 2927 mutetur
2463 2877 2541 2927 vel
2571 2876 2829 2930 alteretur
2863 2877 3042 2930 anima
3107 2891 3136 2930 a
3183 2879 3482 2932 substantia
3535 2891 3632 2932 sua

2075 2982 2138 3018 ne
2207 2965 2276 3019 sit
2356 2967 2534 3019 anima
2616 2982 2734 3034 qua:
2791 2968 3114 3022 actiunihus~
3161 2970 3277 3022 suis
3345 2969 3634 3037 dignosca-

2076 3067 2179 3119 tnr,
2217 3072 2388 3126 neque
2415 3073 2612 3127 corpus
2646 3073 2674 3111 a
2705 3069 2847 3128 statu
2884 3071 2936 3114 et
2971 3061 3277 3114 actionibus
3312 3062 3424 3115 suis
3458 3071 3631 3118 mute-

428 3154 646 3222 Virgine
676 3156 728 3209 in
762 3155 867 3208 line
897 3152 1170 3220 temporis,
1204 3151 1274 3202 ita
1303 3159 1358 3202 ut
1395 3165 1499 3204 non
1527 3159 1865 3216 separaretur
1891 3146 1971 3199 vel
1999 3183 2042 3239 α
2079 3158 2161 3202 tur
2185 3158 2238 3202 et
2260 3142 2534 3214 alteretnr;
2565 3159 2657 3202 aut
2686 3152 3141 3232 quemadmodum
3171 3152 3259 3204 ubi
3287 3154 3468 3206 unitur
3491 3155 3631 3221 ignis

424 3263 456 3302 ιι
482 3246 659 3309 Patre,
690 3245 774 3298 vel
809 3260 838 3297 a
881 3243 1080 3311 Spiritu
1117 3249 1325 3295 sancto.

496 3339 692 3396 Verum
723 3339 862 3392 sicut
885 3338 1064 3390 radius
1084 3335 1277 3391 solaris
1300 3333 1388 3402 qui
1422 3331 1635 3402 genitus
1665 3339 1743 3384 est
1765 3331 1833 3410 ab
1859 3331 1974 3399 ipso

428 3435 563 3498 sole,
593 3433 751 3501 cuius
786 3433 873 3485 lux
908 3440 1074 3485 totum
1119 3427 1250 3482 illud
1283 3428 1424 3480 inter
1456 3426 1653 3480 cretum
1694 3433 1746 3478 et
1772 3433 1970 3477 terram

426 3524 706 3600 [spatium]
742 3524 943 3576 lumine
985 3522 1170 3590 implet
1195 3562 1209 3585 ,
1241 3517 1571 3584 conspicitur
1605 3518 1656 3568 in
1685 3515 1844 3568 domo
1878 3515 1975 3566 ali-

431 3633 558 3685 qua,
591 3625 751 3684 atque
783 3616 838 3667 in
881 3614 996 3681 ipsa
1027 3625 1152 3665 vere
1177 3617 1261 3664 est
1289 3610 1411 3662 luce
1442 3615 1495 3660 ct
1523 3609 1700 3660 calore
1741 3619 1863 3666 suo,
1900 3605 1974 3656 ita

429 3718 606 3762 tamen
648 3717 706 3757 ut
736 3718 919 3758 revera
957 3702 1173 3754 minime
1204 3704 1541 3779 separetur}
1573 3696 1720 3749 fonte
1757 3710 1861 3763 quo
1887 3709 1978 3761 ge-

433 3803 577 3854 nitus
605 3807 710 3861 est,
738 3811 858 3849 cum
890 3809 988 3848 nec
1023 3793 1089 3846 ab
1121 3793 1289 3861 ipsius
1313 3804 1539 3855 corpore
1570 3804 1668 3842 nec
1714 3788 1830 3841 luce
1877 3787 1974 3853 ab-

429 3890 725 3949 scindatur,
764 3887 834 3939 ita
875 3886 1034 3938 etiam
1067 3881 1325 3935 habitavit
1354 3878 1522 3933 Filius
1560 3877 1652 3931 Dei
1697 3878 1749 3929 in
1783 3877 1975 3928 huma-

431 3983 627 4048 nitate,‘
648 3980 718 4031 ita
758 3987 815 4030 ut
856 3977 1074 4029 minime
1107 3989 1134 4026 a
1163 3975 1326 4024 Patre
1354 3979 1698 4039 separaretur
1720 4007 1736 4030 ,
1770 3967 1977 4035 fuitque

435 4075 487 4124 in
520 4068 856 4124 humanitate
894 4082 1036 4129 vere,
1090 4058 1351 4130 idemque"
1386 4077 1508 4115 vere
1553 4049 1675 4113 cum
1717 4059 1875 4112 Patre
1927 4067 1980 4111 et

434 4160 635 4228 Spiritu
686 4169 895 4210 sancto.
939 4157 1016 4208 Ac
1072 4154 1213 4206 sicut
1258 4151 1476 4204 verbum
1514 4149 1750 4202 hominis
1784 4148 1874 4217 qtti
1912 4147 1978 4198 ab

435 4250 709 4303 intellectu
744 4247 912 4314 ipsius
943 4241 1415 4313 gignitur'cbarta:
1445 4239 1784 4302 inscribitur,
1817 4238 1980 4290 adeo-

435 4357 539 4409 que
569 4347 744 4392 totum
778 4351 898 4389 vere
936 4344 1018 4388 est
1044 4335 1098 4386 in
1136 4331 1425 4385 cbarta‘ita
1457 4340 1514 4383 ut
1549 4331 1760 4382 interim
1791 4329 1857 4382 ab
1900 4330 1981 4379 in-

435 4430 653 4483 tellectu
681 4443 707 4479 a
732 4443 836 4496 quo
860 4427 1093 4494 genitum
1119 4432 1202 4478 est
1233 4423 1645 4500 haudquaquam
1680 4430 1979 4490 separetur,

2084 3256 2201 3293 eum
2231 3241 2373 3294 ferro
2404 3240 2681 3309 ipsumque
2708 3226 3006 3296 subtilitate
3027 3257 3120 3296 sna
3152 3254 3412 3312 penetrat.
3445 3247 3635 3298 simul-

2083 3346 2186 3398 que
2221 3330 2513 3398 conjuncta
2547 3346 2648 3384 una
2682 3331 2814 3385 tiunt
2842 3347 3034 3399 pruna,
3063 3334 3131 3385 ita
3166 3342 3221 3386 ut
3255 3349 3352 3387 nec
3376 3337 3635 3389 alteretur

2058 3422 2221 3489 .ignis
2258 3423 2337 3475 vel
2376 3433 2607 3476 mutetur
2635 3437 2664 3475 a
2699 3422 3001 3475 substantia
3036 3439 3135 3476 sua
3176 3441 3240 3479 ne
3267 3425 3337 3478 sit
3385 3425 3524 3495 ignis
3554 3427 3637 3478 lu-

2083 3527 2228 3575 cens,
2268 3525 2467 3576 urens;
2505 3527 2676 3580 neque
2704 3513 2961 3565 alteretur
3007 3511 3208 3567 ferrum
3239 3524 3332 3568 aut
3367 3526 3631 3578 mutetur,

2086 3620 2152 3657 ne
2187 3604 2257 3657 sit
2290 3604 2485 3656 ferrum
2532 3603 2877 3655 materiatutn
2928 3604 3073 3672 quod
3121 3606 3363 3659 vulneret
3401 3617 3453 3660 et
3486 3610 3634 3661 scin-

2087 3697 2177 3750 dat
2213 3712 2225 3746 :
2264 3695 2450 3752 eodem
2484 3693 2651 3747 modo
2689 3693 2748 3745 fit
2792 3695 2844 3748 in
2879 3696 3026 3748 omni
3079 3697 3299 3749 mistura
3331 3714 3446 3766 qua:
3481 3714 3638 3753 com-

2087 3788 2260 3855 posita
2292 3795 2374 3839 est
2410 3801 2440 3839 e
2470 3785 2632 3840 rebus
2659 3787 2866 3840 duabus
2899 3788 3150 3850 diversis,
3187 3805 3416 3854 quarum
3471 3795 3638 3845 altrra

2089 3882 2156 3934 sit
2184 3877 2478 3948 spiritualis
2505 3915 2519 3940 ,
2548 3877 2782 3937 subtilis,
2812 3879 2979 3929 altera
3010 3879 3304 3933 materialis
3337 3893 3387 3932 ει
3415 3897 3596 3935 crassa
3622 3901 3636 3947 ;

2089 3970 2251 4022 veluti
2289 3969 2464 4021 anima
2517 3977 2569 4029 et
2615 3982 2843 4035 corpus;
2883 3968 3021 4035 ignis
3073 3978 3125 4020 et
3173 3969 3411 4035 lerrum;
3460 3974 3538 4024 vel
3586 3985 3642 4026 ut

2088 4064 2190 4124 sol,
2221 4061 2309 4129 qui
2335 4066 2396 4114 'se
2427 4059 2695 4112 immiscet
2727 4075 2898 4126 aquae,
2933 4061 3063 4123 luto,
3111 4051 3368 4130 omnique
3399 4066 3640 4119 materia:

2089 4148 2354 4213 hbmitlaa,
2391 4159 2446 4204 et
2474 4152 2670 4220 putida:
2693 4188 2708 4212 ,
2743 4167 2914 4219 neque
2955 4162 3190 4205 mutatur
3215 4155 3294 4208 vel
3325 4156 3582 4210 alteratur
3611 4172 3640 4209 a

2090 4246 2208 4298 luce
2242 4241 2503 4295 munditie
2533 4250 2586 4294 et
2618 4241 2848 4309 puritate
2888 4258 2981 4295 sua
3005 4281 3019 4305 ,
3063 4243 3188 4296 licet
3218 4261 3336 4299 cum
3387 4249 3531 4299 outni
3585 4264 3644 4301 re

2092 4335 2265 4403 nigra,
2300 4343 2350 4386 et
2390 4331 2606 4388 sordida
2639 4333 2747 4401 36
2779 4333 2981 4398 putida,
3013 4343 3066 4386 et
3100 4335 3376 4389 immunda
3409 4340 3642 4392 miscea-

2070 4437 2217 4495 Ιιιιι·;
2249 4423 2371 4492 quia
2408 4437 2512 4484 non
2546 4422 2601 4474 fit
2641 4436 2874 4489 unquam
2913 4423 3132 4475 mistura
3172 4427 3272 4478 nisi
3320 4429 3490 4479 tribus
3524 4445 3651 4481 nio-‘

441 4534 613 4588 neque
650 4519 718 4570 ab
746 4533 808 4571 eo
857 4525 1136 4583 separetur
1187 4515 1491 4568 intellectus
1533 4529 1560 4565 a
1593 4529 1699 4581 quo
1746 4514 1983 4583 genitum
2023 4526 2067 4578 ι)
2097 4517 2200 4578 dis,
2240 4530 2467 4583 quorum
2503 4529 2639 4566 unus
2669 4522 2754 4567 est
2792 4530 2909 4567 cum
2961 4515 3255 4568 miscentur
3286 4518 3403 4571 dna:
3439 4529 3645 4574 natura)

444 4619 547 4672 est,
577 4609 830 4677 quoniam
882 4607 1184 4659 intellectus
1219 4615 1311 4673 per
1356 4605 1577 4677 verbum
1629 4603 1986 4673 dignoscitur,

441 4715 562 4754 cum
597 4699 644 4752 ei
676 4698 827 4762 insit,
859 4709 1020 4765 atque
1053 4686 1271 4748 verbum
1307 4703 1476 4748 totum
1517 4679 1585 4745 sit
1622 4693 1674 4746 in
1709 4693 1984 4746 intellectu

445 4790 534 4856 qui
564 4788 732 4856 ipsum
766 4787 969 4854 genuit,
1005 4793 1280 4852 totumque
1312 4783 1364 4836 in
1398 4784 1599 4851 seipse,
1628 4798 1690 4835 ac
1719 4792 1885 4837 totum
1935 4783 1987 4834 in

441 4877 631 4928 charta
662 4876 746 4928 cui
785 4873 890 4940 32
920 4873 1130 4925 unitum
1165 4881 1247 4924 est
1282 4889 1296 4922 :
1343 4872 1589 4924 similiter
1617 4869 1853 4923 Verbum
1894 4869 1986 4922 Dei

446 4977 611 5020 totum
642 4975 725 5030 est
755 4966 808 5017 in
835 4967 991 5039 Patre
1021 4980 1048 5014 ιι
1073 4979 1179 5030 quo
1209 4965 1446 5030 genitum
1479 4970 1556 5016 est
1587 5005 1601 5029 ,
1634 4970 1897 5039 EDIOIUIII
1937 4963 1990 5014 in

387 5076 393 5081 ·
447 5058 644 5126 seipso,
673 5063 949 5122 totumque
978 5036 1033 5106 in
1067 5053 1267 5120 Spiritu
1295 5093 1310 5116 ,
1336 5069 1398 5107 ac
1442 5062 1618 5106 totum
1649 5036 1716 5104 in‘
1737 5053 1992 5105 humani-

447 5161 579 5214 tate,
611 5149 664 5200 in
704 5163 809 5214 qua
858 5146 1095 5206 resedit,
1127 5145 1322 5211 cuique
1355 5133 1558 5196 nnit'nm
1593 5152 1693 5197 est.
1730 5143 1991 5206 Quamvis

445 5240 588 5295 enim
614 5240 789 5292 omnis
823 5236 1120 5291 similitudo
1151 5243 1331 5287 creata
1372 5236 1527 5303 longe
1573 5235 1711 5286 absit
1748 5234 1813 5286 ab
1845 5249 1907 5286 eo
1939 5248 1994 5286 ut

446 5335 746 5383 creatorem
777 5326 997 5385 referat.
1025 5341 1131 5379 non
1159 5327 1316 5379 desiit
1342 5335 1522 5378 tamen
1562 5326 1697 5378 Deus
1738 5326 1992 5377 similitu-

445 5421 598 5473 dines
648 5419 818 5472 servis
841 5422 953 5470 suis
981 5418 1032 5469 in
1067 5418 1315 5492 omnibus
1341 5417 1492 5468 libris
1521 5419 1634 5470 suis
1667 5431 1988 5483 proponere,

452 5523 508 5561 ut
540 5525 602 5562 ea
630 5524 749 5576 quae
779 5523 883 5560 non
915 5522 1142 5561 cernunt
1187 5523 1250 5560 ex
1284 5508 1351 5560 iis
1387 5525 1504 5574 qum
1540 5519 1768 5560 cernunt
1798 5508 1995 5560 intelli-

449 5611 657 5668 gerent,
694 5615 864 5665 eaque
890 5613 1009 5665 qua:
1040 5599 1168 5665 ipsis
1200 5614 1305 5650 non
1340 5608 1464 5650 sunt
1497 5599 1800 5660 manifesta,
1835 5614 1895 5649 ex
1929 5601 1992 5650 iis

450 5705 569 5756 quae
606 5689 881 5740 manifesta
917 5699 1039 5740 sunt
1083 5689 1478 5756 dignoscerent.
1531 5689 1645 5756 Non
1689 5700 1771 5742 est
1816 5702 1993 5741 autem

449 5780 706 5836 habitatio
735 5779 891 5835 Verbi
922 5781 1012 5836 Dei
1043 5783 1322 5848 creatoris,
1350 5783 1573 5852 ejusque
1597 5799 1714 5837 eum
1744 5784 1994 5838 substan-

2094 4609 2429 4668 materiales,
2460 4621 2579 4675 quae
2622 4614 2894 4658 mutantur
2923 4614 2975 4659 et
3001 4620 3462 4675 corrumpuntur;
3495 4602 3639 4666 utsiri

2095 4699 2316 4748 mistura
2341 4711 2492 4764 aquae
2525 4707 2577 4749 et
2611 4697 2716 4748 vini
2750 4738 2762 4758 ,
2793 4698 2943 4748 aceti'
2968 4708 3020 4749 et
3071 4699 3284 4760 mellis;
3315 4702 3431 4751 auri
3471 4712 3522 4752 et
3558 4719 3646 4752 ar-

2091 4785 2273 4853 genti;
2307 4785 2428 4837 teris
2457 4795 2506 4837 et
2539 4785 2776 4852 plumbi;
2818 4785 2898 4837 ha:
2956 4785 3096 4837 enim
3156 4803 3365 4845 omnes.
3417 4804 3538 4841 eum
3594 4795 3642 4843 id

2094 4890 2264 4942 genus
2305 4875 2447 4936 aliis,
2481 4875 2729 4928 alteratio
2768 4885 2892 4927 sunt
2922 4887 2972 4927 et
2999 4877 3305 4943 corruptio;
3342 4879 3463 4945 quia
3504 4895 3643 4948 quod

2093 4983 2157 5020 ex
2200 4965 2322 5018 vino
2352 4973 2404 5018 et
2439 4980 2573 5033 aqua
2623 4969 2840 5017 mislum
2892 4978 2995 5028 εει,
3054 4983 3146 5018 nec
3201 4970 3381 5019 Vitium
3431 4981 3510 5023 cst
3549 4989 3645 5023 nm;

2096 5071 2256 5126 aqua,
2284 5057 2425 5125 quod
2459 5065 2740 5132 utrumque
2763 5072 2949 5108 eorum
2983 5073 3010 5108 a
3043 5067 3230 5110 natura
3256 5076 3348 5111 sua
3384 5069 3640 5112 mutatum

2100 5147 2190 5210 sit,
2219 5161 2279 5199 ac
2308 5146 2614 5198 commistio
2643 5144 2883 5212 ipsorum
2918 5144 3058 5198 facta
3091 5148 3305 5199 sitcum
3339 5153 3641 5215 corruptiu-

2097 5253 2164 5290 ne
2203 5239 2440 5304 ipsorum
2477 5246 2527 5288 et
2574 5237 2867 5287 mutatione
2913 5252 2938 5286 τι
2990 5248 3129 5289 statu
3181 5255 3277 5288 suo
3309 5255 3321 5288 :
3357 5247 3516 5305 atque
3573 5243 3642 5292 ita

2099 5331 2237 5397 quod
2265 5329 2482 5380 tnistum
2511 5336 2597 5379 est
2625 5342 2689 5377 ex
2724 5335 2872 5379 aceto
2908 5338 2957 5377 et
2990 5328 3163 5388 melle,
3204 5329 3400 5380 factum
3433 5342 3510 5380 est
3552 5346 3641 5382 nc—

2098 5433 2199 5485 que
2232 5428 2438 5469 acetum
2470 5455 2483 5477 ,
2512 5430 2688 5483 neque
2719 5417 2841 5484 mel|
2885 5416 3022 5480 quod
3066 5429 3351 5483 utrumque
3387 5437 3569 5471 eorum
3612 5439 3638 5471 ει

2098 5517 2238 5562 statu
2276 5523 2374 5561 suo
2414 5515 2671 5560 mutatum
2715 5509 2783 5558 sit
2819 5526 2830 5557 :
2865 5507 2934 5556 ita
2983 5515 3034 5559 et
3088 5510 3137 5559 in
3175 5512 3398 5561 mistura
3431 5511 3543 5561 auri
3591 5525 3640 5563 ct

2100 5600 2347 5668 argenti,
2398 5599 2594 5665 plumbi
2652 5585 2702 5649 ct
2759 5600 2914 5659 :eris,
2986 5603 3120 5650 latttl
3200 5618 3386 5666 purum
3464 5614 3641 5655 uittnet

2100 5691 2412 5744 utrumlibet
2437 5704 2642 5740 eorum.
2681 5690 2850 5755 Λιιιιιε
2888 5691 2970 5743 hic
3009 5709 3145 5745 unus
3173 5705 3248 5745 cst
3275 5712 3302 5745 e
3337 5695 3506 5750 tribus
3540 5695 3642 5746 mi-

2101 5781 2292 5837 stionis
2333 5778 2523 5832 modis.
2553 5778 2834 5834 Secundus
2864 5791 2944 5835 est
2978 5784 3153 5838 mistio
3185 5775 3301 5851 quae
3333 5784 3386 5836 iit
3413 5785 3637 5840 scorsim
