4038 6516
641 396 776 461 1039

1647 406 2022 471 EUTYOHl-I
2045 383 2580 470 ALEXANDRINI
2613 411 2835 490 PATR.

3698 421 3798 486 iiii!)

630 505 1460 608 manentibusduabus-naturis
1492 515 1876 584 materialibus,
1910 520 2186 574 itamtea-
2211 517 2259 578 Α
2285 515 2572 584 Christus,
2614 522 2725 576 duo
2767 520 3010 585 Christi,
3054 517 3340 596 [quorum]
3387 539 3530 582 unus
3570 536 3794 608 naturae

523 634 530 643 .
631 612 759 654 rum.
802 599 1151 656 subsistentia
1185 601 1562 671 dignoscatur.
1612 604 1674 660 in
1727 606 2184 665 istiusmodi-mi-

629 697 780 743 stura
811 700 1038 759 utraque
1062 690 1304 748 duarum
1333 704 1650 751 naturarum
1682 696 1751 752 ab
1779 698 1952 755 altera
1985 700 2183 755 distin-

629 782 814 848 guitur
839 784 1192 842 subsistentia
1235 801 1356 853 sua,
1387 798 1442 843 et
1485 790 1700 848 ratione
1738 804 1836 846 sua
1855 807 1876 858 ;-
1900 778 2183 861 atquexita

628 887 685 925 se
725 863 888 928 habet
910 883 980 928 ut-
1009 877 1192 932 oleum
1219 886 1276 933 et
1305 894 1444 950 aqua
1475 880 1531 934 in
1560 880 1755 936 eadem
1780 883 2186 954 lampade,»aut

621 963 793 1016 linunt
822 972 876 1019 et
903 967 1147 1022 sericum
1174 967 1228 1022 in
1251 971 1437 1024 eadem
1460 979 1631 1036 veste,
1660 979 1845 1041 utpote
1871 987 1993 1043 quae
2013 974 2183 1030 e-lino

2284 610 2643 665 subsistentia
2670 626 2771 668 sua
2809 612 3025 670 divinus
3057 623 3226 681 esset,
3267 615 3447 671 instar
3484 615 3560 672 fili
3600 621 3730 674 aurei
3759 623 3797 674 ιο

2284 707 2481 770 torque
2532 701 2804 772 plicatili,
2861 717 2959 762 aut
2999 706 3173 778 partis
3215 701 3503 765 exterioris
3554 709 3728 765 sericae
3759 711 3801 763 is

2283 801 2431 847 veste
2473 793 2716 872 duplici;
2749 797 2889 852 alter
2923 800 3229 865 humanus,
3273 801 3446 856 instar
3487 800 3564 856 liti
3605 802 3723 856 anei
3760 802 3802 854 in

2280 888 2472 973 torque
2495 921 2526 973 ,'
2551 882 2636 939 vel
2679 888 2851 962 partis
2877 886 3135 967 ,ει-ω
3178 890 3456 946 interioris
3499 906 3532 946 e
3587 891 3805 962 gossypio

2253 972 2335 1046 'in
2379 972 2554 1040 veste.
2600 973 2961 1048 Summopere
3007 989 3190 1038 autem
3236 981 3544 1050 mirandum
3575 990 3657 1038 est
3691 995 3804 1051 quo-

623 1064 898 1124 contexta,
921 1057 1121 1115 serico“
1141 1062 1330 1118 striata
1359 1065 1467 1128 sit;
1499 1073 1594 1118 aut
1619 1065 2004 1134 instat-statuae
2020 1079 2182 1130 aenea:
2279 1062 2446 1118 modo
2497 1079 2608 1121 non
2663 1061 3300 1143 perclpiant‘ut’riusque
3357 1075 3576 1143 generis
3621 1071 3803 1128 dissen-

622 1146 710 1201 cui
745 1159 908 1220 caput
944 1153 1018 1208 εει
1049 1169 1298 1222 aureum,
1326 1156 1664 1228 aliorumque
1677 1157 1953 1242 \ejugmodi
1973 1174 1990 1223 ;
2014 1143 2179 1229 dum
2279 1147 2572 1242 tientep-ac
2599 1147 3000 1224 discrepantes,
3028 1167 3210 1242 neque
3246 1158 3552 1232 intelligant
3580 1174 3697 1217 esse
3717 1161 3806 1216 duo

621 1257 730 1296 non
763 1243 915 1298 decet
943 1245 1218 1315 appellare
1242 1250 1526 1303 misturam
1551 1288 1569 1314 ,
1601 1238 1726 1303 eum
1757 1247 2031 1304 distincta
2063 1261 2148 1304 ma

2278 1240 2383 1294 ista
2403 1240 2675 1302 mistionis
2693 1242 2942 1327 [genera]
2979 1238 3239 1305 misturas
3268 1253 3510 1327 materie
3537 1269 3802 1325 corporea.

624 1341 791 1384 neant
819 1333 938 1387 duae
984 1341 1189 1392 uatum
1229 1343 1284 1392 et
1333 1339 1724 1405 consistentia,
1753 1337 1996 1410 37-39
2036 1340 2148 1395 sicu

2276 1340 2518 1402 crassas;
2547 1336 2636 1391 cui
2662 1337 2806 1393 nihil
2833 1325 2979 1395 locst
3009 1341 3301 1410 spiritalis,
3330 1325 3575 1412 subtilis,
3629 1347 3807 1412 tensis;

623 1439 730 1478 non
758 1433 975 1494 oportet
1005 1416 1063 1479 ut
1092 1429 1164 1481 sit
1210 1427 1352 1485 inter
1399 1434 1618 1512 aquant-
1651 1434 1710 1486 et
1749 1436 2068 1512 amphoram
2123 1429 2176 1485 in
2241 1461 2246 1466 ι
2275 1425 2522 1496 Ideoque
2552 1433 2852 1500 nonpoue
2881 1434 3166 1488 materiam
3198 1449 3444 1490 crassam
3466 1475 3485 1505 ,
3515 1440 3651 1495 duos
3694 1440 3809 1496 istos

622 1529 728 1583 qua
743 1526 865 1578 _est,
895 1518 1113 1584 mistio;
1146 1529 1270 1573 cum
1300 1527 1498 1574 natura
1527 1506 1675 1577 vasis
1703 1506 1851 1576 illius
1876 1520 1974 1586 sit,
2002 1531 2173 1594 testa;
2275 1517 2548 1574 mistionis
2594 1521 2786 1576 modos"
2817 1521 3029 1579 vitare:
3079 1524 3130 1580 si
3163 1524 3308 1578 enim
3345 1525 3502 1580 mista
3533 1526 3693 1583 fuerit
3725 1528 3808 1582 mi-

607 1606 956 1675 conStitutio,
1009 1606 1176 1679 [quod
1219 1607 1313 1680 sit]
1343 1609 1641 1679 amphora;
1687 1609 1821 1665 adeo
1871 1620 1930 1665 ut
1965 1625 2070 1665 non
2103 1611 2178 1665 sit
2243 1635 2246 1637 λ
2275 1606 2453 1662 stione
2481 1620 2604 1678 qua:
2634 1610 2982 1696 coalitionem
3017 1627 3082 1668 ac
3127 1613 3586 1683 compositionem
3619 1612 3812 1695 [inferg

615 1698 760 1751 inter
793 1713 910 1752 cam
942 1708 998 1753 et
1025 1715 1220 1770 aquam
1252 1702 1437 1780 mistio
1458 1741 1475 1768 ,
1499 1704 1593 1758 sed
1619 1709 1822 1772 quanta
1852 1700 1966 1756 neri
1996 1707 2174 1772 potest
2244 1698 2340 1753 -ad
2372 1701 2808 1757 mutationem-et
2831 1703 3240 1773 corruptionem
3265 1705 3467 1775 vergit;
3509 1705 3598 1760 sin
3645 1711 3808 1761 eodem

612 1791 854 1845 maxima
876 1785 1273 1864 discrepantia.
1310 1796 1389 1851 Ita
1428 1804 1484 1851 et
1517 1795 1655 1867 aqua
1686 1804 1760 1851 et
1788 1797 1969 1852 oleum
1995 1797 2169 1863 ,i-nisi
2200 1860 2237 1867 _
2273 1803 2382 1858 (Ιυο
2407 1788 2585 1847 “lem
2599 1799 2744 1848 "vim
2769 1802 3106 1863 Ρετιηιηεθίο
3136 1809 3314 1866 neque
3338 1797 3624 1862 ε⁰³¹θ⁵είιο
3654 1812 3812 1866 ηειιιιε

610 1897 710 1937 vas
740 1883 1003 1952 lampadis
1029 1860 1084 1939 in
1117 1903 1227 1956 quo
1270 1897 1400 1942 ευηι
1443 1902 1506 1944 ea
1539 1860 1931 1961 οξιηίιιηεει-οι,
1969 1860 2173 1961 nequa-
2197 1860 2244 1916 θ
2271 1860 2985 1956 contemperantunpartes
3034 1860 3245 1956 ipsius,
3295 1887 3538 1956 adeoque
3579 1860 3686 1942 non
3721 1860 3812 1941 alia

612 1975 801 2042 quam'
826 1977 1148 2047 unirentur;
1185 1988 1241 2035 at
1281 1996 1392 2037 non
1440 1991 1526 2039 est
1567 1981 1978 2054 [communitas]
2025 1965 2148 2040 vasi:

2273 1975 2481 2030 ratione
2510 1974 2810 2032 miseentu'r
2840 1991 3004 2046 quam
3055 1992 3118 2031 ea
3151 1993 3272 2046 quas
3315 1978 3477 2034 facile
3507 1987 3814 2049 separantur

614 2065 756 2120 inter
789 2081 851 2120 ea
882 2068 1067 2124 mistio
1101 2068 1448 2144 [censenda.]
1495 2073 1771 2128 Similiter
1796 2088 1898 2129 nec
1932 2073 2075 2145 inter
2105 2075 2171 2128 li-
2271 2069 2434 2129 ιιριιο
2471 2061 2839 2129 άίνθηυηιυτ,
2871 2066 3104 2123 αἱτιωεὶ
3145 2081 3209 2120 εει
3259 2069 3606 2138 coniunxerit
3655 2078 3812 2123 ιιιιυι

611 2171 737 2209 nunt
782 2165 834 2211 et
873 2158 1108 2214 sericum
1137 2162 1360 2215 mistura
1387 2168 1493 2228 est,
1522 2176 1780 2221 common
1814 2163 2042 2218 invicem
2074 2163 2148 2218 ad

2273 2168 2400 2218 una,
2446 2155 2616 2211 vestis
2657 2170 2794 2224 una,
2832 2157 2915 2211 vel
2954 2172 3052 2214 vas
3097 2174 3289 2213 unum.
3331 2158 3520 2230 Neque
3568 2163 3815 2231 reperitur

609 2245 872 2312 imreant,
899 2250 1112 2305 etiamsi
1140 2251 1192 2304 in
1221 2250 1410 2306 eadem
1425 2252 1556 2307 ‘sint
1577 2260 1769 2319 veste;
1798 2269 1897 2308 nec
1921 2256 2065 2310 inter
2090 2270 2148 2309 an

2270 2262 2512 2318 unquam
2538 2247 2593 2302 in
2623 2263 2685 2304 re
2718 2249 2906 2318 aliqua
2932 2250 3204 2306 materiali
3233 2264 3498 2321 corporea
3533 2252 3674 2307 alius
3705 2252 3813 2321 quis

555 2328 559 2333 ’
614 2347 669 2392 et
715 2351 905 2394 aurum
957 2340 1047 2396 ubi
1095 2341 1329 2397 conﬂata
1383 2357 1489 2397 non
1535 2343 1764 2406 fuerint,
1816 2344 2162 2411 commistio,

607 2431 820 2486 etiamsi
848 2447 910 2486 ea
946 2433 1241 2505 coniungat
1298 2450 1424 2489 una;
1452 2443 1652 2505 statua.
1698 2434 1792 2489 lla:
1823 2444 2002 2491 autem
2059 2437 2165 2491 mi-

605 2534 771 2579 sturaa
832 2541 1109 2595 nunquam
1179 2533 1311 2580 sunt
1377 2525 1478 2580 nisi
1525 2541 1557 2581 e
1608 2528 1834 2582 materia
1899 2543 2159 2598 corporea

601 2629 790 2669 crassa
825 2630 840 2666 :
870 2616 1028 2685 cujus
1062 2617 1110 2670 si
1144 2632 1272 2685 pars
1309 2618 1449 2687 parti
1498 2606 1855 2686 coniungatur
1878 2657 1895 2682 ,
1927 2619 2160 2687 exempli

600 2707 787 2776 gratia
803 2707 847 2764 si
876 2708 1162 2778 liquefacta
1191 2724 1268 2764 res
1293 2718 1346 2764 et
1372 2725 1564 2764 aurum
1590 2712 1756 2766 simul
1786 2710 2155 2774 eii'undantur,

601 2797 812 2850 eveniet
843 2800 1048 2853 ratione
1082 2800 1356 2854 mistiouis
1393 2801 1618 2856 mutatio
1644 2810 1698 2856 et
1732 2803 2031 2872 corruptio;
2063 2816 2160 2857 ne-

586 2903 704 2960 zque
731 2891 876 2945 enim
905 2902 988 2946 est
1018 2893 1260 2947 massula
1299 2893 1405 2948 ista
1442 2894 1528 2947 vel
1576 2907 1766 2947 aurum
1799 2907 1992 2964 purum
2020 2933 2036 2959 ,
2069 2894 2156 2949 vel

599 2997 673 3035 tes
701 2996 896 3051 purum
931 2998 947 3034 :
991 2997 1054 3037 ac
1099 2982 1202 3037 nisi
1241 2983 1636 3051 .copulareutur
1668 2997 1735 3039 ac
1781 2999 1948 3037 unum
1994 2983 2154 3038 alteri

601 3073 1007 3144 adiungeretur,
1040 3084 1100 3144 ut
1123 3088 1241 3126 cum
1274 3073 1485 3143 torquis
1509 3088 1572 3127 es
1604 3087 1711 3156 mre
1750 3086 1990 3142 auroque
2014 3086 2154 3127 coa-

2269 2341 2511 2396 mistum
2543 2340 2738 2396 modus
2775 2349 2968 2411 prater
3000 2343 3135 2398 istos
3160 2344 3323 2410 duos,
3390 2343 3475 2399 vel
3504 2345 3598 2414 qui
3639 2360 3815 2400 corru-

2276 2432 2515 2502 ptionem
2546 2429 2762 2505 [infert]
2782 2432 2863 2488 vel
2902 2431 3323 2504 separationein,
3356 2434 3461 2490 nisi
3480 2450 3608 2490 cum
3647 2436 3816 2489 mistio

2269 2525 2507 2578 duorum
2538 2524 2617 2578 sit
2643 2531 2878 2594 quorum
2915 2525 3144 2592 alterum
3176 2526 3451 2580 materiale
3479 2541 3814 2597 corporeum,

2265 2617 2498 2671 alterum
2546 2623 2711 2671 tenue
2747 2617 2819 2672 sit
2861 2626 2918 2672 et
2952 2617 3225 2689 spiritale.
3275 2616 3374 2672 llic
3407 2625 3592 2672 autem
3635 2618 3820 2673 tertius

2261 2715 2346 2761 est
2392 2706 2665 2761 mistiouis
2695 2702 2938 2771 modus,"
2967 2701 3090 2778 qua:
3131 2716 3186 2763 et
3227 2723 3351 2763 vere
3397 2709 3583 2765 mistio
3631 2695 3821 2780 est‘[in

2259 2800 2365 2854 alio
2412 2799 2707 2870 exemplari
2757 2807 2862 2865 est,
2893 2801 3077 2856 mistio
3113 2801 3347 2874 natura-3
3390 2802 3598 2872 absque
3629 2803 3844 2858 eoufs—~

2257 2894 2434 2956 sione.
2467 2891 2864 2969 conversione,
2911 2894 3297 2964 corruptione,
3341 2901 3436 2948 aut
3479 2897 3821 2965 separatione

2257 2985 2609 3056 partitionis;
2635 2996 2820 3040 verum
2846 2991 2932 3039 est
2956 2983 3182 3040 mistura
3200 2999 3320 3056 qua
3348 2995 3597 3056 penetrat
3627 2994 3818 3041 natura

2257 3077 2546 3147 spiritalis,
2567 3074 2806 3143 subtilis,
2837 3082 3086 3131 naturam
3111 3075 3446 3146 materialem
3475 3091 3817 3148 corpoream,

601 3163 782 3218 tlcitur
805 3203 820 3229 ,
857 3172 1002 3219 esset
1055 3163 1323 3219 mistionis
1380 3164 1572 3220 modus
1610 3164 1940 3235 separationi
1977 3165 2148 3222 obno-
2175 3178 2220 3239 ο
2254 3168 2430 3224 donec
2464 3183 2564 3238 per
2601 3167 2774 3238 ipsam
2812 3175 2978 3223 totam
3021 3167 3381 3232 dill‘undatur,
3405 3174 3642 3238 totaque
3669 3183 3819 3223 cout-

598 3257 743 3323 xius,
778 3257 870 3327 qui
898 3257 1116 3314 nomine
1141 3258 1412 3314 mistionis
1443 3257 1699 3334 indignus
1725 3269 1832 3320 est.
1966 3319 1970 3321 ,

664 3350 842 3421 Atque
877 3353 930 3406 in
965 3351 1067 3408 hos
1095 3353 1232 3409 duos
1268 3353 1461 3410 modos
1494 3353 1835 3425 impegeruut
1859 3353 2152 3413 Nestor-ius

595 3442 820 3515 ejusque
867 3445 1110 3511 asseclae,
1151 3456 1204 3500 et
1230 3443 1466 3500 Jacobus
1503 3453 1558 3501 et
1586 3445 1818 3528 Severus
1844 3457 1904 3503 et
1930 3448 2153 3510 Nosco-

595 3549 726 3599 rus,
774 3543 826 3590 et
876 3533 1175 3607 Eutychius
1229 3551 1530 3605 eorumque
1577 3552 1862 3608 sequaces.
1913 3536 2180 3614 Iacobus~

595 3629 815 3700 quidem
839 3669 854 3695 ,
891 3644 1035 3699 nque
1069 3643 1302 3699 quorum
1343 3631 1562 3684 nomina
1608 3630 1861 3686 recensui
1883 3671 1900 3696 ,
1932 3634 2149 3690 mistio-

585 3737 720 3800 gem
756 3722 1072 3776 mutationis
1103 3728 1157 3776 et
1188 3721 1560 3792 corruptionis
1588 3721 1822 3794 amplexi
1843 3764 1861 3789 ,
1894 3739 2148 3784 asserue-

577 3803 719 3866 runt
763 3821 1014 3867 naturam
1049 3811 1286 3866 divinam
1332 3821 1386 3867 et
1421 3811 1671 3870 naturam
1710 3815 2002 3872 humanam
2036 3817 2146 3892 ω

589 3904 646 3957 in
692 3919 812 3957 .uuo
861 3902 1081 3957 Christo
1122 3903 1437 3957 commistas
1482 3894 1686 3970 fuisse,
1732 3895 2015 3979 ipsumque
2045 3910 2147 3964 ha-

591 3996 776 4051 buisse
818 3994 1229 4050 subsistentiam
1263 4009 1427 4048 unam
1463 3994 1516 4048 in
1551 3999 1744 4068 natura
1779 4014 1885 4054 una
1918 4014 2143 4070 compo-

587 4090 746 4143 sitam
791 4103 854 4142 ει
898 4088 1112 4141 duabus
1158 4087 1369 4141 naturis
1410 4086 1680 4171 diversis,
1713 4089 1899 4151 divina
1931 4092 2144 4174 scilipct

585 4189 638 4235 et
669 4181 942 4246 humana;
988 4177 1223 4249 prolessi
1262 4194 1392 4248 ergo
1425 4188 1555 4236 sunt
1598 4185 1692 4236 eas'
1729 4189 1972 4240 mutatas
1997 4197 2139 4240 esse:

585 4273 821 4329 mutatio
872 4278 1054 4326 autem
1107 4272 1393 4340 corruptio
1443 4280 1548 4327 est.
1605 4272 1782 4344 Atque
1839 4272 1944 4330 hoc
1997 4275 2143 4330 dicto

2259 3260 2577 3325 misceatur,
2604 3273 2780 3329 neque
2807 3269 3085 3316 remaneat
3113 3259 3409 3332 locus“
3431 3249 3579 3316 ullus
3609 3271 3822 3316 naturae

2255 3351 2558 3407 materialis
2583 3364 2791 3406 vacuus
2835 3359 3030 3406 natura
3063 3351 3482 3422 spiritali,.sine
3515 3355 3823 3408 mutatione

2253 3458 2369 3512 qua
2411 3450 2654 3498 mutetur
2698 3443 2786 3499 vel
2831 3443 3092 3512 spiritalis
3131 3457 3163 3498 a
3198 3452 3394 3498 natura
3431 3457 3533 3510 sua
3576 3444 3820 3514 spiritali

2254 3536 2466 3601 subtili,
2484 3535 2573 3592 vel
2595 3537 2858 3608 corporea
2882 3535 3180 3592 matcrislis
3198 3549 3233 3590 a
3258 3544 3456 3592 natura
3478 3550 3583 3592 sua
3603 3551 3821 3598 crassa,

2257 3624 2561 3705 materiali,
2607 3631 2696 3681 ‘ae
2759 3626 2880 3682 sine
2933 3625 3255 3684 alteratione
3308 3634 3404 3683 aut
3465 3629 3824 3698 corruptione

2256 3719 2520 3775 utriusvis
2540 3756 2560 3783 ,
2599 3717 2777 3799 insta!
2809 3718 3084 3799 mistionis
3122 3719 3317 3775 anime
3347 3728 3402 3775 et
3438 3722 3696 3792 corporis
3729 3727 3820 3775 aut

2251 3813 2395 3882 ignis
2426 3800 2479 3867 et
2511 3810 2642 3866 ferri
2677 3793 2952 3866 in'eadem
2986 3793 3183 3888 pruna,
3219 3825 3340 3882 qua
3371 3825 3477 3865 una
3505 3819 3593 3867 est
3632 3813 3818 3868 subsio

2251 3903 2471 3969 stentia,
2504 3916 2537 3958 e
2563 3910 2758 3966 natura
2793 3901 2938 3970 ignis
2963 3899 3248 3968 conjuncta
3277 3915 3342 3956 ac
3379 3901 3668 3957 commista
3695 3917 3816 3958 cum

2251 4005 2444 4050 natura
2475 3993 2604 4050 ferri
2635 3994 2752 4049 sine
2782 3993 3129 4064 separatione
3154 4002 3250 4050 aut
3275 3974 3564 4060 divisione,
3602 4010 3674 4048 ae
3702 3995 3821 4050 sine

2252 4084 2595 4151 confusione,
2639 4084 2994 4140 conversione
3023 4094 3118 4143 aut
3153 4085 3530 4156 corruptione,
3573 4085 3820 4142 dilfusus

2251 4189 2335 4235 est
2365 4179 2587 4233 interim
2614 4177 2757 4248 ignis
2788 4192 2884 4248 per
2916 4170 3230 4234 universum
3259 4177 3483 4244 ferrum,
3519 4187 3850 4253 totumque-

2249 4270 2428 4329 lnduit
2449 4285 2466 4337 ;
2488 4269 2924 4326 communicavit
2955 4268 3121 4325 etiam
3147 4255 3293 4325 ferro
3323 4272 3624 4353 potentiam
3655 4288 3815 4329 suam

584 4367 752 4434 impio
778 4349 872 4419 Dei
900 4372 1148 4418 naturam
1172 4361 1543 4442 accidentibus
1565 4372 1619 4419 et
1641 4365 1803 4442 morti
1829 4367 2142 4423 necessario
2245 4374 2302 4418 ct
2345 4364 2518 4418 lucem
2567 4365 2756 4427 suam,
2802 4370 2870 4423 et;
2901 4362 3011 4417 vim
3056 4349 3439 4428 combureudi,
3470 4365 3628 4439 adeo
3671 4374 3736 4427 ut
3762 4374 3818 4421 et

582 4457 871 4514 obnoxiam
902 4456 1254 4549 reddunt,ac
1277 4440 1552 4512 Christum
1588 4472 1689 4513 nec
1711 4440 1892 4514 [Deum
1915 4475 2135 4550 verum,
2171 4491 2214 4547 ο
2246 4457 2425 4550 luceat
2466 4452 2692 4550 ferrum,
2805 4462 2966 4550 urat;
3007 4454 3229 4550 at_nihil
3255 4455 3465 4550 sibiade
3486 4457 3816 4550 impotentia

583 4565 684 4607 nec
724 4565 910 4605 verum
957 4546 1230 4604 hominem
1274 4548 1634 4616 constituunt,
1665 4549 1840 4607 instar
1880 4542 2135 4625 massulzc

2249 4543 2371 4598 ferri
2391 4542 2710 4625 assumpsit,
2737 4542 2853 4598 sive
2875 4542 3237 4614 nigredinem,
3261 4543 3374 4601 sive
3400 4544 3599 4616 frigus.-
3630 4546 3818 4618 Atque

581 4657 647 4696 ex
683 4654 821 4717 auro
856 4647 912 4694 et
943 4654 1049 4694 rere
1091 4638 1354 4699 conﬂata,
1399 4637 1686 4693 Nestorius
1725 4652 1857 4694 vero
1904 4640 2134 4712 ejusque

527 4747 530 4750 ’
582 4744 844 4800 sequaces
891 4729 1202 4784 mistionem
1256 4743 1379 4798 qua:
1429 4727 1672 4797 separari
1733 4735 1896 4799 amne
1948 4728 2131 4784 divelli

581 4825 756 4896 possit
795 4822 1054 4894 aﬂinguut
1074 4860 1090 4886 ,
1122 4828 1468 4876 autumantes
1500 4821 1778 4877 Christum
1813 4827 1980 4876 unum
2008 4833 2132 4876 esse

581 4917 796 4974 duabus
856 4913 1068 4969 naturis
1128 4911 1362 4967 diversis
1419 4903 1802 4977 constantem,
1853 4909 2034 4965 divina
2079 4918 2134 4964 et

579 5011 854 5073 humana,
898 5007 1140 5076 duasque
1194 5003 1478 5080 habentem
1522 5003 1908 5059 subsistentias
1951 5015 2129 5066 notas,

579 5099 819 5153 divinam
853 5106 1012 5167 atque
1039 5095 1357 5161 humanam,
1388 5108 1452 5148 ac
1481 5094 1792 5149 mistionem
1821 5090 2131 5148 statuerunt

579 5205 697 5258 quae
745 5188 1013 5256 separatio
1058 5189 1164 5252 sit,
1214 5192 1390 5244 instar
1433 5184 1642 5256 torquis
1684 5201 1716 5239 e
1767 5185 1978 5239 duobus
2022 5179 2128 5238 illis

577 5295 806 5350 quorum
854 5281 1082 5334 alterum
1117 5294 1342 5335 aureum
1375 5279 1449 5333 sit
1491 5278 1721 5333 alterum
1753 5291 1964 5333 aeneum
1995 5289 2130 5331 cou-

578 5373 748 5441 iecti;
783 5381 876 5428 aut
918 5373 1082 5428 vestis
1128 5371 1396 5442 duplicis,
1427 5371 1582 5441 cujus
1617 5373 1746 5440 pars
1785 5368 2023 5424 exterior
2056 5370 2130 5424 sit

577 5467 753 5523 serica
805 5467 1028 5520 interior
1077 5465 1408 5536 gossypina,
1462 5465 1607 5518 inter
1657 5465 1792 5535 (ιιιΔρ
1846 5461 2126 5516 nulla'est

575 5559 804 5614 mistura
835 5557 949 5613 sive
981 5566 1185 5612 natura:
1217 5558 1330 5613 sive
1364 5557 1780 5630 subsistentia:
1818 5569 1994 5624 neque
2025 5555 2124 5606 hac

577 5649 787 5704 ratione
818 5647 882 5702 ad
923 5647 1043 5702 illos
1088 5643 1297 5716 spectat
1336 5646 1613 5701 Christum
1643 5641 1819 5699 ‘unum
1861 5641 2121 5707 credere;

576 5739 846 5810 siquidem
875 5747 960 5794 est
987 5738 1198 5814 torquis
1225 5738 1603 5806 complicatus,
1635 5745 1853 5806 torques
1884 5732 1996 5788 bini
2019 5772 2033 5796 ,
2070 5743 2122 5785 et

573 5831 738 5886 vestis
761 5827 984 5890 duplex.
1009 5831 1146 5887 bina:
1179 5840 1390 5893 vestes;
1419 5825 1717 5896 eodemque
1741 5825 1902 5881 modo
1930 5822 2120 5891 [esset]

2239 4632 2538 4688 secundum
2553 4619 2708 4718 hunc
2733 4633 3002 4689 mistionis
3024 4632 3247 4716 modum
3272 4634 3540 4721 disposuit
3560 4635 3814 4704 Verbum

2237 4725 2332 4779 Dei
2369 4738 2584 4788 crcans,
2610 4724 2922 4780 mistionem
2951 4738 3109 4780 suam
3140 4739 3266 4779 cum
3299 4728 3498 4780 natura
3533 4726 3811 4791 humana,

2209 4802 2429 4890 lcstq'ue
2473 4815 2736 4871 Christus
2777 4830 2951 4879 unus,
2985 4801 3282 4888 Filiusbei
3315 4816 3533 4882 unicus,
3573 4831 3610 4871 a
3646 4817 3816 4875 Patre

2236 4915 2363 4962 ante
2395 4907 2579 4962 omnia
2606 4904 2802 4962 secula
2830 4905 3067 4976 genitus,
3096 4904 3277 4961 lumen
3299 4904 3368 4962 de
3390 4903 3629 4974 luinine,
3664 4908 3815 4965 Dens

2232 5011 2394 5053 verus
2414 4997 2482 5053 de
2505 4994 2615 5052 Deo
2638 5010 2789 5061 vero,
2813 4995 3028 5065 genitus
3051 5010 3159 5050 non
3184 5006 3428 5062 creatus,
3451 4995 3522 5052 de
3541 4999 3792 5053 substan

2234 5090 2307 5142 tia
2341 5095 2621 5144 etr‘natura
2654 5087 2968 5158 Pat'risisui,
3009 5097 3170 5157 atque
3205 5086 3322 5156 ipse
3353 5085 3494 5141 idem
3529 5094 3710 5144 natus
3744 5105 3806 5145 es

2231 5180 2399 5235 Maria
2429 5172 2650 5250 Virgine
2682 5179 2735 5233 in
2767 5179 2873 5233 Ine
2903 5179 3185 5247 temporis,
3204 5177 3260 5232 in
3281 5178 3645 5234 subsistentia
3678 5197 3806 5244 una,

2230 5274 2529 5346 [videlicet]
2555 5258 2912 5328 subsistentia
2945 5267 3066 5325 Filii
3101 5271 3190 5326 Dei
3222 5273 3513 5340 unici-quat
3538 5286 3811 5342 compre-

2229 5365 2418 5422 hendit
2442 5365 2576 5420 duas
2603 5364 2766 5419 simul
2792 5367 3055 5428 naturas;
3089 5363 3328 5418 divinam
3359 5377 3481 5432 qua
3506 5376 3806 5433 mquam

2227 5439 2334 5518 non
2368 5457 2505 5524 fuit,
2555 5457 2609 5510 in
2657 5455 2955 5526 principio,
2992 5462 3047 5508 et
3079 5463 3205 5509 ante
3227 5468 3388 5508 omne
3425 5453 3800 5524 principium;

2227 5561 2280 5602 et
2316 5549 2631 5610 humanam“,
2668 5561 2786 5615 qua:
2819 5547 2956 5600 facta
2989 5554 3070 5600 est
3106 5545 3159 5599 in
3201 5545 3307 5599 fine
3342 5544 3636 5612 temporis,
3675 5546 3806 5600 sub-

2226 5641 2420 5694 sistere
2451 5638 2590 5693 facta
2628 5651 2721 5708 per
2752 5637 3160 5693 subsistentiam
3198 5646 3485 5700 aternam,
3523 5645 3736 5702 estque
3759 5636 3822 5689 is-

2222 5729 2462 5802 45—(‘7
2507 5728 2758 5784 Christus
2807 5743 2947 5782 unus
2987 5725 3349 5783 subsistentia
3404 5739 3508 5778 una
3559 5733 3801 5788 eterna,

2223 5829 2355 5880 duas
2386 5823 2588 5878 habens
2620 5830 2839 5877 natura:
2866 5857 2882 5887 ,
2915 5819 3184 5885 divinam,
3214 5831 3334 5886 qua:
3367 5826 3655 5886 nunquam
3687 5830 3797 5870 non
