4038 6458
242 411 247 415 -
292 363 428 429 lO-il

1706 373 2079 437 ANNALES.

3363 397 3495 460 1042

285 474 435 565 iuit;
466 483 519 529 et
549 477 843 531 humanam
867 520 879 541 ,
918 466 1079 547 quam
1124 481 1227 537 sibi
1268 484 1505 548 creavit,
1548 494 1609 541 ut
1636 487 1687 543 ei
1718 487 1842 541 uni—
1872 486 1919 544 Α
1947 464 2250 547 subsistere
2280 489 2409 547 iecit
2440 490 2787 573 subsistentia
2822 512 2919 552 sua
2940 538 2955 564 ,
3014 497 3227 570 sibique
3268 519 3323 559 in
3359 514 3497 561 tein-

274 560 460 631 'retur,
509 582 578 623 ex
608 568 777 623 Maria
824 570 1065 640 Virgine.
1110 573 1311 646 Estque
1352 578 1707 636 subsistentia
1752 583 1842 640 illa

280 656 462 727 ipsius
489 659 843 715 subsistentia
880 672 1086 718 natura:
1110 664 1302 724 divinae
1324 678 1378 725 et
1410 679 1619 726 natura!
1648 673 1842 729 huma-

278 762 399 811 nae,
450 760 733 819 utramque
770 756 1235 822 comprehenderis
1267 759 1387 815 sine
1425 752 1677 818 mistione
1707 765 1841 822 alte-

273 839 517 907 ratinni’,
574 850 669 896 aut
712 847 1060 914 corruptione
1103 853 1435 921 separationi
1472 863 1528 910 et
1580 854 1836 915 divisioni

271 931 538 1005 obnoxia.

346 1020 472 1077 Non
505 1024 665 1081 desiit
693 1028 1047 1088 subsistentia
1078 1046 1291 1091 natura:
1322 1040 1524 1107 divina:
1548 1056 1671 1099 esse
1700 1044 1837 1100 sub-

271 1111 529 1203 sistentia
574 1127 780 1175 naturai
828 1121 1077 1180 humanae
1106 1142 1230 1181 cum
1280 1128 1457 1199 ipsam
1503 1142 1752 1203 crearet,
1782 1146 1838 1193 et

272 1199 484 1259 faceret
528 1220 624 1274 per
650 1210 1059 1292 subsistentiam
1091 1230 1245 1269 suam
1275 1216 1395 1272 sine
1423 1233 1533 1291 qua
1561 1201 1671 1277 non
1704 1199 1836 1283 sub.

270 1291 446 1359 sistit.
476 1312 693 1368 quaque
724 1311 949 1386 es‘ccpta
984 1320 1095 1359 non
1130 1315 1215 1361 est
1241 1308 1333 1364 alii
1358 1312 1595 1381 cognita.
1629 1311 1835 1386 Estque

270 1390 396 1478 ipse
440 1386 691 1451 Christus
732 1380 875 1449 unus
924 1404 1052 1451 ante
1090 1380 1565 1471 incamationem,
1614 1380 1852 1478 et

267 1473 735 1546 incarnationem,
759 1484 875 1553 ipse
900 1485 1043 1542 idem
1072 1490 1339 1559 genitusa
1364 1492 1525 1552 Patre
1547 1496 1601 1553 in
1626 1473 1834 1559 uni-tate

266 1581 523 1637 persona
580 1572 889 1643 tiliationis,
928 1579 1149 1648 habens
1195 1585 1557 1644 substantiam
1591 1590 1831 1657 divinam

263 1658 600 1729 simplicem,
646 1676 773 1721 ante
800 1662 981 1725 omnia
1011 1675 1242 1740 saecula,
1270 1678 1391 1734 sine
1419 1689 1625 1749 matre;
1654 1683 1831 1744 idem-

1932 581 2089 653 plum
2118 583 2350 650 creavit,
2380 575 2650 651 cumnon
2680 598 2826 644 esset
2858 590 3170 648 humanitas
3202 596 3305 650 ista
3338 608 3492 654 ante-

1941 684 2104 740 quam
2136 671 2400 737 resideret
2430 676 2664 734 Verbum
2695 678 2788 733 Dei
2823 680 2877 733 in
2909 679 3100 745 naria,
3136 691 3314 754 neque
3341 703 3490 744 crea-

1940 770 2114 841 retur,
2158 778 2335 837 neque
2378 770 2486 824 ulla
2529 772 2704 839 ipsius
2742 773 3098 829 subsistentia
3150 786 3274 829 nota
3318 790 3487 841 esset,

1937 852 2114 911 donec
2164 856 2219 911 in
2270 858 2447 933 ipsam
2489 864 2750 919 resideret
2794 866 3150 923 subsistentia
3200 868 3322 923 Filii
3352 869 3489 933 'Dei,

1937 958 2059 1014 quae
2089 946 2231 1003 iacta
2256 958 2341 1005 est
2368 951 2471 1020 ipsi
2505 952 2879 1010 subsistentia.
2910 956 3094 1027 Neque
3124 973 3359 1027 unquam
3388 960 3492 1013 iuit

1936 1046 2065 1087 caro
2095 1034 2200 1090 ista
2216 1073 2237 1109 ρ
2270 1052 2338 1092 ex
2369 1054 2478 1108 quo
2509 1041 2633 1107 fuit,
2672 1044 2778 1099 alia
2815 1060 2977 1115 quam
3011 1062 3140 1102 caro
3168 1046 3332 1104 Verbi
3370 1047 3499 1114 Dei;

1936 1139 2114 1197 neque
2159 1145 2425 1200 unquam,
2477 1142 2558 1205 ex,
2599 1150 2707 1205 quo
2735 1136 2831 1190 fuit
2888 1152 3019 1192 caro
3063 1138 3242 1192 anima
3284 1138 3488 1193 intellla

1930 1217 2080 1285 genti
2124 1220 2372 1277 ratiunali
2420 1224 2672 1294 praedita,
2722 1225 2881 1282 aliter
2910 1226 3117 1282 habuit
3155 1243 3319 1298 quam
3362 1242 3488 1282 caro

1936 1307 2095 1364 Verbi
2124 1309 2241 1376 Dei,
2272 1328 2449 1383 neque
2477 1316 2637 1369 aliter
2661 1327 2791 1371 nota
2821 1327 2907 1382 est
2930 1332 3169 1388 unquam
3202 1334 3363 1387 quam
3391 1332 3510 1389 per‘

1934 1392 2343 1459 subsistentiam
2374 1403 2539 1461 Verbi
2570 1405 2697 1473 Dei;
2733 1415 2820 1463 est
2848 1408 3013 1474 igitur
3040 1408 3155 1479 ipse
3185 1408 3357 1465 Filius
3392 1406 3495 1462 Dei

1932 1494 2129 1549 unicus
2153 1507 2184 1548 a
2206 1494 2369 1551 Patre
2404 1496 2527 1553 sine
2549 1506 2722 1555 matre
2755 1498 2993 1570 genitus,
3025 1514 3056 1554 a
3081 1508 3254 1555 matre
3277 1498 3485 1571 [natus]

1932 1583 2052 1640 sine
2086 1583 2266 1653 Patre,
2295 1587 2547 1659 idemque
2573 1588 2745 1647 Filius
2773 1590 2885 1657 Dei,
2910 1598 2965 1647 et
2992 1590 3159 1647 Filius
3182 1589 3385 1645 Mariae.
3409 1620 3417 1627 -

2001 1670 2195 1735 Unitas
2223 1687 2405 1736 autem
2435 1681 2507 1738 oh
2533 1683 3057 1747 sutisistentiamest
3077 1698 3199 1738 cum
3231 1681 3484 1738 Christus

262 1766 381 1871 sue
411 1762 576 1855 ".3!"
597 1770 664 1859 cf
692 1758 1100 1871 ﬁam-“mm”
1130 1771 1471 1841 ιθωυοτίδυε
1502 1775 1624 1843 εἰπε
1650 1775 1829 1844 Patre,
1858 1800 1915 1871 ,-
1934 1758 2072 1829 duas
2091 1772 2301 1843 habens
2323 1782 2550 1830 naturas
2576 1776 2872 1846 periectas,
2898 1774 3203 1831 substantia
3226 1772 3485 1828 dili‘eren-

264 1836 567 1938 ln-ttnitate
592 1846 835 1915 ejusdem
868 1850 1041 1921 ipsius
1074 1836 1343 1929 personae,
1370 1836 1832 1923 esduabns’simnl
1860 1836 1912 1871 υ
1934 1870 2038 1930 tes,
2068 1839 2565 1938 quarum—utraque
2578 1836 2658 1922 ex
2681 1868 2802 1925 suis
2837 1836 3067 1927 seorsim
3100 1864 3495 1929 actionibuset

261 1932 600 1991 substantiis
648 1951 942 2012 constans,
990 1944 1173 2007 divina
1217 1944 1273 2005 et
1319 1951 1600 2028 humana,
1639 1959 1696 2017 in
1740 1960 1843 2025 illa.

262 2037 513 2119 persona»
538 2030 841 2099 conjunctis
867 2034 1172 2112 ,_Christus
1209 2058 1377 2111 unus,
1407 2055 1463 2102 et
1492 2048 1633 2105 illius
1662 2060 1862 2119 unus,‘

470 2116 739 2212 allocutus
768 2134 851 2180 est
881 2125 1108 2187 Patere
1145 2135 1300 2193 eisiis
1330 2134 1553 2197 duobus.
1574 2141 1629 2198 in
1669 2116 1828 2212 locis,

260 2207 483 2301 scilicet
534 2209 700 2270 fluvio
752 2215 1005 2277 Jordanis
1057 2224 1146 2281 die
1199 2227 1476 2301 baptismi,
1538 2242 1595 2289 et
1644 2207 1841 2297 monte

259 2295 492 2355 Thabor
518 2302 606 2360 die
630 2308 1147 2382 trarialigurationis,
1171 2295 1393 2376 dicens:
1426 2295 1530 2377 Hie
1555 2332 1632 2380 est
1656 2295 1831 2385 Fiiiss

260 2401 413 2442 nam
460 2390 681 2488 dilectas
720 2398 774 2451 in
841 2415 943 2470 quo
984 2403 1113 2459 milii
1157 2410 1458 2477 comptas-sti
1486 2415 1528 2483 ι,
1592 2431 1829 2488 eumque

257 2481 616 2550 compellavit
642 2486 828 2560 Maria,
862 2488 1131 2567 [dicens]:
1163 2496 1265 2554 Fili
1292 2502 1365 2557 mi
1386 2540 1406 2568 ,
1428 2481 1536 2561 non
1568 2516 1655 2563 est
1678 2481 1823 2568 illius

258 2569 468 2661 Patris,
513 2575 686 2643 alius;
712 2587 769 2635 et
816 2581 960 2640 illius
984 2586 1198 2654 Marias,
1230 2589 1410 2661 alius;
1450 2597 1595 2653 absit
1634 2612 1694 2655 ut
1722 2596 1852 2659 hoc

255 2660 510 2721 dicatur!
564 2683 673 2723 non
728 2674 874 2729 enim
930 2687 1236 2737 nascuntur
1294 2660 1722 2755 astumatum
1770 2696 1828 2749 si

254 2762 481 2852 pareret
500 2760 698 2815 mulier
715 2775 987 2834 naturam,
1009 2784 1230 2829 necesse
1256 2785 1405 2832 esset
1422 2779 1605 2852 ut“
1625 2770 1824 2845 omnes

256 2845 520 2901 mulieres
543 2859 814 2919 parerent,
838 2871 961 2911 eum
994 2852 1102 2914 una
1130 2870 1330 2925 natura
1354 2845 1543 2926 omnes
1555 2845 1819 2936 homines

232 2938 689 3035 comprehendat
716 2959 731 3002 ;
772 2945 865 2999 sed
896 2950 1206 3005 nascuntur
1226 2969 1478 3021 personas
1504 2978 1522 3017 :
1554 2960 1655 3018 nec
1678 2937 1828 3035 parit

250 3026 457 3081 mulier
503 3028 643 3085 duas
688 3048 949 3113 personas
986 3053 1330 3119 partu-no,
1377 3050 1489 3106 nisi
1531 3026 1817 3119 eum-noii-

1930 1954 2213 2021 ‘Oluntate
2232 1970 2354 2012 ~sua
2390 1954 2761 2027 cognita-cst,
2803 1971 2927 2014 cum
2972 1957 3208 2029 ipsarum
3257 1965 3484 2022 utraque

1925 2046 2209 2116 voluntate
2247 2062 2346 2103 sua
2376 2048 2539 2115 velit,
2571 2057 2624 2109 et
2655 2049 2965 2104 actionibus
2998 2038 3116 2105 suis
3151 2055 3296 2117 agat.
3328 2043 3481 2112 Quod

1928 2134 1977 2191 si
2008 2134 2262 2192 Christus
2299 2152 2445 2194 unus
2483 2144 2629 2194 esset
2656 2138 3015 2213 sineunit'ate
3042 2146 3321 2207 personae,
3357 2149 3479 2191 cum

1928 2239 1992 2283 ea
2027 2241 2132 2295 qua
2178 2222 2565 2297 prieditr’ts‘est
2604 2238 2929 2284 naturarum
2978 2226 3341 2297 discrepantia
3374 2239 3481 2278 non

1926 2310 2254 2375 conveniret
2288 2326 2359 2373 ut'
2378 2335 2519 2383 unus
2548 2319 2861 2385 haberetur,
2886 2318 2991 2376 nisi
3029 2329 3277 2373 naturam
3310 2315 3481 2385 ipsius

1913 2411 2383 2489 complecteretur
2410 2405 2767 2469 subsistentia
2798 2426 2927 2467 una.
2968 2408 3247 2481 Siquidem
3280 2423 3477 2463 nume-

1925 2515 2019 2557 rus
2034 2497 2192 2557 radit
2217 2502 2689 2572 inpersonas,etsi
2710 2502 2879 2558 fuerit
2914 2491 3111 2557 natura
3146 2512 3249 2554 una
3273 2512 3479 2565 psecus

1921 2590 2205 2662 51cm
2247 2607 2360 2663 non
2396 2593 2625 2649 caderet
2648 2606 2911 2660 numerus
2943 2592 2998 2647 in
3044 2590 3303 2648 unitatem
3346 2589 3481 2645 sub-

1922 2684 2137 2740 stantiae
2170 2664 2259 2739 Dei
2296 2682 2880 2757 [utesset]"!‘rinitas,
2913 2688 3037 2740 eum
3072 2685 3144 2739 sit
3186 2683 3300 2751 ipse
3334 2673 3476 2757 unus

1920 2771 2087 2830 Deus.
2107 2772 2355 2834 Trinitas
2383 2774 2589 2843 vero'lu
2612 2788 2876 2843 personas
2902 2764 3069 2836 dedit.
3102 2772 3286 2843 Neque
3311 2771 3475 2825 cade-

1918 2872 2003 2922 ret
2032 2879 2295 2921 numerus
2325 2860 2381 2920 in
2414 2865 2699 2931 homines,
2731 2881 2842 2936 qua
2871 2866 3027 2923 multi
3059 2871 3377 2933 reputentur
3405 2863 3475 2919 ob

1914 2949 2331 3026 multitudinem
2350 2994 2368 3020 ,
2398 2970 2524 3011 cum
2553 2971 2646 3011 eos
2672 2955 3094 3026 comprehendat
3119 2964 3310 3009 natura
3344 2968 3473 3018 una;

1913 3024 2187 3117 .siquidem
2225 3061 2416 3102 omnes
2443 3062 2587 3103 unus
2618 3048 2776 3102 homo
2800 3056 3019 3121 essent;
3066 3062 3249 3102 verum
3288 3063 3475 3117 perso-

251 3118 459 3188 cuique
492 3137 741 3201 personis
774 3128 849 3182 sit
879 3140 1069 3199 partus
1094 3118 1344 3204 seorsim,
1374 3126 1431 3197 ut
1466 3143 1520 3198 in
1550 3121 1814 3213 gemellis,
1840 3132 1887 3197 α
1918 3150 2115 3193 narum
2140 3138 2419 3195 distinctio
2444 3140 2503 3192 in
2522 3153 2686 3220 causa
2711 3129 2796 3194 est
2820 3151 2877 3194 ut
2899 3118 3067 3209 multi
3094 3150 3470 3194 numerentur.

251 3209 372 3265 Nec
415 3218 671 3273 convenit
703 3229 763 3275 ut
805 3220 917 3277 sint
961 3225 1051 3279 uni
1085 3242 1323 3298 unquam
1356 3235 1436 3289 rei
1464 3209 1607 3292 bin—3
1641 3243 1819 3297 subsi«

249 3304 470 3360 stemiie
506 3309 720 3375 mista;
759 3308 950 3381 natura
991 3319 1137 3374 enim
1180 3327 1598 3393 comprehendit
1630 3323 1817 3388 subsi-

249 3396 507 3451 stentias.
541 3398 824 3464 Quomodo
850 3419 979 3476 ergo
1010 3409 1105 3462 iiat
1132 3418 1191 3465 ut
1223 3414 1588 3473 subsistentiis
1620 3412 1816 3480 natura

248 3484 484 3542 diversa:
527 3489 690 3546 simul
732 3496 1141 3567 coniungantur
1183 3502 1237 3579 in
1279 3504 1504 3563 Christo
1545 3525 1657 3565 uno
1688 3527 1815 3568 cum

248 3574 746 3636 subsistentiarum
807 3583 1154 3642 diuerentia‘l
1216 3574 1584 3651 Subsistentia
1630 3604 1814 3653 autem

248 3677 413 3724 actus
444 3680 528 3725 est
563 3675 988 3741 superioritatis.
1024 3677 1079 3733 Si
1113 3696 1242 3752 ergo
1262 3682 1514 3740 Christus
1543 3685 1683 3742 duas
1713 3688 1817 3743 ba-

250 3758 378 3813 heat
417 3769 645 3820 naturas
683 3764 953 3832 diversas,
1001 3769 1147 3825 sicut
1180 3788 1364 3827 verum
1404 3782 1517 3842 est,
1554 3791 1619 3833 ac
1650 3765 1815 3835 simul

251 3848 482 3934 haberet
533 3857 672 3912 duas
719 3860 1107 3917 subsistentias
1166 3863 1449 3932 diversas,
1504 3876 1616 3923 tum
1676 3870 1814 3925 illud

244 3946 394 4012 quod
448 3945 623 4016 ipsum
672 3952 1027 4023 conjungeret
1072 3952 1201 4026 [quo
1250 3974 1395 4033 unus
1442 3958 1616 4033 esset]
1667 3942 1816 4018 aliud

246 4046 399 4093 esset
432 4048 631 4106 preter
657 4042 795 4098 duas
837 4051 1063 4101 naturas
1085 4063 1200 4112 ,-ac
1231 4032 1368 4105 duas
1404 4032 1811 4121 subsistentia;

247 4133 410 4199 quale
442 4132 578 4187 nihil
627 4136 857 4191 omnino
893 4140 1184 4207 reperitur.
1234 4141 1451 4201 Scimus
1495 4153 1673 4201 autem
1704 4162 1825 4201 non

245 4233 374 4275 esse
406 4234 658 4278 naturam
698 4224 904 4295 absque
943 4243 1213 4297 persona;
1246 4247 1349 4289 nec
1387 4214 1569 4291 tamen
1600 4244 1685 4290 est
1714 4252 1813 4291 Ia-

248 4324 372 4368 tura
417 4316 471 4370 in
516 4330 623 4371 una
658 4316 919 4393 [tantum]
960 4338 1218 4393 persona.
1259 4324 1468 4382 Natura
1503 4327 1647 4386 enim
1701 4333 1811 4383 una

244 4407 667 4477 comprehendit
696 4408 1192 4483 plurespersonas,
1223 4423 1281 4471 at
1310 4432 1543 4487 persona
1568 4432 1675 4473 una
1700 4435 1808 4476 non

244 4501 664 4571 comprehendit
708 4504 1221 4562 naturam..Natura
1265 4494 1447 4567 autem
1478 4509 1685 4566 Christi
1719 4494 1851 4569 «ἰί-1

243 4595 371 4647 vina
402 4600 608 4648 aeterna
635 4609 913 4663 nunquam
945 4597 1296 4654 subsistentia
1323 4615 1422 4656 sua
1450 4604 1665 4669 caruit;
1692 4602 1810 4673 jam

242 4685 602 4741 subsistentia
642 4685 745 4740 ista
772 4701 835 4741 ea
866 4696 952 4741 est
991 4704 1114 4759 qua:
1153 4690 1507 4748 humanitatis
1547 4703 1804 4750 naturam

1913 3228 2073 3297 Quod
2117 3230 2163 3289 si
2206 3229 2427 3285 Christo
2466 3216 2588 3283 duae
2631 3216 2879 3298 persona:
2919 3232 3221 3285 tribuenda:
3265 3238 3471 3294 essent,

1916 3329 2247 3391 competeret
2287 3321 2364 3375 illi
2396 3336 2659 3377 numerus
2699 3321 2971 3385 binarins,
3002 3338 3067 3377 ac
3100 3322 3352 3377 Trinitati
3385 3322 3471 3375 di-

1918 3411 2163 3466 vinitatis
2199 3411 2631 3482 quadruplicitas
2662 3428 2787 3467 cum
2815 3428 2844 3466 a
2883 3411 3148 3468 Trinitate
3185 3414 3249 3467 ad
3281 3428 3472 3468 nume-

1918 3519 2039 3558 rum
2064 3502 2473 3574 quaternarium
2499 3515 2913 3574 promoveretur
2934 3514 3098 3575 atque
3126 3507 3178 3559 iu
3199 3521 3262 3560 ea
3290 3507 3472 3559 auctio

1916 3593 2093 3649 locum
2126 3594 2367 3649 haberet.
2400 3594 2590 3664 Neque
2619 3595 2972 3663 pciilceretur
2999 3596 3304 3666 baptismns
3330 3599 3483 3652 trina

1915 3684 2288 3750 immersione,
2308 3698 2473 3755 quam
2496 3687 2753 3763 praecepit
2768 3685 3024 3741 Christus
3046 3688 3307 3755 apostolis
3331 3692 3481 3751 suis,

1917 3773 2169 3830 videlicet
2209 3782 2267 3829 ut
2313 3774 2655 3845 baptizarent
2682 3792 2808 3832 eum
2850 3779 2945 3848 qui
2991 3778 3239 3833 crederet
3281 3781 3333 3833 in
3366 3794 3472 3833 no-

1910 3868 2061 3922 mine
2103 3866 2282 3923 Patris
2346 3876 2400 3921 et
2455 3867 2579 3924 Filii
2628 3877 2684 3924 et
2731 3868 2969 3939 Spiritus
2994 3872 3196 3925 sancti.
3249 3870 3471 3925 Deceret

1910 3957 2058 4013 enim
2093 3973 2190 4014 eos
2228 3958 2327 4029 qui,
2366 3968 2655 4013 autumant
2690 3960 2969 4022 Christum
3003 3961 3140 4016 duas
3178 3977 3301 4017 esse
3339 3964 3483 4036 subi

1911 4052 2213 4118 sistentias,
2236 4061 2429 4121 quater
2448 4053 2590 4107 inter
2606 4052 2995 4121 haptizamlum
3029 4052 3316 4121 intingere,
3342 4067 3465 4106 cuin

1911 4143 2134 4199 nomina
2174 4145 2349 4210 trina,
2385 4144 2494 4198 sint
2527 4159 2775 4214 personat
2806 4145 2978 4199 Patris
3016 4156 3067 4198 et
3100 4143 3220 4197 Filii
3253 4150 3307 4196 et
3337 4142 3463 4221 Spir

1910 4234 2053 4290 ritus
2097 4235 2313 4305 sancti,
2364 4250 2598 4304 quorum
2644 4235 2867 4289 nomine
2909 4245 2991 4288 ter
3033 4249 3173 4301 aqua
3220 4224 3462 4302 tingitur.

1908 4326 2067 4393 Quod
2119 4327 2167 4383 si
2208 4338 2448 4398 quatuor
2492 4324 2680 4382 essent
2727 4340 3003 4402 persons,
3056 4340 3281 4379 necesse
3319 4333 3464 4402 esset

1913 4428 2105 4489 quater
2155 4418 2437 4489 immergi,
2486 4433 2645 4474 secus
2690 4399 2800 4472 non
2848 4418 2901 4472 in
2947 4406 3118 4473 totum
3164 4399 3462 4481 Christum,

1910 4526 2073 4580 quem
2109 4511 2248 4565 duas
2275 4525 2397 4566 esse
2436 4525 2701 4579 personas
2735 4509 2915 4579 dicit,
2951 4508 3333 4577 baptizaretur,
3368 4509 3462 4563 sed

1910 4602 1966 4657 in
1994 4601 2280 4657 dimidium
2326 4602 2533 4671 ipsius,
2580 4601 2780 4656 omissa
2826 4602 3038 4655 scilicet
3076 4600 3245 4654 altera
3286 4600 3466 4655 Subsiv

1908 4693 2235 4748 stentiarum
2266 4691 2439 4761 ipsius
2473 4691 2529 4745 in
2568 4707 2731 4761 quam
2760 4690 2909 4745 haud
2944 4690 3105 4744 fuerit
3135 4688 3461 4756 baptizatus.

242 4777 346 4831 sibi
387 4785 725 4848 assumptam
756 4780 1026 4846 adiunxit,
1062 4782 1276 4850 fuitque
1307 4784 1410 4851 ipsi
1447 4785 1810 4856 subsistentia
1901 4783 2015 4854 iam
2073 4798 2204 4852 ergo
2248 4780 2601 4837 ωιηὶΐθειιιιιι
2647 4788 2732 4834 εει
2779 4779 3059 4836 Chrislum
3106 4794 3271 4834 unum
3318 4793 3463 4843 esse.

241 4869 310 4922 ab
338 4885 401 4925 eo
432 4886 611 4937 usque
642 4862 886 4939 tempore
924 4888 1036 4943 quo
1072 4890 1181 4928 non
1215 4874 1332 4931 fuit,
1347 4884 1475 4932 ante
1504 4878 1802 4935 habitatio-

242 4975 365 5015 nem
413 4976 662 5039 personis
703 4964 864 5018 istius
907 4964 1114 5019 divina:
1152 4966 1207 5019 in
1246 4965 1415 5039 Maria
1464 4969 1519 5023 in
1562 4985 1671 5039 qua
1710 4972 1803 5027 ubi

241 5051 505 5107 habitavit
535 5053 666 5109 fecit
693 5069 757 5108 ex
784 5054 902 5124 ipsa
931 5056 1253 5122 essentiam,
1276 5058 1524 5113 videlicet
1550 5067 1799 5117 naturam

239 5140 558 5210 humanam,
593 5161 755 5212 quam
796 5146 1149 5201 subsistentia
1182 5162 1282 5203 sua
1321 5149 1619 5203 subsistere
1651 5151 1797 5218 fecit,

239 5240 292 5287 et
334 5232 608 5288 deiﬂcavit
649 5235 777 5288 dum
820 5234 921 5304 ipsi
965 5236 1259 5290 essentiam
1292 5224 1504 5305 tribuit,
1547 5237 1793 5311 59—51

240 5322 355 5378 haec
389 5333 568 5379 autem
592 5364 605 5389 ,
639 5327 849 5381 scilicet
880 5327 1023 5397 quod
1057 5329 1228 5397 ipsam
1262 5332 1648 5401 assumpserii,
1673 5347 1801 5390 esse

239 5412 425 5471 fecerit
457 5432 522 5471 ac
562 5418 931 5483 deiﬁcaverit,
974 5419 1154 5473 omnia
1187 5420 1350 5475 simul
1383 5421 1634 5497 fuerunt,
1667 5425 1793 5478 dum

239 5504 628 5589 humanitatem
643 5509 842 5565 Christi
868 5510 1155 5566 habentem
1172 5501 1605 5581 subsiste-uuam,
1631 5530 1794 5584 quam

1908 4870 2036 4931 ante
2062 4890 2223 4945 quem
2268 4889 2376 4928 non
2420 4871 2587 4928 fuerit
2629 4872 2884 4928 Ch‘ristus
2916 4871 3087 4935 alius,
3126 4886 3302 4939 neque
3342 4881 3465 4939 post

1894 4966 2087 5035 ipsum
2117 4965 2330 5025 iuturus
2357 4964 2430 5018 sit
2451 4964 2616 5019 alius.
2638 4960 2878 5017 Verbum
2897 4961 3039 5015 enim
3067 4960 3157 5014 Dei
3188 4973 3461 5028 nunquam

1907 5056 2147 5129 53-55
2176 5072 2283 5111 non
2318 5056 2420 5110 fuit
2446 5048 2513 5112 ex
2554 5071 2665 5126 quo
2706 5068 2981 5123 nunquam
3016 5068 3124 5106 non
3168 5050 3269 5107 fuit
3303 5050 3462 5104 Pater

1906 5150 2103 5219 ipsius,
2131 5161 2302 5218 neque
2337 5161 2578 5217 unquam
2606 5137 2709 5200 fuit
2738 5143 2880 5198 Deus
2915 5139 3257 5215 sineVerbo.
3286 5152 3461 5205 neque

1905 5254 2142 5308 unquam
2173 5239 2570 5309 separationem
2599 5250 2791 5305 passus
2820 5243 2923 5297 est,
2950 5234 3094 5288 sicut
3122 5232 3251 5286 dicit
3282 5228 3456 5281 Evan-

1903 5332 2101 5401 gelium
2117 5347 2132 5385 :
2147 5329 2213 5384 In
2230 5330 2481 5399 principio
2502 5328 2600 5397 fuit
2633 5312 2877 5405 Verbum~
2889 5335 2939 5380 et
2954 5324 3170 5409 Verbum
3191 5336 3456 5387 nunquam

1902 5423 2125 5491 nonfuit
2157 5424 2297 5490 apud
2318 5422 2500 5485 Deum,
2527 5429 2575 5474 et
2600 5418 2735 5473 Dens
2766 5432 3034 5486 numquam
3060 5430 3161 5467 non
3187 5412 3287 5480 fuit
3331 5409 3455 5463 Ver-

1901 5516 2045 5579 bum,
2087 5515 2263 5569 omnia
2294 5530 2387 5583 per
2415 5514 2586 5581 ipsum
2617 5510 2763 5577 facta
2789 5517 2933 5577 sunt,
2965 5516 3015 5560 ct
3042 5508 3235 5575 absque
3262 5522 3320 5558 eo
3351 5520 3454 5557 non

241 5608 424 5655 notum
449 5609 532 5656 est
560 5617 679 5657 esse
708 5602 1121 5659 subsistentiam
1154 5602 1273 5657 Filii
1302 5605 1419 5669 Dei,
1450 5615 1788 5676 assumptam
1891 5608 2093 5673 [actum
2116 5616 2191 5661 est
2229 5605 2308 5661 ecl
2330 5620 2492 5662 unum
2520 5619 2702 5687 eorum
2726 5619 2843 5673 qua
2866 5601 3008 5654 facta
3034 5607 3155 5653 sunt
3186 5600 3227 5653 ⁸.
3254 5595 3452 5651 Deinde

312 5781 327 5810 ⁸
354 5778 542 5837 Ηλιιὶι.
577 5798 659 5849 lli,
696 5782 794 5846 l7;
829 5780 961 5839 Luc.
997 5800 1078 5851 in,
1107 5783 1209 5840 22.“
1257 5785 1276 5815 '
1305 5784 1469 5842 Jonn.
1498 5779 1536 5855 ι,
1574 5784 1595 5839 l
1632 5800 1757 5857 sqq.
