4038 6480
533 409 669 475 1M3

1535 403 1903 465 EUTi'Cl-Ili
1944 379 2478 500 Amicissimum
2517 389 2731 464 PATR.

3599 400 3723 463 ιω

527 521 730 574 addens
756 519 912 574 dicit:
945 518 1007 571 Et
1039 516 1256 571 Verbum
1287 517 1481 585 factum
1499 522 1575 567 est
1607 529 1751 574 raro,
1783 524 1829 565 et
1859 526 2089 563 commo-
2118 513 2163 568 Α
2193 514 2361 578 tilem,
2392 531 2511 582 quae
2550 523 2693 567 statu
2725 525 2826 567 suo
2853 513 3081 581 simplici
3111 515 3284 568 tribus
3319 513 3510 569 diebus
3533 513 3585 565 in
3608 529 3724 566 aere

529 621 702 665 ratum
728 622 804 664 est
841 614 972 662 inter
997 626 1091 663 nos
1111 610 1150 674 ⁸,
1182 607 1634 675 confirmavitque
1664 605 1866 659 dictum
1899 619 2076 667 suum,

530 701 942 755 subsistentiam
965 697 1131 754 Verbi
1156 713 1318 752 unam
1349 711 1494 760 esse,
1523 686 1642 764 quae
1673 710 1946 764 nunquam
1973 710 2079 748 non

532 794 631 846 fuit
678 807 799 846 cum
832 793 1023 850 Patre.
1063 791 1414 857 eamdemque
1462 789 1631 857 ipsam
1677 795 1951 855 assumpta
1986 779 2084 839 na;

533 897 650 939 tnra
683 870 917 938 humana
949 884 1161 947 factam
1188 881 1358 936 fuisse
1389 897 1603 936 carnem
1633 881 1697 934 ad
1729 878 2084 934 habitandum

542 977 684 1030 inter
723 975 993 1038 homines,
1028 988 1190 1043 quam
1226 988 1364 1027 nova
1397 963 1670 1028 creatione
1709 971 1813 1026 sibi
1848 971 2086 1026 condidit

533 1081 598 1118 ex
657 1064 1086 1135 Maria-virgine
1134 1062 1253 1117 sine
1308 1062 1515 1117 semine
1565 1060 1824 1115 humano.
1854 1059 2087 1127 Fuitque

535 1155 772 1211 Verbum
819 1155 963 1224 quod
1012 1168 1232 1208 carnem
1277 1151 1436 1207 istam
1489 1151 1743 1205 formavit
1790 1150 1844 1204 in
1897 1148 2086 1212 Maria,

536 1249 710 1301 instar
737 1248 961 1304 seminis
989 1245 1130 1314 quod
1162 1257 1324 1298 causa
1353 1244 1435 1298 est
1463 1241 1804 1298 formationis
1831 1241 2085 1296 hominis.

537 1337 738 1406 Estque
789 1339 963 1405 ipsum
1003 1349 1233 1406 persona
1262 1335 1349 1389 illa
1379 1349 1498 1402 quae
1526 1333 1580 1386 in
1609 1340 1795 1388 sancta
1822 1331 2092 1401 Trinitate

539 1438 856 1482 numeratur
884 1442 1007 1482 cum
1037 1427 1200 1481 Patre
1219 1434 1275 1480 et
1309 1423 1514 1494 Spiritu
1561 1429 1775 1477 sancto.
1834 1422 2090 1487 idemque

539 1516 680 1587 quod
715 1525 1034 1570 numeratur
1059 1530 1220 1570 unum
1263 1528 1385 1568 cum
1421 1513 1766 1574 hominibus;
1812 1512 1899 1565 ille
1933 1509 2090 1566 Jesus

540 1607 789 1664 Christus
819 1606 990 1662 Filius
1020 1605 1112 1661 Dei
1136 1605 1394 1667 viventis,
1414 1603 1691 1659 Filiusille
1717 1603 1940 1669 unicus;
1971 1617 2093 1672 per-

541 1697 716 1752 fectus
764 1694 907 1751 Deus
954 1710 1076 1749 cum
1125 1694 1282 1749 Patre
1327 1705 1379 1749 et
1430 1693 1636 1763 Spiritu
1682 1702 1904 1756 sancto,
1946 1693 2093 1746 nullo

543 1789 685 1841 inter
717 1788 866 1857 ipsos
896 1787 1211 1842 discrimine
1240 1785 1382 1856 quod
1414 1786 1480 1840 ad
1511 1785 1806 1841 essentiam
1839 1785 2092 1839 divinita-

545 1879 614 1932 tis
652 1888 700 1932 et
737 1879 1091 1933 substantiam
1130 1878 1334 1946 ipsius;
1386 1886 1440 1931 et
1476 1876 1745 1946 perfectus
1777 1877 1939 1928 homo
1971 1889 2092 1928 cum

546 1969 716 2024 Matre
754 1985 853 2024 sua
880 1970 1201 2039 caeterisque
1235 1969 1572 2030 hominibus,
1610 1967 1754 2020 nullo
1781 1967 1920 2020 inter
1947 1966 2097 2034 ipsos

547 2061 861 2117 discrimine
908 2064 1117 2117 ratione
1167 2061 1420 2123 essentiae
1473 2051 1926 2113 humanitatis-et
1970 2057 2101 2111 sith-

547 2154 762 2209 stantiaa
819 2153 1012 2223 ipsius,
1044 2153 1160 2207 sine
1181 2153 1541 2208 conversione
1563 2148 1976 2213 aut,mutatione
1996 2147 2102 2216 56

549 2243 813 2297 utriusvis
850 2251 1166 2296 naturarum
1204 2241 1374 2309 ipsius
1408 2256 1436 2294 a
1474 2238 1774 2294 substantia
1809 2252 1960 2301 sua;
1987 2236 2101 2290 sive

549 2333 850 2387 divinitatis
888 2347 916 2386 a
954 2332 1264 2387 substantia
1296 2345 1393 2384 sua
1432 2329 1612 2383 subtili
1650 2337 1701 2379 et
1736 2326 2100 2393 simplicitate;

550 2425 619 2479 ad
654 2439 897 2480 crassam
930 2423 1289 2478 humanitatis
1326 2419 1625 2492 [naturam]
1663 2427 1715 2472 et
1748 2418 2103 2484 compositio-

551 2506 674 2571 nem
708 2517 916 2586 ipsius;
950 2518 1060 2571 sive
1089 2492 1440 2594 humanitatis
1466 2528 1492 2564 a
1521 2512 1767 2566 crassitie
1797 2519 1849 2564 et
1882 2524 2103 2578 compo-

553 2609 752 2663 sitione
783 2610 846 2662 ad
882 2609 1237 2663 subtilitatem
1273 2616 1327 2661 et
1357 2606 1760 2674 simplicitatem
1787 2603 2104 2663 divinitatis,

555 2698 731 2768 lsine,
779 2697 1048 2769 inquam,]
1093 2699 1172 2752 vel
1224 2697 1511 2760 mistione,
1561 2702 1946 2762 corrumpente
1990 2704 2109 2759 quae

558 2797 725 2843 mutet
768 2790 1086 2843 alterutrum
1135 2804 1191 2840 re
1231 2789 1410 2856 aliqua
1450 2786 1514 2839 ad
1553 2786 1911 2841 substantiam
1955 2796 2107 2837 suam
2168 2792 2172 2797 ‘

562 2878 912 2950 [spectante,]
956 2880 1068 2934 sive
1114 2893 1277 2948 parva
1322 2879 1435 2931 sive
1482 2892 1709 2946 magna,
1743 2889 1848 2944 qua
1895 2873 2044 2930 fieret
2083 2885 2112 2924 e

558 2971 770 3026 duabus
807 2973 1011 3024 naturis
1042 2984 1145 3022 una
1171 2980 1363 3022 natura
1397 2969 1577 3020 mista.
1610 2966 1720 3019 lloc
1746 2965 1889 3018 enim
1925 2961 2112 3016 infide—

557 3062 681 3115 litas
711 3070 790 3114 est
821 3069 873 3114 et
905 3060 1233 3129 blasphemia
1266 3060 1317 3111 in
1349 3057 1534 3119 Deum,
1565 3057 1774 3124 adigere
1807 3054 1905 3122 ipsi
1941 3060 2111 3105 muta-

2183 607 2507 676 permansit,
2541 620 2775 674 quorum
2813 605 3017 674 primus
3077 605 3177 658 fuit
3213 606 3344 660 feria
3394 603 3570 674 prima
3625 619 3724 671 qua

2184 710 2362 754 creata
2392 706 2514 754 est:
2581 697 2779 750 deinde
2816 696 2915 765 ipsi
2949 695 3036 748 die
3070 707 3265 764 quarto
3319 710 3517 763 corpus
3567 705 3733 747 matc-

2183 793 2319 847 riale
2350 790 2578 853 creavit,
2619 788 2672 841 in
2724 803 2830 857 quo
2861 787 3033 856 ipsam
3114 788 3326 849 statuit,
3363 796 3526 854 atque
3589 785 3732 838 inha.

2185 883 2360 939 bitare
2392 883 2539 949 fecit,
2591 882 2843 936 mistione
2872 879 3178 957 necessaria
3237 887 3290 931 et
3351 879 3738 945 conjunctione

2187 976 2367 1040 tirma,
2416 985 2468 1028 et
2498 981 2671 1028 totum
2703 971 2816 1024 hoc-
2845 968 3010 1023 solem
3048 966 3334 1034 appellavit
3357 966 3580 1019 nomine
3611 979 3737 1024 uno,

2187 1066 2332 1136 quod
2385 1063 2791 1134 comprehendit
2818 1069 2872 1116 et
2905 1071 3151 1111 naturam
3190 1056 3332 1108 lucis
3364 1055 3513 1116 solis,
3552 1063 3609 1106 et
3646 1068 3746 1104 na-

2189 1168 2364 1213 turam
2396 1156 2640 1224 corporis
2673 1154 2813 1222 ejus,
2873 1150 3112 1217 unitate‘
3149 1144 3513 1198 subsistentire
3575 1144 3743 1210 ipsius

2189 1227 2546 1317 unius‘quam
2573 1239 2976 1308 comprehendit
3013 1236 3089 1290 sol
3123 1235 3263 1288 unus
3293 1248 3308 1297 ;
3336 1233 3491 1300 cujus
3526 1247 3630 1286 nec
3659 1233 3743 1286 luit

2191 1346 2312 1393 ante
2348 1352 2545 1403 corpus
2572 1333 2742 1399 ipsius
2773 1331 2854 1385 sol
2889 1327 3206 1386 vocabatur,
3244 1338 3344 1376 uec
3380 1336 3579 1389 corpus
3635 1319 3748 1369 sine

2192 1431 2310 1484 luce
2369 1429 2450 1483 sol
2509 1424 2682 1488 audit,
2729 1437 2914 1476 verum
2976 1419 3053 1475 sol
3112 1432 3252 1471 unus
3309 1422 3390 1467 est
3444 1427 3576 1465 cum
3635 1408 3750 1458 luce

2191 1534 2245 1578 et
2307 1534 2533 1588 corpore
2614 1532 2714 1572 suo
2773 1514 2993 1582 pariter.
3061 1509 3368 1573 Eodemque
3439 1501 3604 1558 modo
3671 1497 3749 1549 di-

2193 1616 2473 1687 gnoscitur
2523 1613 2611 1665 lux
2664 1608 2754 1662 Dei
2785 1605 3053 1661 Christus.
3087 1599 3272 1668 Neque
3299 1596 3440 1651 enim
3481 1601 3610 1645 ante
3670 1590 3752 1642 in-

2194 1691 2566 1759 carnationem
2607 1714 2759 1755 suam
2791 1711 2859 1752 ex
2891 1694 3097 1764 virgine
3139 1691 3306 1743 Maria
3336 1687 3642 1756 appellatus
3673 1691 3752 1735 est

2194 1799 2485 1859 Christus;
2519 1806 2694 1859 neque
2729 1789 2937 1843 dicitur
2963 1781 3275 1837 humanitas
3300 1779 3471 1847 ipsius
3502 1779 3625 1831 sine
3670 1775 3753 1826 di-

2197 1893 2422 1947 vinitate
2449 1886 2718 1947 Christus,
2876 1887 3062 1932 verum
3088 1873 3343 1927 divinitas
3364 1881 3415 1922 et
3441 1867 3755 1921 humanitas

2199 1981 2369 2050 ipsius
2409 1975 2568 2032 simul
2614 1965 2866 2028 Christus
2900 1981 3062 2029 unus,
3095 1963 3189 2031 qui
3224 1971 3392 2015 estex
3444 1954 3756 2010 substantia

2200 2049 2376 2127 Patris
2425 2079 2478 2124 et
2505 2067 2740 2135 Spiritus
2764 2061 2937 2116 sancti
2968 2055 3264 2126 secundum
3294 2049 3668 2120 divinitatem,
3698 2052 3749 2097 et

2201 2179 2264 2216 ex
2296 2155 2594 2215 substantia
2642 2151 2824 2206 Matris
2850 2161 2959 2202 sum
3000 2144 3437 2210 reliquorumque
3469 2135 3754 2188 hominum

2204 2259 2452 2320 respectu
2491 2241 2844 2300 humanitatis
2885 2251 3017 2308 suae,
3045 2233 3137 2302 qni
3170 2232 3286 2284 vult
3331 2228 3612 2280 voluntate
3670 2236 3735 2275 na

2205 2313 2338 2396 turae
2372 2333 2724 2396 humanitatis
2779 2343 2911 2389 sua}.
2942 2335 3244 2390 omnesque
3336 2317 3453 2384 ejus
3516 2313 3761 2367 actiones

2205 2438 2481 2501 operatur,
2506 2433 2726 2493 excepto
2758 2428 2997 2501 peccato.
3027 2415 3321 2496 Peccatum
3348 2407 3492 2462 enim
3527 2420 3638 2458 non
3676 2409 3755 2455 est

2206 2493 2272 2577 de
2304 2514 2606 2576 substantia
2667 2493 2889 2570 naturrc,
2929 2517 3113 2559 verum
3164 2493 3416 2554 accidens
3458 2496 3607 2562 quod
3673 2505 3764 2558 per

2205 2609 2554 2669 rebellionem
2590 2606 2645 2658 in
2673 2589 2920 2656 naturam
2948 2586 3193 2650 intravit:
3232 2591 3348 2644 Non
3388 2585 3600 2642 destitit
3633 2581 3762 2634 sub-

2210 2704 2407 2759 stantia
2449 2693 2800 2753 humauitatis
2826 2691 2997 2760 ipsius
3025 2683 3246 2752 obsequi
3281 2677 3603 2734 substantiae
3633 2672 3759 2726 divi-

2211 2796 2396 2850 nitatis
2453 2789 2645 2860 ipsius,
2681 2801 2747 2840 ex
2775 2796 2884 2851 quo
2909 2791 3130 2834 carnem
3165 2772 3360 2832 induit,
3420 2782 3520 2822 nec
3556 2761 3770 2860 destitit

2215 2882 2438 2935 affectus
2466 2850 2820 2929 humanitatis
2855 2868 3029 2937 ipsius
3066 2875 3261 2933 parere
3291 2857 3503 2913 affectui
3563 2850 3765 2907 divini-

2219 2974 2313 3030 tati
2344 2971 2514 3041 ipsius
2540 2984 2555 3032 ;
2592 2977 2766 3031 neque
2787 2961 2930 3016 enim
2961 2954 3231 3012 desiderat
3263 2949 3575 3004 humanitas
3597 2943 3770 3012 ipsius

2215 3081 2312 3136 per
2337 3037 2416 3125 se,
2440 3058 2581 3128 quod
2612 3056 2726 3111 vult
2748 3060 2942 3107 natura
2970 3045 3321 3104 humanitatis
3357 3041 3423 3094 de
3450 3037 3592 3098 cibo,
3620 3041 3769 3136 potu,

560 3150 762 3203 ίῖοηθιη
793 3149 1027 3218 aliquam
1060 3163 1164 3216 qua
1196 3164 1222 3201 ³
1263 3147 1564 3218 substantia
1599 3161 1693 3199 ⁵³³
1731 3153 1948 3197 ενθθηῖθ
1983 3157 2104 3195 εοη·
2139 3157 2182 3215 C
2216 3124 2428 3219 somno,
2459 3124 2782 3217 cteterisque
2812 3158 2932 3213 quae
2965 3141 3031 3194 ad
3064 3133 3428 3193 substantiam
3455 3124 3772 3182 immanita-

560 3247 865 3295 verterelur
909 3241 961 3294 in
1010 3239 1369 3294 substantiam
1425 3245 1694 3302 creatam;
1745 3245 1837 3290 aut
1887 3231 2110 3305 [dicere]

537 3345 800 3397 carnem,
841 3345 1000 3400 quam
1047 3332 1146 3385 sibi
1199 3331 1252 3384 in
1301 3330 1666 3383 habitaculum
1713 3329 1937 3387 creavit,
1979 3341 2113 3379 con-

562 3425 700 3480 verti
742 3439 770 3477 a
819 3423 1123 3479 substantia
1165 3438 1263 3477 sua
1310 3430 1489 3477 creata
1541 3437 1603 3475 ac
1647 3421 1759 3475 fieri
1815 3429 2113 3474 creautem.

564 3517 718 3582 Quod
744 3517 787 3572 si
811 3517 930 3570 duae
954 3525 1158 3569 natura:
1180 3514 1665 3568 commiscerentur
1689 3514 1915 3566 mistura
1941 3514 2116 3580 aliqua

568 3608 701 3660 adeo
727 3616 784 3660 ut
813 3607 1000 3665 ﬁerent
1029 3615 1389 3665 natura,una,
1415 3618 1521 3656 non
1553 3611 1698 3657 esset
1727 3601 1976 3656 Christus
2001 3612 2120 3672 post

569 3701 1001 3754 incarnationem
1033 3713 1211 3762 suam,
1241 3711 1270 3752 e
1307 3697 1610 3751 substantia
1646 3695 1823 3748 Patris
1855 3702 1907 3749 et
1946 3695 2119 3762 Spiri-

571 3799 664 3844 tus
701 3789 904 3856 sancti,
951 3787 1214 3856 siquidem
1257 3785 1556 3839 substantia
1596 3781 1774 3835 Patris
1804 3791 1856 3835 ct
1886 3781 2122 3851 [Spiritus

570 3879 741 3935 sancti
781 3887 860 3932 est
893 3875 1197 3932 substantia
1227 3874 1476 3942 simplex,
1504 3873 1748 3936 subtilis,
1782 3872 1871 3925 lux
1904 3886 2118 3933 creans,

570 3985 733 4041 quam
763 3983 871 4022 non
909 3967 1207 4035 ingreditur
1232 3964 1576 4034 compositio.
1604 3963 1666 4015 Et
1696 3963 1966 4031 quomodo
1990 3977 2122 4015 con-

571 4062 781 4117 veniret
819 4068 876 4114 ut
916 4058 1086 4114 Filius
1127 4058 1443 4112 incarnatus
1485 4065 1863 4109 accenseretur
1898 4054 2041 4106 Patri
2073 4061 2126 4106 et

574 4153 766 4210 sancto
821 4149 1068 4219 Spiritui,
1103 4155 1389 4219 postquam
1445 4161 1476 4200 e
1527 4144 1831 4199 substantia
1886 4145 2126 4213 ipsorum

573 4258 824 4315 egressus
853 4250 999 4296 esset
1034 4254 1143 4310 prae
1170 4253 1233 4293 ea
1260 4240 1348 4292 cui
1379 4239 1649 4292 obnoxius
1681 4236 1854 4292 fuerat
1880 4236 2129 4292 mistione

576 4343 630 4387 et
657 4333 1084 4402 compositione?
1109 4334 1223 4385 Aut
1246 4329 1514 4398 quomodo
1543 4327 1932 4382 concederetur
1956 4325 2130 4395 ipsum

578 4440 702 4480 esse
731 4424 898 4477 Deum
934 4433 1097 4476 unum
1122 4438 1243 4476 cum
1279 4421 1442 4474 Patre
1470 4428 1523 4472 et
1558 4418 1761 4487 Spiritu
1794 4425 1986 4472 sancto
2013 4431 2134 4471 cum

2217 3249 2286 3302 tis
2334 3217 2600 3313 spectant,
2657 3244 2884 3304 excepto
2933 3237 3176 3301 peccato,
3232 3225 3405 3278 donec
3449 3217 3790 3313 desiderare

2217 3302 2380 3393 faciat
2412 3302 2667 3389 divinitas
2691 3302 2864 3385 iusius
2892 3321 3284 3378 humanitatem
3317 3306 3508 3383 ipsius,
3535 3302 3774 3375 velitque

2219 3429 2320 3498 ipsi
2344 3436 2404 3482 ut
2425 3425 2553 3480 velit
2575 3421 2721 3492 quod
2746 3419 2794 3474 ei
2838 3431 2932 3485 per
2954 3429 3014 3469 se
3038 3409 3321 3478 competit,
3348 3419 3451 3459 nec
3472 3401 3768 3470 quidquam

2218 3497 2446 3586 sumpsit
2471 3514 2680 3568 ratione
2705 3507 3047 3564 necessitatis
3069 3513 3118 3558 et
3152 3497 3558 3568 compulsionis,
3588 3505 3772 3546 eorum

2219 3583 2502 3677 que-caro
2533 3597 2834 3656 necessario
2868 3594 3119 3667 requirit,
3165 3603 3337 3667 neque
3386 3587 3451 3639 ad
3477 3583 3770 3652 quidquam

2221 3671 2408 3755 eerum
2429 3695 2688 3764 confugit,
2714 3691 2784 3746 ob
2809 3686 3099 3756 potentiam
3137 3677 3454 3736 substantia:
3479 3671 3773 3730 divinitatis

2224 3806 2337 3846 suae
2396 3803 2514 3857 qua!
2558 3786 2785 3840 admista
2825 3791 2904 3835 est
2956 3773 3280 3832 humanitati
3343 3771 3516 3840 ipsius
3556 3766 3768 3821 unitate

2226 3855 2608 3942 subsistentia,
2639 3874 2706 3928 ad
2746 3867 3100 3925 amovendam
3165 3877 3379 3918 onmem
3437 3855 3773 3926 compulsio-

2228 3985 2348 4026 netn
2422 3977 2475 4021 et
2535 3961 2918 4018 necessitatem
2975 3971 3022 4009 a~
3062 3951 3363 4027 substantia
3427 3943 3774 4003 humanitatis

2230 4063 2421 4130 ipsius.
2461 4056 2655 4110 Verum
2683 4042 2897 4107 creavit
2923 4049 3045 4118 ipsa
3076 4040 3433 4098 substantiam
3470 4027 3775 4091 liumanitao'

2231 4152 2302 4208 tis
2333 4149 2524 4218 ipsius,
2576 4145 2852 4211 voluitque
2877 4154 2995 4209 quae
3023 4135 3191 4190 voluit
3215 4129 3526 4186 humanitas
3555 4141 3652 4218 per
3681 4138 3771 4218 se;

2232 4249 2293 4295 ut
2338 4214 2412 4294 ita
2483 4237 2758 4290 veritatem
2823 4233 3091 4286 astrueret
3147 4231 3352 4277 naturae
3407 4214 3776 4272 humanitatis,

2233 4333 2402 4401 ipsam
2443 4325 2687 4400 61-63
2714 4323 2920 4379 scilicet
2949 4329 3149 4376 statum
3172 4307 3180 4314 ’
3203 4329 3359 4371 suum
3402 4311 3626 4369 ﬁrmiter
3660 4304 3777 4358 reti-

2237 4437 2384 4487 nere,
2413 4435 2512 4474 nec
2533 4421 2586 4474 in
2618 4417 2761 4471 aliud
2796 4412 2923 4484 quid
2947 4428 2976 4465 a
3011 4408 3312 4466 substantia
3335 4420 3433 4461 sua
3465 4409 3775 4457 conversum

579 4532 642 4570 ea
665 4531 784 4584 quae
806 4513 1197 4582 naturzeipsius
1220 4512 1484 4580 obtigerat
1509 4507 2136 4585 mistione?_Quinetiam
2172 4513 2214 4570 Ι)
2252 4526 2396 4566 esse.
2435 4507 2689 4576 Fecitque
2717 4504 2968 4572 Christus
2995 4515 3184 4555 omnes
3223 4493 3576 4552 humanitatis
3619 4487 3779 4542 actio-

582 4610 686 4662 hoc
717 4616 875 4676 pacto
905 4615 1050 4659 esset
1087 4605 1398 4657 humanitas
1428 4603 1633 4657 Christi
1673 4601 1980 4654 humanitas
2011 4614 2132 4653 cum

581 4712 645 4751 ea
675 4712 837 4766 quam
870 4676 1111 4749 subierat
1138 4693 1383 4762 57-59
1415 4693 1714 4745 mutatione
1743 4697 1984 4758 respectu
2013 4689 2139 4743 sub-

584 4789 794 4845 stantite
819 4803 930 4841 suae
953 4803 980 4838 a
1011 4795 1203 4838 natura
1238 4783 1592 4837 humanitatis
1616 4781 1680 4834 ad
1706 4781 2136 4834 eommistionem

587 4893 710 4933 cum
731 4876 1036 4932 substantia
1065 4873 1386 4935 divinitatis,
1407 4884 1457 4926 et
1483 4872 1932 4938 alterationequze
1965 4879 2141 4923 muta-

587 4968 789 5024 tionem
819 4967 1105 5030 utriusque
1150 4973 1358 5015 natura:
1401 4964 1465 5013 ab
1507 4975 1695 5028 eoquo
1742 4960 1915 5012 fuerat
1961 4967 2142 5023 statu,

588 5059 827 5114 infirret.
846 5055 954 5110 Nos
968 5071 1093 5110 vero
1111 5054 1383 5107 credimus
1405 5053 1458 5105 in
1472 5051 1745 5108 Christum
1772 5067 1959 5114 unum,
1978 5067 2144 5105 unum

583 5155 792 5206 factum
845 5149 1051 5200 unitate
1076 5160 1320 5214 personae
1360 5144 1412 5196 in
1462 5147 1565 5210 qna
1596 5143 1860 5212 cepulata:
1909 5153 2035 5195 sunt
2067 5144 2148 5195 di-

588 5243 790 5296 vinitas
825 5247 876 5292 et
906 5237 1212 5292 substantia
1242 5234 1617 5303 humanitatis,
1679 5251 1799 5303 qua:
1831 5249 1922 5288 eas
1983 5235 2144 5288 simul

589 5330 881 5400 conjungit
930 5332 1049 5382 sine
1106 5329 1381 5389 mistione,
1437 5325 1814 5392 conversione,
1844 5327 2144 5380 mutatione

579 5436 680 5476 aut
717 5422 1053 5490 separatione
1091 5434 1194 5488 qua
1235 5417 1581 5472 divellantur.
1631 5417 1820 5486 Neque
1846 5424 1924 5469 est
1951 5416 2063 5485 ipse
2093 5416 2145 5469 in

595 5517 859 5570 alterutra
893 5522 1208 5567 naturarum
1271 5513 1384 5564 sine
1416 5509 1583 5564 altera
1617 5528 1630 5564 :
1695 5511 2146 5578 quemadmodum

597 5613 848 5663 novimus
882 5606 1043 5659 Deum
1071 5605 1224 5657 initio
1258 5616 1473 5658 creasse
1503 5602 1676 5656 lucem
1700 5602 1996 5671 simplicem
2029 5600 2156 5654 sub-

700 5786 724 5816 ⁸
747 5781 901 5839 Joan.
933 5782 972 5848 i,
1011 5784 1030 5835 1
1054 5785 1092 5836 i.

2239 4615 2357 4663 nes,
2386 4603 2610 4664 excepto
2642 4601 2881 4662 peccato,
2904 4606 3024 4645 cum
3059 4589 3310 4642 incitaret
3334 4582 3588 4636 divinitas
3619 4579 3777 4647 ipsam

2242 4689 2306 4742 ad
2340 4686 2616 4741 faciendas
2652 4682 3004 4737 humanitatis
3037 4680 3298 4739 actiones,
3329 4677 3400 4729 ita
3433 4683 3488 4727 nt
3523 4686 3622 4726 nec
3652 4668 3782 4722 face-

2244 4787 2322 4834 ret
2356 4778 2443 4831 illa
2467 4776 2653 4836 invita,
2680 4781 2774 4828 aut
2815 4771 3133 4832 necessitate
3178 4769 3242 4821 ad
3265 4765 3548 4836 quodlibet
3602 4771 3776 4817 eorum

2244 4869 2515 4936 compulsa
2552 4884 2567 4931 ;
2609 4877 2662 4919 at
2691 4878 2813 4918 cum
2845 4862 3002 4915 vellet
3036 4859 3291 4914 divinitas
3328 4864 3385 4908 ut
3440 4854 3595 4907 vellet
3640 4860 3777 4902 suam

2250 4946 2598 5019 voluntatem,
2631 4969 2794 5022 opera
2850 4961 3027 5004 autem
3079 4950 3245 5017 ipsius
3274 4947 3496 5007 faceret,
3541 4940 3780 4994 videlicet

2253 5045 2512 5119 [aliquod]
2545 5042 2845 5099 divinitatis
2879 5040 3042 5093 totius
3074 5051 3212 5105 Opus
3244 5034 3522 5087 voluntate
3551 5023 3782 5119 essentia:

2251 5110 2549 5194 divinitatis
2581 5153 2596 5201 ;
2631 5150 2737 5188 non
2770 5131 2895 5185 fecit
2926 5131 3027 5184 hoc
3053 5126 3206 5196 quasi
3242 5134 3427 5192 petens
3456 5121 3523 5174 ab
3550 5119 3656 5172 alio
3708 5110 3779 5163 τοι

2251 5246 2408 5301 prece
2431 5229 2509 5282 vel
2540 5224 2928 5295 supplicatione
2955 5221 3037 5274 vel
3068 5224 3276 5287 rogatu,
3312 5228 3494 5266 verum
3527 5210 3783 5262 voluntate

2253 5298 2550 5377 divinitatis
2586 5314 2880 5371 essentiali.
2944 5312 3203 5366 Voluntas
3229 5305 3370 5360 enim
3434 5298 3646 5370 generis
3690 5298 3778 5350 est.

2256 5430 2359 5467 non
2388 5407 2700 5471 individui;
2765 5404 2992 5470 ideoque
3025 5398 3387 5467 quodcunque
3453 5391 3566 5445 vult
3627 5388 3779 5443 Pater,

2257 5507 2394 5560 idem
2428 5502 2543 5555 vult
2569 5506 2624 5554 et
2663 5496 2854 5559 Filius,
2881 5503 2935 5548 et
2967 5492 3203 5561 Spiritus
3253 5495 3473 5542 sanctus
3501 5499 3516 5548 ;
3547 5490 3601 5535 et
3631 5472 3779 5549 quod-

2264 5612 2477 5668 cunque
2510 5595 2620 5649 vult
2651 5591 2843 5657 Filius,
2879 5588 3016 5642 idem
3048 5583 3160 5638 vult
3188 5588 3264 5652 et
3297 5577 3455 5631 Pater
3486 5581 3540 5628 et
3569 5567 3781 5641 Spiritus
