4142 6482
447 337 580 398 1045

1843 338 2203 404 ANNALES.

3499 342 3638 420 uno

440 457 695 515 sanctus;
729 459 781 504 ct
800 449 1294 520 quodcunque'vult
1310 449 1544 519 Spiritus
1567 459 1812 516 sanctus,
1844 453 1982 506 idem
2013 487 2025 512 λ

2092 460 2197 512 Deo
2229 458 2468 527 propria,
2517 474 2634 524 qua:
2669 472 2825 511 nemo
2861 458 2997 513 alius
3048 458 3276 512 faciendi
3315 464 3634 525 potestatem

437 540 600 595 etiam
631 540 919 595 vultPater
935 551 988 596 et
1009 541 1199 605 Filius;
1234 537 1337 595 non
1356 542 1982 609 cstinteripsoscontra-

439 631 604 685 rietas
645 633 738 682 aut
763 629 1082 684 differentia.
1107 618 1284 698 Atque
1315 631 1385 684 ita
1415 631 1576 684 etiam
1610 633 1860 687 voluntas
1886 635 1985 687 lm-

439 721 738 782 manitatis,
762 721 972 786 generis
1011 729 1096 774 est
1132 736 1239 774 non
1273 722 1533 776 individui
1564 738 1578 775 :
1613 724 1842 792 ideoque
1868 739 1984 778 om-

441 812 600 866 nibus
630 811 941 865 hominibus
970 813 1563 868 communiterinsitum
1602 825 1683 875 est
1722 824 1976 884 appetere

439 903 662 966 bonum,
689 917 789 956 nec
820 901 1102 970 quisquam
1135 911 1218 958 est
1242 903 1413 962 fidelis
1447 908 1527 960 vel
1584 907 1837 977 infidelis,
1893 909 1987 963 bo-

443 1008 552 1048 nus
583 993 665 1047 vel
698 993 895 1048 malus.
923 994 1014 1061 qui
1050 1010 1156 1050 non
1195 1005 1408 1066 appetat
1442 998 1666 1063 bonum,
1699 1001 1988 1069 ipsumque

443 1083 685 1150 accipere
715 1081 1019 1147 desideret,
1057 1096 1166 1139 tum
1199 1088 1252 1140 in
1287 1088 1386 1143 hoc
1421 1091 1642 1155 mundo,
1678 1100 1786 1143 tum
1819 1092 1870 1143 iu
1907 1090 1989 1142 f'u-

443 1179 568 1228 turo
595 1189 614 1240 ;
646 1189 744 1229 nec
772 1175 1054 1248 quisquam
1096 1186 1181 1233 est
1207 1182 1298 1248 qui
1337 1189 1557 1250 respuat
1610 1181 1841 1245 bonum,
1895 1189 1988 1236 aut

442 1262 529 1315 cui
578 1277 683 1317 non
736 1263 866 1319 insit
920 1267 1192 1334 appetitus
1251 1269 1379 1330 cibi,
1443 1277 1624 1336 potus,
1661 1269 1986 1336 indumenti,

443 1354 640 1417 somni,
676 1354 894 1422 quietis,
929 1358 1354 1425 tranquillitatis,
1383 1350 1800 1427 prosperitatis,
1834 1364 1987 1416 sani-

442 1445 566 1498 tatis
594 1453 643 1500 et
670 1447 809 1512 vitae;
838 1455 892 1502 et
913 1449 1093 1501 odium
1125 1463 1307 1502 eorum
1334 1465 1450 1519 qua:
1470 1452 1577 1523 64
1599 1453 1686 1509 his
1711 1457 1988 1509 contraria

442 1542 588 1598 sunt,
622 1536 870 1597 videlicet
935 1537 1111 1601 famis,
1170 1535 1312 1604 sitis,
1355 1542 1638 1607 nuditatis,
1681 1546 2020 1614 insomnize,’

439 1624 662 1686 laboris,
692 1618 970 1691 molestiae,
992 1627 1359 1696 adversitatjs,
1390 1633 1745 1702 aegritudinis,
1779 1640 1988 1693 mortis.
2045 1696 2048 1700 ,

440 1713 571 1809 Illud
602 1721 779 1809 autem
815 1715 959 1783 quod
986 1717 1296 1787 discrepant
1325 1722 1569 1777 homines
1598 1734 1794 1794 praeter
1825 1743 1992 1797 appe-
2025 1755 2065 1809 Β

440 1802 593 1856 tilum
625 1803 978 1883 universalem
1018 1809 1161 1878 quod
1197 1811 1259 1863 ad
1296 1827 1384 1866 res
1408 1827 1543 1879 quas
1573 1815 1665 1867 alii
1702 1815 1890 1872 contra
1926 1834 1990 1874 ac
2023 1802 2031 1872 ί

438 1893 528 1947 alii
577 1895 764 1959 velint,
805 1912 911 1951 non
945 1907 1081 1953 esta
1130 1902 1408 1958 voluntate
1441 1909 1677 1967 naturali
1709 1924 1832 1978 quae
1891 1927 1988 1980 ge-

442 1984 556 2037 neri
589 1987 862 2054 competit,
892 1990 985 2043 sed
1020 1990 1349 2046 desiderium
1381 1995 1656 2065 singulare
1688 2001 1832 2067 quod
1867 2003 1989 2069 qui-

441 2073 667 2128 busdam
697 2083 902 2129 tantum
942 2078 1220 2133 hominum
1250 2086 1463 2149 accidit,
1517 2102 1578 2140 ac
1606 2090 1867 2157 appetitui
1899 2108 1991 2146 na-

442 2167 599 2220 turali
631 2171 957 2222 contrarium
987 2189 1002 2235 ;
1044 2180 1225 2241 utpote
1249 2178 1392 2242 quod
1425 2178 1569 2232 aliud
1600 2195 1626 2232 a
1662 2183 1800 2236 bono
1829 2198 1989 2252 appe-

441 2264 538 2320 tat,
573 2256 798 2326 ideoque
829 2260 1138 2330 discrepant
1168 2265 1220 2317 in
1253 2265 1539 2323 desideriis
1574 2270 1693 2326 istis
1740 2274 1990 2328 acciden-

441 2345 637 2402 taiibus
692 2363 812 2416 quae
871 2350 938 2404 ab
999 2353 1280 2410 alieetibus
1337 2358 1605 2423 oriuntur,
1665 2378 1989 2433 unoquoque

439 2435 571 2490 illud
599 2437 809 2493 volente
831 2440 974 2508 quod
997 2442 1266 2500 desiderat
1295 2447 1365 2501 ob
1392 2451 1721 2519 voluptatein
1745 2471 1863 2523 qua!
1884 2456 1986 2524 ipsi

439 2526 562 2582 inde
596 2529 1109 2600 contingit.-Neque
1142 2543 1318 2590 tamen
1370 2538 1587 2594 interim
1642 2544 1796 2598 exuit
1837 2547 1989 2613 quis-

439 2616 582 2685 piam
612 2621 904 2688 appetitum
927 2637 1264 2694 communem
1292 2644 1398 2696 quo
1423 2631 1718 2686 incitantur
1737 2637 1984 2692 homines

441 2702 508 2756 ad
541 2705 736 2759 bonum
767 2708 1050 2762 volendum
1091 2711 1376 2783 ipsumque
1397 2721 1845 2786 amplectendum,
1876 2735 1982 2780 tarn

438 2791 502 2848 iu.
526 2786 626 2849 hac
657 2797 760 2849 vita
780 2813 937 2866 quam
961 2801 1014 2854 i-n
1035 2799 1236 2857 futura.
1265 2802 1494 2876 Ideoque
1523 2811 1740 2868 Christo
1766 2829 1985 2884 compe-

440 2890 563 2937 tunt
594 2885 733 2939 bina:
762 2889 1068 2946 voluntates
1104 2898 1378 2952 naturales
1437 2900 1676 2970 integrae.
1711 2905 1892 2958 divina
1934 2918 1986 2961 et

437 2973 692 3043 humana,
726 2980 937 3050 duoque
955 3001 1145 3053 genera
1166 2988 1393 3057 integra,
1414 3006 1606 3047 creans
1631 3004 1685 3047 et
1711 3006 1981 3065 creatum,

2090 547 2268 610 habet,
2305 561 2478 613 neque
2507 546 2599 599 ulli
2637 558 2880 614 "unquam
2918 562 2947 601 e
2977 549 3242 600 creaturis
3277 548 3449 615 ipsius
3503 561 3637 599 cons

2089 649 2240 688 cessa
2274 644 2420 688 sunt.
2450 634 2615 702 ldqne
2651 636 2774 704 quia
2804 635 2918 703 ipse
2957 642 3105 687 creat
3135 635 3496 702 quodcunque
3519 634 3633 686 vult

2088 735 2143 778 et
2166 724 2485 778 abscondita
2515 726 2683 786 novit,
2711 725 3042 794 perspiciens
3073 738 3196 791 quae,
3234 732 3417 790 tegunt
3449 732 3633 792 pecto-

2088 829 2170 879 ra,
2197 823 2272 883 .et
2309 823 2528 881 peccata
2581 815 2828 877 remittit,
2865 829 2985 883 quae
3029 829 3189 869 nemo
3242 823 3431 880 praeter
3461 816 3636 882 ipsum

2090 908 2368 961 remittere
2403 911 2600 976 potest.
2662 905 2865 973 Estque
2901 907 2955 960 in
2987 908 3135 961 omni
3169 906 3289 960 loco
3321 921 3472 973 aeque
3499 922 3634 972 pra:-

2089 1011 2214 1051 sens
2233 996 2378 1049 nulla
2405 1010 2462 1053 re
2481 995 2818 1059 terminatus,
2841 987 2895 1048 et
2911 995 2962 1047 in
2983 997 3243 1063 sepulcris
3261 996 3373 1066 68
3392 997 3640 1050 conditos

2061 1085 2175 1161 ldie
2206 1086 2625 1140 resurrectionis
2653 1086 3076 1140 resuscitatnrus
3105 1095 3186 1139 est
3218 1088 3454 1155 potentia
3516 1101 3637 1151 sua,

2090 1192 2214 1232 cum
2248 1176 2615 1232 sit‘Dominus
2644 1177 2987 1244 dieijndieii,
3051 1177 3304 1230 thronum
3368 1191 3641 1244 occupans

2089 1276 2141 1324 et
2166 1283 2389 1338 regnum
2436 1277 2492 1323 et
2527 1269 2870 1322 ratiocinium
2898 1266 3170 1332 severum’,
3201 1268 3288 1334 qui
3351 1267 3642 1334 unicuique

2089 1349 2383 1416 secundum
2419 1375 2481 1415 ea
2515 1376 2635 1429 qua:
2663 1361 2788 1414 fecit
2823 1359 3110 1424 retribuit;
3144 1359 3391 1426 idemque
3429 1359 3518 1424 qui
3580 1359 3643 1408 de

2091 1453 2230 1505 cmlo
2264 1451 2596 1506 descendens
2631 1451 2945 1504 incarnatus
2984 1458 3088 1514 est,
3113 1460 3166 1504 et
3193 1464 3392 1517 corpus
3427 1450 3478 1500 iu
3537 1463 3645 1500 (ιω-

2091 1543 2199 1596 Ιυιιι
2240 1543 2479 1597 sustulit.

2161 1632 2295 1687 Cum
2345 1641 2525 1686 autem
2564 1633 2765 1686 iaceret
2793 1647 2958 1700 opera
3011 1629 3383 1691 lmmanitatis,
3422 1644 3484 1683 ea
3527 1644 3644 1693 qna.-

2093 1737 2254 1792 opera
2287 1730 2417 1784 sunt
2445 1722 2696 1790 generica
2731 1732 2783 1775 et
2816 1723 3082 1775 naturalia
3145 1707 3348 1788 (qualia
3372 1727 3496 1773 sunt
3521 1719 3644 1771 ede-

2093 1828 2172 1877 re,
2200 1812 2409 1876 bibere,
2445 1812 2614 1871 indni.
2645 1827 2887 1878 somnus,
2933 1815 3119 1876 sudor,
3151 1813 3395 1887 tristitia,
3433 1825 3648 1878 perpes-

2093 1906 2297 1968 siones,
2335 1907 2528 1972 mors),
2572 1905 2659 1971 his
2716 1907 3105 1983 humanitatem
3150 1921 3303 1959 suam
3356 1903 3644 1966 atlstrnxit,

2092 2012 2258 2064 seque
2290 1997 2561 2050 hominem
2594 2005 2784 2051 natura
2815 1981 3148 2065 periectum-
3180 2011 3317 2050 esse.
3381 1995 3478 2048 Est
3519 2011 3647 2063 ergo

2090 2086 2346 2141 Christus
2393 2085 2566 2141 Filius
2605 2087 2696 2140 Dei
2767 2102 2962 2156 genere
3007 2095 3090 2151 et,
3128 2069 3386 2140 essentia‘
3417 2085 3594 2137 divina
3631 2099 3646 2144 ;

2091 2176 2339 2244 idemque
2367 2177 2506 2232 filius
2539 2177 2771 2232 hominis
2801 2193 2998 2246 genere
3021 2185 3074 2231 ct
3123 2177 3357 2229 essentia
3386 2176 3642 2232 humana.

2092 2269 2311 2338 ipseque
2356 2267 2608 2324 Christus
2642 2285 2783 2324 unus
2814 2269 3021 2323 unitate
3056 2267 3344 2337 peculiari,
3402 2271 3647 2334 persona:

2091 2372 2203 2412 suae
2258 2357 2419 2411 unius
2486 2358 2738 2426 propria;
2794 2373 3033 2424 personae
3097 2357 3306 2410 scilicet
3370 2355 3645 2408 filiationis

2088 2458 2477 2518 aternm,_qure
2506 2450 2687 2517 genita
2734 2453 2816 2503 est
2851 2463 2879 2500 a
2913 2447 3070 2501 Patre
3113 2449 3230 2501 sine
3266 2449 3462 2510 Matre,
3512 2457 3644 2500 "ante

2089 2541 2282 2594 saacula
2309 2559 2323 2606 ;
2347 2514 2650 2608 \eademque
2680 2554 2906 2607 persona
2937 2536 3212 2592 filiationis
3241 2538 3506 2594 humanae.
3529 2552 3646 2603 qua:

2087 2643 2210 2686 nata
2240 2643 2322 2686 est
2357 2632 2562 2686 ultimis
2593 2631 2928 2700 temporibus
2959 2645 3024 2684 ex
3053 2629 3221 2682 Maria
3258 2620 3494 2696 Virgine,
3530 2628 3647 2680 sine

2087 2732 2269 2792 patre;
2301 2732 2494 2791 estque
2523 2724 2899 2796 ipsepersona
2932 2736 3062 2785 una,
3108 2727 3332 2780 aeterna,
3363 2720 3508 2787 quod
3573 2719 3638 2770 ad

2087 2815 2424 2870 divinitatem
2457 2835 2471 2877 ;
2523 2814 2861 2882 temporalis,
2889 2811 3034 2881 quod
3067 2811 3131 2863 ad
3190 2808 3632 2871 humanitatem;

2089 2906 2340 2973 idemque
2362 2896 2574 2958 duabus
2609 2904 2770 2957 simul
2796 2901 3010 2967 naturis
3035 2899 3292 2968 loquitur,
3319 2914 3381 2953 ac
3412 2899 3643 2952 duorum

2089 2998 2346 3062 generum
2383 2995 2621 3048 actiones
2648 2992 2777 3044 edit.
2843 2990 2940 3044 Ubi
2967 2990 3120 3049 dixit,
3163 2990 3271 3058 Ego
3303 3006 3416 3042 sum
3477 2987 3644 3040 Filius
3683 3031 3687 3035 .

437 3070 722 3138 conjuncta
756 3074 873 3128 sine
908 3076 1126 3130 mistura
1181 3079 1232 3132 in
1261 3097 1362 3134 una
1398 3098 1628 3150 persona
1675 3087 1802 3155 quae
1851 3089 1987 3145 duas
2015 3081 2056 3137 C
2092 3088 2216 3156 Dei,
2249 3089 2316 3142 de
2348 3086 2631 3160 divinitate
2665 3082 2904 3152 loquitur
2937 3100 2950 3147 ;
2979 3090 3031 3134 at
3069 3081 3157 3133 ubi
3199 3080 3357 3142 dixit,
3398 3078 3502 3147 Ego
3531 3096 3646 3132 sum

439 3169 663 3216 naturas
683 3166 1101 3231 comprehendit
1137 3170 1334 3225 unione
1364 3174 1464 3227 sibi
1503 3178 1741 3244 propria,
1773 3179 1985 3248 insepa-

437 3253 700 3320 rabiliter,
739 3255 898 3326 [adeo
931 3258 1009 3329 ut]
1076 3261 1696 3339 loquatur’proprietate
1745 3285 1990 3338 personae

437 3360 551 3400 sua:
577 3347 735 3401 unius
778 3363 1028 3406 sermone
1058 3354 1284 3407 duarum
1321 3365 1659 3425 naturarum,
1699 3361 1896 3417 divina:
1935 3373 1988 3418 et

431 3434 725 3503 humanm,
775 3455 872 3494 nec
897 3441 966 3496 sit
1015 3445 1104 3514 qui
1163 3446 1398 3515 loquitur
1449 3463 1700 3506 sermone
1756 3453 1992 3509 humano

439 3526 602 3593 alius,
654 3539 701 3585 et
728 3532 819 3600 qui
846 3549 1096 3590 sermone
1129 3538 1311 3592 divino
1338 3541 1498 3604 alius,
1522 3557 1709 3596 verum
1740 3543 1992 3602 Christus

441 3635 583 3676 unus
607 3623 695 3689 qui
716 3631 940 3696 utroque
972 3628 1128 3680 simul
1161 3645 1411 3686 sermone
1442 3633 1779 3700 loquatur,et
1811 3644 1990 3692 utras-

444 3725 550 3778 que
600 3713 842 3769 actiones
868 3726 987 3784 agat
1014 3717 1226 3773 dualms
1251 3721 1638 3787 voluntatibus,
1689 3735 1741 3777 et
1777 3725 1989 3782 duabus

443 3800 603 3854 simul
631 3801 870 3873 6567
903 3807 1113 3860 naturis
1143 3825 1158 3872 ;
1185 3823 1308 3862 cum
1340 3812 1468 3864 velit
1500 3814 1780 3866 voluntate
1809 3813 1987 3868 divina

439 3889 645 3946 faciens
686 3909 847 3962 opera
899 3895 1144 3958 Deitatis,
1199 3915 1318 3967 quas
1373 3900 1500 3954 facit
1559 3906 1992 3973 quandocunqne

441 3983 577 4046 vult,
603 3991 657 4038 et
685 3986 956 4054 quomodo
996 3989 1130 4049 vult,
1158 4006 1261 4043 nun
1321 3993 1654 4059 praecedente
1720 3995 1994 4050 voluntate

442 4075 682 4132 actiones
713 4077 901 4146 ipsius,
932 4095 1053 4133 cum
1082 4083 1433 4152 penesipsum
1459 4086 1530 4152 sit
1567 4096 1626 4140 ut
1652 4088 1811 4142 faciat
1838 4089 1993 4156 quid-

441 4164 573 4234 quid
603 4167 735 4229 vult,
767 4168 1198 4238 quandocunque
1226 4174 1360 4234 vult,
1405 4175 1550 4229 nulla
1609 4176 1980 4232 intercedente

440 4258 719 4326 petitione,
750 4274 930 4326 prece,
960 4270 1054 4314 aut
1087 4272 1304 4330 rogatu,
1353 4263 1508 4331 juxta
1545 4265 1675 4320 illud
1703 4268 1843 4336 quod
1860 4268 1994 4322 dixit

443 4348 546 4419 ipsi
578 4350 822 4417 ieprosus
848 4369 861 4403 :
891 4350 1132 4416 Domine,
1159 4355 1204 4405 si
1233 4354 1308 4407 vis
1329 4363 1471 4422 potes
1499 4357 1750 4412 mundare
1771 4375 1789 4422 ;
1816 4369 1870 4414 et
1903 4376 1990 4416 re-

445 4441 667 4510 spondit
694 4443 828 4513 ipse,
876 4442 1024 4508 Volo,
1053 4446 1301 4499 mundare
1330 4445 1372 4510 ⁸,
1400 4447 1580 4517 itaque
1609 4464 1638 4502 a
1667 4449 1816 4518 lepra
1871 4468 1988 4516 sua.

444 4533 613 4601 ipsius
642 4535 939 4598 voluntate,
972 4538 1262 4590 umndatus
1291 4547 1374 4593 est
1400 4554 1415 4592 :
1441 4539 1598 4607 juxta
1635 4542 1798 4595 etiam
1831 4560 1986 4597 mau-

445 4625 629 4704 datum
668 4625 840 4694 ipsius
869 4627 935 4679 ad
980 4627 1267 4691 daemonia,
1320 4638 1376 4683 ut
1425 4645 1456 4684 e
1496 4631 1842 4687 rlazmoniacis
1896 4632 1991 4687 cx-

444 4717 606 4779 irent,
664 4733 788 4782 cum
849 4728 1099 4788 rogarent
1146 4720 1318 4787 ipsum
1365 4720 1626 4775 daemonia
1689 4725 1982 4792 utjuberet

446 4809 597 4878 ipsos
630 4824 824 4878 porcos
857 4810 1060 4878 ingredi
1093 4801 1290 4882 (neque
1324 4814 1468 4866 enim
1516 4814 1643 4867 illud
1672 4815 1790 4870 sine
1824 4817 1995 4885 ipsius

450 4900 920 4970 permissu-lacere
943 4905 1433 4972 potnerunt)atque
1466 4903 1578 4973 ipse
1613 4905 1734 4960 illos
1770 4910 1993 4974 permit-

450 4982 843 5044 teret.'Postea
896 4993 1082 5058 etiam,
1147 5003 1368 5048 ventum
1424 5004 1478 5047 et
1528 5009 1675 5048 mare
1716 4996 1995 5064 quiesrere

445 5081 627 5149 jussit,
668 5082 826 5150 idque
853 5082 968 5135 sine
1002 5097 1157 5149 prece
1185 5093 1276 5136 aut
1308 5084 1580 5151 petitione.
1601 5086 1776 5155 Atque
1808 5087 1994 5154 hujus-

454 5171 600 5226 modi
626 5171 789 5225 multa
820 5173 872 5225 in
903 5172 1190 5242 Evangelio
1223 5175 1362 5228 facta
1390 5188 1780 5241 memorantur,
1805 5178 2000 5244 quibus

455 5260 791 5334 divinitatem
849 5276 1001 5315 suam
1083 5264 1441 5332 confirmavit,
1499 5266 1724 5336 ideoque
1779 5269 2004 5321 credunt

460 5350 640 5406 fideles
672 5350 844 5420 ipsum
872 5369 996 5407 esse
1027 5353 1192 5408 Deum
1230 5356 1548 5424 perfectum,
1607 5359 1733 5412 dum
1799 5358 2001 5412 laceret

455 5459 617 5513 opera
655 5444 954 5500 divinitatis
981 5463 1096 5514 quae
1129 5449 1268 5501 nulla
1301 5464 1534 5516 unquam
1569 5460 1817 5505 creatura
1839 5450 1995 5512 fecit,

457 5550 556 5591 nec
613 5539 846 5604 unquam
889 5538 1061 5592 facere
1114 5548 1308 5608 potest,
1336 5555 1457 5594 cum
1510 5539 1619 5619 sint
1677 5555 1842 5609 Opera
1895 5541 1996 5597 soli

2093 3181 2269 3234 Filius
2318 3175 2563 3236 hominist,
2593 3172 2658 3227 de
2691 3171 3044 3225 humanitate.
3105 3168 3224 3236 Ipse
3257 3168 3513 3219 miracula
3554 3186 3641 3218 ra-

2093 3274 2239 3326 tione
2270 3267 2573 3323 divinitatis
2603 3279 2714 3318 sua:
2741 3262 2884 3325 fecit,
2905 3261 3158 3328 idemque
3197 3259 3505 3313 afilictioues
3531 3276 3650 3327 pcr-

2093 3363 2216 3420 ttrlit
2245 3360 2452 3414 ratione
2483 3356 2837 3410 immanitatis
2875 3369 2889 3420 ξ
2942 3351 3240 3407 crucifixus
3300 3359 3352 3403 et
3407 3359 3649 3402 mortuus

2093 3451 2406 3508 estratiéne
2444 3446 2798 3500 humanitatis
2861 3457 2994 3502 sure,
3053 3455 3151 3494 nec
3200 3441 3493 3494 crucifixus
3550 3454 3646 3491 nec.

2093 3555 2338 3599 mortuus
2370 3542 2580 3594 ratione
2610 3514 2851 3609 69.71
2883 3533 3202 3587 divinitatis.
3242 3532 3468 3584 Mutatio
3499 3529 3644 3593 enim

2091 3644 2143 3688 et
2185 3631 2564 3702 p'erpessiones
2592 3638 2646 3680 et
2677 3641 2821 3679 mors
2852 3622 3213 3677 humanitatis
3234 3622 3447 3690 propria
3490 3632 3640 3679 sunt,

2093 3738 2199 3776 non
2230 3717 2528 3774 divinitatis
2556 3755 2570 3778 ,
2592 3730 2710 3782 quae
2742 3713 2810 3766 ab
2838 3711 3096 3766 omnibus
3117 3712 3238 3765 istis
3264 3711 3518 3763 immunis
3545 3720 3648 3762 cst.

2094 3814 2212 3866 Non
2244 3819 2422 3864 autem
2477 3805 2680 3874 patitur
2743 3801 2947 3871 aliquid
2996 3802 3061 3854 ab
3116 3800 3490 3854 accidentibus
3531 3816 3651 3867 quzu

2094 3903 2265 3973 ipsius
2291 3909 2500 3953 naturae
2530 3912 2634 3950 non
2667 3893 2997 3948 conveniunt
3027 3910 3039 3946 :
3073 3891 3303 3959 exempli
3343 3892 3533 3959 gratia,
3567 3907 3652 3944 se-

2094 3994 2210 4048 curi
2234 3988 2414 4046 scindi
2470 4003 2576 4041 non
2613 3985 2755 4040 cadit
2788 3984 2840 4038 in
2873 3984 3065 4045 solem,
3107 3984 3232 4050 quia
3267 3982 3462 4046 scindi,
3521 3981 3650 4034 solis

2095 4092 2303 4137 natura:
2347 4073 2466 4133 "iion
2519 4075 2798 4144 competit.
2854 4075 3086 4142 Ideoque
3158 4075 3332 4126 securi
3389 4072 3651 4126 scinditur

2097 4175 2259 4232 arbor
2289 4169 2380 4227 cui
2435 4169 2517 4224 sol
2553 4167 2792 4236 affulget,
2847 4175 2901 4220 at
2952 4179 3062 4219 non
3129 4181 3235 4218 una
3280 4180 3418 4230 cum.
3458 4165 3650 4217 arbore

2095 4268 2364 4324 scinditur
2389 4264 2470 4320 sol
2500 4279 2514 4316 :
2548 4262 2690 4316 ferro
2717 4260 2860 4315 enim
2915 4260 3088 4312 scindi
3124 4260 3175 4312 in
3235 4260 3437 4328 lignum
3483 4259 3647 4321 cadit,

2095 4371 2150 4415 at
2177 4375 2282 4415 non
2321 4361 2374 4412 in
2409 4357 2596 4412 solem.
2656 4357 2731 4408 Ac
2763 4353 2924 4415 sicut,
2965 4367 3084 4405 cmn
3131 4334 3343 4403 Terram
3381 4351 3500 4418 igne
3563 4367 3652 4402 ra-

2102 4453 2354 4508 lef'actum
2408 4445 2942 4517 aquaaimmergitur,
2996 4456 3270 4509 occupans
3302 4440 3470 4509 frigus
3499 4456 3649 4507 aqua:

2101 4541 2241 4611 ignis
2258 4540 2514 4600 calorem,
2548 4535 2721 4602 ipsum
2752 4531 3069 4600 exstinguit,
3098 4532 3166 4583 ita
3204 4539 3383 4581 tamen
3419 4539 3475 4582 ut
3507 4531 3647 4582 nulla

2101 4630 2169 4683 ab
2196 4642 2261 4684 eo
2288 4641 2426 4681 noxa
2459 4625 2511 4677 in
2566 4618 2767 4676 ferrum
2807 4620 2984 4680 cadat,
3013 4619 3138 4687 quia
3166 4620 3345 4687 passio
3391 4619 3458 4671 ab
3511 4633 3647 4685 aqua

2101 4718 2299 4792 [illata]
2341 4717 2459 4786 igni
2478 4714 2734 4782 competit
2771 4720 2828 4764 ut
2862 4711 2930 4763 ah
2962 4711 3072 4778 ipsa
3139 4708 3537 4776 exstinguatur,
3595 4714 3649 4756 at

2101 4828 2207 4865 non
2239 4807 2494 4877 competit
2530 4806 2672 4859 ferro
2701 4802 2888 4857 eadem
2923 4798 3243 4852 madefacm.
3270 4798 3464 4850 Eodem
3493 4797 3650 4849 modo

2102 4903 2302 4959 cadunt
2331 4899 2605 4969 passiones
2627 4894 2681 4948 in
2715 4893 2947 4946 animam
2975 4890 3256 4943 humanam
3303 4896 3358 4941 et
3391 4887 3454 4939 ad
3481 4887 3648 4954 ipsum

2104 4992 2439 5062 pertingttnt,
2483 4995 2759 5050 totumque
2798 4994 3017 5046 corpus,
3049 4992 3174 5044 qma
3214 4989 3266 5028 tn
3299 4990 3410 5042 ipso
3445 4990 3648 5042 passm-

2102 5099 2196 5137 nes
2246 5083 2424 5134 locmu
2490 5075 2710 5136 habent,
2751 5082 2805 5124 at
2863 5084 2970 5121 non
3030 5068 3173 5119 cadit
3229 5066 3278 5118 in
3315 5065 3645 5116 divinitatem

2050 5202 2054 5206 ι
2100 5171 2412 5242 quidquam.
2446 5163 2635 5219 Porro
2665 5161 2938 5215 credimus
2969 5157 3240 5210 Christum
3307 5154 3498 5210 Filium
3559 5153 3646 5202 tm

2101 5262 2321 5318 unicum
2352 5270 2470 5314 esse
2511 5261 2630 5324 post
2690 5248 3138 5308 incarnationem,
3208 5260 3415 5300 necnon
3481 5243 3646 5297 lilium

2102 5347 2356 5415 hominis,
2390 5351 2564 5417 ipsum
2597 5359 2701 5398 non
2749 5342 2934 5400 alium,
2963 5339 3241 5392 Christum
3279 5351 3468 5396 tmmn,
3532 5333 3638 5384 lin.

2106 5446 2311 5500 minum
2341 5454 2529 5501 unum,
2560 5435 2694 5488 duas
2736 5431 3019 5484 habentem
3050 5426 3445 5496 generationes,
3496 5426 3616 5490 geni
3643 5454 3645 5457 -

2109 5545 2223 5594 tum
2268 5549 2299 5589 a
2328 5533 2481 5594 l'atre
2521 5537 2644 5584 ante
2684 5526 2903 5589 szecula,
2932 5536 3091 5592 supra
3130 5534 3342 5576 omnium
3405 5533 3647 5578 causam,
