4142 6460
604 353 735 419 1047

1613 316 1980 416 ΕΟΤΥΟΗΙΙ
2013 346 2549 412 ALEXANDRINI
2590 347 2805 413 PATR.

3669 353 3798 418 1018

597 481 926 532 sermonem,
954 466 1359 538 cogitationem,
1387 473 1441 523 et
1462 474 1695 536 tempus,
1725 479 1934 521 necnon
1967 473 2152 518 natum
2182 462 2230 518 Δ
2257 467 2366 515 tem
2393 461 2704 530 quicunque
2732 459 3087 515 mulationem
3120 454 3229 514 Deo
3268 456 3535 525 attribuit.
3569 457 3677 530 73
3702 459 3800 513 Ve-

597 569 629 609 a
673 556 841 613 Ilatre
864 556 968 632 line
997 557 1278 627 temporis,
1332 565 1553 627 propter
1604 554 1833 612 salutem
1889 562 2154 619 nostram,

596 646 784 701 eodem
824 647 985 703 modo
1019 663 1130 717 quo
1181 663 1279 703 nos
1328 648 1444 703 nati
1479 639 1714 711 'su'mus,
1754 651 1808 700 et
1837 660 2003 715 supra
2051 659 2155 699 na-

595 738 857 792 tivltatem
890 750 1132 795 nostram
1165 778 1180 804 ,
1206 739 1457 794 videlicet
1487 753 1559 808 eo.
1584 737 1746 803 modo
1773 751 1882 807 quo
1907 751 2010 793 nos
2035 737 2149 793 nati

592 843 807 894 sumus,
823 829 932 899 7a
949 830 1092 900 quod
1115 829 1279 900 homo
1302 829 1468 884 fuerit
1487 836 1542 884 et
1564 844 1630 883 ex
1649 828 1875 883 muliere
1891 819 1990 894 {et
2011 827 2154 899 quod

591 918 656 970 ad
693 927 903 987 tempus
949 918 1272 985 nativitatis,
1315 931 1437 988 post
1460 933 1654 974 novem
1687 920 1941 974 menses:
1975 926 2030 971 at
2053 927 2149 973 su-

590 1018 685 1071 pra
719 1005 1050 1060 nativitatem
1104 1015 1369 1072 nostram,
1403 1008 1547 1079 quod
1578 1023 1684 1062 non
1742 1000 1903 1062 fuerit
1949 1023 2015 1077 ex
2065 1021 2154 1063 se-

589 1095 753 1160 mine,
787 1110 981 1165 ,verum
1012 1112 1078 1151 ex
1110 1097 1315 1166 Spiritu
1346 1109 1554 1161 sancto,
1607 1106 1660 1153 et
1697 1096 1866 1152 Maria
1929 1097 2154 1168 Virgine

589 1185 818 1254 illibata,
873 1185 1041 1257 supra
1096 1189 1266 1260 legem
1325 1189 1629 1245 nativitatis
1683 1189 1952 1252 hnmanze,
2008 1188 2153 1259 quod

587 1277 752 1333 illaesa
804 1281 1065 1335 manserit
1121 1280 1636 1352 virginitasMatris
1691 1296 1804 1336 sum
1863 1291 2156 1351 postquam

588 1368 656 1423 ab
706 1368 824 1445 ipsa
875 1379 1040 1426 natus
1096 1371 1220 1426 fuit.
1275 1371 1659 1442 Estque‘idem
1690 1370 1833 1427 Deus
1873 1371 2150 1440 perfectus

588 1468 654 1512 et
689 1459 851 1514 homo
879 1463 1152 1531 perfectus
1179 1478 1193 1527 ;
1216 1469 1363 1518 totus
1391 1464 1507 1533 ipse
1537 1462 1680 1520 Deus
1707 1462 1998 1532 perfectus,
2027 1477 2151 1517 eum

590 1548 923 1605 humanitate
958 1566 1078 1617 sua,
1115 1560 1172 1606 et
1206 1559 1355 1608 totus
1398 1553 1561 1608 homo
1601 1552 1878 1622 perfectus
1899 1566 2024 1606 cum
2054 1550 2152 1605 di-

586 1639 815 1708 vinitate
864 1656 990 1696 sua.
1013 1641 1250 1698 Verbum
1280 1631 1426 1699 cnim
1451 1646 1794 1699 lncarnatum
1832 1654 1916 1699 est
1946 1643 2153 1712 absque

587 1730 907 1794 mutatione,
943 1732 1330 1799 minorationc,
1385 1733 1761 1799 antdel’ectn;
1809 1741 1864 1788 et
1903 1732 2148 1788 deiﬁcata

586 1830 672 1877 est
704 1822 1036 1886 humanitas,
1075 1825 1147 1878 ita
1195 1835 1386 1896 tamen.
1429 1833 1488 1880 ut
1539 1825 1806 1885 terminos
1858 1839 1990 1881 suos
2039 1841 2148 1880 non

588 1911 1325 1982 cxcesseritppermanente
1449 1925 1682 1984 utraque
1755 1925 1950 1969 natura
2003 1924 2149 1970 statu

538 2017 541 2020 ·
590 2015 699 2056 suo
723 2003 1052 2072 in_.Christo
1091 2021 1220 2072 uno,
1247 2013 1301 2061 et
1331 2006 1516 2075 agnita
1549 1974 1922 2078 volﬁt‘atibus
1953 2007 2074 2062 suis
2098 2015 2153 2065 et

588 2091 898 2148 actionibus
928 2093 1044 2147 suis
1068 2095 1120 2148 in
1168 2095 1381 2150 unitate
1412 2111 1660 2167 persona:
1685 2095 1851 2152 Verbi
1884 2097 2003 2164 Del,
2033 2113 2152 2168 quae

588 2190 874 2252 utramque
901 2178 1318 2254 comprehendit
1371 2187 1701 2258 proprietate
1755 2203 1855 2244 sua
1907 2204 2011 2255 una
2044 2204 2150 2260 qua

589 2273 841 2330 subsistit
879 2276 1132 2334 Christus
1165 2294 1330 2342 unus,
1365 2281 1418 2334 in
1453 2294 1566 2349 quo
1599 2289 1728 2334 sunt
1776 2285 1898 2335 dum
1918 2272 2150 2347 natura,

592 2365 800 2422 scilicet
831 2382 1050 2435 creans,
1084 2385 1204 2440 qua:
1231 2379 1417 2427 manet
1444 2387 1638 2428 creans
1665 2389 1682 2439 ;
1713 2380 1768 2429 et
1797 2381 2001 2435 creata,
2031 2389 2154 2444 quae

589 2465 770 2513 manet
799 2467 1023 2525 creata;
1054 2471 1108 2516 et
1140 2477 1268 2544 qua:
1297 2465 1544 2519 mortalis
1572 2463 1694 2530 fuit,
1728 2465 1999 2522 mortalis:
2033 2480 2154 2536 qua:

592 2552 937 2618 immortalis,
971 2555 1295 2611 immortalis
1323 2573 1339 2622 ;
1368 2567 1420 2611 ct
1445 2573 1566 2627 qua;
1597 2558 1910 2620 terminata,
1963 2558 2152 2612 termi-

587 2641 672 2695 nis
700 2641 1114 2713 circumscripta
1141 2661 1156 2710 ;
1187 2652 1242 2701 et
1266 2661 1387 2714 qua:
1442 2646 1657 2700 termini
1698 2662 1806 2700 non
1841 2662 2033 2715 capax,
2069 2648 2153 2700 in-

591 2732 922 2799 terminata;
955 2743 1010 2788 et
1056 2750 1177 2805 quae
1209 2736 1386 2792 videri
1441 2743 1638 2805 potest,
1707 2737 1988 2802 visibilis;
2031 2752 2152 2805 quae

590 2821 758 2878 videri
781 2839 890 2878 non
928 2834 1130 2894 potest,
1171 2826 1486 2892 invisibilis,
1517 2843 1748 2895 quarum
1785 2829 1954 2883 altera
1983 2829 2152 2882 mira-

585 2916 728 2971 culis
759 2917 947 2996 fnlget,
984 2919 1150 2974 altera
1190 2917 1514 2974 alliictiones
1542 2920 1764 2988 perfert.
1791 2921 1865 2975 lla
1895 2924 2159 2992 suscepit-

593 3005 827 3062 Verbum
845 3009 936 3063 Dei
969 3010 1547 3087 passio‘ncs,quoniam
1579 3011 1681 3080 ipsi
1710 3020 1836 3067 sunt
1869 3013 2154 3081 passiones

2258 569 2378 609 rum
2407 554 2547 620 dixit
2569 551 2730 627 [ipse]
2759 553 3040 609 veritatem
3069 567 3176 624 qua
3200 551 3500 622 intelligant
3532 551 3800 615 hominrs,

2257 655 2312 704 et
2353 661 2415 702 se
2459 646 2812 703 esse'Filium
2863 644 2980 710 Dei,
3023 654 3080 702 et
3119 650 3355 716 genitum
3396 658 3428 697 a
3469 641 3633 697 Patre
3681 654 3804 697 ante

2257 740 2438 793 omnia
2473 728 3052 807 saecula,'proprietate
3083 735 3356 790 liliationis
3396 741 3451 788 et
3481 733 3838 788 substantia.

2255 827 2566 885 divinitatis.
2582 826 2704 881 sine
2735 839 2898 880 carne
2921 832 2974 878 et
2989 822 3106 878 sine
3134 820 3324 887 matre,
3357 835 3458 875 nec
3481 833 3589 874 non
3613 827 3799 872 uatum

2255 906 2419 974 etiam
2454 917 2661 972 ultimis
2689 913 3022 984 temporibus
3055 926 3120 967 ex
3149 911 3316 966 Maria
3349 909 3570 978 Virgine
3597 909 3804 964 istore-

2258 1017 2447 1079 spectu
2478 1007 2763 1077 peculiari,
2786 1003 3068 1059 liliationis
3096 1003 3304 1056 scilicet
3335 1011 3389 1056 et
3415 1001 3624 1055 duabus
3668 999 3803 1053 sub-

2257 1100 2471 1154 stantiis
2497 1097 2852 1168 coniunctim,
2883 1092 3185 1151 subeuntia
3230 1091 3530 1145 divinitatis
3559 1097 3798 1154 aeterna,
3849 1143 3856 1149 ,

2253 1189 2638 1246 et'substantia
2659 1182 3206 1242 bumanitatis'eidem
3229 1182 3524 1248 conjuncta
3548 1179 3804 1236 mistione

2255 1293 2376 1348 qua:
2405 1286 2692 1346 utramque
2720 1273 3082 1330 substantiam
3125 1270 3556 1339 comprehendit,
3595 1269 3805 1322 unitate
3862 1288 3869 1294 ·

2252 1369 2604 1441 proprietatis
2635 1365 2934 1430 tiliationis,
2960 1377 3082 1433 qua‘.
3114 1361 3385 1432 duplicem
3425 1359 3588 1414 habet
3609 1359 3807 1412 nativi-

2251 1469 2437 1525 tatem,
2486 1461 2712 1514 alteram
2747 1472 2814 1511 ex
2860 1455 3040 1519 Patre,
3099 1461 3384 1513 sternam,
3443 1450 3808 1512 σξηοενε-ηε,

2253 1562 2307 1610 et
2352 1554 2577 1609 alteram
2605 1567 2672 1612 ex
2715 1559 2911 1618 matre,
2969 1547 3024 1603 in
3079 1555 3351 1613 tempore,
3432 1556 3555 1595 cum
3625 1555 3808 1596 carne.

2253 1643 2455 1714 Estque
2487 1641 2603 1710 ipse
2626 1641 2768 1695 ﬁlius
2797 1651 2960 1702 unus,
2983 1634 3157 1691 Fllius
3177 1634 3292 1697 Dei.
3343 1642 3395 1688 et
3419 1631 3592 1686 Filius
3618 1629 3817 1692 larius,

2255 1735 2484 1803 ideoque
2511 1747 2622 1788 non
2654 1731 2864 1787 destitit
2883 1727 3064 1792 dicere
3084 1740 3148 1781 ac
3179 1725 3356 1796 palam
3392 1723 3570 1777 facere
3598 1735 3659 1776 se
3685 1735 3810 1776 esse

2252 1816 2447 1878 Filium
2474 1820 2596 1886 Dei,
2617 1819 2760 1889 quod
2788 1827 2843 1873 et
2863 1816 3122 1888 apostolis
3147 1814 3465 1881 ceterisque
3497 1810 3809 1865 hominibus

2253 1911 2566 1977 inculcavit,
2593 1926 2701 1969 non
2736 1923 2848 1970 uno
2874 1909 2928 1963 in
2963 1908 3107 1974 loco,
3131 1905 3362 1960 dicens:
3397 1899 3525 1956 Ideo
3559 1900 3697 1955 Deus
3728 1899 3813 1954 di-

2253 2009 2382 2063 lexit
2413 2004 2683 2069 mundum,
2707 2017 2824 2056 cum
2875 1998 3073 2054 dederit
3091 2012 3212 2083 [pro
3241 1996 3368 2074 ipsis
3423 1991 3816 2083 Filium'suutu

2253 2085 2487 2160 unicum.
2525 2111 2600 2155 ue
2623 2100 2799 2164 pereat
2820 2090 3060 2163 quisquis
3080 2082 3136 2142 in
3155 2102 3271 2141 eum
3295 2082 3596 2147 crediderit,
3631 2085 3811 2135 serui
3846 2097 3852 2117 ι

2239 2190 2440 2254 ,Ιιαιεαι
2462 2197 2624 2245 suam
2642 2195 2914 2240 Metuant.
2946 2180 3069 2234 Non
3103 2180 3241 2248 enim
3274 2177 3420 2231 misit
3443 2175 3581 2228 Deus
3600 2172 3813 2226 'Fitiunt

2253 2297 2406 2337 suum
2441 2280 2493 2333 itt
2533 2277 2787 2331 mundum
2822 2281 2881 2326 ut
2921 2270 3289 2325 condentuaret
3327 2257 3602 2326 mundum,
3639 2263 3728 2322 sed
3753 2273 3814 2316 ut
3891 2304 3893 2307 .

2253 2373 2477 2428 saluarer
2517 2368 2769 2423 mundum
2811 2363 3120 2431 Quicunque
3161 2374 3284 2429 ergo
3316 2356 3482 2411 credit
3523 2356 3578 2412 iu
3604 2343 3812 2407 Filium
3848 2422 3860 2435 κ

2255 2480 2357 2517 non
2379 2459 2774 2519 condemnatur.
2818 2455 2889 2513 At
2927 2453 3219 2524 quicunque
3255 2464 3362 2502 non
3399 2445 3690 2501 credideris
3754 2442 3814 2494 iu

2255 2551 2456 2614 Filium
2483 2547 2687 2618 judicio
2709 2545 2963 2605 obnoxius
2986 2551 3090 2607 est,
3114 2532 3240 2611 quis
3274 2549 3380 2623 una
3421 2537 3588 2593 credit
3626 2536 3818 2616 issue.

2254 2660 2371 2698 men
2409 2641 2502 2695 Dei
2540 2641 2718 2695 unius.
3190 2643 3227 2655 ‘
3307 2669 3314 2677 -
3525 2643 3527 2645 ’
3577 2671 3579 2673 ι

2326 2733 2572 2790 Sudiciat
2612 2739 2793 2785 autem
2826 2725 2971 2797 quod
3004 2722 3243 2780 diximus
3269 2719 3544 2799 quodque
3568 2717 3816 2790 explica-

2254 2823 2536 2880 vimusde
2564 2821 2770 2877 unione
2799 2816 3099 2873 divinitatis
3139 2812 3353 2868 Domii
3388 2810 3564 2866 nostri
3608 2807 3816 2865 Christi

2255 2927 2376 2967 sum
2395 2908 2638 2981 77-79
2651 2905 2986 2963 humanitate
3000 2918 3120 2969 sua,
3134 2903 3306 2973 deque
3317 2900 3533 2956 unitate
3541 2895 3820 2954 tiliatiouis

2257 3001 2424 3073 ipsius
2466 3000 2692 3069 ejusque
2719 3011 2829 3067 quo
2870 2994 3133 3049 Dominus
3181 2999 3267 3048 est
3310 2997 3614 3059 respectus,
3648 2996 3818 3058 atque

589 3098 774 3171 carnis
795 3113 910 3155 suae
931 3085 1162 3165 sanctae,
1195 3109 1249 3155 et
1269 3102 1673 3156 administravit
1703 3117 1832 3157 caro
1865 3103 2151 3171 miracula,

2255 3103 2531 3148 ostensum
2574 3096 2660 3144 est
2703 3085 2880 3144 cuivis
2919 3083 3192 3139 intellectu
3234 3089 3290 3138 et
3334 3080 3547 3151 judicio
3587 3078 3820 3148 pradito

587 3188 653 3244 ad
668 3191 1092 3246 conﬁrmandam
1112 3193 1421 3248 mistionem
1443 3195 1495 3247 in
1515 3193 1756 3263 73-75
1775 3208 2007 3260 persona
2023 3211 2153 3260 una,

589 3288 755 3349 atque
785 3295 908 3337 esse
926 3282 1104 3350 ipsum
1120 3283 1392 3339 Christum
1413 3299 1602 3352 unum.
1627 3283 1723 3353 qui
1752 3284 1866 3338 edit
1889 3284 2153 3340 miracula

589 3371 888 3428 divinitatis
913 3387 1026 3426 sum
1058 3388 1164 3427 una
1190 3387 1312 3427 cum
1343 3367 1679 3427 humanitate
1710 3388 1843 3439 sua;
1875 3384 1929 3428 et
1955 3373 2155 3443 perfert

590 3461 869 3531 passiones
903 3463 1278 3528 humanitatis,
1309 3479 1413 3517 una
1449 3478 1572 3516 cum
1602 3463 1906 3519 divinitate.

659 3551 809 3618 Quod
836 3551 880 3607 si
915 3553 1449 3624 dixeritquispiam':
1483 3552 1768 3619 Quomodo
1797 3553 2022 3624 (factum
2047 3555 2156 3626 est)

592 3657 648 3698 ut
679 3661 786 3698 non
805 3644 1001 3700 dixerit
1022 3645 1277 3701 Christus
1319 3645 1373 3700 in
1410 3645 1704 3714 Evangelia
1729 3660 1790 3700 se
1819 3645 1983 3701 Deum
2011 3663 2152 3711 esse,

592 3751 698 3806 quo
722 3738 792 3791 ita
822 3750 986 3791 omne
1016 3737 1083 3791 de
1115 3752 1178 3791 eo
1202 3736 1428 3791 dubium
1459 3736 1788 3790 tolleretur?
1833 3737 2153 3806 Respondeo

591 3827 891 3891 Christum,
936 3826 988 3880 si
1015 3827 1252 3882 dixisset
1293 3819 1352 3880 se
1400 3824 1568 3881 Deum
1611 3840 1753 3891 esse,
1805 3825 2155 3882 inducturum

593 3915 761 3972 fuisse
777 3931 870 3984 eos
891 3916 1050 3985 quiin
1078 3915 1252 3985 ipsum
1272 3900 1523 3979 credunt,
1549 3915 1603 3969 in
1621 3930 1860 3971 errorem
1883 3902 2159 3987 magnum,

593 4007 696 4072 Qui
750 4007 895 4060 enim
937 4005 1135 4060 dixerit
1179 4020 1239 4065 se
1283 4005 1450 4060 Deum
1502 4021 1645 4071 esse,
1693 4007 1939 4077 nominat
1991 4015 2157 4062 totam

594 4097 954 4151 substantiam
990 4096 1250 4158 divinam,
1281 4098 1334 4149 et
1365 4105 1611 4149 naturam
1644 4112 1833 4159 unam,
1864 4102 2029 4165 atque
2056 4099 2160 4151 hoc

593 4187 741 4242 dicto
797 4201 898 4241 suo
954 4191 1065 4239 tres
1125 4199 1388 4254 personas
1430 4185 1861 4254 comprehendit,
1913 4186 2156 4254 Patrem,

595 4279 810 4340 Filium,
842 4285 896 4332 et
932 4276 1193 4347 Spiritum
1216 4287 1486 4343 sanctum,
1512 4277 1680 4333 Deum
1717 4265 1904 4336 unum.
1943 4283 2002 4342 Si
2031 4300 2162 4355 ergo

593 4373 824 4426 dixisset
850 4371 1128 4431 Christus.
1158 4383 1218 4423 se
1246 4368 1412 4446 Deum
1451 4383 1590 4434 esse,
1630 4370 1736 4425 sibi
1767 4373 2069 4439 tribuisset,
2099 4391 2159 4431 se

597 4477 719 4517 esse
763 4460 1002 4526 Patrem,
1039 4457 1261 4522 Filium,
1311 4467 1365 4512 et
1401 4447 1661 4527 Spiritum
1703 4469 1974 4530 sanctum,
2024 4458 2161 4520 sibi-

597 4568 702 4623 que
735 4563 999 4624 trcs‘osse
1018 4562 1303 4619 personas,
1344 4563 1409 4603 ac
1453 4564 1533 4612 se,
1559 4557 1615 4604 et
1652 4548 1867 4606 Patrem
1915 4566 2057 4619 esse,
2111 4562 2165 4609 et

598 4643 837 4713 genitum
863 4658 891 4696 a
923 4641 1083 4696 Patre
1107 4629 1229 4694 ante
1249 4640 1468 4703 saecula,
1489 4655 1588 4695 nec
1609 4655 1716 4694 non
1742 4642 2121 4712 procedentem
2146 4659 2163 4701 :

601 4739 703 4792 hoc
726 4743 905 4789 autem
933 4732 1294 4800 periculosum
1326 4740 1432 4796 est,
1451 4738 1504 4786 et
1526 4729 1668 4800 quod
1686 4731 1813 4792 ﬁeri
1837 4747 1944 4788 non
1966 4743 2163 4803 potest,

601 4817 808 4882 scilicet
842 4830 903 4878 ut
926 4825 980 4878 in
1011 4821 1176 4876 Deum
1203 4819 1383 4891 (cujus
1408 4836 1604 4877 nomen
1622 4820 1980 4893 gloriﬁcetur)
2007 4825 2166 4879 cadat

604 4915 849 4978 mutatio,
877 4913 1077 4980 ﬁatque
1093 4912 1183 4980 qui
1214 4911 1417 4980 genuit,
1441 4905 1692 4978 genitus;
1723 4919 1779 4981 et
1805 4913 1897 4980 qni
1928 4915 2164 4982 genitus,

601 5008 945 5073 gignens;et
984 5002 1080 5072 qui
1127 5003 1391 5072 procedit,
1424 4999 1584 5055 Pater
1606 5010 1658 5055 et
1684 4999 1877 5057 Filius.
1925 5003 2078 5069 Quod
2120 5005 2166 5060 si

602 5097 899 5151 dixerimus
955 5093 1122 5149 fuisse
1181 5093 1540 5148 substantiam
1581 5101 1750 5147 totam
1803 5095 1858 5149 in
1915 5109 2166 5164 corpore,

603 5185 926 5256 {sequetur}
957 5172 1191 5249 Patrem,
1257 5185 1454 5239 Filium
1495 5193 1548 5238 et
1611 5183 1869 5253 Spiritum
1918 5195 2165 5245 sanctum

611 5291 720 5329 una
748 5274 1091 5337 incarnatos,
1129 5283 1423 5356 natumque
1453 5287 1575 5330 esse
1599 5275 1814 5330 Patrem
1851 5277 1904 5330 in
1936 5292 2165 5349 corpore

617 5382 684 5418 ex
727 5364 918 5429 Maria,
963 5377 1177 5418 necnon
1228 5363 1379 5418 illum
1412 5365 1504 5434 qui
1557 5363 1820 5434 procedit,
1875 5367 2164 5434 atque‘ita

610 5458 820 5511 Patrem
849 5455 1173 5510 translatum
1209 5454 1377 5510 fuisse
1419 5469 1449 5510 a
1491 5452 1809 5525 paternitéte
1843 5457 1908 5509 ad
1951 5456 2166 5511 ﬁliatio-

611 5563 731 5600 nent
763 5561 884 5615 qua:
909 5545 1304 5602 est-conversio
1326 5553 1381 5601 et
1410 5547 2026 5619 mutatio,”blasphemst
2068 5563 2165 5601 au-

691 5724 880 5781 ‘Jnatt.
914 5741 996 5791 ut,
1036 5727 1095 5781 l6
1123 5742 1245 5785 san.

2256 3181 2530 3237 Christum
2562 3193 2729 3233 unum
2761 3190 2885 3232 esse
2909 3174 3115 3229 unitate
3139 3171 3505 3227 subsistentia
3533 3169 3696 3225 unius
3725 3168 3817 3222 vi-

2256 3271 2447 3326 delicet
2469 3266 2834 3336 subsistentia
2862 3263 3023 3319 Verbi
3051 3249 3264 3335 iterni,
3299 3257 3854 3329 duabuspreditum/

2257 3361 2488 3424 naturis,
2527 3357 2732 3421 divina,
2759 3349 2882 3425 qua:
2900 3361 3104 3408 aeterna
3128 3357 3234 3414 est,
3259 3357 3314 3403 et
3353 3349 3612 3414 humana,
3644 3359 3818 3416 quam

2244 3451 2360 3507 sibi
2389 3449 2616 3513 ereavit,
2655 3461 2725 3501 ac
2766 3442 3056 3502 manifesta
3088 3441 3242 3497 facta
3275 3438 3591 3498 absurditas
3622 3451 3818 3493 eorum

2257 3555 2376 3611 quae
2411 3539 2732 3609 proﬁtentur
2763 3543 2872 3589 tam
2897 3531 3204 3602 Restoriani
3240 3526 3400 3601 quam
3421 3528 3706 3588 Jacobitc.
3734 3528 3820 3586 lc

2259 3636 2362 3691 nisi
2414 3635 2519 3690 hoc
2562 3631 2748 3688 sedulo
2780 3613 3078 3684 vitaremus
3118 3641 3186 3680 ne
3224 3639 3383 3693 atquo
3419 3621 3824 3694 longior‘esset

2257 3726 2395 3782 liber
2435 3731 2640 3788 noster,
2672 3735 2808 3777 neve
2848 3719 2919 3774 ab
2955 3715 3204 3771 instituto
3234 3715 3395 3774 nobis
3426 3703 3703 3784 proposito
3731 3714 3846 3788 di,

2260 3817 2607 3888 grederemur
2623 3813 2774 3882 plura
2812 3812 2877 3864 ad
2911 3810 3052 3865 hanc
3079 3808 3404 3874 sententiam
3435 3792 3818 3876 explicandam

2261 3918 2425 3978 atque
2445 3903 2822 3962 elucidandam
2861 3901 3205 3972 adderemus.
3236 3898 3342 3966 Qui
3376 3907 3557 3956 autem
3581 3895 3822 3952 eam‘di-

2261 4001 2459 4058 stincte
2486 3996 2807 4067 explicatam
2847 3993 2988 4049 scire
3027 3991 3300 4046 desiderat
3324 3989 3572 4046 consulat
3613 3987 3817 4054 librum

2262 4105 2439 4144 meum
2468 4088 2560 4158 qui
2590 4086 2747 4140 Liber
2789 4083 3162 4154 disputationis
3187 4084 3320 4135 inter
3356 4079 3726 4137 heterodmus
3767 4087 3844 4156 sl.

2263 4180 2641 4242 Christianum,
2668 4166 2977 4245 insignitur.
3016 4172 3091 4226 Eo
3113 4173 3256 4226 enim
3293 4171 3455 4235 libro,
3484 4161 3830 4244 sententiam"
3863 4211 3869 4218 .

2263 4269 2651 4328 christianam,
2699 4263 2752 4319 id
2793 4270 2878 4319 est
2930 4259 3328 4322 Ilelcbitarum,
3381 4255 3722 4320 conﬁrmavi.
3767 4264 3825 4323 et

2264 4359 2611 4424 heterodoxis
2633 4353 2912 4426 respondi.
3061 4377 3067 4381 -
3275 4426 3278 4427 ν
3398 4385 3428 4395 ιε
3474 4402 3514 4409 .-
3636 4416 3639 4417 ν
3793 4402 3801 4407 .

2333 4449 2452 4504 Jam
2499 4463 2632 4504 vero
2655 4455 2718 4501 'nt
2761 4443 2830 4500 ad
2869 4441 3178 4498 institutum
3226 4442 3508 4501 nostrum,
3531 4444 3588 4502 et
3627 4435 3685 4490 in
3714 4449 3824 4504 qua

2261 4539 2636 4613 prosequenda
2678 4536 2903 4601 fuimus,
2947 4519 3231 4609 historiam
3256 4537 3596 4587 revertamur
3613 4523 3825 4582 Yazde.

2259 4633 2379 4704 jerd
2400 4627 2648 4684 Bahrami
2680 4625 2846 4692 ﬁlius,
2874 4621 2941 4679 ΔΙ
2983 4619 3166 4674 Athim
3198 4613 3512 4691 [scelestus]
3541 4614 3833 4704 ceperitis

2264 4700 2450 4788 natus,
2483 4721 2770 4776 Persarum
2797 4704 2918 4778 rex,
2962 4710 3170 4780 rigidus
3214 4714 3378 4776 atque
3406 4711 3670 4779 austeros
3695 4700 3824 4775 fuit,

2264 4815 2420 4870 malae
2452 4805 2906 4868 conversationis,
2948 4802 3083 4856 adeo
3117 4807 3173 4854 ut
3215 4812 3359 4867 aegre
3393 4797 3556 4865 ipsos
3603 4793 3827 4853 habent.

2265 4903 2407 4975 quod
2439 4903 2614 4970 ipsum
2643 4896 2747 4962 ipsi
2763 4893 2866 4949 sibi
2894 4885 3281 4961 pmlecissent,
3313 4885 3612 4975 timuerunt
3641 4891 3824 4975 tamen

2240 4971 2442 5061 ipsum
2475 4988 2744 5048 occidere,
2773 4985 3022 5036 nolentes
3043 4978 3176 5032 illud
3207 4977 3276 5061 de
3308 4975 3550 5044 ipsorum
3579 4971 3819 5044 Regibus

2264 5087 2321 5142 in
2343 5095 2547 5138 morem
2577 5077 2788 5144 cedere.
2810 5072 3074 5126 Asseruut
3095 5076 3271 5122 autem
3291 5068 3461 5119 visum
3483 5077 3603 5144 esse
3625 5075 3825 5147 (ηιμ.

2264 5177 2356 5247 qui
2387 5185 2560 5240 usque
2583 5168 2713 5223 dum
2745 5164 2810 5220 ad
2849 5156 3058 5234 portam
3093 5158 3233 5231 regis
3260 5161 3449 5244 staret,
3483 5148 3822 5247 procederet,

2267 5245 2431 5341 quem
2461 5259 2932 5320 circumdederunt
2969 5254 3218 5336 homines
3251 5249 3440 5306 forma
3487 5249 3602 5322 8ο

2225 5395 2227 5397 ι
2271 5337 2734 5433 pulchritudinem
2754 5366 2817 5405 ac
2843 5353 3134 5404 structura
3178 5341 3559 5433 perfectionem
3585 5337 3820 5395 mirati:

2268 5431 2504 5520 eumque
2532 5447 2840 5502 nuntiatum
2869 5440 2937 5495 de
2965 5452 3030 5494 eo
3053 5436 3164 5505 regi
3193 5444 3338 5490 esset
3364 5431 3630 5504 prodiisse
3649 5431 3821 5520 ὄμμα

2275 5504 2494 5601 adedm
2528 5533 2973 5608 conspiciendum
3028 5504 3329 5598 magnaque
3365 5525 3437 5582 ob
3477 5536 3602 5583 eum
3642 5504 3824 5577 latitia
