4038 6462
158 338 311 435 tots

1608 347 1701 413 ΛΝ
1711 348 1756 408 Ν
1764 350 1970 409 ALES.

3247 350 3392 439 ιοδο

151 433 457 526 affectum,
487 459 722 529 iussisse
765 458 952 515 sellam
988 457 1191 529 imponi
1225 472 1334 528 quo
1385 458 1561 529 ipsum
1603 474 1735 515 eon-

1867 470 1965 523 Ilos
1990 526 1991 529 η
2074 465 2289 521 irruens
2308 463 2627 520 Chakanum
2656 419 2841 517 manu
2891 480 2986 519 sua
3014 463 3233 528 occidit,
3251 434 3316 519 et
3337 464 3394 520 in

156 551 486 615 uenderet,
542 552 765 622 propius
794 550 1149 614 accedentem
1170 549 1365 608 faciem
1401 552 1508 622 ipsi
1531 552 1739 608 demul-

156 640 316 697 sisso
346 648 409 697 et
440 640 643 721 cirrum
667 656 732 697 ac
758 643 943 713 iubam
977 626 1366 709 contrectasse,
1389 642 1514 703 dein
1545 652 1599 699 et
1622 645 1739 699 clue

141 747 267 791 ne
305 734 421 805 ipsi
474 725 755 805 detergere
800 733 1070 800 voluisse;
1121 740 1175 787 at
1211 747 1334 787 cum
1389 748 1529 803 pone
1566 734 1738 804 ipsum

158 834 324 881 recta
366 833 541 882 staret
562 826 729 881 ictum
763 824 865 891 ipsi
892 824 1133 879 calcibus
1173 823 1459 895 impegisse
1496 822 1741 896 [equum]

160 929 285 988 quo
318 917 483 987 jecur
510 918 629 989 ejus
656 915 843 969 laesum
872 924 953 969 est
983 912 1119 969 adeo
1154 924 1213 969 ιιι
1244 926 1566 971 moreretur.
1600 913 1739 968 Tum

168 1010 471 1063 concitato
488 1022 653 1062 cursu
686 1006 887 1077 fugisse
930 1005 1063 1061 adeo
1092 1015 1153 1062 ut
1178 1020 1339 1062 nemo
1363 1008 1541 1077 ipsum
1591 1020 1745 1059 asse-

160 1101 265 1170 qui
299 1108 514 1172 posset.
546 1099 758 1158 Dixisse
794 1113 923 1170 ergo
956 1100 1202 1154 homines
1230 1099 1332 1152 hoc
1367 1106 1405 1151 e‘
1433 1080 1529 1151 Dei
1578 1095 1746 1150 bene.

160 1193 405 1247 licentia
425 1202 475 1246 et
504 1191 875 1246 misericordia
907 1183 967 1245 in
996 1206 1096 1247 nos
1125 1189 1246 1248 fuit.
1269 1188 1531 1257 Regnavit
1560 1197 1740 1242 autem

158 1276 485 1352 Yazdejerd
516 1283 579 1337 Al
613 1269 795 1335 Albim
839 1295 1015 1336 annos
1060 1274 1253 1349 viginti
1308 1291 1502 1344 unum,
1538 1289 1750 1333 menses

160 1374 427 1443 quinque
450 1382 505 1429 et
529 1374 644 1428 dies
672 1370 995 1427 octodecim.
1096 1374 1097 1377 ‘
1654 1386 1659 1391 λ

239 1465 478 1519 Mortuo
505 1460 843 1530 Yasdejerdo
875 1458 1259 1518 convenientes
1305 1458 1593 1516 Persarum
1631 1474 1752 1516 ma-

160 1562 398 1629 gnetes,
424 1553 720 1608 dixerunt:
775 1548 853 1607 Ne
900 1544 1257 1618 prmﬂciamus
1312 1548 1467 1605 nobis
1502 1564 1533 1605 e
1563 1563 1755 1619 proge-

162 1646 260 1699 nie
299 1643 481 1714 ipsius
508 1642 765 1709 aliquem,
796 1655 863 1693 ne
884 1629 1235 1709 eadem‘apud
1269 1654 1367 1694 nos
1392 1640 1480 1696 via
1510 1641 1747 1697 incedat.

162 1732 302 1799 Fuit
327 1744 515 1796 autem
546 1729 879 1800 Yazdejerdo
928 1730 1069 1785 illius
1094 1731 1312 1786 nomine
1328 1729 1577 1797 Babram,
1594 1747 1752 1803 quem

163 1824 221 1878 in
258 1824 483 1877 nullum
538 1836 721 1875 secum
750 1819 1023 1889 negotium
1066 1819 1406 1875 admiserunt
1442 1837 1457 1876 :
1490 1822 1580 1877 ille
1628 1836 1785 1891 ergo.

164 1928 379 1969 eorum
404 1899 750 1982 quibusdam.
780 1910 901 1966 Non
931 1914 1081 1967 decet
1106 1904 1322 1983 (inquit)
1354 1919 1409 1967 ut
1429 1928 1757 1983 quemquam

162 2005 340 2059 vobis
375 1998 553 2073 regem
582 2002 908 2072 praeﬁciatis,
941 2003 1046 2057 nisi
1092 2002 1180 2061 cui
1211 2003 1375 2059 insint
1406 2012 1609 2073 septem
1640 2004 1759 2059 istae
1800 2028 1805 2029 ί

167 2096 575 2167 proprietates,
614 2092 869 2148 videlicet
916 2093 1059 2162 quod
1110 2101 1336 2149 cmteros
1364 2095 1671 2159 antecellat,
1703 2093 1756 2146 in

168 2184 358 2240 rebus
405 2178 852 2251 administrandis
894 2183 1232 2252 praestantia,
1266 2169 1515 2248 eonsilio,
1548 2181 1760 2237 veraci-

172 2274 545 2345 tatqiinguze,
590 2272 928 2337 fortitudine.
980 2274 1312 2344 eloquentia,
1352 2274 1572 2328 lenitate
1620 2271 1761 2326 inter

156 2366 889 2439 “regendumﬁinsidiarum
947 2365 1015 2421 ab
1062 2352 1313 2426 hostibus
1353 2372 1760 2428 struendarum

154 2458 408 2527 .peritia.
448 2456 702 2511 Dixerunt
726 2452 1007 2531 ergoipsi,
1031 2456 1099 2515 At
1149 2457 1241 2511 ubi
1270 2457 1343 2513 ita
1383 2464 1759 2526 comparatum

176 2547 569 2619 reperiemus?
602 2547 719 2612 ille,
760 2546 945 2604 Fidem
969 2548 1191 2618 (inquit)
1226 2548 1358 2603 mibi
1387 2544 1549 2601 facite
1578 2561 1675 2602 vos
1710 2547 1757 2601 si
1814 2586 1817 2587 ν

178 2641 357 2693 talem
408 2637 585 2693 ’vuliis
648 2638 958 2713 indicavero
1037 2638 1286 2711 81-83
1362 2639 1538 2708 ipsum
1582 2654 1793 2709 regem~

176 2728 610 2786 constituturos.
652 2727 935 2799 Hoc,ergo
968 2745 1089 2784 cum
1124 2735 1243 2799 ipso
1274 2730 1605 2809 pactisunt,
1648 2741 1762 2785 tum

139 2898 143 2902 λ
180 2817 279 2873 ille
308 2817 433 2889 (ubi
467 2819 601 2893 ipsis
653 2818 965 2900 conﬁderet)
995 2816 1107 2889 Ego
1140 2819 1363 2889 (inquit)
1408 2821 1453 2878 is
1482 2830 1624 2875 sum.
1656 2819 1764 2877 Re-

179 2922 310 2978 gem
348 2921 485 2976 ergo
522 2894 712 2976 ipsum
761 2893 1189 2963 constituerunt.
1234 2906 1612 2978 Regnavitque
1660 2893 1777 2962 Bao'

180 2998 352 3058 bram
383 2984 705 3071 Yaadejerdi
735 2996 880 3052 illius
900 2997 1103 3068 (quiet
1127 2997 1361 3065 Babram
1386 2998 1513 3068 jaur
1561 3011 1766 3069 cogno-

1840 553 2136 607 exercitum
2184 554 2354 624 ipsius
2401 562 2640 624 stragem
2682 552 2926 615 immisit,
2953 554 3045 621 qui
3073 566 3200 624 ergo
3248 561 3396 624 terga

1840 641 2129 697 dederunt.
2180 619 2380 698 iieinde
2434 619 2733 697 Baliramus
2782 619 3073 695 incolumis
3122 619 3395 702 reversus,

1842 734 2143 811 captosfqui
2175 737 2230 792 in
2260 734 2433 801 ipsius
2466 744 2726 803 potestate
2750 742 2910 787 erant
2939 736 2969 787 e
2999 730 3239 786 Cbaitaui
3266 733 3397 787 sub-

1842 825 1971 881 ditis
1998 835 2053 881 et
2087 826 2367 889 militibus,
2402 842 2508 879 una
2538 841 2658 880 cum
2694 827 2959 883 uxoribus
3006 825 3276 894 ipsorum.
3306 824 3402 876 bo-

1846 919 2084 973 minibus
2117 917 2581 999 libere-distribuit
2601 936 2618 985 ;
2638 934 2867 988 cumque
2889 919 2942 972 in
2966 919 3243 988 regionem
3265 914 3404 967 Tur-

1846 1024 2034 1064 carum
2066 1010 2302 1078 delatum
2328 1018 2475 1064 esset
2505 1010 2753 1064 nuntium
2779 1024 2968 1064 eorum
2994 1024 3115 1078 quae
3137 1006 3402 1063 Cbakano

1848 1100 2190 1171 obtigissent,
2243 1100 2501 1170 fugerunt
2547 1101 2651 1171 ipsi
2694 1102 2760 1157 ad
2788 1108 3065 1156 extremos
3098 1110 3258 1153 terrm
3289 1111 3405 1151 sua:

1848 1192 2069 1247 limites.
2117 1190 2416 1248 Bahramus
2472 1200 2674 1265 autem,
2725 1190 2947 1246 fratrem
3001 1204 3159 1245 suum
3224 1188 3402 1241 Mersa

1847 1282 2184 1346 Chorasano,
2216 1282 2538 1353 prmﬁciens,
2587 1281 2693 1354 ipsi
2724 1280 3115 1349 Aderbijanum
3153 1288 3406 1333 reversus

1849 1384 1950 1437 est,
1979 1374 2180 1457 nullum
2203 1375 2424 1429 omnino
2458 1375 2635 1429 locum
2679 1372 2996 1442 relinquens
3046 1372 3101 1425 in
3141 1384 3250 1440 quo
3301 1381 3408 1422 non

1853 1466 2066 1536 aliquod
2086 1466 2393 1521 devotionis
2426 1480 2560 1535 opus
2588 1465 2858 1534 praestitit,
2885 1461 3152 1517 sacrilicia
3191 1458 3266 1513 ibi
3304 1457 3410 1509 im-

1852 1554 2061 1609 molans
2096 1552 2162 1606 ad
2216 1553 2417 1621 gratias
2462 1553 2568 1606 Deo
2617 1552 2940 1613 reddendas.
2978 1549 3151 1603 donec
3194 1544 3285 1600 ubi
3342 1543 3411 1597 ad

1854 1630 1995 1713 ignis
2026 1642 2191 1698 :edem
2223 1658 2343 1711 qua:
2386 1641 2697 1707 Aderbijani
2736 1639 2914 1695 fuerat
2964 1638 3319 1709 pervenisset,
3345 1650 3413 1688 ex

1856 1747 1997 1803 equo
2034 1733 2370 1788 descendens
2402 1730 2628 1799 pedibus
2657 1730 2967 1801 incesserit,
3016 1728 3189 1781 donec
3240 1726 3413 1793 ipsam

1857 1814 2133 1896 ingressus
2154 1834 2320 1903 esset,
2353 1824 2405 1878 in
2438 1822 2658 1878 honoris
2679 1823 2851 1878 eidem
2876 1818 3152 1876 deferendi
3177 1817 3414 1883 signum,

1810 1966 1813 1967 ν
1855 1928 1917 1973 et
1953 1917 2019 1971 ad
2054 1915 2254 1986 gratias
2301 1914 2413 1970 Deo
2455 1913 2759 1971 testandas.
2807 1911 2945 1966 Tum
2979 1913 3238 1970 uniones.
3286 1907 3419 1975 hya-

1856 2008 2072 2063 cinthos
2089 2016 2143 2062 et
2161 2020 2399 2076 gemmas
2418 2005 2674 2075 pretiosas
2690 2003 2874 2073 quain
2889 1999 3129 2055 Chakani
3148 1997 3421 2052 diadema-

1856 2106 1911 2155 te
1941 2096 2159 2152 fuerant
2173 2096 2239 2151 ad
2260 2103 2465 2167 portam
2479 2095 2723 2163 ejusdem
2749 2091 2997 2163 85-87
3034 2090 3166 2145 mdis
3184 2086 3418 2158 appendi

1853 2192 2036 2264 jussit.
2075 2191 2368 2258 Eiclemque
2414 2187 2527 2257 igni
2574 2185 2820 2240 Chaltaui
2876 2196 3059 2248 ensem
3119 2177 3418 2233 unionib'us

1858 2293 2107 2340 ornatum
2133 2281 2374 2336 donavit.
2417 2278 2549 2331 Dein
2581 2275 2836 2332 Erakum-
2868 2271 3166 2342 proiectus,
3213 2268 3288 2322 ibi
3349 2267 3415 2320 ad

1860 2377 1977 2433 dies
2023 2374 2229 2443 aliquot
2254 2369 2522 2427 substitit.
2563 2366 2694 2421 inde
2716 2370 2905 2420 contra
2940 2362 3159 2417 Graecos
3196 2359 3262 2414 ad
3298 2358 3418 2413 illos

1835 2464 2197 2523 .invadendos
2225 2460 2505 2533 profectus
2531 2469 2635 2512 est.

1933 2554 2089 2622 Quod
2127 2553 2215 2608 ubi
2247 2551 2547 2606 audivisset
2576 2544 2923 2617 Theodosius
2953 2540 3266 2597 Graecorum
3317 2536 3421 2590 im-

1862 2654 2103 2718 perator,
2139 2644 2315 2699 virum
2349 2640 2641 2712 quemdam
2684 2637 2903 2692 nomine
2943 2632 3243 2688 Estratium
3279 2628 3427 2682 misit

1863 2740 1932 2794 ad
1967 2732 2195 2808 regnum
2224 2734 2488 2798 Babranii'
2518 2723 2887 2792 lustrandum,
2914 2725 3006 2796 qui
3037 2734 3289 2778 reversus
3321 2718 3422 2788 ipsi

1824 2846 1843 2901 ‘_
1864 2829 2160 2896 nuntiavit,
2196 2824 2330 2902 illud
2365 2832 2557 2894 parum
2588 2818 2854 2875 munitum
2885 2818 3026 2871 esse.
3065 2812 3183 2879 Quo
3205 2808 3413 2869 audito.

1838 2893 1966 2981 .ille
2004 2893 2274 2986 Babramo
2302 2893 2596 2973 occurrere
2638 2909 2920 2980 e‘tpetivit.
2967 2905 3257 2960 lnstructis
3292 2915 3425 2969 ergo

1836 3016 2429 3087 ‘copiis,cumcontra
2448 3007 2624 3077 ipsum
2644 3017 2769 3058 cum
2827 2999 3068 3054 exercitu
3123 3010 3224 3051 suo
3297 2989 3427 3081 pri.-

180 3092 438 3146 tninatus
466 3090 570 3163 est)
604 3091 657 3144 in
691 3089 911 3156 Persas,
938 3106 1112 3147 annos
1135 3094 1440 3148 octodecim
1470 3107 1595 3147 cum
1624 3107 1769 3147 meno
1793 3115 1839 3173 ο
1874 3084 2053 3175 pedm,
2085 3107 2255 3165 εεεοι,
2284 3097 2573 3154 conﬂictu;
2602 3092 2928 3162 inter-“ipsos
2964 3088 3255 3143 vehemens
3298 3084 3421 3146 fuit,

184 3185 357 3245 sibus
397 3181 672 3247 undecim,
702 3181 866 3251 idque
908 3196 1053 3251 anno
1080 3182 1287 3253 imperii
1328 3180 1622 3237 Theodosii
1666 3178 1767 3235 Ju-

183 3274 370 3332 nioris
397 3274 540 3343 regis
570 3272 911 3328 Rommorum
941 3271 1284 3329 duodecimo.
1315 3271 1602 3343 imperavit
1627 3286 1760 3342 ergo

187 3354 384 3418 Persis
418 3377 483 3416 ac
512 3377 571 3418 se
588 3363 791 3431 optime
825 3362 968 3417 inter
994 3376 1089 3418 eos
1117 3348 1311 3431 gessii,
1335 3363 1472 3417 adeo
1499 3371 1555 3416 ut
1589 3363 1764 3431 ipsum

187 3461 468 3518 amarent,
490 3453 617 3508 dein
650 3454 793 3509 haud
816 3454 1024 3508 destitit
1056 3468 1116 3509 se
1151 3454 1317 3509 rebus
1338 3452 1672 3524 juvenilibus
1704 3466 1770 3505 ac

187 3534 344 3599 lusui
384 3545 683 3614 indulgere,
710 3546 845 3599 adeo
873 3529 1141 3614 utipsum
1176 3547 1548 3614 vituperarent
1590 3543 1768 3598 homi-

188 3650 315 3699 nes,
352 3648 418 3691 ac
454 3622 685 3704 regnum
717 3634 889 3705 ipsius
931 3634 1089 3689 facile
1116 3634 1407 3704 diripiendi
1439 3648 1590 3703 spem
1624 3646 1762 3695 con-

190 3725 445 3795 ciperent
470 3739 626 3793 reges
645 3725 830 3779 vicini.
857 3726 1161 3795 Aggressus
1182 3739 1312 3795 ergo
1334 3724 1511 3794 ipsum
1545 3720 1766 3777 Cbaltan

192 3817 491 3882 lauimus,
513 3806 807 3883 Tun-arum
835 3830 953 3882 rex,
971 3830 1091 3870 cum
1112 3815 1299 3884 viginti
1322 3817 1565 3885 quinque
1586 3802 1773 3867 armaa‘

140 3930 145 3934 ν
192 3919 383 3965 torum
417 3908 755 3980 myriadibus
807 3906 1057 3980 (quilibet
1104 3914 1286 3961 autem
1319 3904 1631 3959 Turcarum
1672 3886 1768 3958 res

194 4000 424 4067 Cbakan
460 3999 813 4068 insignitus),
864 3996 1138 4068 profectus
1177 4006 1260 4051 est
1306 4012 1479 4066 usque
1523 3996 1654 4049 dum
1710 4010 1765 4061 ill

195 4093 389 4153 Διειιά
436 4099 617 4146 castra
650 4092 856 4160 figeret.
905 4089 1168 4153 Dixerunt
1197 4104 1326 4160 ergo
1356 4088 1691 4161 Babramo:
1723 4085 1768 4141 Ο

198 4198 321 4250 rex,
369 4183 569 4247 accidit
596 4182 752 4239 nobis
780 4194 870 4235 res
898 4175 1019 4249 quc'
1052 4187 1108 4233 et
1145 4194 1247 4236 nos
1277 4186 1334 4234 et
1373 4183 1426 4234 te
1472 4187 1770 4249 occupatos

199 4290 232 4330 a
266 4274 401 4337 ludo
425 4274 728 4341 distineat;_
743 4270 1004 4341 prospice
1030 4284 1161 4340 ergo
1193 4279 1247 4325 et
1278 4268 1377 4335 tibi
1414 4268 1519 4339 ipsi
1542 4276 1596 4331 et
1620 4265 1768 4342 genti

202 4364 358 4433 huic,
382 4364 615 4435 ejusque
659 4377 749 4427 res
786 4377 987 4426 curans
1022 4370 1076 4419 et
1110 4364 1283 4432 ipsam
1327 4377 1700 4435 propugnans,
1736 4375 1773 4415 a

1873 3172 2115 3258 caesique
2136 3193 2272 3244 sunt
2290 3200 2359 3241 ex
2384 3194 2622 3251 utroque
2651 3180 2896 3235 exercitu
2934 3176 3271 3245 complures,
3294 3172 3428 3224 adeo

1872 3289 1934 3335 ut
1968 3280 2189 3350 utrique
2221 3292 2281 3332 se
2309 3275 2364 3330 in
2399 3272 2581 3343 fugam
2619 3270 2848 3350 darent,
2872 3281 3095 3323 reverso
3118 3262 3427 3318 Theodosio

1872 3346 2586 3442 rege’ConstantinOpoiim.
2635 3346 2937 3427 Babramus
2978 3371 3105 3411 vero
3149 3352 3428 3425 profectus

1867 3462 2079 3529 ,indiam
2104 3453 2641 3529 petiit,_dissimulato
2666 3451 2880 3513 habitu,
2905 3449 3087 3519 ibique
3117 3446 3183 3500 ad
3211 3452 3429 3511 tempus

1875 3524 2077 3627 mansit
2104 3524 2247 3615 ipsis
2281 3546 2618 3616 incognitus.
2646 3542 2834 3597 Robur
2871 3549 3052 3595 autem
3071 3547 3136 3593 et
3158 3536 3424 3604 insignem

1874 3639 2049 3713 ipsius
2088 3637 2464 3696 fortitudinem
2518 3640 2958 3704 conspexerunt,
3020 3628 3324 3684 interfectis
3361 3626 3430 3679 ab

1872 3732 1993 3802 ipso
2021 3728 2151 3785 feris
2183 3741 2320 3798 quas
2363 3726 2504 3780 mira
2548 3720 2779 3793 audacia
2829 3735 3121 3792 aggressus
3155 3727 3255 3780 est,
3294 3717 3430 3771 adeo

1871 3830 1934 3881 ut
1962 3835 2091 3875 cum
2123 3817 2189 3873 ad
2235 3815 2415 3887 ipsum
2461 3817 2802 3885 pervenisset
2856 3812 3005 3875 fama
3049 3809 3320 3881 elephanti
3372 3807 3428 3860 in

1873 3913 2127 3984 ipsorum,
2158 3910 2379 3979 regione
2416 3907 2510 3978 qui
2542 3904 3023 3982 viasinfestaret,
3070 3901 3430 3968 hominesque

1872 4003 2182 4072 complures
2210 3999 2535 4071 occidisset,
2562 4006 2782 4067 rogaret
2806 4004 2865 4051 ut
2896 3995 3000 4063 ipsi
3032 3994 3253 4049 ubinam
3276 4000 3431 4046 esset

1872 4075 2181 4151 iudicarent
2202 4100 2225 4159 ς
2249 4091 2343 4163 qui
2373 4089 2733 4151 illidiserunt
2764 4104 2781 4142 :
2808 4085 2931 4156 ipse
2959 4100 3082 4138 cum
3110 4082 3434 4152 peregrinus

1842 4187 1953 4251 ,sis
1981 4184 2236 4240 nolumus
2264 4192 2319 4238 te
2342 4180 2588 4252 periculo
2612 4170 2912 4248 exponere.
2934 4174 3069 4245 Regi
3101 4182 3432 4229 autem‘cum

1875 4273 2010 4333 illud
2057 4269 2431 4330 nuntiassent.
2470 4267 2640 4324 amisit
2684 4266 2800 4335 ipse
2840 4278 2966 4318 cum
3010 4260 3103 4316 illo
3145 4256 3435 4329 quemdam

1873 4363 1967 4437 qui
2005 4363 2186 4435 locum
2220 4348 2278 4435 in
2308 4373 2419 4431 quo
2453 4364 2602 4413 esset
2630 4355 2867 4424 elephas
2899 4354 3005 4407 iste
3043 4351 3145 4422 ipsi
3174 4346 3435 4403 ostende-

206 4466 361 4511 ωειο
389 4470 642 4513 "cur"!
685 4463 936 4525 lim-8‘08-
978 4454 1073 4521 ille
1098 4462 1277 4520 ᾉυιεηι
1316 4452 1480 4516 verba
1516 4454 1770 4522 ipsorum
1798 4464 1851 4529 ι)
1877 4462 1992 4520 ηις
2024 4466 2189 4524 quem
2220 4448 2314 4506 ubi
2347 4449 2484 4505 vidit
2517 4448 2826 4501 Bahramus
2866 4444 3084 4512 sagitta,
3126 4456 3247 4511 qua
3295 4440 3438 4529 inter

204 4538 435 4611 minime
461 4555 706 4603 moratus
734 4546 1014 4617 profectus
1038 4553 1127 4614 est
1150 4531 1419 4616 ita-partes
1452 4543 1769 4615 Aderbijani

190 4651 371 4714 atque
408 4641 683 4717 Armeniae
719 4640 786 4702 ad
818 4640 1024 4697 cultam
1061 4639 1116 4717 in
1163 4638 1365 4708 templo
1410 4635 1609 4701 ibidem
1656 4634 1769 4707 igni

204 4731 387 4789 dicato
410 4732 796 4803 praestandum.
830 4727 986 4795 Quod
1014 4742 1139 4784 cum
1172 4721 1281 4783 non
1300 4726 1626 4783 dubitarent
1664 4724 1770 4781 bo-

208 4825 384 4879 mines
412 4824 589 4893 ipsum
620 4821 817 4876 fecisse
853 4833 963 4890 quo
1004 4821 1127 4891 fuga
1154 4833 1215 4875 se
1243 4804 1592 4883 subduceret,
1618 4804 1769 4889 ipsi,

209 4930 333 4969 cum
353 4914 420 4971 ad
444 4911 728 4968 consilium
755 4910 1050 4966 ineundum
1076 4907 1769 4979 consedissent,'dixerunt,

206 5005 327 5061 Non
356 5001 481 5061 suni
510 5003 671 5062 nobis
702 5012 891 5057 contra
918 4997 1234 5067 Citakanum
1264 4995 1377 5071 84
1400 4986 1561 5066 vires;
1603 4997 1773 5050 tribu-

209 5105 325 5152 tum
353 5112 485 5168 ergo
517 5096 622 5167 ipsi
670 5092 958 5157 offeramus
997 5108 1106 5164 quo
1148 5086 1249 5147 nos
1285 5100 1337 5145 et
1383 5090 1609 5160 patriam
1674 5101 1773 5143 no-

215 5198 383 5243 stram
429 5188 786 5253 redimi-mus,
832 5185 1073 5255 exceptis
1109 5192 1317 5247 tantum
1374 5184 1549 5253 Mersa
1603 5181 1774 5236 fratre

214 5277 465 5336 Babrami
489 5288 543 5334 et
561 5278 812 5335 Azduaro
832 5274 1022 5332 iudice
1043 5274 1136 5346 qui
1160 5275 1416 5331 dixerunt
1444 5292 1457 5328 :
1484 5272 1597 5334 Nos
1622 5272 1773 5331 vobis

216 5370 272 5426 in
302 5371 404 5426 hoc
441 5376 722 5431 “sensum
769 5382 878 5423 non
908 5366 1295 5438 praebebimus.
1316 5364 1450 5421 Cum
1482 5378 1611 5420 vero
1632 5362 1777 5417 Cisa-

218 5458 356 5518 kane
378 5452 842 5517 nuntiatnm‘esset
871 5454 1190 5515 submittere
1214 5472 1273 5513 se
1305 5457 1773 5520 Persas,-securus

223 5551 397 5609 factus
438 5567 587 5607 arma
634 5551 911 5622 deposuit.
960 5549 1243 5613 Accedens
1285 5562 1415 5619 ergo
1448 5547 1667 5619 quidam
1700 5543 1769 5599 ad

224 5638 539 5699 Babramum
572 5644 746 5712 ipsum
776 5641 846 5699 de
868 5642 1161 5697 securitate
1179 5650 1234 5695 et
1253 5639 1576 5709 negligentia
1597 5638 1769 5708 ipsius

224 5730 501 5790 certiorem
551 5731 698 5797 fecit,
738 5729 831 5802 qui
878 5729 1041 5802 igitur
1084 5728 1357 5800 profectus
1387 5736 1660 5799 noctuque
1713 5728 1767 5783 in

1824 4544 2071 4625 (oculos
2105 4542 2284 4613 ipsius
2333 4540 2435 4602 lixa
2463 4539 2577 4609 88
2602 4538 2853 4599 hereret,
2876 4549 3000 4588 eum
3031 4531 3209 4602 petiit,
3233 4528 3432 4583 deinde

1870 4633 1976 4693 alia
2032 4643 2162 4707 post
2212 4627 2373 4689 aliam
2432 4631 2746 4687 confossum
2822 4625 3121 4688 interemit,
3168 4630 3438 4691 caputque

1878 4726 1986 4801 ipsi
2023 4725 2313 4796 przcisum
2339 4722 2452 4792 regi
2488 4719 2684 4774 detulit
2714 4733 2729 4769 :
2766 4715 2858 4785 qui
2890 4714 3069 4783 ipsum
3111 4712 3433 4774 admiratus,

1870 4818 2125 4889 quisnam
2154 4825 2305 4871 esset
2347 4810 2577 4881 rogavit.
2604 4810 2718 4872 ille,
2765 4805 3141 4873 Sumﬁnquit)
3166 4819 3196 4857 θ
3218 4817 3435 4871 magna-

1870 4910 2018 4975 tibus
2065 4906 2357 4967 Persarum
2405 4904 2500 4973 qui
2547 4902 2697 4973 quod
2744 4898 2877 4953 mihi
2927 4898 3103 4952 iratus
3150 4903 3295 4950 esset
3339 4908 3435 4946 rex

1873 5008 2061 5057 noster
2096 4997 2165 5053 ad
2203 5005 2260 5052 te
2303 4992 2563 5065 confugi,
2608 4990 2850 5062 potentia
2895 4994 2951 5063 et
2998 4986 3282 5043 clementia
3342 4993 3433 5037 tua

1872 5091 2069 5147 fretus.
2104 5088 2275 5143 Porro
2303 5084 2408 5140 fuit
2442 5083 2555 5153 regi
2586 5081 2848 5147 inimicus
2871 5078 2978 5149 :qui
3013 5076 3238 5147 propius
3280 5088 3436 5129 acce-

1874 5184 2034 5246 dens,
2067 5178 2215 5236 misit
2247 5176 2340 5248 qui
2370 5175 2440 5232 ab
2468 5174 2589 5244 ipso
2618 5172 2881 5227 tributum
2930 5175 3200 5239 peterent,
3249 5180 3278 5219 a
3323 5178 3437 5234 quo

1873 5290 1997 5332 cum
2059 5276 2324 5326 metueret
2376 5282 2515 5333 res,
2564 5248 2829 5325 animavit
2894 5261 3079 5329 ipsum
3129 5259 3430 5313 Babramus

1880 5370 2067 5424 dicens
2098 5382 2112 5419 :
2143 5362 2221 5418 Ne
2256 5370 2459 5417 terreat
2491 5370 2542 5414 te
2573 5356 2719 5427 quod
2749 5357 2817 5410 de
2847 5356 2970 5425 ipso
3005 5352 3195 5425 [audis
3222 5348 3280 5420 τ]
3329 5362 3431 5417 ego

1878 5452 2146 5522 siquidem
2177 5457 2230 5505 te
2258 5463 2288 5502 a
2329 5446 2471 5501 malo
2502 5444 2647 5514 quod
2685 5444 2753 5497 ab
2781 5444 2901 5512 ipso
2945 5442 3159 5513 [timere
3189 5434 3429 5507 poteras]

1878 5540 2185 5597 incolumen
2222 5534 2513 5607 prastabo.
2566 5526 2769 5603 Regem
2818 5532 2981 5600 igitur
3016 5537 3073 5583 et
3126 5526 3423 5582 exercitum

1876 5631 2049 5699 ipsius
2110 5626 2179 5681 ad
2238 5623 2518 5679 inimicum
2578 5626 2746 5678 istum
2806 5610 3226 5689 oppugnandum
3284 5631 3425 5684 equo

1875 5733 2176 5781 conscenso
2233 5714 2525 5783 comitatus
2579 5723 2663 5771 cst
2712 5704 3039 5769 Baltramus.
3098 5708 3215 5775 Qui
3261 5705 3447 5761 ιυιιιω-
