4142 6492
644 290 769 372 105!

1658 296 2023 359 EUTYCIIII
2044 299 2580 366 ALEXANDRINI
2614 307 2826 371 PATR.

3716 319 3851 383 lOSQ

641 409 856 477 οιιιιῖιθε
882 409 1175 473 τιτιοςιιιιιε,
1208 410 1440 485 Tergum
1472 410 1691 479 (inquit)
1719 427 1893 464 meum
1915 414 2201 477 custodite,
2233 418 2276 471 Α
2308 417 2460 482 Quod
2500 419 2587 473 ubi
2632 421 2897 477 audiissct
2932 424 3194 479 Eusebius
3219 424 3757 499 Durabat-cpiscopus
3788 435 3853 485 ad

637 514 714 561 et-
752 502 881 571 quid
939 515 1037 569 ego
1090 498 1284 552 faciam
1339 502 1644 554 observate.
1686 499 1906 553 lrrueus
1960 516 2089 566 ergo
2142 502 2200 553 in

638 598 813 662 ipsos,
848 610 1035 648 eorum
1065 592 1286 647 ordines
1315 607 1437 645 cum
1460 591 1805 659 dissipasset.
1828 591 1929 644 viri
1962 592 2199 659 scapulze

640 685 807 737 ictum
860 683 1080 751 impegit
1132 682 1225 749 qui
1278 680 1343 734 ad
1391 681 1613 734 dorsum
1668 681 1842 749 ipsius
1886 681 2199 751 pertingens

643 774 883 825 medium
940 788 1062 825 eum
1106 772 1404 837 dissecuit;
1435 780 1489 827 et
1520 782 1809 842 utrumque
1856 773 2060 827 labium
2092 775 2203 828 cle-

640 862 843 932 pbauto
892 865 1071 933 gladio
1123 864 1440 919 discindeus
1476 864 1653 933 ipsum
1705 866 2039 943 prostcavit:
2077 880 2203 919 cor-

640 966 961 1022 reptumque
1000 955 1067 1009 de
1115 970 1257 1022 equo
1295 970 1396 1010 suo
1450 956 1685 1023 equitem
1736 964 1894 1010 terra:
1948 957 2199 1021 illidens,

636 1045 817 1113 ipsum
865 1044 1340 1112 interfecitpquin
1375 1055 1429 1099 et
1470 1046 1599 1099 bina
1657 1046 1940 1099 hominum
1996 1048 2201 1117 capita.

636 1136 867 1190 alterum
904 1136 1095 1188 dextra
1131 1136 1363 1190 alterum
1399 1136 1645 1202 sinistra,
1684 1138 2027 1204 prehendens
2063 1139 2199 1191 invi-

637 1241 753 1281 cem
792 1227 994 1281 collisit
1023 1227 1160 1281 adeo
1184 1236 1242 1281 ut
1273 1228 1490 1295 utrique
1520 1228 1730 1282 cerebri
1758 1228 1990 1283 medulla
2020 1230 2203 1284 elﬂueo

638 1327 738 1371 rel.
792 1316 1067 1371 lrrueutes
1107 1316 1266 1371 etiam
1325 1316 1580 1371 Bahrami
1626 1318 1893 1384 comites,
1952 1336 2198 1389 magnam

637 1423 826 1460 eorum
864 1415 1102 1477 stragem
1149 1408 1462 1472 ediderunt,
1511 1424 1573 1463 ac
1607 1409 1779 1477 spolia
1830 1412 2197 1481 diripuerunt.

642 1498 895 1553 Reversis
930 1515 1059 1568 ergo
1095 1499 1339 1568 81-83
1368 1499 1398 1531 "
1442 1514 1568 1569 rege
1608 1509 1659 1554 et
1698 1501 1967 1554 Bahramo
2007 1518 2098 1557 rex
2126 1503 2198 1557 illi

640 1594 801 1643 tiliam
840 1606 991 1645 suam
1025 1600 1254 1659 nuptum
1291 1592 1598 1655 dedit,'nec
1632 1608 1739 1645 non
1790 1592 1891 1661 ipsi
1932 1592 2117 1647 Daihal
2148 1603 2201 1645 et

640 1680 861 1735 Macran
902 1691 1182 1751 terrasque
1219 1684 1423 1737 circum
1466 1684 1709 1751 jacentes
1741 1684 1793 1737 in
1826 1686 2043 1751 regione
2077 1686 2203 1739 Sin-

2311 509 2489 577 ipsum
2525 509 2819 580 profectus,
2844 529 2907 566 ac
2931 530 3050 568 cum
3077 533 3141 570 co
3168 506 3453 587 disputans
3478 521 3856 581 validarontra

2310 598 2486 665 ipsum
2522 613 2835 671 argumenta
2870 608 3093 672 protulit
3127 610 3326 677 quibus
3376 614 3698 665 sententiam
3744 613 3861 677 ejus

2310 690 2587 745 refutavit.
2649 693 2778 747 Dein
2828 696 2894 749 ad
2948 696 3262 754 Flavianum
3314 704 3673 769 patriarcham
3717 706 3860 759 (Iou-

2310 784 2853 854 stantinOpolitanum
2882 789 3156 856 proiectus
3187 795 3358 861 ipsum
3399 794 3464 848 de.
3489 794 3781 866 Eutychete
3811 806 3864 850 et

2314 876 2602 934 sententiae
2633 875 2804 943 ipsius
2838 876 3068 931 falsitate
3099 886 3386 936 certiorem
3429 885 3575 948 fecit,
3612 901 3719 940 nec
3756 901 3863 938 non

2313 963 2492 1030 ipsum
2554 962 3183 1035 Constantinopolitauos
3253 972 3305 1023 in
3366 972 3530 1028 falsas
3579 975 3866 1042 opiniones

2312 1054 2570 1109 traxisse.
2626 1053 2916 1112 Flavianus
2963 1073 3093 1127 ergo
3129 1060 3433 1127 patriarcha
3477 1064 3867 1118 Constantino-

2311 1144 2587 1211 politanus
2623 1146 2690 1200 ad
2722 1146 3075 1217 Eutychetem
3109 1151 3329 1205 mittens
3362 1153 3534 1219 ipsum
3578 1157 3868 1209 accersivit

2312 1243 2724 1306 convocatoque
2753 1240 3226 1309 Constantinopoli
3273 1244 3500 1295 c0ucilio
3536 1245 3865 1315 disputatio-

2312 1338 2433 1376 nem
2466 1338 2589 1377 cum
2622 1326 2742 1396 ipso
2774 1326 2982 1385 habuit.
3018 1329 3162 1385 Dixit
3197 1331 3447 1401 85-87
3473 1333 3506 1365 ³⁸
3539 1344 3713 1389 autem
3752 1336 3865 1390 Eu-

2308 1414 2541 1485 tyches:
2584 1414 2639 1470 Si
2689 1416 2988 1475 dixerimus
3040 1420 3257 1477 Christo
3287 1423 3424 1478 duas
3470 1439 3593 1478 esse
3639 1433 3868 1481 naturas

2307 1502 2450 1557 idem
2482 1518 2794 1573 asseremus
2825 1523 2946 1561 cum
2975 1508 3260 1576 Nestorio;
3292 1526 3474 1564 verum
3508 1512 3739 1566 dicimus
3768 1530 3868 1567 nos

2298 1594 2588 1649 .Christum
2618 1612 2741 1653 esse
2775 1607 3021 1653 naturam
3057 1618 3245 1664 unam,
3281 1608 3333 1655 et
3362 1618 3671 1671 personam,
3701 1620 3869 1657 unam

2308 1698 2431 1735 eum
2467 1685 2730 1738 consistat
2754 1686 2967 1740 duabus
3000 1690 3208 1742 naturis
3236 1704 3353 1757 quae
3377 1687 3723 1759 [duae]erant
3746 1702 3873 1747 ante

636 1774 740 1829 diae
771 1776 1011 1831 donavit.
1070 1776 1301 1841 Rogavit
1349 1786 1526 1828 autem
1582 1777 1755 1841 ipsum
1810 1775 2110 1830 Bahramus
2145 1790 2203 1830 ut
2234 1771 2278 1829 Β
2311 1773 2570 1827 unionem
2604 1792 2618 1827 :
2652 1784 2706 1827 at
2749 1777 2838 1830 ubi
2880 1788 3218 1847 assumptum
3265 1789 3347 1833 est
3393 1794 3594 1849 corpus
3647 1785 3876 1836 recessit

639 1868 951 1934 ronseripta
988 1869 1295 1937 syngrapha
1329 1876 1382 1920 et
1414 1867 1673 1920 adhibitis
1698 1866 1823 1921 facti
1858 1868 1944 1921 sui
1972 1870 2205 1924 testibus

640 1955 868 2028 [ratum]
907 1959 1035 2012 illud
1070 1959 1172 2025 ipsi
1203 1958 1427 2012 iaceret.
1461 1957 1615 2023 Quod
1646 1974 1768 2011 cum
1817 1958 2038 2013 fecisset
2089 1976 2201 2023 rex,

635 2064 891 2103 reversus
924 2050 976 2102 in
1015 2066 1239 2114 regnum
1284 2066 1441 2103 suum
1482 2050 1807 2113 Bahramtts,
1837 2052 2000 2118 jussit
2030 2054 2205 2121 regio-

641 2155 768 2190 num
802 2140 1059 2203 istarum,
1086 2155 1222 2206 quas
1252 2140 1351 2207 ipsi
1374 2140 1670 2192 donaverat
1704 2156 1820 2205 rex,
1842 2143 2071 2209 vectigal
2101 2144 2202 2198 sibi

636 2230 815 2283 reddi.
874 2229 1057 2296 Neque
1116 2230 1398 2284 desierunt
1441 2246 1628 2283 earum
1665 2247 1796 2299 opes
1848 2234 1901 2286 iu
1956 2232 2202 2287 Persium

639 2323 931 2390 asportari.
962 2322 1167 2377 Ferunt
1196 2330 1375 2378 autem
1412 2322 1698 2377 Persarum
1724 2325 1943 2390 quidam
1973 2326 2203 2379 Baitram

637 2412 771 2466 Jiur
857 2414 908 2465 in
964 2415 1183 2467 tutelam
1229 2414 1455 2467 Numani
1507 2416 1661 2469 Ebnil
1706 2416 1944 2470 Mandari
2004 2416 2208 2471 Lacha-

636 2505 862 2557 miensis
883 2505 1027 2571 regis
1046 2506 1283 2559 Arabum
1315 2507 1364 2558 in
1396 2506 1613 2559 deserto
1645 2506 1849 2570 fuisse;
1886 2510 2201 2576 ipsumque,

636 2611 761 2648 cum
799 2594 1230 2649 ad‘Bahrarnutn
1271 2597 1610 2663 pervenisset
1656 2598 1847 2651 mortis
1882 2586 2203 2669 Yazdejurdi

637 2686 814 2751 patris
848 2685 931 2740 sui
977 2686 1155 2749 fama,
1198 2701 1316 2738 cum
1368 2687 1642 2740 Arabibus
1681 2688 1772 2755 qui
1824 2688 2000 2756 ipsum
2034 2693 2203 2746 secuti

637 2788 761 2831 sunt
798 2775 1097 2845 profectum
1134 2776 1305 2831 donec
1353 2776 1402 2829 in
1458 2778 1707 2831 Alsawad
1758 2788 1935 2833 castra
1992 2780 2202 2850 ﬁgeret,

638 2868 712 2921 ibi
738 2884 859 2920 cum
888 2868 1173 2921 Persarum
1205 2869 1618 2937 proceribusde
1640 2885 1805 2938 regno
1832 2873 2201 2938 contendisse,

638 2960 812 3013 donec
838 2959 929 3027 jus
959 2958 1109 3012 illius
1143 2957 1378 3013 confessi
1409 2974 1574 3025 regno
1603 2962 1775 3027 ipsum
1841 2961 2201 3029 prmlicerent.

710 3049 977 3118 Regnavit
1006 3065 1136 3118 ergo
1167 3048 1398 3101 Bahram
1440 3048 1595 3112 Jaur,
1645 3061 1762 3117 post
1796 3061 1997 3118 patrem
2041 3070 2200 3106 suum

640 3141 1040 3210 Yazdejerdum
1096 3142 1154 3196 F.
1205 3140 1480 3203 llahrami,
1533 3129 1604 3194 in.
1638 3141 1833 3219 ρει-επις
1897 3144 2202 3198 octodecim

638 3243 832 3290 annos.
860 3228 1021 3296 idque
1056 3243 1199 3283 anno
1215 3228 1752 3297 Theodosiijunioris
1771 3230 2081 3286 Grrecorum
2108 3235 2207 3285 im-

641 3320 914 3386 peratoris
956 3320 1259 3375 tricesimo.
1294 3322 1447 3373 Anno
1477 3330 1654 3374 autem
1690 3323 1947 3376 vicesimo
1976 3326 2207 3392 septimo

639 3412 790 3479 regni
826 3410 1119 3465 Theodosii
1180 3409 1551 3464 Rotuanorum
1601 3412 1945 3480 imperatoris
1994 3417 2205 3469 consti-

642 3511 796 3555 tutus
830 3512 913 3557 est
941 3503 1139 3557 Sextus
1171 3503 1481 3570 patriarcha
1520 3502 1830 3569 Romanus;
1867 3522 2040 3560 annos
2084 3518 2207 3562 octo

640 3593 797 3655 sedit,
849 3593 973 3646 dein
1030 3601 1279 3647 mortuus
1311 3604 1412 3646 est.
1470 3595 1625 3647 Anno
1653 3595 1896 3661 ejusdem
1932 3598 2207 3654 tricesimo

643 3684 837 3750 quinto
892 3682 1070 3737 factus
1113 3690 1197 3735 est
1248 3681 1356 3735 Leo
1405 3684 1715 3751 patriarcha
1754 3680 2057 3749 Ruinanus,
2114 3689 2217 3755 qui.

645 3787 821 3826 annos
850 3772 1044 3841 viginti
1075 3787 1244 3825 unum
1280 3771 1441 3833 sedit,
1495 3772 1619 3824 dein
1655 3782 1903 3827 mortuus
1942 3785 2043 3828 est.
2080 3774 2207 3845 Ejus

646 3860 977 3929 prrel'ecturre
1014 3877 1157 3914 anno
1190 3876 1336 3914 nono
1389 3859 1491 3915 fuit
1537 3864 1827 3915 concilium
1865 3876 2119 3929 quartum
2153 3860 2228 3919 itt~

648 3955 783 4009 urbe
831 3952 1002 4023 84*
1042 3952 1407 4007 Chalcedone.
1485 3956 1645 4007 Anno
1702 3955 1959 4009 vicesimo
2018 3970 2209 4013 octavo

646 4060 674 4097 r
710 4044 799 4111 gni
824 4042 1119 4096 Theodosii
1155 4043 1491 4095 constitutus
1512 4052 1590 4095 est
1618 4042 1881 4113 Domnius
1902 4048 2206 4113 patriarcha

646 4135 1022 4189 Antiochenus
1060 4135 1151 4200 qui
1210 4149 1384 4188 annos
1418 4133 1608 4203 viginti
1654 4151 1820 4189 unum
1871 4138 2030 4205 sedit,
2082 4139 2205 4193 dein

648 4234 900 4279 mortuus
934 4231 1038 4279 est.
1081 4225 1237 4278 Auno
1285 4224 1434 4292 regni
1471 4225 1713 4293 ejusdem
1747 4230 2027 4284 tricesimo
2061 4246 2205 4285 nono

651 4317 990 4371 constitutus
1036 4324 1118 4371 est
1154 4315 1446 4371 Flavianus
1480 4318 1786 4386 patriarcha
1816 4322 2206 4377 Constantino-

648 4409 944 4476 politanus,
981 4410 1073 4477 qui
1126 4423 1249 4461 eum
1298 4407 1517 4462 biennio
1548 4409 1780 4465 sedisset
1816 4422 2191 4467 mortuusest.
2232 4434 2283 4494 D

654 4500 765 4554 Iloc
791 4500 952 4553 etiam
989 4514 1133 4552 anno
1164 4499 1339 4553 factus
1371 4510 1455 4555 est
1497 4500 1791 4573 Dioscorus
1824 4500 2065 4557 Jacobita
2113 4522 2207 4575 pa-

651 4590 890 4643 triarcba
922 4589 1339 4654 Alexandrinus,
1374 4592 1611 4657 quicum
1644 4608 1737 4647 sex
1770 4610 1944 4649 annos
1975 4598 2207 4653 sedisset

652 4683 998 4760 anathemate
1036 4681 1285 4745 devotus,
1341 4698 1397 4737 et
1443 4685 1511 4737 ia
1553 4686 1800 4739 exsilium
1852 4690 2043 4756 pulsus
2101 4702 2206 4749 est.

655 4772 778 4826 Fuit
807 4760 939 4827 vero
982 4772 1455 4843 Constantinopoli
1500 4779 1797 4831 monachus
1845 4781 2061 4847 quidam
2098 4800 2208 4836 me-

653 4862 811 4915 dicus
866 4863 1088 4917 nomine
1142 4864 1410 4932 Eutyches
1469 4866 1561 4934 qui
1618 4870 1854 4923 asseruit
1915 4887 2020 4924 non
2085 4889 2208 4927 esse

654 4952 871 5006 Christo
917 4968 1117 5020 corpus
1170 4954 1414 5023 ejusdem
1465 4972 1588 5011 cum
1636 4962 1958 5028 corporibus
2007 4964 2212 5019 nostris

659 5050 888 5104 naturas,
911 5042 1301 5112 Christumque
1328 5055 1453 5100 ante
1481 5048 1909 5103 incarnationem
1941 5065 1969 5103 e
1997 5050 2209 5103 duabus

656 5134 972 5189 constitisse
990 5136 1219 5202 naturis,
1242 5146 1362 5205 post
1382 5140 1812 5194 incarnationem
1844 5152 2018 5193 autem
2047 5156 2205 5194 uuam

656 5223 959 5295 [habuisse]
995 5235 1267 5281 naturam.
1305 5229 1503 5299 (Atque
1537 5230 1650 5283 haec
1695 5231 1960 5285 sententia
1992 5229 2206 5283 Jacobi-

656 5322 848 5380 tarutu,
878 5322 1036 5385 cujus
1063 5328 1252 5373 auctor
1286 5320 1385 5373 fuit
1416 5322 1712 5376 monachus
1736 5322 1836 5377 istc
1871 5322 2197 5391 Eutychos.)

2307 1861 2551 1917 dualitas'
2584 1865 2689 1921 ista
2741 1878 2805 1921 ac
2854 1866 3029 1922 factus
3084 1881 3166 1924 est
3209 1883 3400 1926 natura
3452 1892 3596 1938 una,
3654 1891 3875 1942 unaque

2309 1969 2560 2023 persona.
2597 1956 2694 2011 Cui
2730 1959 3011 2038 respondit
3060 1960 3351 2018 Flavianus
3382 1966 3690 2033 patriarcha
3732 1967 3875 2019 Cou-

2306 2047 2829 2114 Stantinopolitauus
2856 2064 2869 2100 :
2908 2048 2963 2102 Si
2993 2063 3135 2106 esset
3163 2053 3416 2110 Christus
3468 2056 3568 2124 (uti
3601 2058 3874 2121 asseritis)

2308 2146 2501 2188 natura
2539 2154 2666 2201 ttna,
2705 2148 2816 2190 tttm
2850 2151 2988 2194 esset
3024 2151 3215 2195 natura
3265 2160 3384 2211 qua:
3423 2154 3620 2197 aterua
3662 2145 3763 2197 fuit
3807 2148 3875 2199 de

2309 2240 2449 2277 novo
2490 2225 2670 2291 facta;
2728 2228 2872 2295 quod
2924 2231 2966 2281 si
3006 2233 3096 2298 qui
3153 2244 3388 2289 :eternns
3444 2235 3563 2296 fuit.
3614 2235 3680 2289 de
3732 2252 3874 2289 novo

2308 2304 2461 2371 ortus
2496 2318 2587 2381 sit,
2622 2328 2731 2371 tum
2765 2328 2818 2373 et
2847 2321 2942 2388 qui
2978 2338 3254 2390 nunquam
3288 2340 3398 2379 non
3434 2327 3565 2390 fuit,
3606 2329 3743 2381 idem
3774 2329 3875 2380 ali-

2307 2412 2528 2477 quando
2565 2428 2671 2465 non
2711 2415 2831 2469 fuit.
2870 2414 3024 2480 Quod
3063 2418 3107 2471 si
3142 2419 3355 2473 admitti
3390 2422 3563 2487 possit
3615 2430 3670 2474 ut
3723 2423 3870 2490 quod

2306 2514 2568 2557 :eternum
2599 2504 2721 2571 fuit,
2763 2504 2905 2560 idein
2937 2506 3003 2560 de
3038 2524 3179 2562 novo
3215 2510 3399 2571 fuerit.
3449 2514 3553 2565 erit
3602 2510 3742 2565 idem
3779 2514 3869 2580 qui

2309 2604 2418 2649 stat
2478 2597 2712 2663 sedens;
2778 2600 2921 2665 quod
2980 2600 3215 2652 calidum
3257 2609 3339 2653 est
3399 2600 3684 2669 frigidum;
3721 2604 3868 2669 (νιοιί

2310 2690 2687 2751 tenebrosum,
2735 2691 3010 2755 lucidum;
3063 2690 3187 2744 cuni
3233 2692 3284 2760 id
3338 2708 3507 2759 genus
3560 2693 3871 2760 impossibi-

2309 2777 2450 2831 iibus
2480 2794 2598 2845 quae
2637 2778 2747 2831 lieri
2781 2795 2885 2831 non
2918 2788 3089 2847 potest
3139 2790 3197 2833 ut
3239 2759 3638 2849 conjungautur
3672 2782 3723 2833 in
3759 2797 3851 2833 ea-

2308 2866 2428 2921 dem
2460 2868 2586 2939 [rei]
2619 2877 2789 2938 parte.
2829 2870 3015 2923 Noluit
3048 2880 3226 2923 tamen
3274 2871 3363 2923 ille
3397 2886 3423 2923 a
3467 2872 3739 2925 sententia
3772 2887 3868 2925 sua

2308 2959 2595 3021 recedere;
2647 2976 2818 3026 quare
2864 2962 3208 3013 anathemate
3264 2961 3411 3013 illum
3460 2963 3770 3029 percussit,
3821 2972 3873 3015 at

2308 3050 2782 3117 Constantinopoli
2837 3068 2943 3105 non
2994 3052 3221 3121 expulit,
3273 3052 3414 3120 quod
3459 3068 3577 3103 cum
3626 3052 3869 3105 medicus

2308 3148 2454 3193 esset
2488 3156 2553 3193 eo
2580 3140 2827 3193 homines
2854 3156 2989 3208 opus
3016 3141 3298 3194 haberent.
3335 3140 3505 3193 Porro
3529 3140 3870 3194 Theodosius

2310 3243 2401 3281 rex
2436 3228 2574 3281 idem
2606 3246 2725 3282 cum
2764 3230 3059 3299 Eutychcte
3093 3230 3286 3282 sensit.
3336 3230 3605 3298 Eutychos
3644 3244 3779 3297 ergo
3812 3244 3871 3283 se

2310 3320 2448 3384 apud
2478 3317 2838 3371 Theodosium
2868 3334 3043 3386 regem
3068 3316 3365 3371 defendens
3386 3318 3523 3370 dixit
3549 3318 3865 3371 Flavianum

2310 3410 2485 3475 ipsum
2524 3409 2721 3477 injuria
2780 3410 3307 3471 excounnuuieasse,
3342 3422 3521 3475 regem
3576 3422 3777 3475 rogans
3811 3416 3866 3460 ut

2310 3499 2527 3568 scriptis
2583 3500 2647 3551 ad
2696 3513 2887 3553 omnes
2929 3498 3269 3565 patriarchas
3304 3498 3519 3581 litteris,
3573 3498 3864 3550 convenire

2308 3600 2361 3642 et
2397 3593 2463 3641 de
2494 3604 2560 3641 co
2608 3590 2751 3656 quod
2789 3589 2891 3657 ipsi
2944 3590 3261 3657 contigisset
3325 3590 3623 3656 disquirere
3666 3587 3864 3659 [iubeo

2310 3680 2439 3751 ret].
2490 3682 2717 3747 Scripsit
2750 3695 2875 3748 ergo
2902 3696 2993 3732 rex
3027 3689 3136 3733 tum
3184 3681 3253 3732 ad
3293 3680 3602 3733 Dioscorutn
3633 3683 3865 3748 patriar-

2310 3775 2466 3826 eham
2516 3770 2963 3831 Alexandrinum,
3018 3782 3128 3823 tum
3178 3771 3241 3823 ad
3295 3771 3580 3824 Domnium
3634 3772 3864 3839 patriar-

2309 3864 2465 3915 cltam
2504 3861 2672 3931 88"
2719 3861 3140 3922 Autiochenum.
3185 3876 3284 3915 nec
3331 3878 3437 3915 non
3490 3860 3722 3915 Leonem
3775 3878 3866 3930 pa-

2310 3953 2603 4006 triarcham
2644 3952 2968 4018 Romanum,
3020 3963 3071 4006 et
3114 3952 3458 4006 Juvenalium
3503 3953 3863 4022 patriarcham

2311 4043 2865 4110 liierosolytuitauum
2942 4051 3001 4095 ut
3057 4058 3165 4097 una
3232 4060 3355 4096 cum
3422 4043 3690 4112 epiSCOpis
3753 4044 3865 4097 suis

2310 4133 2637 4187 accederent
2677 4141 2735 4184 ut
2782 4132 2847 4185 de
2884 4133 3204 4203 Eutychetis
3237 4133 3451 4201 negotio
3481 4133 3861 4200 disquirerent.

2311 4226 2414 4291 Qui
2448 4240 2579 4294 ergo
2611 4223 2807 4294 Ephesi
2842 4234 3237 4284 convenerunt.
3278 4223 3453 4292 Atque
3482 4230 3565 4277 est
3596 4224 3699 4277 hoc
3732 4238 3863 4276 con-

2313 4318 2498 4371 cilium
2534 4315 2832 4370 secundum
2877 4315 3071 4383 Ephesi
3101 4316 3369 4377 habitum,
3402 4314 3561 4387 cujus
3605 4312 3862 4383 prasides

2311 4420 2465 4463 erant
2498 4410 2792 4462 Dioscorus
2817 4408 3126 4476 patriarcha
3158 4408 3581 4471 Alexandrinus,
3606 4406 3862 4459 Domnius

2310 4501 2624 4571 patriarcha
2651 4498 3045 4563 Antiochenus,
3067 4497 3381 4552 Juvenalius
3412 4498 3714 4568 patriarcha
3742 4498 3862 4551 llic-

2311 4593 2763 4663 rosolymitanus,
2808 4602 2862 4643 et
2909 4592 3148 4659 deputasi
3178 4591 3373 4644 Leonis
3410 4590 3727 4658 patriarcha:
3763 4591 3861 4643 lto-

2314 4684 2484 4737 mani.
2542 4684 2928 4757 Disceptarunt
2965 4696 3091 4751 ergo
3122 4681 3187 4735 de
3214 4682 3460 4750 eo_quod
3514 4682 3654 4735 inter
3699 4681 3862 4748 Euty-

2314 4757 2637 4831 chetem-et
2697 4774 2985 4829 Eusebium
3062 4774 3284 4828 Doraliae
3344 4774 3653 4841 cpiscopmu
3708 4783 3861 4839 atque

2319 4869 2634 4933 Flavianum
2672 4867 3036 4935 patriarchatu
3085 4866 3737 4934 Constantinopolitanum
3782 4866 3859 4916 in-

2317 4969 2669 5014 tercesserat.
2695 4957 2981 5011 Dioscorus
3002 4965 3180 5010 autem
3202 4956 3539 5009 Alexandriae
3561 4955 3858 5024 patriarcha

2316 5049 2637 5119 Eutychetis
2669 5050 2994 5101 sententiam
3031 5048 3359 5100 conﬁrmans
3404 5045 3717 5099 Flavianum
3774 5059 3858 5113 pa-

2315 5144 2607 5197 triarcham
2653 5141 3311 5209 Constantinopolitanum
3342 5148 3394 5194 et
3438 5139 3739 5193 Eusebium
3768 5137 3859 5200 De.

2312 5234 2463 5289 ralia:
2493 5234 2807 5303 episcopum
2838 5230 3343 5285 excommunicavit.

2388 5322 2729 5378 Obstiterunt
2769 5336 2897 5375 vero
2950 5319 3207 5375 Domnius
3238 5318 3549 5388 patriarcha
3580 5315 3854 5370 Antioche-

712 5535 777 5592 (⁸)
817 5533 1151 5602 ξῖδδμραμείῃίιε
1176 5538 1361 5602 eisdem
1405 5543 1621 5602 numeris
1675 5554 1929 5601 perperam
1988 5549 2278 5601 prmnolalas
2314 5541 2492 5602 quibus
2516 5541 2855 5602 precedentes
2896 5538 3218 5602 distinctionis
3237 5548 3356 5594 ergo
3382 5534 3635 5602 asterisco.
3662 5538 3756 5581 tum
3780 5528 3849 5579 hic

619 5648 629 5656 .
651 5600 752 5667 ιιιῐι)
786 5594 904 5667 alias
927 5594 975 5647 in
998 5594 1161 5648 Indice
1182 5599 1590 5667 subsiguavimus.
1622 5594 1821 5653 ldent'in
1860 5594 2077 5654 numeris
2100 5603 2304 5654 liii-152
2323 5594 2631 5654 commissum
2654 5600 2881 5653 similiter
2904 5599 3077 5649 indicm
3094 5602 3228 5648 imus.
3268 5599 3404 5656 Quod
3430 5596 3584 5645 semel
3611 5605 3849 5652 monuisse

653 5658 774 5709 ulla
790 5658 869 5708 sit.
