4142 6460
403 360 544 426 1053

391 579 533 635 cyrac
564 568 882 638 episcopus,
914 579 969 626 et
993 575 1100 627 Asa
1128 573 1422 640 Rohensis,
1459 589 1580 630 cum
1621 580 1806 635 multis
1830 583 1952 638 aliis

389 656 684 727 episc0pis,
730 677 831 717 nec
878 679 990 718 non
1053 665 1327 735 deputatis
1379 668 1575 724 Leonis
1629 652 1955 740 patriarchae

388 748 647 834 Romani,
687 752 949 810 Dioscoro
989 757 1314 823 patriarchae
1363 761 1733 819 Alexandrino
1780 767 1834 822 in
1889 785 1952 824 eo

386 843 534 914 quod
569 843 720 907 fecit,
749 857 802 901 et
855 849 1176 903 sententiam
1208 851 1374 922 ipsius
1423 865 1481 910 ut
1533 858 1822 914 absurdam
1855 862 1953 916 da-

385 936 1172 994 mnarunt.Exeommunicavit
1205 957 1333 1014 ergo
1378 945 1522 1010 ipsos
1560 947 1872 1015 Dioscorus,
1899 961 1952 1006 ct

383 1023 450 1079 ad
469 1023 710 1079 Leonem
740 1028 1108 1097 patriarcham
1135 1031 1440 1089 Romanum
1469 1040 1613 1097 etad
1639 1040 1952 1096 sacerdotes

383 1116 700 1184 complures
722 1118 952 1188 scripsit
1000 1137 1108 1190 quo
1147 1123 1295 1192 ipsos
1343 1129 1850 1184 excommunicaret
1896 1141 1952 1186 et

381 1217 735 1264 sacramento
764 1210 1118 1268 interdiceret
1147 1215 1251 1269 nisi
1286 1214 1609 1285 Eutychetis
1636 1219 1946 1288 Opinionem

385 1301 869 1370 amplecterentur,
907 1313 1070 1371 atque
1127 1306 1183 1358 in
1233 1305 1334 1360 hac
1387 1309 1656 1364 sententia
1705 1309 1772 1364 ab
1818 1313 1948 1367 urbe

380 1388 601 1459 Epheso
639 1408 888 1449 reversus
923 1405 1023 1456 est,
1066 1395 1232 1464 idque
1275 1411 1418 1451 anno
1455 1400 1605 1469 regni
1657 1399 1946 1457 Theodosii

322 1526 345 1552 ._
378 1481 624 1554 89-91
656 1483 900 1541 Junioris
931 1485 1366 1556 quadragesimo,
1406 1490 1547 1544 unde
1578 1504 1832 1562 corrupta
1863 1505 1948 1551 est.

374 1573 546 1641 ﬁdes;
583 1575 799 1644 fuitque
849 1576 984 1632 ﬁdes
1031 1585 1086 1631 et
1132 1583 1406 1634 sententia
1461 1579 1614 1652 [quze
1669 1585 1942 1657 obtinuit]

380 1667 647 1722 sententia
717 1667 1070 1737 Eutychetis,
1140 1672 1415 1740 prmcipue
1483 1675 1534 1726 in
1606 1673 1842 1744 ngypto
1893 1690 1946 1732 et

374 1756 756 1823 Alexandria;
817 1759 1180 1830 eamdemque
1241 1761 1564 1834 Eutychetis
1619 1770 1941 1822 sententiam

1827 379 2194 445 ANNALES.

393 492 519 544 επεν
569 478 889 580 δυ)’⁰η²¹Ῐ¹¹⁵
923 483 1469 585 Ηίεξτοείξξῖξηίίθξιυεν
1504 487 1811 545 Μοτάθείιιε
1841 498 1947 548 Ληο
1977 497 2021 553 Α
2054 506 2199 572 quod
2251 505 2498 573 ejusdem
2549 509 2856 565 doctrinam
2901 513 3185 582 amplexus
3217 529 3382 585 esset,
3426 531 3480 575 ct

3563 537 3624 575 τι-

2059 539 2199 572 ιιυυυ
2251 539 2498 573 (.Juauclll
2549 539 2856 565 uuunuatu
2901 539 3185 582 amplexus
3217 539 3382 585 esset,
3426 539 3480 575 (τι
3525 539 3624 593 ρει-

2059 597 2329 652 triarcltas
2379 598 2699 656 demortuos
2748 607 3302 671 excommunicasset,
3337 621 3528 680 etquo
3565 613 3628 667 ﬁ-

2054 689 2177 743 dem
2228 689 2613 745 conﬁrmarent
2651 710 2809 760 quam
2873 695 3163 751 ediderant
3223 700 3326 753 tria
3385 705 3620 757 concilia

2055 790 2262 847 sancta,
2321 781 2711 837 Convencrunt
2765 787 2929 854 igitur
2989 788 3322 845 Cbalcedoni
3380 795 3619 861 episcopi

2054 872 2299 927 sexcenti
2353 872 2598 940 triginta.
2647 872 2860 928 Primas
2908 877 2961 929 in
2995 880 3230 934 concilio
3264 882 3620 936 obtinuerunt

2053 964 2338 1018 Anatolius
2359 953 2666 1033 patriarcha
2688 966 2934 1037 93-95
2953 967 3368 1038 Constantinop,
3395 974 3616 1028 Maxim.

2051 1055 2443 1118 Antiochenus,
2485 1067 2548 1116 et,
2581 1055 2854 1112 Buﬁavius
2886 1059 3248 1133 [Juvenalius]
3300 1064 3618 1134 Hierosoly-

2052 1146 2311 1212 mitanus.
2349 1148 2460 1201 Lee
2482 1156 2660 1204 autem
2695 1151 3006 1219 patriarcha
3053 1153 3330 1210 Romanus
3379 1157 3442 1210 ad
3480 1157 3617 1210 Mar-

2049 1236 2268 1290 cianum
2309 1235 2692 1305 imperatorem
2735 1240 2801 1294 de
2839 1239 2942 1295 ﬁde
2969 1243 3295 1303 orthodoxa.
3349 1245 3450 1298 ﬁde
3481 1239 3614 1298 Mcl-

2050 1326 2343 1388 ehitarum,
2398 1328 2679 1394 scribens,
2733 1332 3016 1400 epistolam
3071 1350 3168 1402 per
3215 1337 3550 1389 sacerdotem
3585 1353 3614 1388 (ι

2051 1416 2339 1485 discipulis
2369 1417 2484 1472 suis
2510 1422 2795 1488 quemdam
2830 1426 3049 1478 nomine
3078 1423 3415 1478 Bonifacium
3445 1427 3609 1489 misit,

2047 1523 2210 1577 quam
2241 1507 2440 1562 deinde
2471 1508 2786 1568 Marcianus
2820 1514 3118 1582 imperator
3142 1532 3236 1585 per
3272 1516 3609 1571 Bonifacium

2049 1599 2394 1655 sacerdotem
2452 1602 2847 1658 Cbalcedonem
2898 1607 3046 1661 misit
3093 1607 3160 1661 ad
3213 1610 3500 1676 episcopos
3536 1609 3609 1662 ibi

2047 1700 2430 1760 cqngregatos,
2466 1693 2557 1760 qui
2593 1694 2930 1748 Bonifacium
2967 1713 3194 1752 numero
3226 1711 3608 1753 scxct‘ntorum

2051 1782 2264 1848 triginta
2297 1795 2716 1838 accensuerunt.
2749 1787 3097 1856 Fueruntque
3129 1791 3613 1844 ineonciliodisci-

370 1849 774 1946 amplexusfﬂ
805 1848 1147 1907 ThBOdOSiUS
1181 1853 1499 1922 imperitior.
1525 1854 1698 1924 Cujus
1724 1857 1936 1925 imperii
1971 1843 2014 1900 Β
2045 1843 2154 1937 puli
2181 1867 2452 1938 Euthymii
2485 1875 2664 1926 sancti
2702 1843 3320 1946 Stephanusepiscopus
3349 1881 3606 1944 Barabitc,

367 1952 515 1990 anno
541 1939 963 2008 quadragesimo
996 1951 1242 1999 mortuus
1289 1953 1371 1998 est
1402 1943 1689 2000 Flavianus
1715 1948 1943 2015 patriar~

368 2030 474 2082 cha
495 2018 1164 2101 Constantinopolitanus,
1189 2051 1347 2104 quem
1373 2039 1941 2092 exeommuuicaverat

366 2116 672 2192 Dioscorus
704 2127 717 2172 :'
750 2123 838 2176 cui
865 2123 917 2176 in
940 2125 1306 2192 patriarchatn
1331 2111 1938 2196 Constantinoliolitano

367 2209 638 2267 suffectus
676 2222 760 2268 est
785 2215 1154 2280 Athanasius,
1215 2217 1306 2286 qui
1361 2232 1484 2271 cum
1535 2235 1707 2275 annos
1745 2235 1934 2274 novem

363 2299 630 2368 sedisset,
655 2315 908 2360 mortuus
934 2315 1039 2362 est.
1065 2307 1195 2376 Ejus
1220 2309 1552 2374 praefectura:
1579 2327 1722 2367 anno
1741 2326 1936 2381 quarto

363 2393 470 2447 fuit
503 2395 797 2475 concilium
831 2405 1086 2467 quartum
1117 2401 1168 2453 in
1205 2401 1731 2461 urbe-Chalcedone.
1764 2404 1934 2461 Porro

360 2500 516 2540 anno
550 2488 702 2556 regni
759 2486 1049 2544 Theodosii
1102 2491 1521 2559 quadragesimo
1558 2495 1732 2564 primo
1788 2513 1929 2551 mor-

359 2584 496 2630 tuus
554 2587 638 2632 est
679 2578 942 2633 Domnius
999 2582 1306 2648 patriarcha
1354 2585 1726 2641 Antiochenus
1767 2604 1927 2655 quem

360 2670 938 2731 excommunicaverat
996 2672 1322 2740 Dioscorus,
1378 2679 1819 2748 constitutusque
1849 2689 1931 2734 est

359 2769 492 2829 post
523 2761 700 2830 ipsum
722 2763 1039 2830 patriarcha
1074 2765 1273 2820 ibidem
1311 2766 1600 2832 Maximus,
1630 2771 1721 2837 qui
1755 2786 1928 2824 annos

355 2857 602 2917 quatuor:
633 2851 796 2916 sedit,
829 2851 955 2906 dein
990 2863 1241 2910 mortuus
1269 2867 1373 2911 est.
1423 2857 1554 2928 Ejus
1593 2858 1927 2928 praefecturae

353 2957 510 3012 anno
554 2946 720 2998 tertio
775 2945 877 2998 fuit
921 2947 1215 3001 concilium
1269 2959 1521 3018 quartuut
1573 2952 1922 3008 Cbalccdoni.

353 3031 490 3087 Fuit
547 3041 729 3090 autem
777 3034 1087 3092 Theodosio
1134 3040 1450 3109 imperatori
1517 3058 1658 3096 uxor
1704 3046 1924 3100 nomine

355 3122 646 3192 Eudocia;
681 3143 915 3196 cumque
973 3129 1289 3199 imperatori
1343 3133 1603 3188 donatum
1652 3145 1796 3189 esset
1828 3153 1918 3203 po-

348 3233 510 3274 mum
562 3194 956 3289 tempore—quo
1007 3236 1114 3275 non
1167 3224 1531 3292 reperirentur
1578 3241 1759 3294 poma,
1808 3194 1994 3294 ipsec

351 3309 494 3364 illud
533 3310 785 3364 Eudociaa
815 3311 970 3364 uxori
1004 3310 1171 3378 dedit,
1203 3324 1260 3367 at
1289 3329 1413 3369 cum
1451 3328 1630 3381 postca
1671 3319 1760 3372 die
1784 3335 1924 3388 quo-

349 3401 486 3456 dam
519 3400 743 3456 domum
796 3402 1014 3478 patricii
1047 3405 1328 3472 cujusdam
1380 3407 1683 3476 ingressus,
1713 3411 1785 3464 ibi
1823 3427 1922 3478 po-

351 3507 510 3546 mum
548 3492 694 3547 istud
728 3477 1046 3561 t-epe'risset,
1079 3511 1221 3564 aegre
1244 3497 1530 3553 admodum
1559 3501 1922 3573 illudhabuit,

350 3582 694 3652 tristitiaque
727 3583 955 3638 affectus
985 3593 1088 3650 est,
1136 3587 1444 3654 suspicatus
1491 3603 1713 3643 uxorem
1757 3606 1911 3645 suam

352 3677 655 3733 Eudociam
690 3678 925 3748 patricio
958 3679 1046 3734 isti
1075 3680 1388 3735 amiciorem
1420 3695 1563 3737 esse.
1596 3681 1770 3750 Ipsam
1792 3697 1922 3751 ergo

350 3761 731 3842 Hierosolyma
771 3771 1054 3839 relegavit.

435 3860 648 3916 Mortuo
688 3860 997 3917 Theodosio
1055 3863 1282 3918 Juniore
1331 3863 1641 3918 Graecornm
1693 3851 1930 3934 impera?

347 3963 502 4019 tore,
537 3952 644 4023 92
683 3951 971 4022 imperavit
1026 3952 1162 4022 ipsis
1209 3952 1520 4008 Marcianus
1567 3970 1742 4009 annos
1791 3970 1922 4018 sex,

354 4045 523 4112 idque
545 4058 692 4102 anno
716 4041 1245 4114 regni-Yazdejerdis
1273 4043 1312 4097 f.
1344 4045 1596 4100 Bahrami
1628 4045 1920 4115 Persarum

352 4136 506 4204 regis
536 4134 753 4190 decimo
787 4146 1008 4205 quarto.
1046 4135 1143 4190 Ubi
1182 4147 1362 4190 autem
1394 4151 1562 4204 regno
1605 4137 1812 4205 potitus
1839 4145 1923 4190 est

349 4224 690 4291 Marcianus,
748 4227 1136 4282 convenientes
1189 4242 1268 4285 ex,
1301 4228 1558 4282 omnibus
1606 4228 1922 4297 regionibus

348 4317 625 4388 episcopi,
675 4317 890 4392 ipsique
933 4318 1218 4387 imperium
1271 4319 1510 4374 faustum
1566 4321 1920 4389 comprecati,

351 4415 549 4464 notum
579 4407 681 4477 ipsi
709 4409 957 4462 fecerunt
980 4424 1140 4478 quam
1168 4410 1352 4478 inique
1371 4411 1573 4475 egisset
1631 4411 1920 4465 concilium

2043 1968 2096 2014 et
2124 1958 2359 2015 Joannes
2386 1964 2677 2032 episcopus
2719 1959 3104 2022 Barbarorum.
3155 1968 3254 2022 Ubi
3309 1987 3439 2040 ergo
3474 1988 3605 2026 cou-

2042 2064 2326 2120 vcnerant,
2364 2055 2415 2107 in
2447 2054 2738 2111 falsitatem
2781 2060 3064 2112 sentcntiae
3102 2059 3342 2115 Dioscori
3376 2064 3608 2129 patriar—

2039 2145 2156 2198 chae
2206 2146 2562 2215 Alexandrini
2606 2149 3028 2217 iuquisiveruut,
3083 2161 3135 2205 et
3173 2153 3297 2220 quid
3351 2155 3418 2207 de
3467 2155 3607 2206 facto

2039 2235 2213 2302 ipsius
2235 2235 2378 2302 quod
2405 2233 2724 2305 Eutychetis
2747 2241 3070 2291 sententiam
3095 2242 3376 2307 amplexus
3406 2245 3602 2304 fuerat,

2038 2335 2086 2376 et
2119 2325 2172 2377 in
2209 2325 2407 2392 ipsum,
2437 2341 2654 2394 unaque
2688 2329 2740 2380 in
2780 2326 3154 2397 Eutychctcm,
3188 2333 3474 2384 anatln-ma
3507 2335 3602 2385 dc-

2039 2416 2382 2480 nuntiarunt,
2425 2424 2752 2480 statuentes,
2796 2419 3081 2473 Dominum
3122 2432 3365 2476 nostrum
3415 2420 3600 2476 Jv'snm

2035 2506 2311 2560 Christum
2355 2508 2520 2562 Deum
2555 2524 2676 2563 esse
2709 2510 3102 2580 etqbominem,
3152 2512 3437 2582 ipsumque
3462 2517 3604 2582 cjus-

2033 2593 2155 2646 dcm
2191 2611 2313 2650 esse
2341 2598 2595 2650 essentne
2623 2612 2746 2650 cum
2777 2597 2936 2651 Patre
2962 2601 3108 2668 quod
3141 2602 3205 2652 ad
3235 2593 3599 2667 (Ιίνιιιὶίδιιξιιι,

2032 2686 2383 2754 ejusdemque
2407 2702 2530 2741 cum
2562 2688 2720 2742 nobis
2745 2691 2886 2757 quod
2917 2692 2980 2743 ad
3009 2693 3419 2755 immanitatem,
3450 2703 3599 2746 utra-

2029 2793 2132 2846 que
2161 2786 2353 2830 natura
2377 2777 2639 2845 agnitum,
2668 2762 2964 2856 perfectum
2991 2780 3044 2833 in
3065 2781 3260 2834 divinit
3280 2790 3350 2834 ιω
3387 2799 3502 2843 sua,
3535 2791 3590 2833 rt
3621 2809 3625 2815 -

2031 2869 2327 2937 perfectum
2359 2870 2411 2923 in
2431 2870 2918 2946 humanitate'sua,
2947 2872 3219 2924 Christum
3246 2890 3432 2925 unum.
3459 2874 3598 2925 Con-

2031 2960 2420 3028 lirmaruntquc
2460 2959 2761 3016 doctrinam
2794 2945 3171 3030 episcoporum
3224 2972 3590 3016 trcccntorum

2027 3048 2328 3102 octodecim
2356 3048 2445 3116 qui
2481 3049 2678 3103 Nicaea:
2704 3059 3097 3113 convenerunt,
3132 3052 3360 3120 amplexi
3390 3053 3594 3104 dictum

2026 3141 2300 3208 ipsorum;
2339 3155 2459 3194 esse
2490 3141 2702 3195 scilicet
2733 3142 2930 3196 Filium
2977 3143 3123 3195 Patri
3156 3145 3594 3206 coesscntialcm,

2027 3230 2209 3284 lumen
2239 3229 2307 3284 de
2341 3230 2568 3294 lumine,
2602 3230 2767 3289 Deum
2801 3249 2985 3286 verum
3035 3235 3101 3286 de
3137 3234 3246 3286 Deo
3281 3251 3429 3296 vero,
3465 3251 3598 3287 ana-

2029 3323 2210 3376 thema
2257 3322 2418 3377 etiam
2457 3323 2710 3378 dixerunt
2753 3324 2863 3393 93
2907 3324 3054 3387 Ario,
3103 3333 3169 3376 et'
3205 3329 3598 3378 confirmarunt

2026 3412 2324 3467 doctrinam
2383 3414 2604 3468 eancilii
2658 3415 2885 3468 seCundi
2939 3427 3151 3468 centum
3199 3416 3595 3484 quinquaginta

2025 3503 2408 3571 episcoporum
2457 3505 2564 3569 qui
2597 3502 3090 3572 Constantinopoli
3117 3517 3306 3557 contra
3348 3505 3594 3559 Macedo-

2031 3594 2182 3648 nium
2223 3605 2615 3660 convenerant,
2688 3609 2995 3650 asserentes
3043 3596 3600 3665 Spiritum.sanctnm

2025 3702 2146 3742 esse
2198 3687 2396 3749 Deum,
2437 3703 2669 3756 esseque
2719 3688 2933 3742 Patrem
2982 3687 3178 3741 Filium
3226 3699 3282 3741 et
3331 3690 3596 3756 Spiritum

2025 3787 2275 3832 sanctum
2330 3777 2497 3833 Deum
2550 3793 2739 3844 unum,
2771 3794 2928 3831 unam
2983 3789 3260 3841 naturam,
3317 3788 3427 3834 trcs
3475 3795 3590 3846 pcr-

2024 3884 2209 3931 sonas,
2255 3878 2307 3922 et
2354 3877 2466 3923 tres
2490 3868 2832 3938 hypostascs.
2863 3867 3237 3922 Maecdonium
3269 3868 3432 3923 etiam
3461 3883 3593 3921 ana-

2025 3949 2472 4013 thematizarunt.
2499 3958 2904 4013 Conﬁrmarunl
2933 3961 3096 4014 etiam
3127 3960 3431 4014 doctrinam
3463 3975 3590 4011 con-

2023 4052 2134 4106 cilii
2167 4050 2340 4114 tertii,
2373 4065 2562 4104 eorum
2613 4067 2808 4120 nempe
2859 4053 2950 4120 qui
3004 4051 3202 4120 Ephesi
3257 4051 3426 4119 prima
3477 4051 3590 4104 vice

2024 4151 2444 4207 convenerant,
2485 4143 2738 4196 videlicet
2779 4143 3160 4211 episcoporum
3209 4143 3590 4206 ducentorum,

1991 4239 2210 4288 'contra
2232 4233 2587 4300 Nestorium;
2627 4235 2871 4289 dicentes
2918 4235 3139 4289 Mariam
3186 4235 3458 4304 Virginem
3503 4250 3588 4302 pe-

2025 4326 2236 4395 perisse
2266 4325 2458 4386 Deum,
2494 4325 2784 4379 Dominum
2822 4336 3063 4380 nostrum
3101 4324 3284 4380 Jesutn
3309 4325 3587 4380 Christum

2025 4417 2118 4487 qui
2153 4415 2400 4485 ejusdem
2449 4423 2542 4472 cst
2596 4431 2720 4492 cum
2761 4418 2921 4471 Patre
2962 4433 3065 4472 suo
3114 4428 3323 4472 natura:
3353 4418 3586 4480 divinae,

347 4497 658 4555 secundum
707 4498 1062 4568 Ephesinum,
1097 4509 1150 4555 et
1182 4499 1314 4569 quid
1366 4500 1584 4556 fecisset
1625 4501 1920 4591 Dioscorus
1952 4529 1998 4587 Ι)
2026 4507 2272 4577 ejusdem
2314 4523 2438 4562 cum
2479 4506 2798 4563 hominibus
2826 4519 3034 4562 natura:
3067 4510 3335 4572 humanae,
3367 4524 3430 4562 ac
3460 4525 3578 4561 cott-

352 4587 669 4659 patriarcha
718 4589 1137 4655 Alexandrinus,
1177 4592 1670 4646 cxcommunicatis
1719 4587 1918 4662 injuria

348 4679 686 4751 patriarchis
717 4682 808 4749 qui
841 4683 1040 4735 mortui
1074 4682 1310 4747 fuerant,
1345 4693 1398 4734 et
1438 4684 1764 4737 sententiam
1805 4683 1916 4738 Eu-

353 4771 594 4842 tychetis
628 4773 862 4828 inﬁdelis
893 4774 1170 4843 amplexus
1215 4789 1438 4847 eamque
1481 4785 1538 4827 ut
1571 4788 1753 4828 veram
1782 4791 1917 4832 con-

351 4865 607 4927 firmans,
651 4875 706 4919 et
745 4866 1020 4942 quomodo
1065 4866 1225 4920 ﬁdem
1271 4877 1327 4920 et
1379 4868 1701 4921 traditiones
1737 4883 1918 4922 corru-

351 4952 547 5024 placet,
591 4956 726 5020 adeo
763 4967 819 5008 ut
847 4957 1164 5012 Eutvcbetis
1190 4959 1457 5012 scntentia
1486 4960 1626 5035 apud
1672 4959 1916 5013 homines

353 5047 738 5102 im'alesccrel.
798 5047 972 5118 Jussit
1037 5066 1165 5119 ergo
1230 5049 1538 5105 Marcianus
1595 5066 1687 5104 rex
1750 5050 1913 5105 scribi

353 5137 570 5194 litteras
605 5139 671 5193 ad
707 5140 944 5204 Leonem
987 5143 1353 5210 patriarchatn
1386 5142 1715 5206 Romanum,
1750 5142 1917 5195 Maxi—

353 5247 502 5286 mum
543 5233 908 5302 patriarcham
940 5228 1332 5290 Antiochenutit
1363 5247 1416 5290 et
1447 5224 1744 5290 Buﬁavium
1776 5234 1912 5306 [Ju-

353 5321 669 5394 venalium]
709 5324 1076 5392 patriarcham
1111 5323 1680 5396 Hierosolymitanum,
1711 5335 1768 5380 ut
1806 5341 1912 5381 una

353 5429 482 5468 cum
504 5413 1210 5485 metropolitisetepiscOpis
1249 5418 1360 5470 suis
1395 5418 1756 5480 accederent;
1794 5418 1908 5471 dari

353 5505 520 5560 etiam
557 5505 771 5561 litteras
801 5507 866 5558 ad
901 5507 1185 5575 episcOpos
1215 5507 1304 5575 qui
1347 5522 1376 5561 e
1409 5506 1716 5561 Grazcorum
1751 5509 1910 5562 terri-

355 5597 500 5652 torio
523 5606 710 5652 essent
740 5605 797 5652 ut
822 5613 1014 5652 omnes
1041 5598 1371 5653 Chalcedoui
1404 5601 1774 5663 convenirent,
1800 5617 1908 5669 quo

358 5686 428 5741 de
458 5686 727 5744 sententia
780 5686 1095 5757 Eutychetis
1140 5689 1470 5758 dispiccrcnt
1515 5691 1907 5759 disquircrcnl-

2021 4599 2154 4655 fessi
2186 4600 2324 4654 duas
2353 4615 2494 4668 essp,
2525 4600 2748 4654 Christo
2793 4611 3044 4666 naturas,
3073 4615 3358 4670 personam
3403 4617 3584 4663 unam,

1969 4758 1975 4763 _
2022 4689 2342 4760 hypostasin
2370 4707 2572 4758 unam;
2618 4702 2672 4745 et
2695 4673 3016 4757 Nestorium
3058 4695 3405 4746 anathemate
3428 4693 3580 4744 devo.

2020 4792 2236 4850 verunt,
2291 4800 2392 4840 nec
2443 4800 2554 4838 non
2603 4783 2947 4851 Dioscorum,
3003 4792 3058 4838 et
3111 4784 3363 4853 quisquis
3419 4783 3586 4850 ipsius

2019 4873 2342 4928 sententiam
2361 4874 3100 4942 amplecteretur,ipsumque
3124 4874 3242 4926 loco
3263 4871 3580 4926 abdicarunt

2019 4967 2308 5020 anathema
2325 4967 2487 5018 etiam
2507 4964 2765 5020 dixerunt
2785 4966 3017 5020 concilio
3036 4964 3278 5025 secundo
3293 4963 3584 5031 Ephesino.

2019 5055 2314 5124 Adfuitque
2365 5055 2500 5108 huic
2543 5055 2778 5109 concilio
2823 5055 3238 5109 archidiaconus
3267 5054 3586 5108 Alexandri-

2019 5162 2123 5200 nus
2156 5147 2374 5200 nomine
2404 5146 2710 5208 Proterius,
2756 5163 2917 5216 quem
2959 5147 3320 5216 patriarchatn
3358 5148 3580 5199 Λιυκιιιιο

2018 5236 2147 5290 dria:
2167 5236 2288 5289 loco
2316 5237 2556 5292 Dioscori
2590 5237 2842 5300 inﬁdelis,
2881 5237 3178 5302 maledicti,
3207 5238 3578 5305 praefecerunt.

2086 5327 2204 5380 .lam
2249 5343 2279 5381 a
2308 5329 2544 5402 concilio
2577 5309 2762 5392 tertio,
2805 5327 3080 5396 Ephesiae
3116 5328 3325 5382 scilicet
3363 5329 3576 5393 cpisco-

2016 5435 2206 5489 porum
2245 5403 2602 5474 ducentorum
2631 5421 2725 5488 qui
2775 5419 2946 5486 prima
2992 5420 3112 5473 vice
3149 5417 3346 5485 Ephesi
3379 5431 3575 5469 conveo

2015 5511 2227 5565 trientes
2275 5509 2582 5565 Nestorium
2640 5513 2992 5580 anathemate
3047 5517 3457 5595 percusserunt,
3508 5507 3573 5559 ad

2012 5611 2284 5674 quartum
2323 5603 2422 5655 hoc
2462 5600 2757 5668 concilium
2805 5601 2948 5672 quod
2977 5600 3302 5655 ChalcedOni
3339 5599 3575 5652 habitum

1957 5753 1964 5759 _
2010 5683 2116 5756 cst,
2170 5693 2294 5746 anni
2342 5701 2468 5756 sunt
2519 5687 2715 5762 viginti
2750 5709 2914 5756 unus,
2958 5691 3064 5746 hoc
3110 5705 3304 5760 nempe
3355 5689 3409 5742 iu
3441 5686 3570 5758 91o

356 5792 484 5866 quo,
514 5788 573 5835 'ct
600 5777 670 5836 dc
715 5777 854 5837 facto
892 5778 1134 5837 Dioscori
1186 5782 1506 5851 patriarcha:
1553 5783 1902 5841 Alexandrini
2009 5785 2119 5855 99
2170 5801 2275 5854 quo
2321 5769 2706 5847 convcttct‘rhut
2743 5776 2985 5854 epis-cepi
3043 5781 3288 5839 sexcenti
3332 5780 3530 5860 triginta
