4038 6446
170 317 310 384 1057

1578 310 1943 374 ANNALES.

3223 312 3361 375 1058

168 426 284 496 (qui
306 416 743 480 archidiaconus
790 420 990 493 fuerat)
1012 419 1329 491 patriarcha
1358 416 1595 485 ibidem;
1625 418 1714 474 Ja-
1741 419 1791 481 Α
1814 418 1900 474 nis
1929 417 2274 489 imperatoris
2303 416 2461 473 Rom.
2490 417 2798 476 undecimo.
2830 419 2989 475 Anno
3018 420 3229 475 decimo
3252 437 3356 478 ωτ-
3430 428 3432 431 '

168 516 345 585 cubita
382 515 520 581 fuit;
554 516 692 571 sedit
713 529 883 569 annos
917 528 1011 569 sex
1073 521 1128 567 et
1156 509 1273 565 dies
1307 510 1543 581 triginta,
1587 511 1709 566 dein
1812 510 1889 564 tio
1915 510 2126 579 imperii
2150 509 2396 579 ejusdem
2418 508 2747 563 constitutus
2772 518 2855 573 est
2876 502 3023 567 Felix
3048 509 3353 579 patriarcha

166 592 703 675 Constantinopolim
731 603 865 672 fugit
892 612 1259 672 reversusque
1288 613 1368 654 est
1401 598 1712 655 Timotheus
1812 599 2109 666 Romanus,
2144 601 2235 668 qui
2266 608 2441 655 annos
2477 607 2603 653 octo
2626 600 2787 675 sedit.
2824 599 2949 655 dein
2982 608 3363 657 mortuus-est.

164 696 494 763 cognomine
553 694 729 750 Surus
774 709 806 749 a
861 693 998 748 valle
1054 692 1227 746 Habib
1271 691 1388 761 (vel
1413 692 1712 747 secundum
1812 692 1980 747 Porro
2008 676 2546 763 Phiruerasdejerdi
2580 692 2744 756 Illius;
2777 678 3059 747 Persarum
3086 709 3202 758 res,
3231 693 3368 746 duas

165 782 311 837 aliud
333 784 635 852 exemplar,
654 782 981 838 monasterio
1015 780 1382 849 llabib,'quod
1408 778 1524 835 sine
1551 779 1718 834 dubio
1815 784 1869 839 in
1888 783 2099 839 ‘Cascar
2138 780 2300 841 urbes
2325 784 2598 849 condidit,
2620 798 2852 855 quarum
2872 778 3155 838 una‘Duris
3183 783 3367 841 Purus.

164 874 354 928 verius
387 881 513 939 est),
536 882 591 927 et
618 887 739 927 cum
766 874 820 925 in
846 870 1103 925 cathedra
1124 864 1465 947 patriarchali
1485 879 1717 948 quatuor

1837 881 1987 934 tltera
2014 877 2148 932 llam
2176 880 2376 945 Firus;
2412 880 2611 936 deinde
2638 878 2826 949 copias
2846 874 2977 934 suas
2999 876 3365 931 Cllorassnunt

166 964 329 1018 ἠυδε
374 962 614 1020 καίοῦεὶ
659 967 1052 1025 ωοτι⁰υ⁸.θ⁸ιο
1080 961 1236 1028 Αηηρ
1274 962 1424 1031 τεεηί
1468 961 1715 1031 eiusdem
1815 986 2011 1027 versus
2038 970 2225 1026 eduxit
2257 970 2327 1033 ad
2374 971 2740 1026 invadendum
2764 969 3138 1026 Chashnawa‘r
3178 969 3368 1035 :qund

168 1052 414 1109 Zendnis
457 1066 602 1105 nono
651 1049 989 1105 Alexandria
1018 1050 1236 1119 quidam
1287 1050 1458 1120 ipsius
1497 1051 1719 1108 nomine

1837 1077 1938 1115 :um
1993 1060 2369 1118 Chashnavvar
2412 1056 2674 1129 lliyatela
2726 1052 2838 1129 rex:
2870 1056 3054 1117 Belehi
3109 1036 3409 1117 audisset,

164 1140 460 1217 praefectus
494 1143 638 1225 VEbn
685 1139 887 1197 Gustus
936 1130 1196 1195 Joannem
1241 1140 1437 1195 ibidem
1486 1140 1717 1211 patriar-

166 1237 328 1322 cham
363 1232 674 1298 constituit,
695 1231 787 1301 qui
818 1230 1060 1286 Jacohita
1089 1231 1211 1295 fuit,
1234 1231 1417 1300 ibique
1445 1246 1540 1284 sex
1572 1243 1722 1283 men-

166 1318 256 1380 ses
318 1318 481 1379 sedit.
510 1323 721 1379 Deinde
786 1322 949 1380 alius,
979 1322 1361 1377 Alexandriam
1413 1332 1471 1372 a-
1504 1318 1722 1373 Zenone

1818 1148 2293 1221 me‘tu'pereulsus
2331 1150 2646 1203 convocatis
2693 1147 2916 1201 suorum
2979 1147 3223 1203 maxime
3251 1146 3376 1200 ﬁdis

1817 1241 2112 1297 consilium
2177 1241 2245 1295 ab
2279 1240 2471 1311 ipsis.
2501 1240 2676 1318 petiit.
2726 1239 2970 1305 Quorum
3034 1249 3165 1308 ergo
3226 1253 3373 1291 unus
3441 1305 3445 1309 _

1818 1334 1991 1404 ipsum
2027 1332 2185 1402 ιι,
2214 1332 2287 1387 ita
2337 1329 2531 1386 alatus
2555 1340 2643 1408 est
2671 1328 2777 1385 :-Sl
2804 1335 3255 1404 pactum'mecum
3286 1329 3376 1380 llr-

168 1415 467 1487 pmfeetus
506 1415 726 1470 nomine
752 1412 1103 1483 Augustalius
1145 1413 1467 1476 missusest,
1505 1412 1723 1482 unaque

1837 1435 1966 1477 num
1994 1409 2206 1487 inieris}
2250 1420 2337 1474 cui
2368 1410 2787 1493 tuteconddere
2818 1415 3047 1487 possim,
3079 1423 3134 1469 te
3157 1411 3375 1493 familia:
3406 1476 3409 1480 η

166 1520 295 1559 cum
342 1505 464 1576 ipso
491 1503 682 1560 Petrus
724 1502 1027 1574 patriarcha
1079 1501 1174 1572 qui
1213 1500 1719 1571 Constantinopolin

1837 1521 1873 1567 lt
1902 1512 2194 1567 liberorum
2225 1490 2472 1566 ineorum
2497 1509 2816 1571 alendorum
2848 1522 3036 1564 curam
3071 1490 3377 1575 gesturum,

133 1648 138 1653 .
165 1596 409 1673 ingerat.
436 1594 549 1650 Ebn
582 1593 785 1650 Gustus
812 1607 945 1648 vero
980 1584 1267 1663 praefectus
1301 1592 1372 1646 ab
1405 1593 1723 1665 Augustalio

1837 1614 2047 1689 neaqne
2075 1601 2193 1658 vice
2210 1602 2346 1689 ipsis
2376 1595 2641 1666 futurum,
2670 1601 2951 1657 ostendam
2984 1596 3084 1653 tibi
3124 1612 3238 1652 rem
3269 1611 3378 1665 qua

168 1686 296 1759 iuga
338 1699 402 1740 se
445 1684 731 1756 proripuit,
786 1697 890 1737 una
919 1679 1107 1752 etiam”
1125 1682 1361 1753 fugiente
1388 1683 1598 1739 Joanne
1626 1699 1719 1755 pa-

167 1775 437 1831 triarcha.
479 1762 862 1843 Reversust'we
893 1774 1049 1844 108
1074 1761 1266 1829 Fetrus
1293 1775 1600 1845 patriarcha
1631 1778 1722 1846 qui

168 1869 409 1938 fugerat,
447 1868 504 1922 in
562 1867 741 1933 locum
789 1882 970 1931 suum,
1011 1855 1186 1921 annos
1227 1874 1352 1920 octo
1398 1867 1558 1932 sedit,
1598 1869 1730 1924 dein

168 1969 428 2015 mertuus
456 1968 556 2015 est.
617 1958 772 2013 Anno
801 1960 1012 2014 decimo
1057 1968 1213 2014 sexto
1254 1960 1465 2027 httperii
1494 1960 1727 2019 Zenonis

171 2051 379 2105 factus'
418 2058 504 2106 est
551 2050 757 2106 Abinas
808 2050 1115 2119 patriarcha
1164 2051 1586 2116 Alexandrinus,
1631 2052 1726 2122 qui

166 2140 441 2197 Jacobita'
470 2139 594 2203 fuit,
649 2150 857 2210 septem
896 2154 1068 2195 annos
1107 2140 1287 2205 sedit;
1324 2142 1450 2198 dein
1480 2150 1728 2199 mortuus

168 2241 275 2287 est.
304 2231 503 2285 Multas
528 2230 867 2285 Alexandria:
894 2230 1153 2286 ecclesias
1184 2233 1475 2299 exstruxit,
1524 2233 1725 2288 multab

151 2339 279 2395 ,σεο
309 2330 683 2378 monumenta.
708 2319 785 2375 Eo
803 2329 1041 2390 tempore
1061 2316 1411 2394 conﬂagravit
1431 2323 1729 2395 ﬂippcdro-

178 2426 299 2467 Inus
331 2426 566 2480 magnus
604 2410 695 2480 qui
725 2425 755 2464 a
786 2408 1076 2464 Ptolomzo
1097 2410 1188 2479 qui
1217 2412 1626 2481 cognominatus
1645 2404 1730 2470 est

171 2500 354 2578 Lagus
367 2495 709 2567 Alexandria}
728 2508 1038 2556 exstructus
1056 2488 1079 2553 i'
1078 2510 1253 2567 uerat,
1270 2502 1325 2556 in
1341 2516 1449 2572 quo
1460 2511 1731 2559 crematus

172 2591 356 2649 iuerat
393 2590 672 2646 Proterius
706 2591 1032 2661 patriarcha.
1070 2592 1228 2646 Anno
1252 2593 1484 2662 septimo
1516 2592 1730 2664 imperil

174 2679 416 2737 Zenonis
430 2682 757 2738 constitutus
771 2690 856 2737 est
875 2680 1085 2739 Melitns
1104 2674 1732 2763 patr'i'arcballierosoly-
1784 2724 1791 2730 .

174 2772 440 2835 mitanus,
452 2772 541 2841 qui
554 2770 799 2826 Jacobita
815 2769 1075 2849 fuit,octo
1090 2774 1572 2849 anno_ssedit,|dein
1591 2789 1733 2829 mor-

176 2872 306 2917 tuus
344 2871 453 2918 est.
486 2864 643 2916 Anno
676 2863 885 2933 imperii
906 2864 1148 2932 eiusdem
1182 2866 1393 2922 decitno
1411 2874 1566 2922 sexto
1580 2881 1733 2922 crea-

174 2960 265 3007 tus
293 2963 379 3006 est
399 2950 512 3005 Elis
545 2952 854 3021 patriarcha
876 2950 1401 3025 Hierosolymitauus
1425 2956 1517 3026 qui
1557 2968 1733 3011 annos

1828 1686 1973 1750 Deus
1992 1694 2285 1749 Phirdxum
2313 1686 2373 1749 in
2404 1700 2739 1763 potestatem
2758 1701 2907 1746 tuam
2931 1690 3159 1759 rediget.
3180 1760 3185 1763 _
3208 1686 3381 1741 Cum-

1826 1798 1934 1855 que
1951 1784 2056 1838 hoe
2090 1778 2330 1854 rex‘ipSi
2384 1788 2577 1854 pictus
2620 1790 2766 1838 esset
2783 1786 2820 1837 ἰ
2846 1780 3146 1847 Colligatis,
3201 1779 3381 1846 inquit

1824 1876 1957 1930 mihi
2013 1873 2264 1948 matribus
2294 1881 2371 1929 ‘et
2415 1864 2668 1943 pedibus,
2721 1874 2801 1942 (at
2834 1870 2889 1925 in
2930 1869 3039 1925 alio
3085 1866 3378 1933 exemplari

1824 1966 2113 2029 sbscissis,
2147 1960 2292 2035 qunti
2324 1961 2661 2019 'sine.dubio
2700 1961 2903 2017 rectius
2930 1956 3038 2029 est)
3085 1972 3171 2012 me
3210 1957 3263 2010 in
3294 1956 3382 2028 via

1826 2055 2059 2114 Phiruio
2090 2056 2345 2126 obiicias,
2395 2058 2470 2109 ita
2495 2070 2601 2125 ego
2641 2063 2695 2109 te
2726 2042 2993 2123 ab—ipsius
3032 2051 3251 2105 incursu
3280 2046 3385 2103 itu-

1826 2164 2043 2206 mttnem
2068 2149 2361 2219 praestabo.
2410 2146 2564 2213 Quod
2602 2152 2727 2201 cum
2760 2145 2856 2201 illi
2888 2132 3110 2199 fecisset
3134 2140 3384 2198 sublatus

1826 2252 1944 2324 est.
1970 2247 2131 2311 atque
2160 2242 2215 2295 in
2244 2241 2429 2294 locum
2453 2250 2610 2308 quem
2636 2238 2879 2308 iusserat
2907 2234 3203 2324 proiectus.
3262 2230 3387 2285 red-

1828 2318 2091 2388 erratibus
2105 2328 2220 2404 [qui
2242 2326 2393 2385 illum
2422 2343 2488 2384 eo
2512 2325 2892 2399 deduxerant].
2910 2318 3014 2381 Ubi
3043 2332 3174 2401 ergo
3188 2322 3387 2377 Phirtts

1828 2424 1950 2477 illac
1977 2413 2263 2487 transiret,
2302 2429 2593 2488 ipsumque
2637 2417 2767 2491 quid
2796 2413 2903 2486 ipsi
2929 2404 3200 2470 evenisset
3225 2422 3385 2483 roga-

1832 2516 1910 2566 ret
1938 2526 1954 2564 :
1986 2507 2099 2579 Ego
2127 2507 2349 2577 (inquit)
2379 2521 2410 2561 e
2431 2506 2749 2575 proceribus
2770 2503 2851 2561 fui
2885 2503 3261 2575 Ilitalensium,
3292 2498 3389 2570 qui

1830 2614 1951 2657 eum
1983 2611 2241 2653 accessus
2272 2598 2354 2651 tui
2391 2584 2533 2650 fama
2577 2594 2647 2648 ad
2680 2609 2777 2648 nos
2818 2593 3160 2663 pervenisset
3183 2606 3229 2643 κα
3264 2606 3387 2659 rego

1828 2687 2203 2746 Chashnavvar
2232 2687 2375 2739 inter
2420 2683 2664 2760 reliquos
2699 2680 2870 2752 ipsius
2916 2680 3146 2735 comites
3175 2684 3394 2758 sentem

1829 2780 1958 2834 tiam
1980 2768 2239 2847 rogatus,
2267 2776 2445 2845 palam
2476 2774 2589 2829 dixi
2621 2780 2729 2828 non
2757 2785 2918 2842 posse
2948 2772 3128 2842 ipsum
3156 2771 3391 2827 Plriru'szt

1832 2882 1940 2941 pro
1993 2867 2195 2935 insigni
2261 2868 2435 2936 ipsius
2485 2863 2805 2940 ~fortitudine
2868 2863 3173 2927 obsistere,
3222 2877 3392 2930 quare

1832 2962 2003 3018 satius
2030 2950 2298 3031 (inquain)
2322 2954 2420 3013 tibi
2458 2942 2548 3012 est
2578 2966 2644 3027 ut
2666 2958 2843 3027 ipsum
2873 2953 3083 3012 tributo
3126 2964 3180 3009 et
3213 2956 3389 3025 prelin

175 3034 368 3111 viginti
406 3049 642 3111 quatuor
666 3041 934 3111 sedit(vsl
962 3046 1262 3100 secundum
1284 3045 1432 3101 aliud
1457 3047 1733 3116 exemplar
1760 3064 1805 3120 ο
1836 3066 1944 3122 quo
1972 3054 2026 3105 te
2045 3052 2286 3105 redimas
2318 3037 2676 3118 sggredlaris.
2712 3044 2807 3101 llle
2838 3054 2969 3113 ergo
2996 3044 3077 3097 ira
3103 3044 3274 3106 inme
3302 3057 3397 3096 ac—

176 3126 617 3201 qnatuordecitn)
662 3132 964 3201 struxitque
988 3132 1252 3189 ecclesias
1290 3132 1459 3206 [inter
1488 3136 1735 3209 caeteras]

175 3223 469 3277 ecclesiam
491 3221 723 3287 Helene,
751 3238 912 3292 quam
934 3238 1039 3278 non
1056 3224 1283 3292 perfecit
1310 3242 1328 3281 :
1356 3227 1741 3297 relegatusque
1772 3243 1784 3251 ’

178 3323 261 3367 est
295 3314 452 3368 llam.
486 3312 562 3379 Eo
592 3321 835 3391 tempore
865 3311 1255 3385 Hierosolymis
1272 3314 1536 3385 fuitAnba
1556 3314 1736 3371 Theo-

178 3400 371 3457 dosius
417 3422 431 3451 ε
447 3402 649 3457 mnobii
678 3402 1205 3467 Aldawacesi,.Anba
1222 3404 1480 3473 Chariten
1502 3406 1739 3463 cmnobii

178 3493 241 3547 Al
268 3492 419 3548 Saiki
445 3492 665 3558 veteris,
709 3492 861 3548 Auba
911 3492 1053 3549 Saba
1091 3481 1297 3550 Alsaiki
1344 3496 1492 3561 novi,
1535 3512 1741 3567 prum.

180 3585 297 3641 siti.
327 3587 486 3651 Anno
518 3593 675 3639 sexto
702 3584 916 3653 imperii
953 3583 1191 3640 Zenonis
1225 3584 1404 3642 factus
1435 3585 1739 3656 Euphuitus

1836 3156 2058 3207 census,
2088 3141 2163 3196 ita
2194 3152 2284 3195 me
2316 3140 2395 3194 uti
2424 3130 2582 3194 vides
2606 3138 2834 3191 tractari
2857 3133 3041 3206 jussit,
3102 3134 3250 3188 illum
3282 3132 3392 3203 (tn.-

1835 3234 2051 3306 quieus)
2087 3246 2249 3302 quem
2289 3232 2574 3300 tantopere
2605 3228 2797 3282 laudas
2841 3226 3007 3279 adeas
3041 3242 3059 3281 :
3088 3224 3398 3279 accersitis-

1834 3339 1942 3401 que
1966 3340 1999 3380 e
2027 3323 2290 3377 militibus
2327 3321 2446 3377 suis
2476 3317 2844 3389 quibusdam:
2889 3313 3125 3394 Profecti
3177 3312 3345 3384 (inqui
3372 3314 3392 3381 )

1838 3408 1983 3471 hunc
2011 3414 2079 3469 ad
2106 3412 2405 3468 Pbirusutn
2434 3408 2664 3466 deferte.
2708 3404 3135 3462 Iisericordlsm
3184 3420 3315 3473 ergo
3342 3416 3419 3459 (ιι-

1837 3506 2179 3563 clementiam
2232 3494 2379 3559 lusit
2428 3500 2563 3557 mihi
2616 3498 2917 3556 extendens
2959 3512 3045 3552 me
3080 3507 3256 3551 tecum
3302 3496 3403 3550 sh-

1779 3640 1783 3649 .
1840 3598 1963 3675 duci
1991 3599 2184 3665 iubeas
2215 3580 2283 3649 ne
2310 3607 2341 3648 a
2369 3591 2500 3648 feria
2532 3590 2633 3646 hoc
2660 3590 2715 3645 in
2750 3590 2969 3644 deserto
2995 3586 3243 3643 dilanier.
3286 3585 3405 3655 Ego

182 3674 496 3756 patriarcha
538 3675 1172 3756 Constantinopolitanus
1200 3718 1215 3742 ,
1273 3677 1518 3747 quinque
1569 3664 1777 3733 anuosaé
1839 3664 2167 3746 ωίωῇοωι
2189 3678 2537 3756 ιιι-ιιι
2584 3682 2730 3736 viam
2785 3682 2891 3737 ista
2928 3678 3229 3735 breviorem
3259 3676 3401 3732 indi.

186 3752 347 3832 sedit,
378 3765 505 3821 dein
533 3754 781 3820 mortuus
803 3772 906 3820 est.
931 3764 1089 3819 Anno
1121 3754 1334 3835 imperii
1360 3767 1601 3835 ejusdem
1629 3783 1740 3827 ,un-

187 3857 561 3927 decimo.(vel
611 3855 909 3909 secundum
960 3856 1105 3909 aliud
1152 3857 1433 3926 exemplar
1483 3858 1743 3913 vicesimo

185 3948 391 4017 primo)
418 3946 756 4013 constitutus
793 3954 886 4001 est
910 3946 1231 4017 Euthymius
1254 3947 1568 4017 patriarcha
1593 3942 1743 4004 Con-
1772 4012 1775 4015 _

151 4079 154 4082 .
190 4038 737 4117 stantinopolitanns,
802 4038 893 4104 qui
942 4039 1130 4091 decem
1158 4038 1359 4095 annos
1401 4038 1564 4104 sedit,
1615 4040 1774 4093 dein'

194 4114 443 4185 murtuus
473 4112 762 4183 unum
810 4126 1158 4197 109-111
1192 4127 1369 4196 primo
1396 4127 1608 4214 imperii
1647 4129 1745 4183 Ze-

195 4225 353 4278 no‘nis
390 4221 693 4278 Antiochia:
724 4221 1029 4289 patriarcha
1083 4221 1373 4287 praefectus
1410 4228 1495 4275 est
1530 4221 1742 4285 Petrus,

195 4325 556 4386 cognomento
591 4306 767 4375 Fullo,
812 4309 1056 4367 Jacohita
1092 4310 1215 4377 fuit,
1261 4326 1357 4366 sex
1383 4326 1556 4367 annos
1580 4311 1745 4377 sedit,

1842 3781 1979 3835 csso
2003 3792 2114 3848 qua
2135 3776 2638 3830 Achashuasrarum
2666 3773 2722 3827 in
2746 3772 2818 3831 iis
2845 3771 2937 3826 ubi
2963 3786 3024 3826 se
3052 3763 3289 3824 maxime
3318 3777 3400 3823 tn-

1842 3874 1952 3939 tum
2000 3852 2174 3937 putat,
2222 3867 2358 3921 locis
2410 3863 2731 3919 adoriantini
2789 3869 2847 3917 ut
2921 3861 3213 3919 vindictam
3265 3859 3403 3915 mihi

1844 3958 1995 4013 Deus-
2017 3944 2085 4012 de
2105 3958 2226 4028 ipso
2252 3958 2457 4011 sumat.
2487 3952 2587 4007 Via
2614 3961 2791 4008 autem
2828 3966 2990 4022 quam
3028 3952 3181 4006 vobis
3209 3960 3389 4005 osten-

1842 4062 2015 4102 surus
2032 4059 2157 4101 sum
2181 4045 2333 4100 bidui
2360 4050 2567 4099 tantum
2586 4045 2702 4098 iter
2726 4052 2807 4097 est
2825 4081 2841 4107 ,
2864 4058 2974 4113 quo
3000 4057 3068 4097 eo
3098 4058 3203 4111 qun
3239 4034 3408 4095 vultis

1844 4136 2192 4208 pervenistis.
2226 4133 2352 4191 liae
2380 4134 2468 4189 ubi
2504 4134 2809 4188 andiissent
2835 4134 2926 4203 qui
2950 4131 3182 4186 Pltiruso
3218 4147 3245 4183 a
3270 4142 3405 4186 eum

1808 4242 1809 4245 ‘
1846 4206 1986 4283 siliis
2005 4234 2184 4290 erant,
2209 4225 2396 4280 dolum
2421 4226 2492 4279 ab
2517 4225 2930 4299 Achsltanvraro
2976 4232 3243 4278 structum
3279 4206 3423 4291 per;

1848 4314 2424 4384 cipientes,vdixeruut
2454 4313 2557 4382 ipsi
2597 4330 2614 4367 :
2645 4313 2742 4369 Vir
2770 4307 2871 4367 i'ste
2908 4313 2960 4365 in
2992 4312 3282 4366 consilium
3313 4326 3411 4363 vo-

196 4407 321 4461 dein
352 4408 627 4475 relegatus
670 4411 755 4459 est
818 4404 924 4486 (vel
958 4403 1255 4458 secundum
1293 4402 1443 4479 aliud
1468 4403 1742 4472 exemplar
1778 4387 1822 4443 ι)
1848 4414 2005 4462 catus
2046 4420 2145 4475 pro
2167 4403 2495 4460 scientiaeet
2536 4403 2837 4474 prudentia:
2869 4417 2982 4456 suae
3010 4402 3191 4466 modo,
3222 4402 3411 4463 constt

198 4499 331 4552 duos
374 4494 593 4563 annos),
642 4498 695 4548 in
719 4507 877 4565 quem
908 4494 1190 4547 anathema
1218 4492 1354 4546 dixit
1387 4492 1620 4564 Basilius
1650 4508 1745 4563 pa-

199 4581 433 4641 triarcha
467 4583 747 4639 Romanus
768 4620 788 4650 ,
833 4584 1117 4673 ipsumque
1150 4580 1281 4635 sede
1310 4581 1490 4651 ejecit.

268 4678 391 4745 Quo
445 4678 621 4747 pulso,
653 4674 954 4729 Antiochia:
1005 4673 1311 4745 patriarcha
1386 4682 1512 4742 post
1574 4674 1747 4743 ipsum

202 4771 528 4824 constitutus
563 4777 647 4821 est
676 4764 1021 4835 Stephanus;
1069 4765 1159 4834 qui
1190 4772 1313 4818 cum
1348 4778 1547 4816 annum
1582 4778 1747 4817 unum

205 4858 457 4922 sedisset,
509 4865 758 4911 mortuus
804 4863 907 4911 est.
951 4852 1059 4923 Ipsi
1083 4854 1277 4909 ibidem
1326 4854 1589 4908 successit
1635 4854 1755 4909 Ste-

207 4950 420 5017 phanus
446 4948 581 5002 alter
604 4988 622 5013 ,
676 4942 769 5019 qui
816 4963 907 5003 sex
930 4962 1143 5002 menses
1212 4946 1353 5002 sedit
1383 4985 1404 5011 ,
1431 4946 1557 4999 dein
1606 4960 1752 5000 mor-

206 5048 330 5094 tuus
372 5036 680 5113 ωηροειί
751 5038 925 5106 ipsum
986 5037 1181 5089 ibidem
1244 5036 1549 5104 patriarcha
1626 5050 1756 5091 con-

210 5127 430 5182 stitutus
471 5110 554 5182 est
594 5110 830 5190 Clidiou,
857 5126 949 5195 qui
1003 5123 1359 5179 Nestorianus
1387 5124 1488 5178 iuit
1526 5143 1541 5179 :
1583 5141 1756 5181 annos

212 5232 442 5285 quatuor
514 5206 725 5284 sedit,
775 5216 895 5301 dein
952 5225 1192 5270 mortuus
1249 5224 1353 5291 est.
1404 5214 1541 5275 Tum
1578 5203 1756 5270 rever»

191 5322 306 5362 'sus
356 5308 550 5363 Petrus
617 5306 779 5361 Fullo
835 5306 1150 5376 patriarcha
1204 5306 1759 5374 Antiochenusgoclo

216 5412 382 5453 annos
431 5399 601 5459 sedit,
646 5399 769 5451 dein
839 5406 1077 5451 mortuus
1149 5407 1249 5453 est.
1296 5396 1415 5465 (vel
1466 5398 1759 5451 secundum

221 5486 364 5540 aliud
422 5486 694 5554 exemplar
745 5498 854 5561 tres
898 5485 1115 5551 annos).
1155 5483 1284 5539 Post
1338 5490 1513 5553 ipsum
1564 5486 1759 5539 ibidem

224 5577 743 5646 patriarcliaJ‘actus
787 5587 869 5631 est
914 5575 1187 5638 Paladius,
1236 5578 1327 5645 qui
1367 5576 1551 5631 decem
1591 5591 1762 5633 annos

225 5666 374 5737 sedit,
406 5672 528 5727 dein
561 5680 807 5727 mortuus
830 5662 954 5738 est,’
976 5668 1137 5740 idque
1168 5684 1310 5725 anno
1341 5668 1552 5739 imperii
1586 5668 1761 5725 Zeno-

1848 4498 1978 4553 lium
2009 4497 2184 4562 dedit,
2206 4496 2352 4566 quod
2377 4496 2455 4551 ab
2481 4494 2603 4565 ipso
2623 4492 2769 4553 dolo.
2794 4492 3019 4549 factum.
3068 4493 3221 4559 Quod
3250 4494 3295 4547 si
3332 4493 3409 4545 ita

1849 4583 2003 4644 illum
2046 4586 2384 4643 Acshanwsr
2425 4586 2506 4639 ira
2537 4593 2843 4641 commotus
2878 4584 3162 4638 multasset
3208 4598 3409 4652 nequa-

1848 4684 2008 4751 qu'am
2059 4678 2236 4747 ipsum
2283 4676 2440 4732 nobis
2472 4675 2531 4745 in
2570 4676 2674 4731 hoc
2711 4676 2925 4731 deserto
2967 4674 3284 4744 objecisset.
3330 4673 3411 4726 Ne

1853 4772 2022 4841 igitur
2052 4769 2214 4823 dictis
2236 4768 2405 4837 ipsius
2428 4765 2645 4821 credas.
2696 4765 2775 4820 Ac
2823 4757 3007 4818 forsan
3038 4762 3415 4817 Aehshanwar

1845 4874 1977 4914 cum
1998 4858 2263 4919 comitatu
2293 4872 2395 4912 suo
2438 4857 2506 4910 ad
2554 4842 2722 4911 istum
2770 4855 2949 4909 locum
2974 4854 3221 4925 pervenit
3248 4866 3412 4921 quem

1854 4946 2138 5013 descripsit
2163 4943 2244 4998 vir
2274 4943 2399 5008 iste,
2451 4958 2516 4997 ae
2566 4942 2641 4997 ibi
2684 4951 2818 5011 quot
2848 4943 2983 4996 satis
3035 4941 3162 5004 sint,
3214 4940 3417 4992 milites

1855 5037 2099 5106 reliquit.
2150 5035 2335 5090 Noluit
2390 5028 2573 5088 autem
2631 5031 2831 5087 Phirux
2890 5031 3022 5100 ipsis
3084 5016 3413 5085 auscultare.

1859 5128 2043 5184 Secuti
2089 5134 2218 5183 sunt
2245 5140 2377 5196 ergo
2408 5127 2584 5181 virum
2628 5126 2788 5181 istum
2829 5138 2939 5193 qua
2986 5124 3136 5195 ipsos
3168 5121 3412 5181 duceret,

1861 5220 2046 5285 biduo,
2076 5217 2304 5272 necdum
2330 5216 2605 5271 desertum
2641 5215 2997 5271 transierunt.
3036 5214 3151 5278 Qua
3190 5214 3255 5266 de
3296 5227 3353 5267 re
3385 5223 3417 5265 a

1864 5310 2097 5364 Phiruso
2122 5310 2529 5377 interrogatus:
2561 5304 2773 5358 Feieliit
2808 5318 2892 5357 me
2908 5292 3125 5372 (inquit)
3156 5301 3257 5357 via:
3287 5317 3415 5371 spa-

1860 5400 2017 5465 tium,
2045 5398 2207 5471 hodie
2244 5394 2657 5465 autém-ipsutn
2710 5393 3129 5465 pertransibitis.
3170 5394 3415 5459 Cumque

1861 5487 2226 5559 prcteriisset‘
2265 5497 2320 5543 et
2367 5487 2482 5540 dies
2571 5486 2695 5548 iste,
2742 5482 3169 5554 quotiescunque
3229 5483 3405 5553 ipsum

1861 5588 2124 5649 quantum
2173 5577 2278 5633 sibi
2331 5578 2427 5631 vite
2468 5575 2737 5641 reliquum
2794 5582 2938 5630 esset
2993 5576 3407 5643 interrogarent,

1865 5687 1962 5744 pro
1990 5671 2138 5727 brevi
2178 5670 2465 5727 admodum
2495 5681 2558 5723 ac
2597 5667 2743 5743 incili
2778 5665 3076 5734 venditare,
3119 5665 3290 5723 donec
3326 5668 3411 5721 ubi
