4038 6460
645 269 787 333 1059

646 478 831 558 viatici
864 486 917 531 et
948 493 1138 546 aquae,
1195 486 1357 545 atque
1393 477 1447 532 in
1500 478 1677 533 locum
1717 482 2027 549 pervenisse
2064 482 2212 550 ipsos

647 571 791 623 unde
811 569 988 623 redire
1017 569 1326 637 nequirent,
1360 583 1548 623 verum
1582 570 1715 638 ipsis
1747 571 2029 628 fateretur.
2072 571 2209 629 Tum

648 659 861 726 l’hirugi
886 660 1136 723 comites,
1156 675 1340 715 verum
1360 661 1682 731 (inquiunt),
1703 677 1737 717 ο
1767 678 1885 729 rex,
1921 665 2081 735 113
2112 665 2207 720 tibi

647 750 911 815 diximus,
939 759 995 803 at
1025 765 1211 805 aurem
1242 738 1403 805 nobis
1436 751 1678 821 prtebere
1706 753 1952 815 noluisti,
1972 754 2084 824 jam
2110 770 2210 808 au-

647 849 756 893 tem
777 840 1067 895 cohsilium
1093 847 1264 919 est’ut
1288 848 1432 897 recta
1458 857 1767 912 pergamus,
1799 842 1984 898 forsan
2012 858 2209 913 aquam

645 930 918 999 reperturi
945 946 1161 986 sumus.
1188 932 1423 987 Profecti
1449 943 1580 989 sunt
1601 950 1733 1006 ergo
1767 935 2115 995 dextrorsum
2145 949 2210 989 ac

642 1020 1016 1076 sinistrorsum
1061 1024 1294 1092 sparsim
1327 1027 1522 1095 aquam
1562 1026 1850 1096 quaesitum
1884 1068 1901 1092 ,
1950 1026 2211 1081 maxima—

642 1126 749 1179 que
796 1112 1042 1181 ipsorum
1093 1129 1220 1182 pars
1262 1114 1354 1169 siti
1400 1115 1584 1185 periit,
1649 1116 1796 1171 haud
1852 1117 2211 1173 evadentibus

640 1217 749 1255 una
777 1218 901 1256 cum
929 1202 1165 1258 Phiruzo
1199 1207 1443 1283 exceptis
1486 1200 1675 1276 paucis
1701 1207 1913 1277 aliquot
1966 1224 1998 1263 e
2035 1209 2209 1264 comi-

640 1302 752 1346 tum
778 1294 1120 1360 fortissimis,
1154 1296 1248 1367 qui
1279 1286 1744 1367 ipsumcomitati
1779 1309 1927 1361 sunt,
1948 1299 2122 1355 donec
2140 1298 2209 1353 ab

639 1384 890 1439 hostibus
924 1400 1091 1455 prope
1122 1388 1399 1453 abessent,
1423 1382 1561 1456 quos
1589 1387 1780 1452 eadem
1816 1378 1998 1452 nocte,
2034 1403 2208 1458 eoque

637 1493 746 1544 quo
776 1484 935 1530 erant
955 1484 1097 1529 statu
1114 1479 1733 1548 aggressi,superarunt.
1757 1478 1895 1534 Tum
1922 1481 2209 1536 Acbshan-

636 1581 868 1629 warum,
903 1565 1115 1634 rogavit
1137 1565 1333 1620 Phirnz
1362 1576 1421 1622 ut
1444 1568 1547 1637 ipsi
1577 1577 1631 1623 et
1660 1570 1952 1644 comitibus
1982 1571 2073 1641 qui
2109 1587 2207 1625 su-

637 1664 890 1725 pererant
937 1659 1055 1712 suis
1111 1656 1342 1725 gratiam
1406 1656 1615 1714 faciens
1667 1661 1837 1729 ipsos.
1868 1662 1923 1715 in
1957 1661 2201 1730 .patriain

1672 274 2039 334 EUTYCHII
2083 275 2614 339 ALEXANDRINI
2659 280 2878 341 I’ATR.
3391 357 3396 361 _

648 376 867 457 penitus
893 383 1164 440 defecisse
1196 385 1404 439 videret
1422 385 1689 456 quidquid
1722 391 1863 458 apud
1896 390 2042 459 ipsos
2065 400 2212 445 esset
2238 389 2288 451 Α
2316 393 2535 461 prohrio
2575 397 2752 460 cedat,
2807 396 2923 467 sive
2978 404 3032 449 ut
3079 378 3293 451 dicatur
3325 415 3339 451 :
3389 397 3619 465 Quidam
3672 396 3702 455 a'

3708 68 3985 425 Π

3705 404 3846 472 liquid
3984 404 3985 463 ἶ

2319 499 2607 553 aggressus
2656 487 2732 540 illi
2765 486 3089 559 perficiendo
3147 504 3255 543 non
3300 489 3422 553 fuit,
3478 490 3653 546 hostis
3694 503 3848 550 altera

2319 575 2491 643 ipsius
2526 577 2645 646 ipso
2676 580 2849 648 iisque
2875 580 2969 650 qui
3018 594 3143 634 cum
3184 582 3301 648 ipso
3329 591 3490 636 erant
3522 584 3765 651 superior
3787 584 3852 638 fa-

2316 679 2437 723 ctus
2462 670 2690 736 gratiam
2723 674 2858 737 ipsis
2882 680 3147 741 praestans
3186 671 3311 729 illos
3341 674 3480 728 inito
3512 682 3673 744 pacto
3716 674 3855 729 dimi-

2318 762 2421 823 sit;
2445 762 2557 813 sive
2584 758 2666 830 [ut
2696 760 2930 833 dicatur]
2963 775 2976 814 :
3008 762 3207 818 Foedus
3241 778 3304 818 ac
3356 770 3570 831 pactum
3633 762 3859 831 violavit,

2316 860 2369 904 et
2396 865 2493 919 pro
2523 851 2667 905 bono
2688 852 2887 906 malum
2937 855 3203 921 rependit.
3251 855 3471 909 Norunt
3494 866 3677 910 autem
3706 856 3861 908 conii-

2315 946 2400 992 tes
2428 938 2505 993 tui
2539 947 2590 993 te
2630 939 2776 1008 ipsos
2825 941 2895 994 ad
2964 943 3207 1013 iniquum
3254 944 3458 1015 aliquid
3508 947 3861 1015 praestandum

2316 1030 2554 1100 adigere.
2588 1029 2800 1096 Quibus
2835 1033 2970 1088 adde
3011 1050 3108 1089 nec
3141 1046 3194 1090 te
3224 1036 3466 1093 victoriis
3495 1048 3708 1091 certum
3734 1051 3861 1101 esse,

2316 1122 2411 1176 sed
2435 1122 2706 1191 ejusmodi
2755 1140 2867 1180 rem
2898 1142 3139 1194 sperare,
3196 1144 3317 1197 quae
3341 1139 3395 1183 et
3422 1128 3490 1182 de
3524 1137 3576 1182 te
3605 1138 3861 1197 speretur.

2314 1213 2470 1293 Quod
2505 1215 2551 1270 si
2577 1215 2774 1270 viceris
2800 1231 2897 1270 nec
2937 1217 3077 1271 bona
3106 1217 3209 1271 erit
3248 1219 3392 1273 fama
3423 1230 3538 1285 tua,
3573 1234 3679 1274 nec
3733 1219 3863 1288 quod

2316 1306 2509 1362 feceris
2558 1310 2720 1363 laude
2758 1309 3005 1378 dignum.
3065 1310 3313 1374 Quodsi
3372 1310 3865 1376 victus‘fueris,et

2314 1401 2546 1468 teipsum
2591 1409 2647 1455 et
2675 1402 2951 1456 exercitus
3006 1408 3127 1455 tuos
3174 1398 3405 1455 infames
3442 1402 3651 1457 reddis.
3706 1401 3865 1457 Penes

2312 1506 2443 1561 ergo
2471 1489 2755 1544 arbitrium
2797 1501 2947 1543 tuum
2981 1504 3067 1543 res
3124 1497 3229 1544 est.
3253 1487 3363 1558 Ego
3390 1498 3439 1544 te
3472 1491 3757 1555 admonui,
3785 1507 3867 1546 ne-

2312 1597 2418 1651 que
2444 1598 2527 1636 me
2547 1582 2614 1635 ad
2645 1582 2761 1635 hinc
2783 1598 2904 1651 qua:
2942 1582 3099 1636 audis
3153 1582 3381 1637 dicenda
3415 1591 3600 1635 movet
3643 1581 3869 1636 imbecil-

2313 1673 2457 1735 litas,
2487 1672 2648 1740 cujus
2666 1672 2748 1726 vel
2780 1688 2844 1726 ex
2872 1685 3011 1735 mea,
3065 1671 3151 1725 vel
3180 1687 3245 1726 ex
3298 1670 3580 1740 copiarum
3638 1684 3864 1723 mearum

634 1762 791 1801 suam
831 1746 1152 1811 dimitteret,
1192 1762 1363 1816 seque
1403 1750 1686 1821 cumipso
1714 1751 1898 1809 foedus
1940 1754 2205 1807 initurum
2234 1737 2281 1796 Β
2315 1774 2470 1833 parte
2512 1737 2774 1818 conscius
2830 1781 2975 1830 sum,
3037 1778 3222 1819 verum
3263 1770 3323 1816 ut
3367 1737 3588 1818 fortiori
3641 1760 3784 1829 apud
3821 1771 3866 1814 te

636 1836 780 1889 haud
816 1851 1057 1906 unquam
1091 1853 1151 1892 se
1192 1840 1422 1907 posthac
1451 1840 1581 1894 dum
1615 1842 1818 1899 viveret
1850 1843 2028 1914 ipsum
2063 1844 2205 1900 bello

635 1941 1039 1994 aggressurum,
1117 1929 1436 1983 constitutio
1489 1932 1629 1986 inter
1687 1933 1835 2002 ipsos
1879 1942 1932 1987 et
1979 1949 2200 2003 regnum

635 2030 790 2068 suum
847 2020 1081 2073 termino
1127 2035 1290 2088 quem
1332 2036 1612 2090 nunquam
1657 2032 1805 2079 esset
1845 2025 2199 2079 transiturus.

630 2106 730 2159 Cui
776 2122 930 2183 eum,
956 2110 1243 2164 annuisset
1272 2110 1670 2179 Achshanwar,
1710 2112 1914 2182 scripto
1951 2114 2053 2168 hoc
2097 2114 2203 2183 ipsi

614 2194 970 2249 confirmavit
996 2198 1196 2250 Pliiruz
1256 2199 1445 2253 ascitis
1474 2201 1708 2256 testibus
1731 2241 1745 2262 ,
1780 2203 2201 2272 juratnenloque

633 2299 691 2336 se
735 2285 1083 2353 obstringens
1128 2288 1333 2341 nullam
1379 2303 1437 2342 se
1481 2290 1559 2341 illi
1597 2288 1844 2343 fraudem
1897 2291 2194 2360 facturum,

632 2388 793 2444 atque
826 2377 897 2429 ita
928 2377 981 2429 in
1018 2393 1241 2446 regnum
1269 2374 1429 2432 suum
1460 2394 1713 2434 reversus
1740 2389 1842 2434 est.

708 2467 803 2521 Ubi
838 2477 1122 2537 postquam
1160 2470 1227 2524 ad
1285 2481 1498 2539 tempus
1552 2472 1770 2541 aliquod
1825 2474 2194 2542 substitisset,

633 2559 684 2608 in
720 2559 1039 2611 memoriam
1068 2558 1170 2627 ipsi
1195 2560 1361 2614 subiit
1396 2561 1526 2629 quid
1565 2562 1673 2617 sibi
1702 2565 1770 2618 ab
1796 2564 2202 2620 Achshanwaro

626 2648 833 2724 dudum
864 2630 1153 2703 eve—uisset.
1175 2650 1347 2720 Cujus
1381 2667 1503 2705 cum
1536 2652 1689 2706 illum
1713 2655 1959 2722 puderet,
2002 2657 2195 2710 metuit

627 2748 806 2791 tamen
855 2752 977 2791 cum
1031 2739 1147 2808 ipso
1186 2740 1373 2794 dolose
1405 2756 1584 2810 agere.
1622 2744 1838 2813 Impulit
1862 2761 1987 2815 ergo
2022 2747 2197 2816 ipsum

630 2830 731 2881 hoc
762 2839 818 2880 ut
847 2844 969 2882 eum
999 2844 1191 2883 rursus
1220 2830 1358 2885 bello
1382 2823 1784 2901 aggrederetur.
1821 2834 2199 2891 liixei'untau-

628 2930 734 2971 tem
764 2920 863 2987 ipsi
891 2920 1185 2973 consiliarii
1208 2922 1376 2989 ipsius
1402 2940 1417 2975 :
1455 2924 1807 2996 117-119
1837 2927 2038 2983 Foedus
2069 2945 2193 2984 cum

627 3008 749 3077 ipso
778 3010 970 3071 iniisti,
997 3012 1293 3064 metuimus
1332 3028 1399 3067 ne
1419 3016 1557 3067 male
1588 3016 1684 3068 tibi
1714 3016 1867 3076 fraus
1897 3027 1950 3073 et
2002 3020 2199 3091 injuria

625 3098 943 3151 succedant.
1004 3098 1301 3169 Respondit
1347 3104 1453 3158 illis
1503 3104 1703 3160 Phiruz
1753 3125 1768 3164 :
1828 3108 2027 3166 Pactus
2083 3128 2200 3167 sum

627 3206 751 3243 cum
783 3190 900 3258 ipso
926 3206 1010 3244 me
1043 3193 1272 3260 lapidem
1310 3193 1699 3269 [designatum]
1754 3200 1896 3253 haud
1939 3204 2201 3258 transitu-

636 3297 776 3333 rum.
802 3280 1058 3349 Lapidem
1091 3298 1219 3353 ergo
1251 3286 1494 3349 plaustro
1530 3286 1838 3355 impositum
1884 3299 2067 3344 coram
2104 3307 2202 3350 no-

626 3373 709 3424 bis
740 3370 933 3436 feram,
970 3388 1145 3441 neque
1172 3389 1200 3426 a
1244 3385 1395 3443 tergo
1450 3392 1685 3445 unquam
1749 3379 2073 3448 relinquam.
2132 3381 2201 3435 At

628 3464 747 3517 illi:
782 3462 984 3517 Fmdus
1027 3466 1328 3534 (inquiunt)
1363 3482 1465 3520 non
1502 3477 1661 3536 prout
1702 3480 1757 3523 tu
1808 3471 2197 3541 interpretatus

633 3568 713 3615 es,
741 3554 834 3606 sed
856 3553 1011 3621 juxta
1043 3556 1389 3609 manifestum
1417 3556 1731 3629 [verb‘orujn
1772 3564 2016 3635 sensum]
2041 3566 2198 3621 intel-

620 3644 892 3713 ligendum
911 3653 1013 3697 est.
1034 3643 1233 3707 Ρωιιιι
1255 3656 1454 3711 autem,
1472 3658 1655 3727 spreto
1682 3652 1925 3720 ipsorum
1945 3659 2193 3723 consilio,

628 3736 695 3788 ad
723 3734 921 3789 bellum
954 3735 1363 3792 Achslianwaro
1407 3742 1750 3797 inferendum
1785 3746 2063 3815 profectus
2089 3760 2192 3806 est.

622 3824 745 3889 Quo
782 3825 971 3879 audito
1004 3842 1334 3897 magnopere
1390 3831 1616 3886 miratus
1652 3835 2043 3906 Achshanwar,
2093 3856 2195 3897 nec

625 3916 886 3972 dubitans
912 3916 1105 3972 fraude
1138 3935 1359 3972 usurum
1394 3921 1591 3975 l’hiruz
1635 3915 1853 3994 scriptis
1896 3930 1962 3984 ad
2012 3932 2191 4001 ipsum

630 4007 850 4069 litteris,
886 4017 1104 4075 pactum
1170 4025 1351 4063 secum
1409 4012 1602 4066 initum
1658 4016 1733 4068 illi
1772 4018 1825 4071 in
1872 4024 2189 4076 memoriam

626 4101 924 4177 revocavit,
958 4115 1155 4168 rogans
1188 4112 1246 4153 ut
1291 4114 1698 4172 reverteretur;
1760 4119 1814 4163 at
1867 4112 1954 4168 ille
1992 4130 2192 4184 nequa—

619 4204 780 4255 quam
821 4191 934 4243 ha:e
956 4199 1199 4245 moratus
1226 4194 1485 4260 perrexit,
1513 4196 1687 4251 donec
1723 4199 1973 4272 liiyatela
2001 4222 2190 4274 perve-

622 4280 805 4333 niret:
845 4296 1075 4349 eumque
1127 4284 1326 4337 vallum
1386 4286 1527 4341 inter
1578 4304 1728 4343 suam
1761 4302 1813 4345 et
1852 4288 2069 4350 Pliiruzi
2102 4299 2187 4354 di-

621 4373 823 4427 tionem
893 4374 1156 4429 effoderat
1204 4377 1597 4448 Achshanvrar,
1651 4398 1813 4448 super
1862 4386 1953 4440 illo
1993 4366 2142 4448 ponti

626 4462 1024 4532 exstruijussit
1052 4466 1279 4534 Phiruz,
1324 4473 1524 4538 quibus
1584 4477 1876 4532 transiret:
1915 4481 2185 4549 impositis

615 4554 777 4607 etiam
838 4558 1127 4636 pontibus,
1164 4561 1372 4642 vexillis
1421 4579 1542 4632 quae
1613 4566 1859 4622 redeunti
1917 4572 1970 4625 in
2033 4576 2187 4643 signa

611 4652 817 4698 essent.
846 4644 980 4698 Cum
1011 4662 1140 4717 ergo
1164 4650 1276 4717 jam
1310 4652 1362 4704 in
1403 4655 1687 4721 procinctu
1712 4670 1892 4714 essent
1913 4665 2185 4717 exercitus

613 4732 834 4786 mittens
866 4734 929 4787 ad
971 4732 1261 4790 Phiruzum
1308 4739 1705 4810 Achshanwar,
1758 4751 1965 4818 rogavit
2002 4760 2061 4805 ut
2117 4751 2184 4806 ad

615 4826 797 4894 ipsum
829 4828 1008 4881 medio
1035 4830 1173 4883 inter
1194 4835 1465 4889 exercitus
1494 4838 1671 4905 spatio
1729 4842 1796 4894 ad
1848 4844 2178 4915 colloquium

608 4917 870 4986 prodiret;
899 4921 1000 4984 Qui
1032 4937 1151 4977 cum
1181 4925 1488 4993 prodiisset,
1513 4930 1646 4985 dixit
1672 4926 1749 4986 illi
1769 4936 2137 4993 'Achshanwar
2164 4959 2179 4996 :

609 5007 784 5061 Credo
814 5011 1063 5078 equidem
1097 5028 1198 5082 ego
1242 5030 1347 5069 non
1394 5019 1625 5075 aliudte
1677 5024 1742 5076 ad
1789 5025 1965 5081 locum
2013 5028 2176 5083 istum

607 5112 896 5165 evocasse,
929 5116 1091 5167 quam
1130 5106 1390 5172 pudorem
1424 5111 1494 5163 ob
1519 5112 1749 5165 reditum
1782 5121 1935 5169 tuum
1975 5132 2040 5171 eo
2071 5136 2179 5189 quo

592 5200 873 5241 reversus
902 5204 961 5243 es
990 5192 1168 5245 modo.
1196 5198 1269 5248 Ac
1310 5212 1403 5263 per
1435 5199 1596 5252 vitam
1635 5217 1807 5256 meam
1860 5206 1907 5258 si
1944 5222 2043 5262 nos
2082 5209 2177 5264 tibi

607 5274 709 5329 hoc
727 5278 885 5332 modo
903 5278 1144 5335 fraudem
1169 5284 1507 5351 fecissemus,
1534 5292 1711 5361 majus
1732 5296 1934 5363 aliquid
1965 5316 1992 5350 a
2018 5301 2174 5355 nobis

608 5372 876 5440 peliisses.
905 5371 1148 5433 Foederis
1199 5379 1357 5450 120
1389 5396 1566 5437 autem
1606 5402 1633 5438 a
1682 5398 1733 5442 te
1773 5391 1916 5458 pacti
1960 5394 2176 5449 violatio

606 5477 693 5516 res
728 5472 812 5518 est
850 5468 1005 5536 cujus
1035 5472 1206 5540 magis
1238 5476 1437 5538 pudere
1484 5477 1659 5544 debet,
1692 5495 1852 5549 quam
1888 5483 2005 5550 ejus
2027 5488 2171 5555 quod

608 5554 702 5609 tibi
733 5559 979 5629 contigit.
1011 5560 1124 5617 Hoc
1170 5580 1301 5634 ergo
1328 5568 1512 5619 animo
1543 5575 1831 5643 perpende,
1867 5590 2025 5647 atque
2050 5554 2173 5635 iure

602 5644 709 5701 duo
741 5646 883 5705 inter
914 5666 972 5707 se
1010 5654 1201 5711 confer
1233 5669 1290 5713 ut
1336 5661 1541 5732 videas,
1608 5677 1786 5741 utrum
1840 5644 2034 5742 majori
2076 5690 2171 5729 ους

2315 1861 2438 1909 utar
2472 1863 2815 1923 argumento.
2839 1870 2942 1908 nec
2981 1854 3341 1908 incolumitati
3401 1853 3705 1921 quidquam
3736 1850 3862 1919 quod

2312 1960 2478 2014 penes
2503 1959 2587 1998 me
2614 1953 2697 1998 est
2722 1942 2970 2013 praefero.
3003 1944 3297 2011 llespondit
3320 1941 3521 1998 Phiruz
3557 1961 3572 1996 :
3607 1941 3731 1996 Non
3758 1956 3863 1994 sum

2309 2050 2408 2106 ego
2436 2036 2483 2091 is
2506 2036 2847 2105 quemjinina:
2868 2052 2978 2105 prae
3006 2045 3152 2090 metu
3189 2036 3259 2090 ab
3282 2036 3349 2091 iis
3374 2051 3496 2105 quae
3525 2035 3697 2103 cupio
3725 2049 3862 2088 aver-

2310 2138 2449 2183 tant.
2486 2128 2638 2193 Quod
2667 2128 2712 2183 si
2742 2126 3025 2183 videretur
3073 2128 3205 2180 mihi
3262 2127 3337 2181 illi
3370 2126 3515 2196 quod
3560 2125 3861 2196 aggredior,

2309 2217 2462 2272 fraus
2493 2217 2695 2281 inesse,
2727 2232 2833 2269 non
2868 2217 3012 2271 alius
3065 2216 3198 2271 illud
3252 2216 3427 2285 magis
3458 2215 3683 2284 indigne
3715 2228 3862 2284 quam

2309 2310 2427 2381 ipse
2448 2290 2591 2363 a'me
2614 2323 2735 2377 ego,
2762 2307 2951 2362 ferret.
3007 2307 3117 2375 Ego
3154 2316 3335 2360 autem
3363 2305 3508 2359 haud
3541 2306 3670 2359 aliis
3700 2312 3863 2358 tecum

2308 2400 2712 2456 conditionibus
2735 2398 2910 2452 fmdus
2929 2395 3273 2465 121-123
3292 2396 3535 2465 percussi
3558 2407 3863 2464 quamun

2311 2492 2428 2560 ipse
2451 2489 2505 2544 in
2532 2497 2752 2559 pectore
2772 2488 2966 2542 celavi.
2990 2486 3066 2541 Ne
3094 2501 3223 2559 ergo
3244 2494 3295 2540 te
3319 2485 3553 2555 decipiat
3577 2485 3673 2538 illa
3707 2498 3857 2553 quam

2310 2583 2487 2653 primo
2512 2582 2580 2636 de
2601 2580 2759 2648 nobis
2780 2578 3103 2649 concepisti,
3128 2577 3422 2647 paucitatis
3452 2585 3507 2631 et
3536 2576 3863 2645 impotentis

2310 2675 2495 2743 opinio
2528 2692 2543 2730 :
2573 2688 2761 2727 verum
2784 2671 2930 2727 scias
2962 2685 3046 2724 me
3098 2669 3515 2738 haudquaquam
3573 2680 3632 2722 te
3682 2666 3865 2722 dereli-

2314 2776 2561 2831 cturum,
2590 2765 2764 2820 donec
2792 2762 2924 2819 illud
2953 2762 3019 2818 de
3046 2762 3099 2814 te
3125 2762 3396 2816 obtineam
3424 2758 3569 2829 quod
3601 2768 3664 2828 tu
3693 2756 3761 2813 de
3792 2770 3866 2809 me

2243 2906 2249 2915 .
2312 2860 2659 2913 obtinueras.
2712 2855 2857 2911 Dixit
2922 2855 3326 2909 Achshaovvar:
3382 2851 3461 2906 Ne
3513 2864 3564 2907 te
3615 2851 3862 2920 decipiat,

2311 2951 2447 3005 illud
2472 2966 2581 3020 quo
2630 2936 2683 3003 te
2741 2948 2917 3016 ipsum
2946 2946 3112 3011 fallis,
3144 2945 3271 2999 dum
3299 2959 3484 2999 coram
3527 2954 3578 2997 te
3640 2940 3863 3011 lapidem

2231 3072 2275 3132 Ο
2310 3040 2631 3112 gestandum
2687 3053 2870 3093 cures.
2908 3036 3073 3091 Pacta
3113 3035 3380 3105 siquidem
3408 3042 3463 3089 et
3507 3034 3747 3099 ftedera,
3781 3047 3861 3086 se-

2278 3133 2542 3188 cundum
2580 3130 2869 3191 verborum
2922 3143 3119 3195 sonum
3171 3130 3449 3193 ineuntur,
3508 3142 3619 3181 non
3675 3142 3862 3181 secun-

2304 3223 2431 3276 dum
2489 3220 2623 3276 illud
2671 3220 2818 3290 quod
2868 3219 3151 3297 occultum.
3210 3220 3522 3274 retinetur:
3573 3231 3860 3286 rerumque

2303 3314 2545 3367 omnium
2575 3314 2951 3383 turpissimum
2999 3319 3081 3367 est
3138 3310 3402 3366 foederum
3469 3324 3522 3369 et
3579 3324 3856 3383 pactorum

2301 3406 2540 3459 violatio.
2573 3405 2668 3459 Ille
2729 3420 2857 3459 vero
2902 3404 3005 3472 ipsi
3076 3406 3387 3460 auscultare
3414 3406 3611 3462 noluit.
3672 3406 3853 3461 Statim

2299 3510 2428 3564 ergo
2479 3495 2685 3549 reversi
2724 3504 2874 3550 sunt.
2913 3494 3058 3549 Dixit
3107 3503 3286 3550 autem
3325 3495 3521 3550 Pliiruz
3575 3498 3856 3551 comitibus

2300 3587 2421 3642 suis
2456 3604 2470 3639 :
2514 3586 2638 3641 Erat
2664 3587 3044 3642 Achshanwar
3073 3602 3367 3658 congressu
3398 3592 3691 3659 egregius;
3727 3606 3853 3642 nun-

2297 3693 2457 3748 quam
2506 3690 2689 3734 autem
2751 3680 2859 3732 vidi
2884 3691 3060 3749 ‘equo,
3111 3679 3200 3733 cui
3244 3679 3541 3744 insidebat,
3587 3682 3739 3736 inter
3777 3679 3854 3747 ju~

2297 3778 2475 3823 menta
2504 3770 2759 3825 similem.
2795 3768 2964 3823 Pedes
2988 3770 3134 3823 enim
3178 3771 3321 3825 haud
3382 3770 3611 3825 Omnino
3668 3772 3849 3830 movit,

2298 3874 2470 3928 neque
2514 3861 2745 3928 ungulas
2770 3860 2890 3915 loco
2924 3862 3168 3929 sustulit,
3198 3876 3373 3931 neque
3403 3862 3662 3927 binnivit,
3689 3876 3851 3931 neque

2294 3951 2497 4005 excidit
2525 3951 2630 4022 ipsi
2685 3953 2887 4021 aliquid
2921 3954 3067 4023 quod
3118 3954 3444 4023 colloquium
3496 3955 3849 4025 interrumpe-

2294 4050 2375 4095 ret
2410 4050 2525 4095 toto
2551 4058 2662 4113 quo
2720 4045 2881 4098 simul
2933 4045 3139 4121 fuimus
3171 4055 3434 4114 tempore.
3487 4046 3848 4101 Acbshanwar

2295 4148 2421 4186 vero
2458 4133 2621 4187 suis:
2661 4132 2926 4199 Conveni,
2978 4144 3140 4205 prout
3185 4136 3318 4190 mibi
3352 4136 3618 4206 vobisque
3679 4140 3843 4193 visunt

2292 4234 2396 4284 est,
2429 4223 2721 4279 Pliiru‘zum
2756 4225 2964 4297 integre
3014 4237 3304 4295 armatum,
3359 4238 3638 4299 nunquam
3675 4240 3843 4284 autem

2290 4330 2348 4369 se
2381 4316 2435 4369 in
2471 4329 2611 4384 equo
2633 4331 2733 4370 suo
2761 4320 2951 4382 movit,
2994 4334 3093 4374 nec
3138 4336 3376 4390 unquam
3416 4324 3605 4391 pedem
3642 4324 3711 4378 de
3736 4333 3840 4377 sta-

1651 4398 1813 4452 super
1862 4386 1953 4440 illo
1993 4401 2181 4456 pontes

2299 4407 2420 4474 pede
2459 4406 2737 4470 subduxit,
2764 4423 2938 4477 neque
2985 4418 3193 4479 tergum
3228 4412 3450 4478 inflexit,
3486 4429 3584 4468 nec
3614 4431 3677 4470 se
3722 4414 3842 4467 der-

2292 4508 2531 4549 trorsum
2567 4495 2649 4548 vel
2690 4496 3071 4551 sinistrorsum
3120 4501 3408 4554 convertit.
3468 4502 3578 4569 Ego
3631 4503 3836 4556 interim

2289 4584 2486 4652 saepius
2521 4583 2709 4637 femori
2747 4586 2966 4640 innixus
2991 4604 3107 4641 sum
3132 4604 3272 4658 equo
3302 4590 3577 4655 insistens,
3609 4608 3673 4648 ac
3707 4592 3828 4647 sub-

2301 4675 2425 4727 inde
2475 4677 2709 4743 respexi,
2765 4676 2887 4730 dein
2944 4679 3091 4733 inea
3124 4697 3244 4750 quae
3288 4693 3415 4738 ante
3460 4686 3636 4754 posita
3692 4676 3832 4739 erant

2303 4766 2492 4818 oculos
2520 4766 2749 4834 conjeci,
2792 4766 2909 4835 ipso
2938 4770 3043 4823 fixo
3070 4785 3132 4824 ae
3165 4773 3349 4840 quieto
3378 4786 3649 4831 manente.
3688 4773 3830 4845 126

2289 4856 2347 4909 ld
2390 4867 2569 4911 autem
2592 4859 2880 4911 voluerunt
2900 4859 3098 4914 Phiruz
3117 4860 3215 4934 [et]
3230 4866 3601 4920 Achshanwar
3617 4869 3829 4923 hisnar-

2286 4946 2492 5009 randis,
2528 4955 2898 5003 utserniones
2932 4951 3019 5004 isti
3060 4940 3153 5021 per
3207 4958 3479 5013 exercitus
3508 4974 3641 5015 suos
3688 4976 3827 5030 spar-

2282 5047 2562 5104 gerentur,
2592 5041 2779 5117 quoiiis
2797 5045 3043 5112 occupati
3074 5046 3317 5103 homines
3347 5050 3824 5122 baudinquirerent

2283 5134 2334 5181 in
2362 5144 2423 5183 ea
2456 5146 2575 5198 quae
2604 5146 2796 5186 mutuo
2832 5137 3086 5190 collocuti
3134 5140 3368 5196 fuerant.
3403 5130 3554 5199 lianc
3581 5149 3822 5217 ergojam

2282 5221 2420 5275 facto
2470 5229 2833 5293 syngrapham
2894 5242 3054 5296 quam
3125 5231 3227 5301 ipsi
3289 5236 3587 5303 scripserat
3641 5238 3821 5293 Phirut

2286 5312 2601 5378 productam
2643 5314 2811 5368 hasta:
2866 5318 3118 5387 imposuit
3171 5324 3559 5395 Achshanwar,
3613 5346 3716 5400 quo
3761 5331 3818 5383 ab

2293 5406 2532 5458 exercitu
2589 5411 3019 5477 conspiceretur,
3074 5428 3135 5467 ac
3175 5416 3399 5471 victoria
3440 5420 3493 5472 in
3546 5414 3815 5478 PliirIzItn

2278 5496 2478 5562 politus
2507 5507 2629 5564 est;
2666 5502 2895 5567 quicum
2945 5503 2996 5554 iu
3056 5502 3235 5572 fugam
3303 5498 3597 5567 conversus
3622 5502 3672 5566 ’δ
3712 5514 3813 5567 loco

2276 5586 2578 5652 signorum,
2611 5605 2730 5657 quae
2759 5591 2823 5643 ad
2880 5603 3071 5660 pontes
3128 5612 3233 5665 qua
3284 5600 3520 5655 eundum
3572 5613 3688 5659 crat
3727 5592 3812 5671 ipsi

2280 5680 2491 5746 fixerat,
2518 5679 2802 5738 oberrans.
2831 5685 2894 5737 θαι
2932 5685 3141 5743 fossam
3184 5704 3244 5749 se
3277 5698 3497 5768 recepit,
3536 5694 3627 5751 ubi
3665 5696 3831 5752 conor
