4038 6456
149 317 290 381 1061

1610 315 1804 373 ΛΝΝΛ
1817 316 1967 374 LES.

3261 313 3398 378 1062

145 439 232 482 tes
269 429 467 496 ipsius
499 430 587 483 alii
627 430 679 481 iu
708 427 842 495 aiios
886 428 1185 481 irruerunt.
1218 425 1371 494 (lt-pit
1416 440 1544 492 ergo
1594 425 1743 476 Acb-
1779 428 1820 480 Α
1854 423 2060 475 (ιιιίιιιιιι
2091 419 2258 490 patris
2288 424 2606 475 adversatus
2640 423 2767 477 milii
2825 424 2993 478 frater
3029 417 3249 491 regnum
3305 425 3400 482 oc-

145 524 437 574 sl-onwar
473 520 730 590 quidquid
764 519 995 573 Pliiruzo
1031 519 1128 572 fuit
1154 533 1254 570 tum
1301 532 1421 571 cum
1467 516 1634 584 ipsius
1675 517 1739 568 li-

82 671 85 674 _
146 615 330 675 beris,
368 597 623 682 opesque
671 611 788 680 ejus
840 612 1107 673 exercitus
1162 610 1391 662 ducibus
1444 608 1736 671 distribuit,

151 704 348 769 iisque
384 702 802 769 quiniruzum
835 701 1073 754 comitati
1109 707 1272 762 sunt,
1306 701 1478 765 Quare
1521 701 1735 768 (inquit)

144 808 263 845 non
299 792 548 844 dedistis
583 791 815 844 Pliiruzo
850 789 1136 843 consilium
1170 804 1400 856 eumque
1451 789 1736 840 admonui-

125 876 294 936 ’δῆδῖ
319 882 420 934 Illi
456 895 619 935 vero:
651 880 897 933 Fecimus
917 879 1154 948 (inquit),
1175 886 1227 931 at
1262 879 1418 933 nobis
1434 878 1738 932 auscultare

145 975 369 1028 noluit.

223 1057 695 1134 Praeeratautem
730 1063 1013 1130 Sejestano
1042 1063 1125 1116 vir
1165 1063 1383 1130 quidam
1439 1075 1502 1114 ex
1560 1061 1736 1113 Azda-

145 1158 293 1210 sbiri
334 1159 561 1218 amicis,
606 1158 824 1210 nomine
878 1157 1146 1219 Suchran,
1176 1171 1204 1208 e
1251 1155 1447 1209 Persiaa
1495 1152 1740 1221 proceri-

146 1235 288 1310 bus,
335 1246 493 1312 apud
522 1263 682 1314 quem
707 1255 863 1299 erant
894 1255 946 1298 et
981 1261 1011 1298 e
1045 1246 1276 1319 ducibus
1314 1245 1485 1312 ipsius
1521 1243 1735 1305 amicis,

148 1320 458 1388 nonnulli.
482 1336 583 1388 illic
615 1337 788 1389 delata
821 1335 886 1387 ad
921 1335 1313 1404 ipsum'eorum
1346 1347 1466 1401 quae
1505 1331 1738 1386 Pltirnzo

147 1425 499 1478 acciderant
529 1426 691 1488 fama,
721 1428 902 1481 statim
943 1441 1048 1479 una
1110 1439 1231 1478 cum
1303 1423 1588 1476 comitibus
1622 1424 1736 1477 suis

152 1515 484 1585 lliyatelam
509 1532 696 1570 versus
725 1517 1000 1585 profectus
1037 1515 1101 1567 ad
1159 1529 1216 1567 se
1269 1512 1485 1567 Pbiruzi
1552 1515 1735 1584 cepias

150 1608 405 1676 colligit,
442 1607 576 1662 adeo
607 1616 663 1660 ιιι
704 1608 770 1659 ad
803 1620 1049 1672 magnam
1109 1607 1402 1673 pozentiatn
1426 1617 1730 1672 cresceret.

152 1697 311 1751 Cum
384 1714 518 1768 ergo
596 1713 761 1766 prope
812 1697 923 1763 jam
988 1697 1055 1748 ab
1113 1696 1484 1749 Acbsbanwar
1541 1699 1736 1751 castris

151 1793 419 1854 abesset,
454 1790 602 1842 misit.
633 1788 723 1856 qui
749 1788 846 1854 ipsi
872 1772 1112 1841 dicerent
1138 1805 1154 1840 :
1188 1785 1302 1840 Non
1333 1789 1604 1856 ideolveni
1631 1805 1731 1857 ego

157 1892 212 1932 ut
253 1890 312 1934 te
344 1882 492 1934 bello
519 1881 777 1932 lacessam
800 1921 814 1941 ,
857 1893 1043 1931 verum
1070 1893 1190 1931 cum
1223 1880 1274 1931 in
1315 1883 1473 1933 linem
1507 1889 1565 1934 ut
1596 1880 1729 1936 illud

153 1971 308 2038 quod
339 1969 415 2022 de
442 1951 791 2035 125-127
822 1966 1038 2019 Pbiruzi
1069 1964 1414 2019 facultatibus
1448 1966 1502 2019 in
1535 1983 1728 2022 manus

152 2073 290 2119 tuas
318 2062 592 2128 pervenit,
631 2061 848 2117 reddas,
882 2065 933 2110 et
964 2058 1053 2124 qui
1083 2059 1225 2124 apud
1258 2066 1311 2111 te
1341 2060 1732 2126 suntcaptivos

157 2152 456 2211 dimittas,
506 2161 564 2200 ut
625 2151 695 2200 sit
749 2149 850 2200 boc
893 2147 1061 2200 iuter-
1098 2163 1198 2199 nos
1246 2150 1394 2214 pacis
1444 2147 1731 2219 [conditio]

162 2257 398 2308 nosque
421 2255 450 2292 a
481 2249 532 2291 te.
571 2240 826 2306 impetum
860 2249 1104 2290 nostrum
1139 2247 1478 2304 avertamus,
1511 2239 1655 2306 quod
1686 2239 1730 2293 si

160 2333 446 2391 volueris,
472 2332 564 2383 illo
601 2347 648 2380 ιιι
667 2339 716 2381 te
742 2336 962 2396 accepto
985 2335 1347 2391 revertemur;
1374 2329 1458 2383 'sin
1479 2331 1733 2396 nolueris,

171 2437 470 2474 \crcurne
509 2429 557 2471 le
590 2419 862 2487 pmniteat.
893 2421 1152 2472 Annucns
1196 2435 1321 2486 ergo
1365 2421 1736 2474 Acbsbanwar

161 2509 466 2563 Suelirano
487 2510 538 2561 in
564 2524 624 2561 eo
646 2509 785 2576 quod
825 2508 995 2578 petiit,
1027 2511 1269 2578 captivos
1292 2526 1478 2563 eorum
1507 2511 1734 2576 dimisit,

162 2600 469 2666 Spoliaque
497 2599 700 2650 reddita
734 2599 962 2662 remisit,
990 2600 1124 2653 adeo
1156 2609 1212 2652 ut
1257 2600 1396 2654 inter
1451 2603 1623 2668 ipsum
1656 2614 1737 2655 at-

164 2705 278 2756 quc
322 2689 459 2741 illos
485 2699 933 2756 compuncreutur
987 2703 1097 2742 res.
1155 2686 1291 2740 Tum
1351 2705 1600 2742 reversus
1654 2701 1738 2744 est

166 2779 434 2833 Sucbrau
518 2779 581 2831 ad
656 2781 717 2831 Al
792 2779 1054 2848 Madyen,
1105 2766 1530 2834 observantibus
1605 2780 1734 2834 Per-

166 2867 248 2919 sis
308 2868 572 2934 quidquid
603 2868 769 2935 petiit,
798 2869 1004 2935 ipsique
1033 2869 1152 2922 ideo
1180 2871 1379 2935 gratias
1430 2871 1732 2937 agentibus.

250 2958 510 3012 Mortuus
546 2967 625 3011 est
659 2974 786 3025 ergo
841 2949 1045 3012 Pbiruz'
1083 2975 1202 3012 cum
1238 2968 1510 3028 regnasset
1567 2978 1738 3016 annos

171 3046 381 3111 viginti
417 3057 643 3114 septem.
680 3049 1193 3116 (lentemleruntque
1225 3050 1363 3100 inter
1393 3064 1448 3101 se
1477 3049 1542 3102 de
1574 3066 1739 3119 regno
1767 3081 1812 3143 ρ

173 3138 271 3188 lilii
304 3136 483 3202 ipsius
531 3136 719 3188 Κυδεά
777 3147 826 3187 ct
886 3136 1128 3201 Balabes,
1182 3138 1352 3190 donec
1398 3137 1622 3192 Ualabcs
1663 3141 1736 3192 vi-

177 3239 333 3279 ctum
401 3226 677 3276 iiubuduzn
735 3240 797 3276 eo
861 3226 1154 3290 abdicaret,
1217 3229 1309 3294 qui
1369 3218 1740 3306 Cbora'sanum

178 3335 316 3383 ergo
359 3318 508 3382 petiit
540 3316 796 3367 auxilium
846 3331 874 3368 a
926 3315 1176 3368 Cbakano
1216 3317 1512 3371 Turcarum
1573 3320 1743 3388 impe-

183 3418 376 3457 t:-.ture
415 3415 603 3455 contra
637 3403 854 3456 fratrem
886 3418 1043 3455 suum
1096 3404 1342 3466 petitum.
1378 3403 1742 3473 Regnavitque

179 3495 416 3572 Balalies
457 3495 592 3546 bene
647 3509 703 3544 se
740 3495 790 3545 in
850 3495 1101 3546 omnibus
1146 3511 1360 3564 gerens.
1419 3498 1742 3564 conditaque

184 3589 320 3640 urbe
355 3588 524 3654 ipsam
582 3584 805 3637 Balasur
857 3585 1162 3651 appellavit.
1221 3588 1287 3638 At
1339 3601 1459 3638 cum
1512 3599 1743 3654 quatuor

183 3693 364 3729 arruns
394 3683 667 3744 regnasset
705 3677 813 3726 l'ato
855 3673 1069 3726 functus
1101 3683 1203 3738 est,
1255 3675 1412 3742 idque
1444 3689 1585 3728 anno
1642 3677 1743 3728 itit-

186 3769 328 3836 pcrii
395 3765 629 3818 Zenonis
684 3763 1050 3816 Romanorum
1114 3765 1451 3832 imperatoris
1512 3766 1742 3817 decimo.

185 3859 326 3911 Cum
377 3869 554 3908 autem
620 3854 1052 3922 proﬁcisceretur
1120 3854 1301 3907 liobad
1367 3855 1738 3908 Cborasanum

193 3951 375 4015 ipsum
402 3947 689 4000 comitatus
711 3953 792 3997 est
832 3944 1125 3996 Zormabar
1162 3945 1424 3996 Sucbratii
1467 3945 1639 4007 Illius;
1678 3960 1742 3999 eo

192 4038 365 4106 igitur
395 4051 514 4104 cum
547 4035 920 4102 pervenissent
949 4032 1201 4084 diversati
1235 4040 1355 4084 sunt
1381 4034 1520 4100 apud
1546 4048 1742 4099 quem-

195 4121 617 4180 damedbcibus
650 4125 888 4191 ipsorum
909 4121 1255 4188 primoribus,
1284 4136 1438 4186 quem
1471 4123 1741 4186 negotium

196 4234 360 4271 suum
418 4217 679 4268 celarunt.
709 4213 850 4264 Dixit
901 4221 1077 4263 autem
1128 4209 1454 4263 Zormaltaro
1512 4209 1740 4264 liobad:

197 4308 390 4372 Quer
419 4305 574 4372 128
594 4303 720 4354 mibi
746 4303 973 4368 aliquant
1006 4300 1241 4354 melioris
1259 4301 1420 4353 sortis
1439 4302 1740 4370 muliere/tn.

1845 515 2105 580 cupavit:
2163 528 2224 564 ac
2267 511 2539 580 pollicitus
2575 511 2653 564 illi
2714 528 2770 565 se
2809 527 2962 581 opem
3015 514 3114 582 ipsi
3167 513 3396 568 laturum

1845 617 2184 671 regnumth
2256 609 2726 667 recuperaturum,
2762 614 3008 670 quatuor
3049 604 3204 657 anuis
3237 606 3401 673 'apnd

1840 691 1989 742 illum
2027 691 2287 752 substitit,
2326 691 2525 758 quibus
2562 692 2738 760 ipsum
2763 691 2991 746 distulit.
3020 694 3211 746 Postea
3236 709 3399 748 exer-

1840 781 1950 833 citu
1996 780 2118 833 forti
2147 783 2212 834 ab
2233 782 2321 834 illo
2353 773 2653 835 instructus
2677 781 2963 849 lprofectus
3018 783 3200 836 liobad
3227 783 3400 835 donec

1841 870 2280 924 Abtabasabrum
2347 873 2674 940 perveniret,
2736 888 2798 926 ac
2852 872 3042 925 eodem
3095 875 3212 925 loco
3268 872 3399 943 [quo

1838 961 2026 1031 antea]
2074 961 2380 1017 diversatus
2423 963 2488 1017 de
2519 966 2749 1018 muliere
2793 965 2895 1016 ista
2940 965 3248 1018 sciscitatus
3292 975 3396 1029 est,

1839 1066 1960 1119 qua:
1987 1051 2054 1104 ad
2087 1051 2236 1104 illum
2273 1056 2504 1108 accessit
2551 1070 2654 1106 una
2688 1070 2808 1107 cum
2868 1055 2981 1107 lilio
3030 1069 3187 1122 quem
3237 1065 3400 1125 pepeé

1842 1139 2118 1208 reratjam
2151 1142 2353 1196 trienni
2385 1144 2558 1211 ipsum
2609 1133 2768 1195 manu
2801 1154 3010 1200 tenens.
3046 1145 3400 1216 Rugaathue

1839 1230 2094 1284 Kobado:
2119 1231 2378 1296 Quisnam
2412 1243 2495 1296 est
2525 1234 2607 1287 bic
2631 1237 2800 1303 puer?
2827 1236 2975 1291 Tuus
3005 1239 3220 1307 (inquit)
3255 1239 3399 1294 ﬁlius

1838 1331 1940 1374 est.
1963 1321 2173 1377 Certior
2197 1324 2678 1400 129-131ergo
2695 1343 2722 1379 a
2745 1327 3071 1391 Zormabaro
3094 1330 3398 1401 factuscsse

1840 1411 1988 1465 illam
2024 1414 2195 1481 patris
2229 1414 2450 1483 fauiil'iae
2491 1417 2679 1477 tiliam,
2717 1416 2930 1472 laatatus
2957 1426 3062 1482 est,
3118 1420 3398 1488 ipsamque

1838 1517 1944 1555 una
1977 1518 2098 1556 cum
2138 1504 2268 1567 filio,
2312 1505 2402 1559 cui
2435 1520 2630 1560 nomen
2691 1517 2806 1560 erat
2854 1498 3170 1562 Babudacbt
3214 1525 3395 1567 secum

1839 1595 2153 1661 assumpsit.
2187 1593 2319 1648 Cum
2348 1605 2528 1648 autem
2583 1597 2646 1648 Al
2724 1596 2983 1667 Madayen
3042 1603 3396 1668 pervenisset,

1841 1683 2062 1737 lratrein
2098 1700 2254 1738 suum
2278 1687 2552 1741 interiisse
2607 1689 2833 1755 reperit,
2887 1706 3158 1759 regnoque
3193 1694 3396 1760 potitus

1841 1784 1941 1829 est.
1967 1776 2231 1845 Regnavit
2255 1777 2382 1845 ergo
2407 1777 2591 1846 Kobad
2630 1779 2847 1835 Pbiruzi
2890 1782 3035 1835 filius
3066 1798 3238 1838 annos
3258 1800 3392 1853 qna-

1812 1859 2091 1934 'draginta
2126 1875 2260 1931 tres,
2299 1870 2459 1937 idque
2491 1884 2635 1924 anno
2676 1872 2886 1940 imperii
2917 1873 3152 1928 Zenonis
3196 1874 3400 1943 Rema-

1837 1973 2031 2011 norum
2067 1960 2409 2026 imperatoris
2437 1959 2648 2014 decimo
2671 1975 2888 2028 quarto.
2920 1961 3167 2031 Regnum
3209 1976 3390 2020 autem

1845 2046 2136 2101 Sucbrano
2195 2049 2414 2118 ﬁlioque
2443 2051 2615 2118 ipsius
2649 2050 2978 2105 Zormabaru
3010 2054 3396 2109 administran-

1840 2137 1966 2190 dum
2002 2140 2292 2203 commisit,
2338 2141 2636 2210 urbemque
2691 2143 2832 2195 ititer
2877 2144 3076 2197 Ahwnz
3124 2133 3186 2199 et.
3217 2147 3395 2202 Persi-

1841 2229 1961 2282 dem
1985 2229 2246 2291 co‘ndidit,
2277 2245 2436 2298 quam
2470 2230 2655 2285 Kubad
2685 2233 2900 2287 Cborab
2945 2236 3252 2302 appellavit,
3277 2253 3396 2305 qua!

1839 2328 1890 2370 et
1920 2317 2155 2384 Alllajan
2220 2328 2302 2372 est
2345 2359 2359 2383 ,
2415 2321 2470 2374 in
2531 2338 2636 2390 qua
2693 2325 2934 2391 captivos
2992 2324 3394 2380 llamdancnses

1840 2409 2145 2471 collocavit,
2177 2410 2362 2463 urbem
2395 2411 2558 2464 etiam
2594 2428 2760 2481 prope
2807 2413 3079 2476 Alblabat,
3143 2431 3260 2482 qua:
3292 2416 3397 2470 lla—

1842 2517 2031 2574 rawati
2049 2503 2373 2569 appellatur,
2407 2517 2504 2571 nec
2544 2520 2650 2560 non
2693 2506 2850 2558 aliam
2893 2507 2945 2558 itt
2989 2507 3220 2560 Aldsbir
3255 2508 3396 2561 (Ibo-

1843 2593 1963 2652 rab,
1998 2608 2118 2659 qua:
2149 2592 2364 2655 Kobad,
2396 2594 2613 2648 Cborab
2674 2595 2861 2660 audit;
2924 2599 3226 2664 multasque
3264 2615 3397 2665 pra».

1845 2693 1990 2754 terea
2028 2685 2186 2736 urbes
2233 2685 2486 2752 vicosque
2535 2686 2802 2752 condidit,
2855 2702 3152 2757 amnesque
3189 2690 3394 2758 eﬂ'odit,

1844 2790 2115 2842 arcusque
2143 2784 2196 2828 et
2220 2784 2407 2843 pontes
2433 2781 2721 2852 exstruxit.

1915 2866 2061 2920 Obiit
2092 2878 2270 2919 autem
2302 2867 2484 2920 Zenon
2516 2868 2882 2922 Romanorum
2921 2870 3216 2939 imperator
3248 2882 3392 2940 post-

1844 2973 2002 3019 quam
2043 2971 2213 3010 annos
2254 2956 2638 3023 septemdecim
2667 2958 3008 3025 imperasset,
3042 2961 3203 3028 idque
3251 2957 3394 3014 anno

1846 3049 1990 3116 regni
2024 3047 2259 3101 Kubadis
2289 3048 2378 3101 ﬁlii
2421 3049 2638 3101 Pltiruzi
2678 3050 2817 3115 regis
2870 3032 3390 3120 Persarumquinto,

1845 3140 2144 3204 imperante
2192 3145 2312 3201 post
2363 3138 2536 3204 ipsum
2577 3137 2835 3191 Romanis
2882 3139 3171 3193 Anastasio
3219 3157 3390 3192 annos

1843 3229 2030 3297 viginti
2098 3238 2329 3295 septem.
2390 3225 2514 3278 Fuit
2564 3226 2651 3280 bic
2698 3228 2965 3289 Jacobita.
3020 3227 3389 3285 Melcbitarum

1844 3319 2106 3372 doctrina:
2155 3318 2453 3380 adversus;
2510 3327 2674 3371 natus
2715 3319 2766 3371 in
2807 3320 2942 3385 urbe
2993 3319 3180 3386 "auia,
3233 3338 3388 3389 quam

1842 3410 2099 3465 aedificari
2161 3425 2222 3462 ac
2277 3409 2478 3462 muniri
2530 3409 2717 3476 jussit,
2775 3423 2900 3462 arce
2955 3410 3156 3464 biennii
3217 3413 3392 3488 apa‘tio

1844 3502 2086 3555 condita.
2119 3499 2409 3567 Postquam
2453 3514 2582 3552 vero
2623 3499 2808 3552 decem
2846 3499 2954 3568 jam
3009 3502 3164 3555 anuis
3219 3503 3387 3570 impe-

1842 3602 2041 3656 rasset,
2075 3592 2302 3659 contigit
2332 3590 2640 3644 bominibus
2666 3591 2718 3643 in
2743 3591 2961 3644 Oriente
2994 3590 3163 3657 fames
3191 3593 3389 3660 gravis,

1781 3749 1786 3758 .
1842 3697 2140 3751 magnaque
2173 3683 2512 3735 locustarum
2547 3683 2722 3746 ecpia.
2756 3681 2922 3734 Porro
2947 3679 3102 3750 132
3139 3682 3390 3736 Kobades

1844 3755 2127 3825 Persarum
2163 3788 2254 3824 rex
2293 3769 2550 3842 [urbem]
2587 3772 2848 3824 Amedum
2890 3786 3177 3840 aggressus
3215 3775 3386 3841 ipsam

1843 3865 2127 3924 vastavit;
2157 3865 2431 3931 missoque
2481 3861 2861 3915 Alexandriam
2915 3865 3153 3915 exercitu
3199 3880 3390 3933 magno

1842 3954 2100 4022 quidquid
2129 3964 2281 4006 extra
2317 3953 2504 4007 urbem
2552 3952 2655 4006 fuit
2689 3952 2953 4007 incendit.
3013 3952 3287 4022 Multaque
3338 3968 3392 4010 et

1844 4043 2025 4110 gravia
2056 4042 2256 4109 przelia,
2284 4054 2583 4109 pugna-que
2615 4038 2956 4104 frequentes,
2985 4038 3124 4092 inter
3156 4038 3393 4093 Kobadis

1846 4133 1993 4199 regis
2027 4131 2314 4185 Persarum
2339 4139 2392 4184 et
2431 4129 2704 4183 Anastasii
2742 4127 3108 4182 Romanorum
3161 4130 3392 4199 impera-

1846 4223 1978 4276 toris
2008 4224 2234 4276 comites
2271 4222 2609 4276 acciderunt.
2670 4218 2794 4272 Fuit
2841 4226 3020 4273 autem
3058 4221 3421 4293 Alexandria},

1842 4312 2126 4381 prietectus
2147 4327 2210 4365 ex
2238 4321 2390 4380 parte
2412 4312 2693 4364 Anastasn
2720 4303 3065 4376 imperatoris
3095 4307 3388 4364 Eustatius.

199 4398 438 4450 Femina:
490 4396 630 4445 enini
666 4392 933 4445 desiderio
973 4401 1173 4452 teneor,
1225 4399 1403 4443 metuo
1434 4399 1612 4444 autem
1675 4408 1740 4446 ne
1768 4403 1818 4460 1)
1847 4406 2054 4459 Accidit
2085 4407 2244 4458 etiam
2280 4413 2399 4472 νοει
2437 4403 2582 4457 illud.
2613 4405 2666 4456 in
2702 4402 3022 4456 Alexandria
3069 4412 3119 4456 ειι
3164 4402 3389 4471 Αζργριο

199 4488 254 4541 in
307 4485 597 4552 ignobilem
643 4483 872 4549 aliquam
929 4482 972 4532 si
1022 4481 1253 4532 incidam
1309 4497 1423 4548 qua:
1475 4483 1743 4549 pepererit

204 4573 366 4625 nobis
393 4571 826 4638 in-ignomitiiam
862 4567 1032 4620 cedet.
1091 4567 1214 4620 Fuit
1261 4584 1388 4635 ergo
1452 4572 1641 4622 domus
1689 4573 1740 4623 in

201 4679 312 4732 qua
342 4660 594 4714 diversati
632 4669 756 4713 sunt
788 4660 1004 4711 domino
1045 4661 1150 4712 lilia
1207 4662 1393 4741 virgo,l
1429 4661 1584 4729 cujus
1628 4678 1746 4712 ma-

202 4761 340 4804 trem
365 4750 553 4801 adiens
584 4746 878 4798 Zormabar
935 4745 1104 4811 ipsam
1149 4755 1206 4796 ιιι
1248 4757 1299 4797 et
1356 4756 1558 4812 patrem
1611 4745 1743 4796 allo-

203 4853 360 4892 cutus
384 4839 716 4910 est,_quibus
748 4853 868 4888 cum
905 4838 1138 4903 placeret
1163 4835 1290 4886 illud
1334 4838 1473 4903 quod
1518 4837 1583 4887 ab
1614 4835 1746 4903 ipsis

177 4931 382 4996 petiit,
407 4932 504 4996 ipsi
527 4937 854 4981 antiuerunt.
901 4928 1237 4981 Pernoctavit
1282 4942 1408 4993 ergo
1455 4935 1634 4992 postea
1676 4928 1747 4978 fe-

207 5023 350 5073 mina
385 5022 484 5072 ista
514 5035 632 5071 cum
668 5019 912 5081 Kobado,
939 5027 1098 5084 atque
1137 5032 1201 5068 ex
1230 5031 1293 5067 eo
1341 5017 1557 5083 gravida
1609 5016 1744 5069 facta

208 5120 311 5164 cst.
341 5111 562 5174 Quoties
589 5118 763 5161 autem
789 5109 851 5159 ad
906 5108 1072 5176 ipsam
1111 5107 1365 5160 accedere
1401 5107 1557 5160 vellet
1580 5108 1746 5174 jussit

209 5216 326 5254 eam
383 5209 637 5252 retectam
689 5213 828 5251 esse.
909 5198 1272 5264 lnterrogante
1345 5208 1520 5251 autem
1575 5206 1747 5250 matre

211 5288 382 5350 ipsius
414 5288 478 5340 de
504 5298 643 5339 statu
678 5286 905 5347 Kobadi,
941 5302 1061 5338 cum
1093 5287 1165 5338 illi
1223 5288 1483 5339 indicaret
1546 5287 1745 5340 vidisse

214 5395 269 5431 se
325 5379 595 5431 feuioralia
656 5380 820 5445 ipsius
884 5378 1178 5431 boloscrica
1249 5395 1380 5430 auro
1437 5380 1743 5445 intertexta,

211 5469 456 5535 cognovit
489 5479 665 5521 mater
699 5470 873 5537 ipsum
907 5484 936 5522 e
972 5470 1170 5522 familia
1201 5473 1339 5538 regia
1362 5487 1499 5532 esse,
1535 5486 1594 5523 ac
1654 5471 1742 5523 la:-

215 5571 317 5613 tata
355 5569 455 5613 est.
493 5561 765 5615 Accedens
798 5553 971 5615 autem
1005 5562 1186 5616 Kobad
1228 5565 1291 5615 ad
1343 5564 1689 5617 Cbacbanum
1728 5581 1740 5616 :

218 5652 560 5721 ligutinquit)
598 5651 736 5708 [ilius
794 5669 910 5709 sum
961 5657 1101 5724 regis
1159 5654 1462 5720 Persarum,
1514 5665 1567 5708 at
1627 5666 1743 5724 post

1845 4496 2016 4549 fames
2051 4497 2251 4564 gravis,
2289 4496 2424 4549 adeo
2453 4504 2512 4547 ut
2536 4495 2714 4547 inedia
2750 4503 3091 4547 morerentur
3119 4494 3385 4556 homines,

1846 4585 2209 4652 desolataeque
2264 4591 2446 4637 essent
2495 4580 2819 4635 Alexandria
2873 4589 2926 4634 et
2968 4580 3229 4648 Aigyptus
3284 4595 3389 4645 piae

1850 4674 2001 4742 peste
2049 4682 2102 4726 et
2145 4681 2317 4726 morte
2349 4687 2466 4739 qua:
2500 4671 2742 4724 bomiucs
2790 4671 3006 4723 invasit.
3053 4671 3173 4721 Erat
3212 4667 3383 4725 atﬂ’cm

1847 4763 2190 4816 Alexandria:
2252 4760 2470 4814 Judaeus
2537 4760 2758 4828 quidam
2827 4761 3107 4844 opulentus
3172 4765 3381 4819 nomine

1848 4855 2021 4910 Urbib
2063 4854 2176 4922 (qui
2213 4862 2397 4920 postea
2447 4853 2911 4905 cbristianismutn
2955 4851 3226 4919 amplexus
3256 4856 3376 4922 est),

1849 4945 1939 5012 qui
1972 4943 2299 5011 pauperibus
2341 4942 2568 4994 mortuis
2617 4941 2892 4994 involucra
2941 4943 3197 5008 prazstitit.
3239 4941 3376 4995 Idem

1846 5034 1932 5087 die
1963 5032 2240 5086 Pascbatis
2273 5032 2548 5084 Duminico
2597 5047 2818 5099 magnas
2851 5031 3124 5083 distribuit
3157 5033 3375 5084 cleemo-

1850 5138 2015 5191 synas
2076 5123 2128 5174 in
2186 5121 2426 5174 Ecclesia
2478 5121 2692 5173 Arcadii
2728 5119 2871 5190 [quo
2923 5121 3191 5191 tempore]
3228 5123 3377 5172 turba

1847 5212 2144 5280 compressi
2187 5213 2384 5263 mortui
2434 5219 2558 5262 sunt
2593 5209 2694 5260 viri
2743 5211 2992 5262 trecenti.
3039 5209 3203 5261 Porro
3240 5225 3379 5260 anno

1848 5300 2060 5367 imperii
2093 5300 2365 5352 Anastasii
2419 5299 2787 5352 Romanorum
2839 5300 3177 5365 imperatur-is
3229 5313 3379 5353 serto

1849 5390 2179 5442 constitutus
2241 5401 2322 5442 est
2391 5388 2627 5442 Joannes
2699 5391 2993 5442 monaclms
3079 5399 3376 5458 patriarcha

1847 5477 2264 5538 Alexandrinus,
2297 5479 2383 5544 qui
2411 5477 2651 5529 Jacobita
2711 5476 2807 5528 fuit
2841 5495 2854 5529 :
2888 5481 3026 5530 sedit
3071 5495 3240 5532 annos
3291 5497 3380 5533 nu-

1842 5581 1986 5635 ,vcm,
2024 5567 2146 5619 dein
2183 5575 2427 5620 mortuus
2453 5576 2554 5619 est.
2589 5569 2972 5635 Annoitnperii
3013 5570 3250 5639 ejusdem
3285 5569 3375 5621 de'

1847 5657 1983 5733 rimo
2015 5659 2204 5726 quinto
2272 5657 2446 5711 tactus
2499 5666 2580 5711 est
2620 5657 2855 5714 Joannes
2890 5659 3021 5712 alter
3076 5657 3370 5727 patriarcha
