4082 6466
642 309 783 375 1063

1647 309 2018 372 EUTYCHI‘I
2057 310 2359 370 ALEXAN
2374 309 2596 372 DRiNI
2628 312 2844 372 PATR.

3724 308 3841 370 105i

641 415 1066 479 Alexandrinus,
1101 415 1192 484 qui
1247 391 1410 470 eiiam
1447 413 1716 481 Jacobita,
1765 427 1820 472 et
1872 431 1994 471 cum
2027 429 2197 468 annos
2225 419 2272 477 Α
2307 431 2449 482 rum,
2485 417 2666 486 ibique
2715 415 3025 488 degentium
3073 423 3247 472 statu.
3313 416 3411 471 ille
3451 427 3586 485 ergo
3636 405 3755 482 ipsi,
3805 423 3846 465 et

644 507 893 562 undecim
925 505 1159 561 sedisset
1190 513 1441 561 mortuus
1467 514 1570 562 est.
1603 505 1759 573 Anno
1783 507 2022 577 ejusdem
2053 507 2198 561 vice-

637 599 779 652 simo
813 605 970 652 sexto
1025 595 1202 651 iactus
1244 606 1329 651 est
1391 595 1688 652 Dioscorus
1720 598 2027 666 patriarcha
2077 596 2200 650 Alc-

639 688 959 753 xandriuus,
993 671 1240 742 Jacobita
1289 687 1476 752 etiam,
1531 677 1880 759 133-135
1930 686 2024 757 qui
2071 701 2195 742 cum

637 792 840 832 annum
883 794 1050 832 unum
1087 779 1323 834 sedisset
1356 791 1606 834 mortuus
1636 787 1740 836 est.
1771 779 1932 833 Anno
1951 777 2196 847 ejusdem

632 869 898 921 vicesimo
926 868 1159 938 septimo
1192 869 1531 924 constitutus
1562 878 1644 923 est
1664 867 1979 943 Timotheus
1998 865 2197 922 ibidem

631 961 990 1026 patriarcha:
1031 960 1120 1015 hic
1174 960 1338 1015 etiam
1397 959 1644 1017 Jacobita
1694 959 1815 1026 fuit,
1853 959 2005 1018 duos
2027 973 2201 1014 annos

633 1050 794 1112 sedit,
825 1050 949 1104 dein
978 1049 1098 1104 loco
1129 1049 1550 1119 abdicatusest.
1585 1048 1741 1105 Anno
1781 1050 1992 1119 imperii
2023 1049 2198 1120 ipsius

630 1151 830 1210 quarto
874 1141 1206 1196 constitutus
1238 1150 1321 1196 est
1406 1142 1720 1198 Timotheus
1761 1142 1866 1213 (vel
1894 1126 2194 1196 secundum

631 1231 778 1284 aliud
809 1229 1092 1300 exemplar
1124 1229 1530 1302 Macedonius),
1558 1223 2200 1302 patriarcha-Constanti-

631 1323 988 1391 nopolitanus
1024 1340 1038 1376 :
1068 1338 1164 1379 sex
1196 1338 1370 1379 annos
1423 1325 1588 1389 sedit,
1612 1323 1735 1378 dein
1789 1332 2037 1379 mortuus
2088 1331 2194 1378 est.

627 1414 788 1466 Anno
816 1412 1060 1481 ejusdem
1094 1425 1236 1466 nono
1263 1413 1597 1467 constitutus
1629 1421 1715 1468 est
1751 1410 2073 1466 Timotheus
2103 1424 2198 1480 pa-

631 1503 873 1557 triarcha
929 1502 1654 1572 Constantinopolitanus,
1689 1503 1780 1574 qui
1847 1506 1945 1558 sex
2021 1517 2195 1558 annos

628 1593 791 1656 sedit,
817 1592 945 1647 dein
1004 1603 1250 1648 mortuus
1298 1603 1421 1649 est.
1479 1595 1638 1677 Anno
1683 1593 1924 1663 ejusdem
1977 1591 2198 1647 decimo
2305 1597 2542 1678 reversis
2575 1596 2858 1652 monachis
2885 1595 3276 1666 Hierosolyma.
3302 1595 3375 1650 ibi
3407 1593 3866 1657 substitit,douec

628 1683 823 1752 quinto
877 1681 1054 1738 iactus
1106 1694 1191 1738 est
1244 1663 1491 1739 Joannes
1535 1683 1834 1756 Cappadox
1886 1683 2196 1752 patriarcha

629 1774 858 1839 ibidem,
900 1774 994 1843 qui
1020 1789 1218 1829 novem
1245 1789 1420 1830 annos
1457 1775 1773 1839 sedit,'dein
1805 1783 2057 1830 mortuus
2089 1782 2194 1829 est.
2231 1763 2272 1818 Β
2301 1781 2563 1849 deretque
2617 1779 2725 1850 ipsi
2781 1778 3077 1848 imperator
3112 1779 3196 1834 his
3245 1778 3392 1833 mille
3438 1791 3666 1840 aureos,
3715 1773 3869 1830 Utere

627 1870 786 1919 Anno
812 1865 1060 1934 ejusdem
1100 1865 1367 1921 vicesimo
1405 1877 1603 1936 quarto
1656 1865 1832 1922 iactus
1865 1874 1948 1938 est
1990 1867 2199 1936 Authy-

630 1974 750 2013 ntus
778 1958 1088 2028 patriarcha
1151 1957 1376 2022 ibidem,
1425 1957 1529 2028 qui
1559 1955 1806 2014 Jacohita
1847 1956 1979 2034 fuit,
2021 1973 2197 2013 annos

625 2053 872 2122 quinque
901 2052 1066 2114 sedit.
1095 2038 1561 2120 dein‘_relegatus
1615 2057 1720 2101 est.
1775 2049 1944 2119 Anno.
1983 2045 2198 2116 imperii

627 2145 798 2216 ipsius
827 2132 1023 2214 quarto
1055 2142 1386 2196 constitutus
1419 2150 1504 2196 est
1568 2137 1826 2207 Pelagius
1887 2138 2218 2207 patriarcha.

625 2231 1049 2302 Romanus,qul
1065 2241 1304 2302 quatuor
1354 2246 1530 2307 annos
1579 2231 1744 2294 sedit,
1780 2229 1916 2308 dein
1947 2237 2197 2284 mortuus

620 2335 731 2382 est.
766 2328 923 2380 Anno
957 2325 1202 2394 ejusdem
1234 2331 1431 2378 octavo
1468 2323 1803 2377 constitutus
1841 2330 1925 2375 est
1953 2322 2198 2375 Anasta-

622 2419 742 2470 eius
770 2416 1082 2485 patriarcha
1109 2413 1415 2477 Romanus,
1445 2413 1536 2483 qui
1568 2418 1693 2466 cum
1726 2427 1930 2466 annum
1963 2411 2199 2468 sedisset

625 2517 875 2562 mortuus
901 2514 1007 2560 est.
1050 2505 1209 2559 Anno
1244 2503 1489 2573 ejusdem
1519 2519 1665 2558 nono
1708 2502 1886 2559 factus
1909 2511 1992 2558 cst
2023 2505 2195 2575 Sym-

625 2593 850 2647 maclms
880 2589 1080 2646 ibidem
1117 2592 1430 2660 patriarcha
1455 2592 1549 2660 qui
1583 2595 1759 2645 annos
1783 2592 2195 2660 quattuordecim

610 2685 786 2748 ‘sedit,
841 2682 970 2738 dc'in
1024 2691 1279 2738 mortuus
1331 2691 1437 2736 est.
1490 2682 1649 2737 Anno
1700 2683 1915 2752 imperii
1952 2683 2195 2751 ejusdem

623 2784 824 2845 quarto
852 2775 1189 2829 constitutus
1212 2783 1297 2829 est
1327 2771 1621 2828 Flavianus
1652 2775 1968 2843 patriarcha
2003 2775 2196 2828 Antio-

621 2868 833 2922 thenus
885 2866 979 2936 qui
1039 2880 1217 2921 annos
1268 2863 1686 2935 quatuordecim
1738 2865 1903 2929 sedit,
1954 2865 2079 2920 dein
2138 2865 2194 2919 in

618 2959 878 3013 exsilium
919 2957 1114 3027 pulsus
1151 2962 1258 3013 est.
1301 2955 1430 3010 Fuit
1467 2945 1668 3011 autem
1717 2957 2039 3010 Anastasius
2093 2957 2194 3010 im-

623 3055 845 3119 perator
897 3048 1182 3104 sententia
1230 3046 1615 3103 Helehitarum
1673 3049 1959 3113 adversus,
2005 3055 2193 3118 utpote

628 3140 792 3211 133
835 3139 1109 3196 Jacobita.
1161 3139 1346 3207 Quare
1378 3139 1601 3209 scriptis
1648 3139 1714 3194 ad
1765 3139 1944 3210 ipsum
1995 3139 2191 3196 litteris

627 3228 774 3282 Elias
803 3230 1112 3298 patriarcha
1143 3211 1676 3300 Hierosolymiianns
1729 3228 2016 3285 veritatem
2063 3242 2194 3283 sen-

627 3321 812 3375 tentia:
847 3317 1224 3376 Melchitarum
1279 3319 1383 3390 ipsi
1439 3318 1714 3390 exposuit,
1760 3327 1816 3374 et
1881 3317 2194 3390 quicunque

627 3413 966 3466 contrarium
1020 3410 1155 3481 ipsis
1187 3396 1470 3466 'assereret
1521 3409 1867 3464 maledictum
1913 3423 2056 3464 esse.
2091 3408 2194 3463 lii-

626 3501 811 3570 sitque
865 3498 936 3569 ad
987 3499 1166 3568 ipsum
1223 3499 1604 3554 coenobiorum
1657 3497 2004 3568 prmpositos,
2056 3499 2198 3553 inter

625 3604 770 3660 quos
812 3596 970 3644 erant
998 3587 1347 3645 Theodosius
1397 3589 1693 3658 pmfectus
1728 3589 2054 3644 monasterii
2106 3589 2199 3643 Al-

629 3678 930 3750 davrakesi,
959 3667 1612 3750 Charitanus'przl’eetus
1646 3680 1864 3736 AlSaiki
1893 3683 2115 3747 veteris,
2144 3690 2200 3736 et

632 3772 787 3851 Saba
811 3770 1102 3844 praefectus
1129 3761 1197 3826 Al
1229 3770 1386 3828 Saiki
1428 3773 1577 3840 novi,
1611 3774 1704 3844 qui
1727 3774 1982 3830 omnibus
2017 3774 2196 3846 (locis)

631 3865 738 3920 hoe
760 3862 986 3918 nomine
1009 3859 1303 3935 appellatis
1337 3873 1592 3936 precs-at,
1629 3874 1683 3920 et
1712 3864 1875 3922 Saiko
1929 3867 2122 3935 veteri,
2147 3868 2198 3922 ei

627 3956 845 4012 scilicet
871 3954 967 4026 qui
991 3954 1277 4012 Charitani
1295 3964 1437 4024 erat,
1468 3971 1590 4012 cum
1622 3958 1812 4014 multis
1841 3973 1873 4013 e
1901 3959 2201 4031 monacho-

634 4064 756 4105 rum
771 4045 1069 4118 prefectis,
1099 4047 1248 4104 inter
1268 4063 1409 4119 quos
1439 4057 1494 4105 et
1518 4049 1850 4106 sacerdotes.
1877 4049 2001 4105 Haec
2016 4059 2198 4106 autem

629 4137 857 4208 scripsit
885 4155 899 4191 :
921 4131 1046 4191 Iisi
1070 4135 1136 4191 ad
1154 4143 1210 4192 te
1226 4136 1432 4192 multos
1450 4152 1482 4193 e
1498 4137 1590 4192 Dei
1617 4138 1810 4201 servis,
1833 4146 1888 4194 et
1907 4139 2202 4193 monacho-

636 4243 756 4282 rum
778 4227 979 4282 deserti
991 4226 1168 4291 nostri
1186 4226 1493 4297 prclectos,
1521 4228 1818 4299 interiquos
1842 4237 1899 4283 et
1920 4228 2064 4284 Saba
2085 4229 2203 4285 exi-

637 4325 784 4381 mius
804 4321 894 4376 ille
921 4321 1014 4390 qui
1039 4322 1316 4376 desertum
1343 4331 1594 4377 nostrum
1622 4323 1676 4376 in
1709 4323 1873 4378 urbes
1903 4320 2198 4390 convertit,

2314 507 2504 560 urbem
2536 518 2588 561 et
2608 509 2863 577 ‘qui‘eam
2903 506 3206 562 incolerent
3231 507 3370 563 bene
3393 521 3453 562 se
3487 504 3688 559 habere
3712 505 3845 560 dixit.

2311 597 2688 652 llielchitarum
2738 599 2904 653 etiam
2966 597 3271 652 doctrinam
3314 595 3541 667 ejusque
3585 593 3846 648 veritatem

2309 691 2412 760 ipsi
2441 691 2738 762 exposuit;
2771 700 2824 746 et
2847 690 3162 761 quicunque
3195 696 3386 746 contra
3445 688 3681 744 sentiret
3718 700 3850 740 exse-

2310 780 2570 836 crabilem
2626 795 2771 835 esse.
2834 779 2980 836 Dixit
3034 781 3197 835 etiam
3259 780 3409 850 ipsi:
3473 778 3756 848 Rogamus
3812 783 3853 827 te

2311 868 2608 927 Ecclesiam
2640 885 2710 926 ne
2745 871 2968 937 turbes;
3022 871 3262 942 quandiu
3289 869 3436 925 enim
3483 869 3538 922 in
3584 867 3721 936 pace
3759 880 3856 916 ma-

2308 969 2402 1015 net
2443 961 2715 1027 Ecclesia,
2762 961 3065 1015 nos'etiam
3129 960 3526 1031 tranquillitate
3577 957 3809 1010 fruimur
3847 967 3859 1004 :

2310 1067 2376 1106 ne
2409 1061 2590 1107 autem
2631 1050 3088 1106 heterodoxorum
3120 1051 3443 1106 sententiam
3495 1043 3859 1116 amplectaris.

2306 1143 2516 1197 Annuit
2539 1128 2668 1210 ergo
2691 1156 2786 1202 rex,
2815 1140 2920 1210 ipsi
2949 1141 3002 1194 in
3027 1141 3095 1196 iis
3115 1156 3235 1210 quae
3257 1141 3410 1209 petiit
3433 1137 3858 1203 monachos-ine,

2309 1233 2534 1288 collatis
2551 1232 2618 1307 _in
2644 1232 2796 1302 ipsos
2824 1231 3166 1297 muneribus,
3213 1228 3589 1299 Hierosolyma
3681 1225 3862 1281 reverti

2300 1325 2492 1400 jussit,
2520 1323 2741 1393 scriptis
2770 1323 2834 1377 ad
2864 1323 3030 1376 Eliam
3069 1323 3434 1393 patriarcham
3473 1317 3864 1388 Hierosolymi-

2308 1423 2496 1470 tanum
2542 1415 2739 1470 litteris
2769 1414 2970 1483 quibus
3039 1415 3236 1484 ipsius.
3269 1413 3512 1483 epistola
3562 1412 3864 1479 respondit.

2307 1507 2509 1561 Sabatn
2570 1514 2752 1561 autem
2808 1505 2952 1576 apud
3002 1520 3060 1559 se
3109 1520 3332 1559 manere
3368 1502 3864 1572 jussit.-Quiergo.

2307 1695 2431 1756 post
2456 1687 2658 1741 anndin
2690 1687 2925 1742 abeundi
2953 1688 3164 1756 copiam
3194 1697 3408 1753 petens,
3438 1686 3740 1744 obtineret.
3764 1693 3865 1737 tra-

2301 1869 2583 1946 (i'nquens)
2612 1873 2853 1925 nummis
2885 1870 3008 1924 istis
3035 1871 3101 1924 ad
3135 1869 3465 1925 monasteria
3497 1865 3858 1922 exstruenda.

2273 1955 2443 2030 :Saba
2473 1976 2605 2031 ergo
2636 1958 3020 2034 Hierosolyma
3048 1959 3230 2014 rediit.

2369 2051 2542 2105 Porro
2572 2050 2672 2105 fuit
2705 2051 3185 2120 Constantinopoli
3240 2051 3326 2105 vir
3364 2050 3589 2118 quidam
3647 2049 3863 2105 nomine

2301 2138 2561 2202 Severus,
2619 2141 2713 2209 qui
2752 2140 2997 2195 Dioscuri
3022 2150 3075 2194 et
3101 2140 3350 2212 Eutychii
3391 2141 3728 2195 sententiam
3759 2152 3865 2192 asi-

2298 2231 2496 2299 plexus
2547 2241 2654 2291 εει,
2709 2248 2872 2286 unam
2931 2246 3186 2286 asserens
3245 2239 3522 2295 naturam,
3578 2243 3861 2299 persona

2298 2316 2844 2381 unam,'voluntatem
2880 2337 3064 2376 unam.
3097 2320 3196 2376 llic
3222 2321 3289 2374 ad
3319 2321 3678 2379 Anastasium
3703 2321 3868 2390 impo-

2297 2420 2535 2464 ratorem
2571 2412 2864 2476 accedens,
2902 2413 3041 2466 dixit
3089 2411 3196 2482 ipsi
3223 2413 3513 2481 episcopos
3560 2414 3704 2467 istos
3749 2427 3863 2468 sex-

2297 2509 2489 2556 centos
2517 2509 2573 2555 et
2598 2503 2822 2570 triginta
2855 2503 2948 2573 qui
2981 2502 3056 2557 in.
3095 2502 3232 2558 urbe
3270 2501 3622 2556 Chalcedone
3663 2519 3861 2559 conve-

2296 2591 2513 2645 nientes
2568 2591 2624 2645 in
2685 2591 3009 2646 Dioscorum
3059 2604 3114 2648 et
3177 2591 3507 2661 Eutychium
3569 2597 3861 2646 anathema

2258 2689 2263 2691 ’
2303 2682 2462 2755 ιω
2500 2683 2781 2746 dixerunt,
2807 2683 2949 2737 male
2998 2684 3052 2738 in
3083 2684 3187 2738 hoc
3216 2683 3449 2738 iecisse:
3490 2698 3681 2757 seram
3721 2683 3862 2736 stili-

2297 2785 2384 2829 cet
2417 2775 2578 2829 [idem
2632 2789 2757 2830 esse
2794 2789 2956 2844 quam
3007 2773 3244 2844 professi
3293 2783 3425 2829 sunt
3477 2774 3863 2846 Eutychiuset

2298 2862 2612 2920 Dioscorus.
2645 2865 2766 2920 Noli
2799 2880 2929 2936 ergo
2959 2864 3181 2935 (inquit)
3218 2863 3620 2920 monachorum
3646 2863 3746 2933 qui
3798 2862 3862 2917 ad

2297 2958 2350 3010 te
2408 2957 2807 3027 Hierosolymis
2856 2963 3127 3010 venerunt
3177 2956 3512 3009 sententiam
3567 2953 3859 3024 amplecti,

2298 3033 2487 3116 utpote
2509 3063 2634 3117 qua:
2661 3046 2795 3102 falsa
2826 3048 2902 3100 sit
2937 3062 2954 3102 :
2997 3060 3186 3101 verum
3227 3045 3548 3116 perscriptis
3576 3044 3649 3100 ad
3673 3058 3861 3098 omnes

2297 3133 2538 3189 ditiones
2587 3146 2709 3190 tuas
2745 3133 2944 3189 litteris
2969 3134 3165 3203 jnbeas
3220 3136 3495 3191 sexcentis
3538 3143 3592 3189 et
3633 3133 3858 3204 trigita

2294 3227 2565 3299 episcOpis
2603 3227 2699 3297 qui
2742 3225 3075 3283 Chalcedoni
3126 3236 3503 3283 convenerunt
3558 3227 3853 3281 anathema

2295 3316 2633 3383 denuntiari,
2654 3318 3013 3387 hominesque
3035 3318 3283 3389 impellas
3301 3318 3367 3371 ad
3396 3333 3558 3373 unam
3579 3328 3858 3382 naturam,

2297 3409 2632 3464 voluntatem
2657 3423 2844 3471 unam,
2876 3425 3148 3480 unamque
3173 3423 3462 3480 personam
3479 3410 3856 3481 proﬁtendam.

2298 3498 2356 3554 in
2390 3515 2501 3569 quo
2530 3499 2723 3554 annuit
2781 3500 2884 3570 ipsi
2935 3501 3255 3572 imperator.
3309 3501 3510 3564 Audito
3562 3515 3698 3570 ergo
3730 3497 3856 3568 quid

2301 3593 2483 3648 facere
2509 3592 2787 3646 statuisset
2821 3592 3145 3648 Anastasius
3166 3593 3486 3663 imperator,
3523 3587 3751 3661 scripsit
3794 3589 3856 3644 ad

2298 3683 2478 3755 ipsum
2521 3681 2817 3739 Flavianus
2848 3684 3161 3753 patriarcha
3193 3685 3596 3747 Antiochenus,
3622 3682 3858 3738 suades

2299 3793 2371 3833 ne
2427 3777 2556 3832 illud
2616 3777 2764 3846 quod
2818 3756 3028 3832 diceret
3086 3778 3322 3833 Severus
3369 3777 3599 3833 faceret.
3660 3775 3856 3832 Verum

2299 3872 2442 3926 enim
2484 3871 2764 3946 amplexos
2798 3885 2925 3926 esse
2980 3871 3268 3941 episcopos
3305 3881 3600 3926 sexcentos
3644 3869 3857 3939 triginta

2300 3964 2394 4034 qui
2425 3959 2764 4018 Chalcedonl
2802 3969 3199 4026 convenerunt,-
3237 3969 3292 4016 et
3322 3961 3416 4031 qui
3457 3963 3749 4016 sententia:
3779 3961 3859 4028 ip-

2303 4068 2491 4108 sorum
2524 4045 2930 4125 contradiceret
2963 4052 3355 4108 exsecrabilem
3379 4067 3532 4107 esse.
3561 4051 3647 4106 ira
3679 4048 3853 4106 autem

2303 4158 2569 4199 accensus
2629 4142 2929 4213 imperator
2984 4142 3170 4197 missis
3225 4140 3477 4214 [nuntiis]
3541 4139 3852 4195 Flavianum

2305 4232 2676 4304 patriarcham
2707 4231 3109 4287 Antiochenum
3139 4229 3391 4286 exsulare
3420 4230 3604 4300 jussit,
3634 4229 3852 4285 suffecto

2304 4323 2424 4380 vice
2451 4324 2627 4395 ipsius
2659 4323 2713 4378 in
2741 4323 3170 4392 patriarchatum
3219 4321 3421 4378 ibidem
3469 4323 3700 4378 Severo.
3729 4321 3853 4376 Cum

641 4426 932 4483 ipsumque
967 4410 1201 4466 habitari
1255 4409 1403 4474 fecit,
1443 4409 1542 4481 qui
1580 4422 1636 4466 et
1688 4411 1992 4468 Palaestina
2040 4411 2197 4467 stella
2232 4430 2275 4485 υ
2304 4428 2438 4482 ergo
2484 4412 2750 4473 audiisset
2803 4408 2920 4466 Elia
2949 4410 3853 4488 (patriarcha_ﬂierosolymitanus

637 4514 748 4559 est.
811 4503 948 4558 Cum
996 4499 1204 4556 autem
1235 4502 1766 4572 Constantinopolim
1832 4503 2222 4574 pervenissent.

643 4590 899 4650 monachi
934 4591 1153 4660 copiam
1189 4590 1533 4663 (accedendi)
1574 4593 1643 4646 ab
1695 4592 1988 4648 Anastasio
2037 4591 2207 4662 petie-

644 4697 795 4749 runt,
836 4684 931 4756 qui
981 4683 1119 4752 ipsis
1171 4683 1488 4740 introeundi
1532 4685 1747 4740 veniam
1797 4685 2093 4742 concessit.
2123 4685 2205 4739 Ad

645 4791 828 4846 regem
859 4787 992 4845 ergo
1019 4775 1256 4844 ingressi
1290 4784 1441 4832 sunt.
1476 4774 1602 4831 Fuit
1635 4771 1830 4834 autem
1873 4776 2016 4832 Saba
2044 4776 2208 4831 vesti-

648 4869 755 4926 bus
783 4867 928 4922 tritis
950 4866 1192 4931 indutus,
1222 4881 1392 4937 quare
1409 4881 1534 4921 cum
1565 4883 1704 4938 pone
1726 4879 1953 4925 ceteros
1968 4884 2026 4924 se
2042 4869 2211 4923 conti-

647 4964 823 5021 neret,
868 4954 1268 5026 prohibuerunt
1315 4957 1491 5026 ipsum
1521 4958 1729 5013 ostiarii
1789 4957 1857 5013 ab
1920 4959 2205 5028 ingressu.

620 5049 785 5104 Cum
833 5061 966 5115 ergo
1024 5047 1248 5117 legisset
1310 5048 1638 5104 Anastasius
1710 5049 2010 5120 imperator
2081 5049 2209 5106 Elis:

653 5139 977 5211 patriarcha:
1031 5134 1518 5212 Ilierosolymitani
1575 5140 1886 5210 epistolam,
1943 5141 2206 5207 Quisnam

654 5225 858 5302 (inquit
892 5231 1199 5303 monachis)
1255 5246 1285 5287 e
1342 5231 1498 5287 vobis
1544 5241 1630 5287 est
1682 5231 1822 5288 Saba
1884 5233 1986 5288 iste
2035 5234 2086 5288 in
2125 5235 2210 5290 his

655 5319 1174 5380 litte‘risla'udatusi
1204 5307 1283 5377 illi
1331 5322 1832 5395 circumspicientes
1885 5341 2011 5381 eum
2065 5326 2210 5383 haud

657 5415 852 5472 adesse
911 5414 1091 5484 ipsum
1143 5413 1417 5481 ’viderent,
1477 5416 1658 5486 ipsum
1723 5431 2024 5474 accersere.
2074 5415 2210 5474 Cum

660 5513 840 5560 autem
897 5500 964 5560 ad
1040 5503 1418 5575 imperatorem
1480 5499 1846 5578 137-139
1934 5509 2215 5579 ingressus

661 5601 831 5660 esset,
865 5591 956 5651 ille
980 5598 1044 5652 ad
1083 5611 1144 5654 se
1171 5592 1404 5670 propius
1445 5600 1704 5656 accedere
1751 5600 1990 5669 jussum,
2025 5601 2210 5670 juxta-

664 5700 770 5758 que
800 5687 1233 5757 secolloeatum,
1287 5691 1638 5761 interrogavit
1689 5690 1755 5749 de
1810 5689 2215 5764 HierosO!ynio-

2306 4503 2625 4560 Flavianum
2650 4504 2715 4557 in
2752 4501 3005 4557 exsilium
3034 4487 3249 4571 pulsum
3298 4515 3445 4567 esse,
3497 4515 3563 4555 ac
3599 4501 3853 4563 Severum

2306 4598 2359 4652 in
2389 4597 2568 4650 locum
2600 4596 2774 4665 ipsius
2822 4592 3132 4660 suffectum,
3174 4593 3497 4649 convocavit
3540 4607 3727 4647 coram
3772 4590 3851 4644 Se-

2307 4675 2496 4756 pulcro
2524 4693 2578 4738 et
2608 4683 2879 4752 Golgotba
2911 4683 3234 4746 monachos.
3273 4683 3366 4751 qui
3388 4681 3458 4735 .in
3510 4681 3851 4736 Anastasinm

2309 4778 2693 4844 imperatorem
2722 4783 2778 4828 et
2795 4775 3056 4828 Severum
3085 4772 3483 4844 patriarcham,
3511 4779 3569 4826 et
3595 4775 3850 4840 quotquot

2309 4867 2483 4936 ipsius
2519 4867 2850 4920 sententiam
2886 4859 3370 4935 amplecterentur,
3424 4861 3719 4918 anathema
3766 4862 3854 4916 de-

2316 4957 2662 5012 nuntiarunt.
2690 4957 3017 5012 Anastasius
3044 4955 3499 5024 ergoimperat’or
3521 4953 3710 5008 audito
3732 4947 3848 5021 quid

2312 5047 2527 5107 iecisset
2559 5047 2673 5103 Elia
2726 5047 3036 5122 patriarcha
3070 5045 3422 5119 ιιι-ιω
3476 5041 3848 5113 Hierosolymi-

2310 5149 2495 5207 tanus,
2529 5141 2773 5206 mittens,
2802 5138 2981 5210 ipsum
3020 5138 3150 5192 llam
3197 5136 3458 5208 relegavit
3477 5136 3674 5208 (idque
3721 5141 3849 5187 anns

2314 5231 2526 5302 imperii
2591 5229 2868 5307 Anastasii
2924 5228 3192 5284 vicesimo
3248 5225 3458 5296 tertio),
3514 5225 3852 5307 prafecitqos

2312 5299 2702 5394 Hierosolymis
2727 5319 3093 5392 patriarcham
3126 5317 3416 5389 quemdam
3438 5319 3660 5373 nomine
3699 5301 3849 5372 Joan-

2314 5429 2460 5480 nem,
2519 5419 2706 5484 utpote
2757 5411 2849 5482 qui
2906 5410 3010 5482 ipsi
3039 5409 3367 5481 promiserat
3402 5425 3462 5465 se
3490 5409 3546 5463 in
3582 5408 3848 5484 episcopi

2316 5515 2614 5569 sexcentos
2637 5503 2862 5574 triginta
2885 5501 3317 5573 quiChaleedoni
3347 5498 3712 5557 interfuerunt
3737 5493 3850 5553 ala?

2316 5598 2498 5652 thema
2528 5596 2825 5651 dicturum.
2852 5591 2956 5654 Ubi
2980 5609 3107 5664 ergo
3131 5590 3504 5664 Hierosolyma
3523 5591 3847 5652 accessit“.

2318 5673 2736 5761 convenientes.
2778 5688 2956 5747 ipsum
2987 5683 3240 5747 monachi
3274 5692 3329 5742 et
3360 5683 3541 5745 θὼν
3585 5680 3704 5741 Noli
3757 5680 3844 5754 (ia-

4013 335 4023 434 Ξ
