4082 6444
260 264 409 331 I065

246 574 279 614 a
316 564 569 631 partibus
595 568 703 623 tuis
744 570 1032 627 stabimus.
1067 572 1221 639 Quod
1249 576 1339 632 ille
1362 578 1489 647 ipsis
1516 583 1804 651 pollicitus,

174 688 179 691 ι
245 656 586 721 contrarium
623 661 670 713 ei
738 661 881 729 quod
953 662 1055 732 ipsi
1107 667 1455 742 mandaverat
1513 672 1806 742 imperator

242 742 403 800 fecit.
472 748 639 816 Cujus
727 750 804 803 rei
870 752 1069 807 certior
1135 738 1306 829 factus
1388 738 1699 831 imperator,
1774 759 1804 821 ὸ

164 830 169 834 ’
240 834 487 915 ducibus
534 840 666 893 suis-
701 842 991 909 quemdam
1040 845 1211 910 misit,
1252 850 1340 917 qui
1388 830 1650 912 Joannem
1678 836 1802 931 ’ρει-

239 924 542 979 triarcham
606 925 1181 1003 llierosolymitanum,
1237 941 1367 994 illud
1423 943 1598 1001 facere
1654 924 1798 1020 quod

238 1017 574 1082 promiserat
635 1032 900 1088 moueret,
970 1033 1144 1095 utque
1228 1033 1441 1087 concilii
1497 1017 1800 1094 Chalcedo-

237 1107 435 1161 nensis
484 1110 810 1165 mentionem
856 1111 1039 1169 facere
1092 1118 1401 1185 desisteret,
1454 1125 1539 1178 sin
1594 1129 1799 1194 minus,

234 1193 507 1249 cathedra
548 1199 847 1255 abdicaret.
886 1205 1168 1263 Accedens
1191 1224 1321 1277 ergo
1353 1212 1463 1265 dux
1494 1213 1592 1268 iste
1631 1216 1800 1272 Joan-

235 1297 365 1340 nem
394 1288 760 1359 patriarcham
787 1292 1115 1361 prehensum
1148 1296 1199 1348 in
1230 1311 1506 1353 carcerem
1535 1306 1797 1374 conjecit.

230 1371 413 1439 Quem
447 1376 519 1431 ibi
551 1378 813 1436 adeuntes
852 1385 1102 1436 monachi
1149 1384 1197 1437 ei
1234 1400 1521 1443 suaserunt
1554 1403 1612 1446 ut
1641 1371 1797 1450 iidem

228 1463 364 1519 duci
422 1481 483 1521 se
538 1467 807 1523 facturum
857 1469 1226 1540 pollice‘retur,
1270 1479 1411 1546 quod
1484 1483 1795 1552 imperatori

230 1554 518 1621 pollicitus
551 1550 746 1620 fuerat,
770 1573 892 1611 eum
929 1568 1106 1616 autem
1152 1565 1365 1621 adesset
1424 1550 1614 1635 omnes
1672 1560 1797 1632 ilius

224 1643 582 1698 anathemate
622 1646 802 1700 feriret
845 1664 982 1717 quos
1024 1652 1618 1717 anathet‘natizaverant
1681 1682 1796 1722 mo-

225 1734 420 1788 nacbi.
451 1734 604 1800 Quod
640 1752 765 1791 cum
805 1739 1042 1807 fecisset,
1077 1747 1462 1815 convenientes
1518 1753 1789 1824 monachi,
1826 1735 1865 1788 Β

226 1840 465 1880 numero
488 1827 706 1882 circiter
758 1828 939 1885 decies
985 1833 1133 1887 mille
1178 1836 1320 1891 inter
1370 1854 1510 1909 quos
1537 1842 1789 1901 Theodo.

225 1917 376 1982 sius,
406 1918 698 1984 Charitan,
722 1930 773 1975 ct
801 1920 940 1976 Saba
970 1916 1369 1984 ctenobiorum'
1400 1939 1699 2004 praepositi,
1737 1942 1789 1994 in

224 2007 581 2073 Dioscorum,
645 2010 993 2081 Eutychium,
1047 2014 1306 2073 Severum
1362 2032 1415 2075 et
1478 2027 1790 2099 quicunque

223 2100 527 2154 concilium
587 2100 1027 2162 Chalceduncose
1076 2107 1241 2180 1“
1304 2127 1413 2166 non
1489 2118 1787 2188 reciperent

227 2190 527 2245 anathema
594 2192 873 2257 dixerunt.
941 2194 1128 2252 lletttit
1202 2210 1384 2256 autem
1446 2206 1787 2275 imperatoris

221 2278 445 2348 legatus
474 2297 503 2334 a
536 2285 838 2340 monachis.
883 2287 1120 2347 Aderat.
1145 2291 1306 2343 etiam
1374 2308 1480 2349 una
1552 2297 1787 2369 impera-

219 2374 366 2427 toria
399 2383 690 2441 cognatus,
727 2376 813 2429 cui
864 2391 990 2432 cum
1046 2380 1098 2433 id
1135 2396 1298 2449 grave
1338 2395 1504 2449 esset,
1540 2392 1791 2458 promisit

218 2462 341 2539 ipse
378 2465 664 2521 monachis
692 2482 1040 2523 reversurum
1076 2468 1457 2539 imperatorem
1500 2476 1571 2532 al)
1617 2478 1787 2536 altera

216 2533 329 2608 ista
385 2555 452 2608 ad
490 2554 735 2625 ipsorum
783 2560 1105 2614 sententiam
1136 2573 1187 2615 et
1228 2563 1295 2616 ad
1327 2568 1631 2624 veritateuu
1656 2570 1786 2625 Cum

215 2658 353 2714 ergo
436 2643 969 2717 Constantinopolim
1022 2654 1367 2721 pervenisset
1442 2657 1787 2727 imperatoris

213 2743 491 2805 cognatus
535 2737 657 2800 iste,
695 2739 825 2806 quid
882 2741 1082 2796 factum
1132 2756 1276 2815 esset
1336 2747 1435 2814 ipsi
1492 2752 1784 2807 nuntiavit.

210 2826 465 2896 Cumque
498 2828 550 2882 iu
581 2832 764 2883 animo
800 2830 1023 2885 haberet
1080 2834 1372 2904 imperator
1414 2839 1577 2893 etiam
1621 2839 1786 2913 Joan-

215 2931 341 2972 nem
375 2922 743 2987 patriarcham
808 2920 1366 2995 llierosolymitanum
1427 2931 1479 2983 in
1530 2933 1783 2988 exsilium

212 3007 459 3075 mittere,
493 3013 804 3081 congregati
852 3015 1105 3069 monachi
1146 3026 1200 3070 et
1230 3020 1470 3089 episcopi
1499 3023 1565 3077 ad
1602 3009 1781 3094 ipsum
1811 3060 1852 3118 ε

210 3101 586 3170 scripserunt,
616 3120 675 3158 se
708 3102 892 3159 Severi

210 3193 445 3246 tentiam
487 3194 909 3265 haudquaquam
965 3199 1337 3268 amplexuros,
1390 3206 1603 3261 etiamsi
1657 3223 1784 3262 san-

210 3283 433 3353 guinem
456 3284 695 3353 ipsorum
759 3274 1043 3353 funderet;
1103 3302 1356 3361 rogantes
1380 3296 1545 3361 etiam
1573 3298 1774 3367 ipsum,

212 3383 331 3427 uta
366 3376 513 3428 malo
553 3378 687 3445 ipsis
737 3378 1018 3434 inferendo
1068 3380 1377 3441 desisteret.
1428 3386 1561 3442 Cum
1615 3393 1776 3446 etiam

210 3465 485 3521 audiisset
529 3466 889 3536 Symmachus
943 3472 1249 3547 patriarcha
1313 3473 1589 3532 Romanus
1649 3481 1813 3548 quid‘

215 3555 438 3612 fecisset
464 3558 785 3614 Anastasius
811 3599 826 3623 ,
855 3562 1074 3631 scriptis
1109 3566 1175 3621 ad
1210 3565 1385 3634 ipsum
1448 3567 1644 3623 litteris
1688 3571 1772 3623 fa-

208 3653 360 3703 ctum
378 3648 498 3717 ejus
512 3651 854 3720 vituperavit.
884 3654 1094 3722 ipsique
1110 3658 1397 3710 anathema
1415 3643 1783 3715 denuntiavit.

249 3737 638 3809 Jlortuusqtte
668 3751 752 3796 est
788 3742 1152 3812 Symmachus
1183 3749 1494 3816 patriarcha
1522 3766 1643 3804 cunt
1677 3767 1776 3804 an-

212 3846 315 3886 nos
337 3833 755 3902 quatuordecim
796 3835 1052 3889 sedisset.
1084 3833 1215 3890 Post
1243 3852 1405 3907 quem
1440 3836 1777 3896 constitutus

207 3936 291 3979 est
324 3924 525 3979 ibidem
582 3926 893 3993 patriarcha
943 3925 1255 3995 Hormisda,
1288 3930 1381 3998 qui
1427 3929 1627 3986 Severo
1683 3921 1779 4002 pa-

209 4017 468 4071 triarchm
495 4018 839 4072 Antiocheno
869 4028 924 4071 et
969 4028 1243 4089 quotquot
1293 4021 1435 4075 idem
1481 4038 1603 4076 cum
1656 4026 1776 4093 ipso

209 4118 520 4163 assererem
550 4109 850 4174 maledixit,
884 4110 1048 4179 idque
1076 4125 1222 4165 anno
1254 4112 1467 4182 imperii
1500 4116 1771 4189 Anastasii

208 4195 576 4254 Rtintauorum
612 4201 957 4269 imperatoris
991 4202 1249 4257 vicesimo
1275 4204 1455 4256 tertio.
1489 4200 1642 4258 Sedit
1670 4220 1770 4257 au-

208 4298 315 4343 tem
350 4288 636 4343 Hormisda
666 4290 973 4359 patriarcha
1011 4291 1288 4345 Romanus
1325 4306 1501 4347 annos
1529 4303 1765 4361 septem,

178 4379 333 4449 rdein
366 4388 618 4433 mortuus
638 4388 742 4433 est.
788 4378 975 4454 Porro,
1040 4379 1143 4435 fuit
1205 4379 1410 4437 Severo
1467 4364 1847 4453 discipulus‘D

208 4472 432 4524 nomine
453 4468 716 4533 ‘Jacobus,
771 4471 857 4524 cui
919 4474 1164 4526 atnictus'
1200 4480 1317 4526 erat
1364 4487 1396 4527 e
1440 4464 1770 4538 segtuiuibus

208 4558 499 4613 Albaradet
522 4575 617 4613 seu
644 4560 976 4614 dorsualium
1028 4558 1377 4632 155-157
1412 4576 1533 4631 quas
1558 4563 1770 4633 jumen-

206 4650 277 4705 lis
303 4652 531 4705 insterni
558 4651 735 4704 solent
764 4650 1029 4718 consutis,
1062 4654 1206 4706 unde
1232 4646 1532 4721 cognomen
1584 4651 1770 4708 Jacobi

207 4742 629 4799 Albaradiensis
684 4745 916 4813 accepit,
976 4745 1133 4815 cujus
1190 4747 1437 4799 doctrina
1488 4756 1607 4801 erat
1648 4760 1773 4803 esse

178 4837 428 4893 Christo
460 4847 714 4890 naturam
766 4852 927 4889 unam
966 4852 996 4890 e
1024 4837 1239 4891 duabus
1270 4838 1480 4891 naturis
1526 4839 1769 4919 [ςοιιιρο.

205 4926 415 5000 sitam,|
448 4928 804 4982 substantiam
828 4944 859 4980 e
882 4927 1203 4982 substantiis
1230 4927 1460 4995 duabus,
1490 4940 1546 4984 et
1573 4929 1767 4982 volun-

206 5027 369 5076 tatem
396 5035 587 5086 unam,
614 5018 906 5074 'secundum
941 5019 1265 5074 sententiam
1289 5020 1498 5084 Severi,
1522 5018 1765 5074 Dioscuri

204 5117 259 5163 et
301 5109 554 5181 Eutycbii
617 5108 1048 5162 maiedictorum.
1100 5107 1386 5163 Profectus
1437 5110 1525 5164 hic
1576 5125 1766 5165 versus

207 5196 669 5268 Iubpotamiam,
733 5194 917 5250 Gizatu
940 5237 956 5261 ,
1013 5197 1290 5260 Tacritum
1312 5238 1328 5261 ,
1356 5274 1357 5277 η
1385 5197 1660 5253 Haranum
1710 5210 1764 5255 et

206 5285 516 5341 Armeniam
546 5288 705 5341 fidem
738 5287 1015 5340 hominum
1048 5291 1314 5357 corrupit,
1342 5304 1610 5360 suamque
1640 5292 1762 5345 illos

205 5377 505 5433 doctrinam
558 5380 809 5450 amplecti
864 5380 1012 5434 fecit.
1062 5379 1193 5433 lude
1256 5382 1348 5447 qui
1401 5380 1587 5435 Jacobi
1640 5386 1760 5436 ttdei

206 5479 618 5533 consenserunt,
644 5471 894 5538 idemque
909 5484 1035 5522 cum
1062 5470 1181 5538 ipso
1204 5484 1489 5524 asseruere
1503 5470 1762 5528 Jacohita:

209 5563 459 5632 appellati
492 5571 643 5625 sunt,
681 5561 749 5614 ab
796 5561 969 5628 ipsius
1022 5560 1240 5617 homine
1296 5561 1523 5618 Jacoho.
1581 5565 1760 5635 lnquit

209 5649 333 5713 Said
353 5654 469 5716 Eho
490 5653 673 5709 Batrik
705 5654 985 5709 medicus:
1013 5652 1203 5711 Visum
1237 5667 1317 5744 est
1349 5660 1481 5713 mihi
1513 5660 1612 5713 hoc
1637 5662 1757 5719 loco

441 5832 444 5836 .
513 5752 780 5825 ΡΑτιιοι.
809 5754 925 5816 Gn.
954 5752 1055 5833 CX
1065 5751 1114 5818 1ο

1682 293 2044 359 ΑΝΝΑῌίΞ.

252 380 481 449 qni-nt)
507 378 691 438 Severi
722 390 1040 443 sententiam
1070 393 1340 465 amplecti,
1386 398 1482 452 sed
1513 402 1802 457 concilium
1837 426 1879 473 Α
1910 408 2176 465 Jucubitis
2214 416 2567 483 respondere,
2596 429 2646 471 et
2676 417 2705 469 «1

250 469 700 529 Chalcedoncnse
712 492 1010 551 propugna:
1029 481 1195 554 [quod
1211 486 1253 539 si
1274 486 1612 561 feceris],nos
1622 508 1809 550 omnes

3336 320 3467 382 1066

2714 424 2936 475 octrinw
2970 426 3214 495 ipsorum
3260 430 3499 488 i'alsita-E

1910 510 2015 554 tem
2038 514 2086 579 et
2114 504 2502 562 ahsurditatem
2526 510 2832 565 ostendere.
2869 513 3085 570 Dicatur
3117 520 3220 576 illis
3256 538 3269 573 :
3304 521 3470 579 Dicite

1910 592 2063 648 nobis
2094 592 2246 679 [quid
2274 597 2547 667 sentiatis]
2582 600 2647 653 de
2696 617 2925 666 persona
2960 604 3118 661 Verbi
3174 611 3288 675 Dci,
3348 630 3468 684 qua:

1909 682 2025 741 fieri
2058 699 2167 738 non
2194 674 2387 754 potest,
2418 691 2548 758 quin
2583 692 2663 745 vel
2715 696 3009 761 sumpserit
3054 701 3181 766 quid
3228 704 3293 757 dc
3338 674 3470 761 8th-

1908 777 2109 829 stantia
2161 779 2517 835 humanitatis
2572 784 2731 855 eique
2793 788 2945 841 unita
2999 788 3179 853 fuerit,
3226 796 3327 849 vel'
3359 813 3465 850 non

1905 867 2217 948 sumpserit.
2262 868 2601 927 Sidixeritis
2637 876 2771 928 nihil
2808 881 3108 949 accepisse,
3150 882 3343 937 falsum
3385 898 3467 940 est

1906 936 2191 1020 personant
2216 974 2377 1027 quam
2400 960 2617 1014 Christo
2645 967 2940 1021 attribuitis
2964 973 3320 1038 compositam
3347 990 3467 1029 esse

1905 1058 1969 1096 ex
2003 1046 2285 1100 divinitate
2319 1060 2373 1101 et
2415 1051 2773 1108 humanitate.
2808 1056 2961 1120 Quod
2988 1059 3032 1113 si
3067 1062 3194 1130 quid
3225 1078 3471 1134 sumpse-

1907 1132 1998 1199 rit,
2028 1149 2252 1191 necesse
2296 1149 2376 1192 est
2404 1150 2483 1205 ut,
2515 1143 2656 1209 quod
2690 1156 2962 1213 sumptum
3010 1151 3170 1204 fuerit
3203 1168 3268 1207 ex
3302 1132 3469 1211 Maria

1910 1219 2148 1293 Virgine,
2177 1228 2249 1280 sit
2300 1230 2729 1299 substantiasel
2774 1241 3082 1307 communis
3110 1244 3192 1296 vel
3227 1249 3462 1311 particuv

1904 1314 2074 1381 laris;
2107 1319 2150 1370 si
2186 1323 2495 1376 communis
2531 1322 2714 1392 fuerit,
2749 1328 2871 1381 inde
2904 1340 3163 1399 sequetur
3187 1350 3309 1390 esse
3341 1341 3467 1390 sub-

1903 1407 2161 1460 stantiam
2200 1409 2437 1465 divina’m
2472 1422 2525 1467 et
2550 1418 2889 1473 substantias
2931 1420 3216 1488 humanas,
3244 1425 3467 1496 compo-

1895 1488 2071 1581 sitas,
2130 1500 2367 1563 multas;
2437 1504 2579 1572 quod
2647 1507 2985 1576 impossibile
3046 1521 3151 1566 est.
3217 1488 3462 1581 Qttod'si

1902 1574 2206 1642 substantia
2245 1594 2591 1665 particularis
2615 1574 2740 1665 (μιαί
2775 1598 3005 1655 indicari
3060 1574 3261 1672 potest:
3306 1606 3467 1680 148

1904 1686 2014 1730 tum
2046 1670 2173 1732 sunt
2198 1680 2429 1737 Christo
2460 1680 2784 1742 substantia:
2840 1691 2979 1756 duae,
3032 1670 3214 1750 divina
3269 1670 3464 1767 nempe

1893 1775 1947 1819 et
1976 1768 2234 1835 humana,
2266 1783 2320 1827 at
2348 1775 2705 1837 subsistantia
2743 1796 2870 1843 una,
2903 1792 2955 1837 et
2984 1787 3276 1855 unicuique
3338 1792 3466 1844 sub-

1893 1861 2103 1914 stantia:
2144 1872 2337 1917 natura
2391 1882 2489 1921 sua
2547 1886 2559 1921 :
2611 1882 2771 1939 atque
2822 1872 2902 1927 hae
2952 1874 3072 1929 dure
3124 1879 3464 1939 substantiae.

1893 1958 2098 2004 naturae
2127 1953 2268 2019 duae,
2314 1958 2671 2018 subsistentia
2710 1978 2835 2029 una,
2886 1976 2938 2019 et
2996 1982 3223 2024 necesse
3272 1972 3374 2025 erit
3409 1986 3467 2027 ut

1890 2040 2016 2091 dum
2044 2044 2210 2097 unita:
2238 2043 2439 2098 fuerint
2459 2047 2577 2101 dum
2610 2051 2950 2121 substantiae,
2977 2068 3198 2115 mutatas
3219 2060 3416 2117 fuerint
3448 2086 3459 2118 :

1892 2133 2031 2198 quod
2064 2134 2108 2185 si
2150 2148 2178 2189 a
2216 2136 2523 2213 substantia
2560 2128 2656 2195 sua
2683 2147 2915 2199 'muta'm
2947 2149 3165 2216 fuerint,
3204 2152 3320 2208 fieri
3353 2172 3459 2209 nuu

1893 2231 2069 2288 potest
2104 2225 2235 2293 quin
2270 2236 2329 2279 ut
2368 2229 2447 2282 vel
2505 2241 2709 2287 mutata
2746 2235 2905 2289 fuerit
2938 2238 3249 2297 substantia
3278 2246 3459 2301 divina

1893 2312 1945 2362 in
1995 2313 2353 2369 substantiam
2406 2318 2717 2387 humanam,
2751 2334 2803 2379 et
2850 2326 2986 2382 facta
3009 2332 3080 2384 sit
3113 2332 3316 2392 homo:
3378 2338 3461 2392 \cl

1892 2400 2198 2457 substantia
2236 2406 2469 2461 humana
2511 2410 2565 2464 in
2592 2410 2853 2477 divinam,
2887 2416 3135 2488 factaque
3174 2424 3244 2477 sit
3272 2424 3455 2486 Deus:

1892 2500 1984 2545 attt
2028 2503 2084 2547 ut
2117 2504 2359 2566 utrmque
2387 2500 2455 2553 ab
2485 2502 2722 2556 essentia
2764 2519 2860 2557 sua
2919 2495 2973 2559 in
3026 2511 3187 2564 aliam
3240 2526 3460 2569 mutat'n

1888 2582 1999 2635 sint
2028 2576 2351 2652 essentiam,
2386 2598 2444 2642 ut
2489 2594 2557 2643 ita
2596 2609 2658 2645 ex
2715 2595 2780 2648 iis
2838 2596 2976 2655 facta
3040 2601 3111 2655 sit
3158 2604 3459 2665 subsmntia

1856 2672 2012 2739 “alia,
2046 2682 2099 2727 et
2125 2685 2316 2730 natura
2350 2681 2475 2734 alia.
2513 2682 2662 2746 Quod
2697 2686 2742 2738 si
2770 2687 2844 2741 ita
2886 2703 2944 2742 se
2971 2690 3225 2747 habuerit
3258 2710 3367 2763 res,
3400 2708 3455 2754 et

1887 2777 2143 2819 conversa
2175 2764 2337 2821 fuerit
2362 2770 2625 2830 divinitas.
2648 2778 2699 2826 in
2733 2776 3145 2854 humanitatem,
3180 2794 3293 2841 tum
3353 2803 3457 2845 ue-

1887 2864 2007 2908 tura
2040 2856 2243 2913 Christi
2281 2861 2444 2914 homo
2476 2866 2586 2930 est,
2622 2868 2739 2925 non
2790 2866 2975 2934 Deus;
3030 2883 3084 2927 et
3143 2881 3454 2935 necessario
3497 2893 3500 2896 '

1886 2947 2214 3003 attribuetur
2249 2965 2410 3021 pmna
2448 2954 3113 3030 substantiadvinitatis,
3154 2976 3206 3022 et
3238 2968 3453 3028 invadet

1890 3036 2060 3107 ipsam
2089 3045 2371 3111 corruptio
2395 3060 2409 3106 ;
2466 3046 2569 3099 hoc
2598 3055 2782 3119 autem
2813 3050 3455 3121 impossibilium‘absnr-

942 3107 1021 3160 vel
1058 3107 1365 3165 heterodoxi
1396 3112 1628 3183 alicujus
1660 3132 1789 3171 sco-
1816 3107 1852 3118 ’
1886 3125 2171 3183 dissimum
2202 3140 2305 3186 est.
2332 3134 2429 3187 Sin
2458 3150 2722 3192 conversa
2747 3140 3234 3204 fueritsubstantia
3264 3153 3456 3207 huma-

1886 3219 2075 3273 nitatis
2124 3223 2176 3274 in
2232 3224 2592 3280 substantiam
2663 3228 2982 3297 divinitatis,
3043 3239 3146 3294 erit
3197 3240 3450 3299 Christus

1885 3306 2050 3373 Deus,
2117 3328 2221 3367 non
2276 3315 2465 3380 homo,
2512 3325 2566 3371 et
2625 3323 2874 3389 sequitur
2941 3325 3109 3383 fuisse
3163 3331 3339 3400 ipsum
3384 3336 3452 3389 de

1881 3414 2020 3454 noro
2050 3414 2253 3465 ortum,
2290 3415 2342 3458 rt
2379 3405 2738 3467 factumesse
2768 3424 3053 3484 aeternum,
3093 3423 3239 3491 quod
3269 3433 3323 3479 et
3367 3430 3451 3481 iu-

1880 3500 1962 3545 ter
1987 3494 2353 3563 impossibilia
2406 3514 2620 3556 sunnue
2652 3504 2969 3561 absurdum
3026 3520 3133 3567 est.
3196 3513 3349 3581 Quod
3401 3522 3446 3572 si

1883 3591 2126 3653 utraeque
2165 3587 2326 3640 simul
2356 3603 2385 3640 a
2412 3590 2730 3646 substantia
2756 3611 2855 3650 sua
2885 3610 3107 3658 mutatu:
3137 3603 3361 3664 fuerint.
3394 3622 3447 3663 ct

1876 3687 1903 3723 a
1940 3682 2133 3751 natqra
2163 3689 2226 3729 ac
2258 3679 2499 3732 essentia
2550 3696 2648 3735 sua
2682 3697 2961 3742 conversa:
2993 3690 3047 3743 in
3082 3694 3442 3751 substantiam

1880 3735 2141 3818 aliam‘ac
2182 3776 2433 3822 naturam
2471 3770 2652 3834 aliam,
2693 3772 2804 3841 jam
2861 3776 3117 3838 Christus
3165 3800 3264 3840 nec
3301 3786 3444 3842 Deus

1877 3855 2005 3918 erit,
2038 3871 2137 3933 nec
2168 3859 2351 3924 hoino,
2382 3873 2439 3915 ut
2466 3863 2801 3919 orichalcum
2828 3871 2970 3937 quod
3005 3886 3102 3927 nec
3124 3881 3199 3931 tes
3230 3886 3314 3931 est
3346 3895 3445 3932 nuc

1876 3944 2182 4013 plumbum,
2212 3958 2307 4000 aut
2333 3960 2527 4007 natura
2558 3956 2688 4008 muli
2720 3973 2843 4027 qua:
2882 3975 2981 4015 nec
3004 3963 3143 4017 asini
3191 3982 3288 4021 nec
3318 3974 3440 4038 equi

1850 4036 2456 4119 hiemalis-151
2509 4052 2611 4098 est.
2673 4046 2827 4112 Quod
2884 4049 2931 4103 si
2978 4062 3183 4110 natura:
3230 4036 3378 4113 bime
3412 4081 3440 4111 ει

1872 4120 2177 4181 substantia
2210 4145 2308 4184 sua
2338 4146 2462 4201 post
2493 4134 2748 4191 un'iouem
2772 4155 3047 4198 conversae
3081 4138 3188 4200 non
3218 4148 3438 4211 fuerint.

1874 4231 1975 4270 nec
2010 4218 2076 4272 ab
2109 4223 2348 4274 essentia
2382 4239 2481 4277 sua
2518 4229 2879 4292 mutatze,~sed
2906 4240 3131 4304 utraque
3166 4237 3218 4291 in
3245 4249 3437 4295 natura

1875 4323 1940 4369 ac
1970 4312 2272 4388 substantia
2325 4330 2423 4368 sua
2459 4317 2674 4372 stabilis
2728 4333 3046 4388 permaneat
3093 4339 3217 4381 eum
3262 4332 3438 4386 subsi-

1877 4391 2087 4488 sténtia‘
2112 4386 2247 4469 una;
2273 4410 2395 4475 qua
2446 4416 2529 4461 est
2574 4411 2935 4468 subsistentia
2972 4414 3155 4484 Verbi,
3184 4420 3295 4489 jam
3328 4415 3449 4476 mai

1879 4477 2130 4547 nifestu‘m
2156 4503 2239 4550 est
2269 4512 2332 4551 ac
2372 4511 2587 4561 certum
2634 4500 2910 4556 Clnistum
2964 4520 3086 4561 esse
3151 4523 3377 4576 persona
3395 4532 3437 4566 at

1876 4598 2059 4649 unam,
2108 4585 2246 4641 duas
2295 4585 2604 4657 [habentem
2637 4592 2912 4666 naturas],
2954 4596 3090 4651 duas
3110 4599 3437 4665 voluntates,

1872 4672 2120 4741 duasque
2150 4676 2411 4742 actiones,
2445 4692 2568 4737 cum
2607 4681 2813 4737 unitate
2860 4678 3223 4741 subsistentia:
3254 4692 3434 4751 unius,

1873 4758 2123 4816 videlicet
2174 4752 2543 4821 subtistentire
2588 4765 2751 4822 Verbi
2778 4773 2920 4838 quod
2953 4783 3036 4837 est
3070 4773 3235 4830 Filius
3283 4789 3437 4832 a-ter.
3476 4830 3479 4833 .

1875 4855 2195 4921 nus,_‘atque
2236 4854 2338 4907 hoc
2379 4856 2539 4910 modo
2588 4858 2853 4913 evertitur
2897 4860 3028 4915 fides
3067 4860 3435 4918 Jacobitarum

1840 4964 1843 4971 ν
1872 4943 2212 5017 [dicentium]
2242 4962 2360 5002 esse
2388 4947 2663 5003 Christum
2693 4954 3057 5008 subatantiam
3086 4970 3243 5009 unam
3264 4969 3318 5011 et
3342 4975 3434 5011 tta-

1872 5044 2046 5087 turatn
2070 5024 2267 5089 Innatn.

1944 5122 2159 5179 Dicetur
2188 5128 2349 5182 etiam
2382 5130 2489 5184 illis
2516 5148 2529 5184 :
2560 5132 2730 5188 Dicite
2760 5136 2937 5199 nobis,
2966 5136 3077 5192 haec
3106 5147 3301 5193 natura
3329 5158 3431 5193 una

1869 5230 2034 5284 quam
2058 5215 2280 5272 Christo
2312 5220 2577 5287 tribuitis,
2604 5210 2762 5279 estne
2778 5239 2839 5279 ea
2863 5226 3041 5280 divina
3070 5242 3137 5281 an
3163 5230 3393 5285 humana
3415 5237 3434 5285 ’ἐ

1869 5317 1964 5361 aut
1998 5306 2178 5360 divina
2209 5300 2369 5362 simul
2403 5298 2459 5363 et
2488 5309 2760 5363 humana?
2797 5319 2896 5369 aut
2948 5329 3049 5368 nec
3099 5317 3282 5372 divina
3334 5337 3427 5371 ttPc

1883 5396 2121 5449 humana
2148 5397 2184 5448 ἵ
2206 5397 2264 5451 Si
2297 5399 2537 5454 dixerint
2568 5415 2666 5453 nec
2696 5401 2937 5456 divinam
2974 5420 3095 5460 esse
3124 5422 3219 5462 nec
3250 5411 3426 5463 huma-

1867 5502 2014 5550 nam,
2046 5488 2157 5556 jam
2194 5491 2261 5543 ad
2293 5487 2667 5545 inﬁdelitatem
2717 5492 2925 5563 delapsi
2976 5494 3249 5551 Christum
3314 5510 3424 5554 sta-

1864 5587 2078 5631 tuerunt
2115 5594 2213 5633 nec
2238 5577 2405 5633 Deum
2433 5594 2556 5635 esse
2580 5572 2689 5635 nee
2709 5582 3006 5649 hominem,
3045 5588 3186 5653 quod
3218 5588 3420 5655 impos-

1857 5669 2017 5726 sibile
2048 5680 2134 5724 est
2168 5689 2182 5726 :
2219 5671 2363 5741 quod
2412 5672 2458 5726 si
2490 5670 2726 5728 divinam
2780 5686 2901 5731 esse
2943 5691 3049 5729 non
3111 5677 3430 5737 humanam.

2962 5766 3108 5828 ,34
