4082 6460
94 74 412 120 τυει
421 75 432 88 Ψ

171 113 186 119 μ
315 111 320 119 ι

171 111 320 119 ..-Α

287 230 434 295 1069
494 298 496 300 ,

1666 228 2025 296 ANNALES.

3341 237 3476 300 ιοῐο

281 351 534 412 mittens,
566 346 926 400 Theodosium
966 345 1139 415 152‘
1178 347 1534 414 patriarcham
1563 348 1828 402 Constan-
1860 359 1903 412 Α
1935 359 2116 401 serant
2160 347 2437 408 Jacobita’,
2487 354 2744 415 ceperunt
2792 356 2953 418 atque
2993 362 3342 417 occuparunt.
3373 351 3474 402 Ita-

268 439 570 508 'tinopolim
596 435 920 490 accersitum
947 436 1116 503 jussit
1157 436 1519 489 Jacobitarum
1553 438 1833 490 sententia:

277 529 618 591 renuntiare,
640 533 693 579 et
716 526 782 578 ad
812 527 1089 578 veritatem
1121 526 1326 590 redire;
1353 526 1492 594 quod
1512 540 1633 578 cum
1659 526 1834 594 facere

277 625 590 679 recusaret,
631 617 684 668 in
716 615 898 667 animo
931 615 1114 666 habuit
1148 615 1321 683 ipsum
1366 624 1534 668 morte
1580 616 1830 677 multare,

275 718 332 761 at
389 722 512 761 eum
551 706 618 758 ab
647 708 762 774 ipso
798 706 1160 773 impetratum,
1206 719 1338 760 uxor
1378 706 1562 774 ipsius,
1623 704 1834 758 nomine

284 798 593 861 l‘lteodora,
641 798 882 859 dimisit;
924 798 1021 863 .qni
1049 811 1174 864 ergo
1233 795 1520 865 Egyptuni
1581 811 1830 849 reversus

273 895 410 944 loco
439 888 669 959 quodam
707 880 854 943 diclo
887 888 1038 942 Masil
1076 898 1124 941 et
1179 887 1439 950 Lamidis,
1468 903 1498 941 e
1540 887 1831 956 provinciis

274 982 500 1052 Egypti
538 981 989 1045 occidentalibus,
1051 980 1301 1043 delituit;
1343 979 1622 1041 doctrinm,
1669 991 1828 1045 quam

217 1062 223 1072 ’
274 1075 565 1142 amplexus
587 1073 756 1126 fuerat
785 1071 1147 1126 Jacobitarum
1177 1072 1485 1146 adhaerens:
1510 1083 1740 1135 cumque
1766 1067 1830 1118 ad

272 1180 460 1233 ipsum
495 1175 954 1234 congregarentur
988 1163 1235 1216 h0miues
1266 1162 1496 1228 ejusque
1558 1159 1659 1210 rei.
1688 1157 1830 1209 fama

253 1255 343 1307 Ἧι
378 1257 753 1323 imperatorem
791 1254 1144 1323 pervenisset,
1171 1254 1386 1306 mittens
1417 1252 1506 1304 ille
1539 1251 1712 1319 ipsum
1741 1265 1833 1302 ex-

271 1349 463 1400 sulare
505 1348 675 1416 jussit
713 1346 964 1414 praefecto
1001 1344 1336 1400 Alexandriae
1396 1343 1700 1414 patriarcha
1745 1343 1830 1394 cui

269 1454 477 1492 nomen
507 1438 728 1498 Paulus.
757 1439 848 1506 qui
872 1437 1131 1497 Melchita
1166 1437 1285 1499 fuit,
1327 1451 1576 1504 cumque
1606 1433 1831 1486 biennio

269 1528 516 1581 sedisset
547 1527 818 1581 irruentes
850 1525 901 1579 in
951 1529 1121 1594 ipsum
1159 1525 1416 1579 Jacobitze
1443 1513 1614 1577 morte
1657 1523 1829 1590 ipsqu

270 1617 584 1672 affecerunt
612 1635 627 1671 ε
666 1619 720 1670 in
749 1617 1107 1686 cujuslocum
1143 1604 1466 1669 substitutus
1495 1624 1575 1668 est
1606 1613 1832 1683 patriar-

269 1709 408 1769 cba,
442 1709 659 1762 nomine
689 1708 949 1770 Dalmius,
972 1707 1138 1777 quiet
1168 1705 1416 1760 Melebita
1443 1705 1559 1768 fuit,
1586 1705 1829 1771 seditque
1862 1696 1900 1752 ll

273 1812 459 1851 amics
488 1797 745 1866 quinqtte,
776 1813 997 1866 magnas
1026 1795 1322 1850 molestias
1355 1803 1408 1847 et
1439 1795 1580 1845 mala
1636 1803 1827 1861 passus

271 1907 304 1941 ει
337 1888 631 1951 Jacobitis,
665 1889 758 1957 qui
787 1899 842 1943 et
873 1875 1048 1957 ipsum
1073 1903 1102 1940 e
1146 1888 1322 1939 medio
1362 1886 1548 1938 tollere
1605 1881 1826 1936 studue-

267 1991 439 2044 runt;
479 1983 573 2051 qui
595 1996 722 2051 ergo
757 1981 986 2050 fugiens,
1012 1995 1133 2032 cum
1165 1978 1404 2048 quinque
1431 1991 1606 2052 annos?
1624 1976 1677 2027 in
1701 1974 1824 2042 fuga

268 2075 601 2142 perstitisset
621 2079 860 2125 mortuus
874 2071 1164 2124 est.Dclato
1180 2083 1305 2136 ergo
1324 2065 1822 2133 nuntioad’iuipera-

267 2174 448 2217 torem
469 2158 1146 2225 Justinianum,Jacobitas
1168 2156 1545 2234 Alexandriam
1585 2162 1639 2208 et
1668 2154 1826 2223 [Egy-

268 2265 424 2322 ptum
452 2267 769 2320 occupasse,
790 2261 843 2304 et
862 2253 1195 2317 patriarchas
1221 2257 1486 2318 quotquot
1508 2246 1635 2312 ipsis
1657 2243 1830 2313 praefi-

267 2353 534 2398 eerentur
572 2343 841 2395 trucidare
883 2358 898 2396 :
946 2340 1056 2408 ipse
1084 2340 1158 2392 ira
1190 2339 1424 2408 percitus
1454 2338 1642 2390 ducem
1666 2349 1695 2388 e
1716 2333 1828 2386 suis

269 2434 563 2504 quemdam
583 2432 940 2501 patriarcham
963 2431 1299 2484 Alexandriae
1318 2427 1619 2486 constituit,
1639 2408 1826 2491 adjun-

267 2537 472 2595 ctoque
501 2525 602 2592 ipsi
631 2523 870 2576 exercitu
895 2535 1208 2582 numeroso,
1236 2537 1298 2573 eo
1320 2521 1493 2587 ipsum
1521 2517 1662 2569 misit
1691 2532 1705 2568 :
1733 2530 1832 2574 uo:

265 2635 398 2672 men
423 2618 523 2687 ipsi
562 2599 925 2684 Apollinarius
970 2613 1089 2665 fuit.
1138 2610 1252 2664 Dux
1287 2625 1412 2678 ergo
1456 2611 1554 2661 iste
1597 2608 1824 2659 Alexan-

266 2709 448 2764 driam
479 2688 800 2778 perveniens
819 2720 935 2758 eam
965 2705 1242 2770 ingressus
1276 2709 1376 2759 est.
1403 2699 1586 2751 habitu
1608 2695 1825 2747 militari

277 2796 634 2870 153-155
663 2797 904 2856 indutus,
949 2802 1130 2861 utpote
1151 2793 1272 2844 ciex
1308 2799 1457 2858 parte.
1488 2787 1827 2854 imperatoris

271 2891 597 2962 pra-fectus.
630 2888 708 2939 Ad
745 2887 1028 2939 ecclesiam
1067 2893 1244 2936 autem
1282 2881 1369 2932 ubi
1443 2881 1695 2939 \‘enisset,
1731 2891 1828 2928 es-

271 2987 388 3036 utis
421 2983 661 3035 vestibus
717 2980 835 3032 istis
886 2977 1234 3042 habitumque
1286 2969 1694 3041 patriarchalem
1745 2967 1827 3020 in-

269 3076 474 3137 duens,
527 3075 792 3126 accedens
834 3084 985 3122 sacra
1018 3067 1324 3121 celebravit.
1377 3051 1666 3132 Creperunt
1699 3073 1826 3126 ergo

267 3167 626 3219 Alexandrini
662 3181 726 3217 cx
774 3163 920 3214 omni
959 3161 1155 3227 angulo
1191 3174 1253 3209 ac
1289 3167 1439 3223 parte
1471 3155 1650 3221 ipsum
1682 3151 1825 3204 saxis

271 3269 330 3310 ct
387 3257 656 3325 lapidibus
707 3263 908 3321 petere,
957 3252 1091 3304 adeo
1144 3261 1201 3301 ut
1234 3250 1343 3300 lkrc
1375 3248 1440 3299 ab
1467 3246 1595 3314 ipsis
1627 3243 1828 3296 interli-

277 3357 522 3402 ccretur.
573 3343 765 3396 Statim
802 3358 930 3410 ergo
960 3341 1027 3393 ab
1065 3342 1197 3409 ipsis
1233 3355 1289 3392 se
1321 3338 1668 3398 subtrahens,
1706 3339 1826 3402 post

277 3441 521 3494 triduum
555 3435 801 3489 obtendit
826 3436 1059 3501 perlatas
1091 3446 1210 3484 esse
1234 3430 1298 3481 ad
1330 3444 1386 3481 se
1413 3427 1478 3478 ab
1505 3427 1826 3493 imperatore

273 3532 489 3582 litteras
538 3543 655 3595 quin
690 3540 869 3579 coram
919 3523 1116 3591 populo
1167 3521 1400 3586 legenda:
1430 3526 1631 3571 essent.
1664 3514 1822 3568 Catu-

273 3631 416 3684 paua
461 3629 592 3683 ergo
625 3610 833 3681 pulsata
878 3611 1134 3678 populuut
1183 3609 1387 3660 monuit
1429 3617 1483 3658 ut
1515 3605 1603 3658 die
1653 3604 1830 3663 Domi-

275 3710 406 3760 nico
463 3708 518 3758 in
575 3704 861 3758 ecclesiam
926 3701 1281 3754 convenirent
1327 3715 1434 3767 quo
1487 3695 1827 3764 impet‘alutis

272 3799 487 3856 litteras
524 3797 794 3848 audirent.
848 3795 978 3845 Cum
1015 3806 1144 3858 ergo
1193 3791 1408 3844 adesset
1440 3789 1556 3841 dies
1592 3786 1828 3839 Domini-

271 3907 396 3951 cus,
443 3906 547 3942 non
593 3890 813 3941 relictus
846 3897 926 3940 est
953 3883 1346 3953 quispiam'qui
1388 3898 1492 3934 non
1525 3881 1825 3934 accederet.

283 3979 360 4032 De
395 3981 497 4031 hoc
537 3986 715 4029 autem
771 3978 910 4028 inter
946 3975 1332 4041 Apollinarium
1369 3971 1729 4039 patriarcham
1777 3980 1828 4022 et

278 4074 510 4126 Comites
555 4084 686 4122 suos
736 4076 1087 4129 convenerat,
1125 4073 1180 4117 ut
1209 4081 1330 4116 cum
1369 4064 1580 4132 signum
1614 4063 1713 4115 sibi
1747 4063 1828 4128 ip-

280 4167 470 4231 sisque
502 4172 681 4215 nutum
714 4160 887 4219 daret,
920 4160 1094 4226 gladio
1125 4173 1310 4210 omnes
1343 4156 1395 4208 in
1426 4156 1650 4208 ecclesia
1697 4170 1830 4223 pra:-

274 4263 461 4307 sentes
496 4252 741 4304 ferirent.
779 4250 890 4316 Ipse
923 4263 1051 4316 ergo
1081 4261 1309 4299 ascenso
1373 4253 1648 4313 suggestu;
1686 4244 1828 4296 lleus

1936 454 2040 504 quc
2083 439 2397 507 coinposita‘
2421 449 2502 492 est
2545 438 2696 506 urbs.

2006 526 2127 579 Fuit
2149 517 2345 580 autem
2378 526 2480 580 hec
2510 542 2654 580 anno
2676 527 2894 595 imperii
2921 527 3208 580 Justiniaui
3246 530 3474 596 impera-

1937 621 2068 672 toris
2120 619 2330 672 decimo
2375 612 2582 687 quinto.
2631 621 2809 687 Atque
2839 636 2900 671 cx
2945 621 3048 672 isto
3085 630 3320 687 tempore
3375 623 3472 674 fuit

1930 709 2298 764 Jacohitarum
2334 710 2593 762 cathedra
2639 710 2690 763 in
2736 711 3070 764 monasterio
3101 713 3216 766 Abu
3247 712 3466 766 llakarii

1933 801 1997 853 ad
2045 801 2186 854 diem
2239 813 2410 867 usque
2455 797 2794 853 hodiernum.
2852 789 2969 855 Jam
3017 816 3044 853 a
3080 812 3316 866 tempore
3363 819 3469 872 quo

1937 889 2258 944 interfectus
2309 900 2390 943 est
2441 887 2726 944 Proterius
2773 892 3110 947 Alexandriae
3172 894 3472 962 patriarcha

1933 991 2096 1048 atque
2123 981 2246 1048 igne
2273 987 2571 1042 crematus,
2601 981 2664 1032 ad
2695 980 2793 1032 hoc
2819 995 2924 1048 quo
2943 980 3198 1036 Jacobita:
3221 982 3288 1036 ab
3315 982 3476 1051 Apol-

1936 1071 2128 1124 liuario
2177 1070 2350 1124 occisi
2424 1079 2552 1123 sunt
2607 1078 2660 1124 et
2717 1072 2980 1124 sententia
3048 1071 3472 1127 orthodoxornni

1935 1162 2149 1230 publice
2202 1161 2454 1226 obtinuit,
2506 1160 2631 1214 anni
2669 1170 2795 1215 sunt
2847 1162 3065 1227 triginta
3099 1161 3356 1230 quinque,
3388 1165 3472 1215 vel

1933 1253 2230 1306 St'Clllldlllll
2263 1253 2408 1306 aliud
2436 1253 2730 1320 exemplar,
2761 1254 2886 1328 anni
2913 1253 3470 1321 octoginta‘quinque.

1933 1345 2233 1398 lnvaluerat
2267 1345 2530 1413 siquidem
2561 1346 2613 1398 iu
2645 1345 2972 1397 Alexandria
3003 1354 3218 1411 totaque
3243 1342 3476 1412 Egypto

1930 1433 2304 1487 Jacobitarunt
2359 1425 2691 1499 sententia;
2764 1436 3087 1503 fuerantque
3154 1435 3476 1503 patriarcha:

1931 1513 2281 1578 Alexandrini
2323 1521 2596 1586 Jacohitze.
2641 1533 2780 1578 utet
2813 1540 2876 1577 ex
2927 1525 3344 1592 imperatoribus
3373 1521 3478 1574 Ro-

1932 1615 2109 1671 manis
2164 1618 2304 1676 inter
2335 1623 2581 1687 ualeres,
2621 1615 2729 1674 Leo
2763 1617 2992 1677 Parvus,
3045 1614 3211 1676 Zeno,
3249 1613 3476 1667 Anasta-

1931 1708 2065 1775 sius,
2116 1711 2314 1779 aliique
2342 1726 2479 1780 quos
2516 1713 2570 1766 in
2609 1713 3033 1781 praecedentibus
3076 1704 3450 1764 recensuitmts

1933 1801 2101 1854 Porro
2158 1819 2303 1856 anno
2357 1803 2571 1871 imperii
2627 1803 2923 1856 Iustiniani
2985 1804 3244 1856 vicesimo
3302 1804 3475 1869 prium

1931 1896 2260 1947 Samaritani
2315 1896 2368 1947 iu
2423 1894 2709 1948 Palaestina
2765 1895 2982 1963 impetu
3021 1893 3163 1947 facto
3216 1893 3473 1946 ecclesias

1929 2001 2114 2040 oniues
2177 1987 2484 2051 dirueruut,
2538 1994 2591 2040 et
2654 1987 2706 2038 in
2758 2001 2852 2039 cas
2917 1988 3090 2053 ignem
3153 1985 3472 2052 ipjeceruut.

1929 2076 2268 2130 Christianos
2302 2077 2462 2129 etiam
2497 2091 2601 2129 non
2646 2092 2845 2144 paucos
2893 2077 3299 2138 interfecerunt,
3348 2092 3474 2142 gra-

1934 2167 2194 2233 tibusque
2225 2166 2558 2219 cruciatibus
2585 2165 2897 2227 aﬂ'eCcrunt,
2926 2175 2976 2218 et
3000 2167 3306 2233 episcopum
3334 2163 3473 2217 Neo-

1932 2258 2224 2322 poiitanum
2243 2256 2597 2308 trucidarunt.
2622 2256 2737 2319 Quo
2759 2257 2938 2307 audito
2958 2253 3292 2308 Justinianus
3307 2256 3474 2322 impc-

1931 2359 2076 2400 ratur
2108 2349 2275 2399 misso
2302 2343 2540 2399 exercitu
2579 2347 2770 2414 grandi
2826 2337 3070 2415 magnam
3104 2346 3473 2397 Samaritano-

1931 2454 2046 2490 rum
2088 2437 2482 2490 multitudinem
2506 2437 2725 2490 occidit.
2759 2435 3110 2506 157-159
3140 2437 3475 2504 Eotempore

1930 2530 2138 2590 rogavit
2185 2524 2385 2579 Pétrus
2429 2528 2737 2595 patriarcha
2789 2525 3315 2603 llierosolymitatms
3365 2527 3476 2578 Mar

1929 2617 2120 2689 Sabam
2167 2630 2222 2670 ut
2251 2617 2771 2685 Constantinopolim
2815 2618 3110 2688 profectus,
3146 2621 3212 2670 ah
3245 2621 3470 2689 impera-

1929 2719 2041 2761 tore
2098 2718 2303 2776 peteret
2361 2710 2562 2762 remitti
2616 2711 2683 2763 de
2732 2692 2934 2784 tributo
2979 2712 3121 2779 quod
3179 2712 3475 2778 penderent

1930 2797 2229 2849 l’alwstina:
2260 2799 2447 2851 incola:
2492 2798 2719 2866 aliquid,
2769 2807 3014 2866 respectu
3057 2797 3173 2864 ejus
3221 2813 3381 2871 quam
3420 2800 3471 2850 iu

1884 2958 1888 2962 ι
1932 2906 1991 2943 ea
2027 2889 2265 2942 fecerant
2296 2889 2619 2942 Samaritani
2651 2891 3059 2943 desolationem.
3090 2889 3367 2942 Profectus
3394 2901 3476 2942 est

1930 2996 2056 3049 ergo
2088 2979 2197 3032 Mar
2228 2980 2368 3034 Saba
2399 2979 2946 3048 Constantinopolim,
2978 2997 3134 3048 quem
3183 2982 3333 3034 Ianus
3380 2997 3475 3034 ex-

1928 3074 2068 3139 cepit
2121 3072 2434 3140 imperator,
2489 3086 2719 3139 cumque
2765 3072 2832 3123 ab
2860 3071 2977 3138 ipso
3004 3071 3210 3124 litteras
3249 3073 3474 3140 patriar-

1927 3163 2042 3214 clue
2074 3161 2548 3230 llierosolyniitaui
2595 3164 2915 3228 accepisset,
2949 3162 3178 3222 rogavit,
3219 3162 3474 3230 quidnam

1929 3253 2030 3320 ipsi
2067 3253 2269 3321 negotii
2310 3262 2476 3306 esset.
2510 3254 2607 3305 tLui
2639 3251 2750 3303 Mar
2781 3250 2918 3303 Sala
2951 3266 2965 3302 :
3001 3251 3130 3303 Peto
3163 3254 3393 3321 (inquit)
3421 3264 3477 3303 nt

1928 3344 1993 3396 de
2028 3345 2227 3398 tributo
2257 3343 2553 3396 Pali-stium
2602 3343 2862 3395 remittas.
2918 3341 3192 3409 Siquidem
3243 3343 3479 3394 Samari-

1930 3437 2040 3488 tani
2086 3438 2203 3500 ejus
2256 3435 2450 3488 incolis
2483 3433 2785 3487 interfectis
2825 3434 2992 3500 ipsam
3043 3441 3322 3486 \astarunt
3354 3434 3478 3501 :ju-

1930 3526 2160 3593 bcatque
2187 3526 2477 3593 imperator
2501 3525 2704 3576 exstrui
2730 3523 2987 3577 ecclesias
3011 3539 3144 3592 quas
3168 3534 3476 3576 cremaruut

1931 3615 2281 3678 Snnaritani,
2336 3629 2438 3667 nec
2485 3629 2590 3667 non
2641 3613 2895 3666 fabricari
2949 3613 3332 3681 Hierosolymis
3381 3630 3476 3682 pro

1928 3707 2222 3775 peregrinis
2264 3706 2670 3764 nosocomium;
2721 3716 2884 3773 utque
2928 3705 3236 3775 perficiatur
3268 3705 3476 3760 llelenze

1931 3799 2194 3864 templum
2230 3795 2374 3864 quod
2419 3807 2706 3850 exstruere
2738 3805 2978 3865 creperat
3011 3795 3119 3848 Elia
3165 3797 3474 3864 patriarcha

1929 3888 2470 3957 llicrosolymitanus.
2519 3888 2574 3939 In
2623 3888 2823 3956 quibus
2854 3888 3107 3941 omnibus
3155 3889 3344 3940 annuit
3375 3891 3474 3956 Ipsi

1933 3979 2257 4045 imperator;
2303 3991 2402 4029 nec
2433 3993 2540 4028 non
2576 3977 2626 4028 in
2663 3979 2871 4030 rmteris
2903 3994 3238 4046 quaecunque
3269 3979 3334 4030 ab
3363 3980 3477 4046 ipso

1928 4077 2131 4136 peteret
2177 4081 2238 4120 ac
2273 4076 2506 4133 rogaret.
2562 4067 2810 4135 Misitque
2857 4085 2977 4125 eum
3014 4070 3062 4119 in
3101 4070 3256 4119 finem
3309 4074 3476 4135 impc-

1930 4168 2076 4211 rator
2127 4174 2230 4211 una
2271 4174 2392 4210 cum
2439 4158 2556 4226 ipso
2603 4160 2865 4226 legatum,
2911 4159 3093 4212 multis
3147 4159 3471 4211 instructum

1929 4249 2146 4316 opibus,
2200 4248 2526 4316 scripsitque
2583 4250 2646 4300 ad
2690 4248 2992 4301 Palaestina:
3032 4249 3365 4317 przefectum,
3417 4259 3475 4301 ut

275 4343 527 4411 (inquit)
577 4342 916 4393 Alexandria:
974 4339 1242 4406 inquilini,
1318 4338 1362 4388 si
1420 4335 1486 4388 ad
1540 4336 1823 4389 veritatem
1860 4353 1900 4411 ι)
1927 4339 2224 4392 Palaestina:
2254 4341 2515 4391 tributum
2549 4340 2724 4407 legato
2756 4339 2993 4392 traderet
3027 4338 3092 4391 ad
3128 4352 3188 4390 ea
3221 4353 3341 4406 qure
3373 4339 3473 4402 ipsi

282 4434 661 4493 rerertamini,
705 4441 759 4484 et
807 4446 834 4482 a
883 4431 1152 4483 sententia
1199 4427 1494 4481 Jacohitica
1543 4428 1828 4489 recedatis,

276 4525 439 4596 [bene
487 4523 616 4594 est,]
669 4524 752 4576 sin
796 4524 996 4598 minus,
1031 4522 1190 4575 timeo
1237 4520 1411 4580 vobis,
1445 4535 1510 4574 ue
1558 4520 1734 4571 mittat
1764 4519 1830 4570 ad

275 4635 371 4672 vos
440 4618 734 4685 imperator
795 4616 885 4684 qui
945 4615 1260 4682 sanguinem
1326 4624 1564 4666 vestrum
1624 4610 1827 4665 effundi

278 4712 574 4778 pertmttat,
636 4723 836 4760 uxores
895 4709 1146 4773 prostitui
1201 4715 1254 4757 ct
1302 4705 1500 4758 liberos
1553 4705 1830 4771 orphauos

279 4804 418 4858 fieri.
487 4782 583 4854 llis
629 4802 754 4852 dum
793 4801 916 4851 illos
963 4799 1348 4866 alloqueretur,
1404 4796 1501 4864 ipsi
1555 4796 1825 4865 lapidibus

278 4909 401 4946 cum
437 4903 640 4962 petere,
675 4891 808 4942 adeo
845 4899 902 4941 ut
941 4893 1062 4940 vine,
1106 4903 1217 4941 suae
1257 4889 1470 4940 timeret
1513 4902 1526 4938 :
1561 4901 1726 4954 quare
1753 4888 1826 4940 si—

279 4999 444 5053 gnum
481 4982 608 5034 illud
655 4980 820 5033 sociis
858 4967 994 5031 suis.
1019 4978 1184 5042 dedit,
1217 4979 1307 5044 qui
1355 4977 1533 5043 gladio
1562 4983 1827 5043 quotquot

279 5077 333 5129 in
389 5076 620 5129 ecclesia
674 5073 888 5126 fuerant
940 5073 1174 5138 aggressi
1233 5070 1403 5122 sunt:
1448 5066 1826 5134 interfectique

282 5178 408 5222 sunt
457 5168 680 5220 intra‘et
721 5174 874 5218 extra
923 5162 1206 5215 ecclesiam
1241 5161 1486 5213 homines
1532 5158 1820 5217 innumeri,

280 5262 413 5313 adeo
451 5269 508 5312 ut
542 5261 848 5311 occisorum
873 5255 1093 5322 sanguis
1120 5252 1276 5322 156
1308 5266 1475 5318 usque
1501 5252 1563 5302 ad
1595 5250 1820 5301 militum

281 5369 450 5421 genua
480 5352 823 5418 pertingeret.
853 5346 1040 5414 Magna
1073 5361 1200 5397 vero
1229 5347 1502 5408 hominum
1537 5337 1823 5392 multitudo

282 5446 348 5496 ab
391 5445 526 5510 ipsis
574 5440 695 5509 fuga
743 5439 973 5507 prolapsi
1025 5443 1150 5488 sunt
1199 5435 1249 5485 in
1295 5434 1486 5484 talleut
1542 5428 1713 5482 Habib
1755 5426 1821 5479 ad

284 5535 665 5587 monasterium
715 5531 827 5583 Abu
867 5527 1111 5580 Maltarii.
1150 5523 1351 5577 lixinde
1385 5524 1557 5591 palam
1590 5519 1822 5572 obtinuit

281 5623 656 5690 Melchitarum
690 5621 982 5684 sententia,
1015 5614 1628 5688 ipsique-templapqua:
1661 5610 1815 5664 inva-

1932 4431 1982 4481 iu
2041 4430 2310 4482 mandatis
2346 4428 2565 4481 dederat
2604 4428 2896 4496 imperator
2923 4429 3266 4481 exstruenda.
3313 4428 3475 4480 Jussit

1930 4519 2092 4569 etiam
2128 4518 2420 4585 imperator
2445 4518 2678 4584 legatum
2711 4517 2995 4570 ecclesiam
3023 4516 3473 4569 Bethleemiticam

1929 4625 2045 4677 qua:
2095 4623 2255 4677 parva
2309 4609 2408 4660 fuit
2460 4607 2699 4673 diruere,
2742 4607 3012 4678 aliamque
3062 4607 3316 4673 amplam,
3369 4621 3474 4656 ma-

1933 4717 2087 4772 gnam
2128 4708 2177 4754 et
2217 4700 2496 4770 pulchram
2548 4700 2853 4766 fabricare;
2905 4703 3038 4754 adeo
3092 4707 3147 4753 ut
3202 4714 3300 4754 non
3337 4709 3475 4753 CSnCl

1932 4793 2320 4861 Hierosolymis
2355 4790 2612 4859 templum
2655 4792 2770 4859 ipsa
2820 4792 3099 4858 pulchrius
3156 4790 3475 4842 Pcrveniens

1927 4898 2054 4951 ergo
2095 4883 2302 4950 legatus
2349 4881 2744 4952 Hierosolyma,
2793 4885 3162 4934 nosocomimu
3199 4881 3354 4948 160
3383 4897 3472 4947 pe-

1929 4972 2156 5041 regrinis
2210 4972 2470 5034 condidit,
2524 4983 2578 5024 et
2637 4972 2928 5028 ecclesiam
2969 4971 3176 5023 llelenm
3229 4974 3472 5047 perfecit,

1929 5065 2231 5133 templaque
2281 5080 2400 5132 qme
2453 5064 2807 5118 incenderant
2838 5063 3158 5115 Samaritani
3207 5062 3469 5115 instaura-

1926 5158 2022 5220 \‘il,
2072 5173 2173 5210 nec
2201 5172 2305 5210 non
2358 5157 2687 5210 monasteria
2739 5154 3132 5222 quamplurima
3190 5156 3470 5230 ctstruxil.

1925 5249 2208 5314 dirutaque
2261 5247 2490 5299 ecclesia
2547 5245 2944 5299 Bethleemitica
2978 5244 3220 5298 eamdem
3255 5258 3319 5296 eo
3368 5259 3473 5310 quo

1919 5339 2029 5408 jam
2079 5352 2135 5390 se
2164 5339 2320 5390 habet
2367 5338 2524 5390 modo
2553 5337 2862 5390 aedificavit.
2913 5336 3154 5405 Cumque
3184 5336 3266 5388 bis
3297 5336 3472 5385 omni-

1925 5428 2312 5489 bttsabsolutis
2343 5429 2406 5480 ad
2444 5429 2828 5494 imperatorem
2877 5443 3128 5480 reversus
3156 5433 3324 5487 esset,
3356 5427 3471 5487 ille,

1916 5518 2184 5572 ‘Describe
2237 5518 2367 5594 mihi
2421 5517 2678 5586 (inquit)
2727 5518 3000 5586 quomodo
3032 5517 3320 5570 ecclesiam
3378 5515 3473 5569 Bt:-

1929 5609 2313 5663 tltleemiticam
2351 5609 2690 5684 exstruxisti.
2751 5608 2922 5674 Quam
2954 5622 3076 5662 cum
3133 5607 3232 5676 ipsi
3268 5608 3476 5664 descri-
