4082 6446
631 245 757 310 1071

1628 255 1985 315 Ευτγαιιιι
2030 229 2549 314 “unumst
2588 255 2802 314 eam.

4003 169 4013 192 4

3679 252 3802 316 ibi?

628 361 845 427 psisset,
906 360 1046 415 hami
1096 362 1376 430 probavi—
1409 363 1700 433 imperator
1757 363 2175 442 descriptionem
2209 379 2246 430 Α
2279 361 2508 415 illustria
2537 375 2599 414 ac
2623 376 2790 429 aquas
2814 360 3093 415 aedificat-it
3121 377 3135 423 ;
3165 370 3219 412 at
3253 360 3512 428 templum
3544 357 3595 411 itt
3621 361 3806 413 manus

634 451 818 514 istam,
852 467 950 506 nec
978 453 1250 508 ullatenus
1286 453 1386 523 ipsi
1417 454 1652 523 placuit;
1683 470 1848 522 quare
1879 454 2030 507 valde
2061 454 2161 522 ipsi

588 579 595 585 .
630 541 796 596 iratus
833 543 1165 609 :Acceptns,
1223 544 1424 612 inquit,
1475 560 1724 599 ntunmos
1767 544 1865 598 tibi
1908 544 2007 614 ipsi
2036 559 2166 597 con-
2192 555 2212 584 ὀ

625 632 865 700 gessisti,
915 634 1198 687 :ediﬁeium
1229 643 1408 690 autem
1436 637 1750 691 t-xstruxisti
1783 636 1921 690 male
1946 650 2166 702 compa-

592 722 792 782 .'etunt,
833 729 886 773 et
916 721 1202 775 ecclesiam
1241 724 1584 777 tenebrosam
1636 722 1943 784 confecisti,
1994 723 2168 775 nulla-

622 818 781 863 tenus
828 825 905 864 ex
940 821 1122 866 mente
1170 827 1288 868 mea
1342 812 1683 878 fabricatam,
1731 827 1830 868 nec
1876 812 2164 866 consilium

624 915 801 955 meum
852 912 1073 956 secutus
1111 918 1192 957 es.
1240 903 1537 974 Capiteque
1567 906 1745 976 ipsum
1796 903 1952 974 plecti
1981 903 2163 971 jussit.

624 990 838 1044 Strnxit
873 992 1034 1046 etiam
1068 990 1413 1049 Justinianus
1462 997 1753 1064 imperator
1784 995 2170 1052 Constantium.

624 1078 731 1148 poli
799 1081 1051 1150 templum
1094 1080 1309 1137 Sanctae
1353 1081 1592 1153 Sophia,
1638 1083 1841 1138 fabrica
1877 1083 2168 1138 admodum

623 1169 876 1236 eleganti.

603 1275 606 1277 λ
692 1260 859 1314 Porro
910 1273 1161 1319 mortuus
1183 1274 1266 1320 est
1290 1263 1405 1318 Mar
1427 1261 1569 1319 Saba
1604 1279 1774 1318 annos
1806 1272 1966 1318 natus
1995 1281 2169 1318 nona-

622 1353 771 1418 ginta
824 1364 1076 1422 quatuor.
1144 1355 1277 1410 Cum
1337 1363 1515 1410 autem
1565 1355 1880 1434 audiissent_
1919 1357 2168 1410 monachi

623 1445 821 1498 montis
856 1442 999 1499 Slnte
1033 1443 1099 1500 de
1138 1446 1278 1501 bona
1310 1446 1653 1517 imperatoris
1668 1445 1958 1502 Iustiniani
1993 1449 2172 1501 inten-

623 1535 790 1598 tione,
830 1547 1100 1605 quamque
1121 1535 1416 1592 condendis
1446 1537 1693 1592 ecclesiis
1734 1546 1787 1592 et
1831 1537 2174 1592 monasteriis

623 1627 900 1681 struendis
926 1627 1310 1693 delectaretur,
1342 1628 1410 1682 ad
1437 1628 1612 1697 ipsum
1638 1628 1888 1697 profecti,
1929 1644 2172 1698 conque-

2263 454 2467 509 verticc
2497 467 2660 522 supra
2691 455 2867 507 locum
2899 454 2954 526 in
2984 465 3092 520 quo
3120 449 3296 506 loses
3358 451 3528 519 legem
3569 453 3767 518 accepit
3792 470 3804 503 :

2264 559 2460 598 nomen
2487 543 2744 613 praefecto
2778 544 3091 598 monasterii
3120 551 3236 595 erat
3285 542 3475 598 Doula.
3548 541 3810 597 ltet‘ersus

2263 645 2441 690 autem
2470 635 2532 688 ad
2555 632 2920 688 Justinianum
2972 634 3347 702 imperatorem
3377 633 3586 701 legatus
3637 648 3813 686 narra-

2264 726 2339 778 \‘it
2382 723 2484 792 ipsi
2515 739 2777 791 quasoam
2821 723 3079 776 ecclesias
3100 712 3166 778 et.
3197 737 3315 790 quae
3360 725 3691 778 monasteria
3720 740 3811 778 ex-

2263 824 2583 878 struxerat;
2625 814 2913 881 descripsit
2960 816 3122 867 etiam
3164 814 3404 882 ipsique
3440 817 3602 869 modo
3630 831 3813 869 monac

2263 906 2487 960 sterium
2520 907 2720 958 montis
2752 902 2896 958 Sina:
2923 903 3300 958 adiﬁcarerat.
3332 903 3432 959 Cui
3489 905 3814 973 inperator:

2266 995 2500 1060 Errasti,
2556 996 2751 1065 inquit,
2781 1006 2835 1048 ct
2865 999 3147 1049 monachis
3179 997 3433 1062 injuriam
3465 995 3664 1056 fecisti,
3686 1012 3818 1065 quiis

2267 1091 2320 1144 in
2356 1089 2706 1142 inimicorum
2739 1102 2930 1141 manus
2965 1087 3258 1140 tradidisti.
3288 1087 3465 1152 Quare
3499 1078 3682 1142 alitem
3714 1103 3818 1140 non

2268 1178 2323 1231 in
2362 1179 2564 1252 montis
2599 1179 2814 1232 vertice
2849 1181 3234 1231 monasterium
3293 1177 3655 1232 cxstruxisti?
3691 1175 3826 1231 Res-

2269 1267 2456 1338 pondit
2484 1269 2690 1338 legatus
2733 1287 2746 1322 :
2795 1267 2968 1335 Ipsum
2993 1267 3142 1335 juxta
3168 1266 3362 1319 rubum
3385 1277 3438 1319 et
3468 1281 3633 1333 pt0pe
3659 1281 3825 1336 aquas

2270 1360 2461 1431 posui;
2491 1361 2633 1430 quod
2661 1359 2705 1414 si
2739 1362 2788 1412 in
2820 1360 3020 1412 montis
3056 1358 3268 1425 fastigio
3292 1366 3630 1418 exstructum
3702 1358 3827 1410 inis-

2269 1461 2372 1515 aet,
2397 1451 2702 1523 caruissent
2752 1449 3003 1501 monachi
3038 1462 3198 1517 aqua,
3232 1449 3363 1502 adeo
3413 1458 3473 1501 ut
3503 1450 3549 1501 si
3577 1449 3826 1502 obsessis

2271 1542 2557 1610 aliquando
2584 1540 2717 1608 ipsis
2745 1539 3036 1593 interclusa
3089 1547 3237 1592 esset
3268 1555 3430 1607 aqua.
3463 1555 3573 1609 pne
3598 1540 3694 1592 siti
3716 1553 3828 1589 tuo-

2273 1639 2522 1683 rcrentur
2551 1645 2566 1693 ;
2601 1629 2815 1698 longius
2846 1626 3190 1699 165—167
3218 1629 3438 1696 insuper
3465 1628 3534 1680 ab
3569 1630 3702 1695 ipsis
3735 1630 3829 1682 ab-

638 1719 708 1771 t-ti
738 1726 864 1775 sunt
915 1717 1434 1774 Arahcslsmaeiitas
1486 1721 1617 1789 ipsis
1647 1721 1902 1774 damnum
1953 1718 2172 1785 inferre,
2207 1707 2246 1761 Β
2274 1719 2468 1775 fu'sset
2537 1721 2724 1774 rubus.
2762 1719 2904 1773 Dixit
2959 1721 3289 1788 imperator:
3347 1706 3669 1787 .Eqnandus
3705 1732 3830 1783 erga

627 1822 821 1878 penum
846 1809 1084 1878 ipsorum
1135 1808 1448 1864 d‘eromudo
1477 1811 1700 1880 locaque
1726 1809 2037 1876 dirttcndo,,
2067 1811 2174 1864 cel-

624 1903 808 1968 hisque
843 1902 1206 1970 ingredientes
1233 1899 1500 1970 quidquid
1529 1901 1602 1953 ibi
1650 1908 1793 1954 esset
1834 1900 2094 1965 diripere,
2122 1908 2178 1954 et

625 1994 678 2046 in
713 1990 973 2047 ecclesias
1004 1989 1277 2044 irruentes
1313 1988 1712 2044 Eucharistiatn
1738 1991 2027 2059 deglutire.
2056 1990 2166 2048 lio:

614 2088 782 2147 gante
806 2094 934 2150 ergo
965 2081 1308 2148 imperatore,
1359 2079 1486 2149 quid
1520 2081 1734 2141 vellent,
1772 2078 2121 2149 161-163
2157 2094 2172 2130 :

624 2171 917 2243 Rogamus,
971 2171 1246 2238 inquiunt,
1295 2186 1328 2225 ο
1357 2185 1473 2236 res,
1509 2177 1564 2222 ut
1598 2170 1755 2223 nobis
1785 2172 2174 2224 monasterium

622 2273 872 2318 exstruas
903 2264 955 2315 in
986 2277 1093 2332 quo
1120 2263 1444 2315 muniamur.
1489 2259 1696 2332 (Neque
1726 2262 1870 2316 enim
1931 2268 2055 2315 ante
2110 2261 2177 2314 il-

625 2354 717 2408 htd
747 2355 1172 2428 tempusullum
1229 2355 1331 2407 luit
1390 2355 1443 2407 in
1477 2361 1656 2408 monte
1713 2353 1841 2406 Sina
1870 2352 2176 2409 cmuobium

627 2439 681 2499 in
730 2461 835 2514 quo
892 2445 1244 2498 convenirent
1304 2442 1577 2502 monachi.
1640 2443 1735 2498 sed
1784 2441 1838 2494 in
1908 2439 2213 2494 montibns'

627 2549 689 2588 ac
719 2535 941 2589 vallibus
984 2535 1127 2588 circa
1167 2534 1359 2586 rubum
1393 2549 1424 2588 e
1451 2550 1561 2600 quo
1597 2531 1739 2586 Deus
1768 2530 1954 2586 Mosen
1977 2532 2181 2586 allocu-

627 2636 714 2681 tus
733 2633 840 2688 est.
877 2625 1106 2694 sparsim
1138 2624 1425 2694 (legerunt.
1451 2621 1576 2675 Fuit
1607 2631 1817 2676 tantum
1853 2623 1984 2690 ipsis
2011 2636 2176 2690 supra

626 2719 823 2772 rubum
863 2718 1027 2771 turris
1060 2732 1272 2786 magna,
1296 2731 1417 2784 quae
1449 2725 1502 2768 ct
1533 2715 1688 2769 hodie
1719 2725 1989 2783 superest,
2018 2724 2180 2782 atque

627 2810 680 2863 in
713 2824 774 2865 ea
815 2809 1074 2879 templum
1107 2807 1318 2862 Sanctae
1351 2806 1555 2872 Marize,
1591 2805 1655 2859 ad
1694 2820 1856 2874 quam
1904 2805 2178 2870 monachi,

627 2901 918 2956 accedente
946 2901 1197 2970 quapiam
1231 2915 1260 2953 a
1287 2915 1398 2968 quo
1458 2900 1732 2958 timerent.
1783 2895 2177 2967 confugientes,

632 2994 688 3045 in
715 2993 902 3046 eadem
965 2991 1177 3045 munire
1224 3005 1281 3044 se
1324 2990 1586 3043 solebant.
1622 2987 1766 3042 Misit
1796 2989 2178 3058 ergoimpera-

632 3095 715 3138 tor
747 3098 851 3136 una
891 3096 1014 3137 cum
1061 3081 1195 3151 ipsis
1234 3081 1474 3148 legatum
1525 3079 1717 3147 opibus
1739 3079 1924 3133 multis
1968 3065 2177 3133 instru-

628 3182 796 3234 etum,
821 3171 1038 3240 scriptis
1064 3171 1227 3223 etiam
1257 3171 1322 3223 ad
1354 3167 1574 3238 Egypti
1606 3167 1915 3238 prtefectum
1951 3168 2172 3244 litteris,

628 3272 687 3316 ttt
732 3264 902 3318 eidem
935 3273 1198 3331 quantmn
1229 3260 1391 3314 vellet
1423 3275 1770 3314 nummorum
1827 3261 2083 3324 traderet,
2116 3277 2178 3314 ac

628 3355 775 3407 siros
830 3353 990 3406 etiam
1067 3351 1458 3420 suppeditaret,
1515 3350 1725 3420 ipsique
1780 3365 2050 3405 annonam
2112 3367 2177 3404 cx

629 3444 861 3512 Egypto
889 3443 1230 3497 deferendam
1262 3449 1525 3506 curaret;
1582 3441 1756 3510 legato
1812 3441 1864 3495 itt
1911 3439 2177 3496 mandatis

627 3536 754 3586 dato
790 3544 848 3586 ut
879 3533 1164 3587 ecclesiam
1225 3532 1277 3584 in
1308 3530 1527 3585 Kalzem
1593 3540 1916 3606 exstrueret.
1971 3547 2179 3606 necnon

627 3623 1010 3690 monasterium
1045 3622 1220 3690 Rays,
1265 3629 1430 3689 utque
1463 3620 1516 3673 in
1561 3629 1744 3674 monte
1808 3603 1938 3676 Sina
1973 3603 2181 3676 ‘tnona-

629 3715 852 3766 stet-iuni
887 3700 1203 3773 aediﬁcaret,
1267 3711 1517 3780 idemque
1560 3711 1911 3781 permuniret,
1959 3713 2094 3766 adeo
2122 3719 2181 3766 ut

630 3818 737 3856 non
762 3803 886 3855 altbi
920 3803 971 3853 in
1015 3811 1128 3855 toto
1155 3799 1355 3854 mundo
1387 3802 1560 3870 magis
1591 3801 1860 3855 munitum
1913 3803 2183 3870 reperire-

623 3905 715 3959 tnr
741 3890 980 3958 adeoque
1020 3889 1286 3942 lirmatum
1326 3889 1504 3954 daret,
1534 3899 1593 3942 ut
1617 3903 1722 3943 non
1772 3889 1967 3945 alicubi
2033 3891 2183 3943 locus

631 3983 825 4052 aliquis
875 3988 1019 4034 esset
1073 3983 1213 4033 unde
1267 3981 1346 4033 \‘Ci
1401 3982 1733 4034 monasterio
1761 3981 1842 4034 vel
1899 3979 2182 4034 monachis

630 4074 886 4126 damnum
922 4069 1257 4123 inferendum
1296 4077 1645 4123 metueretur.
1704 4072 1838 4125 Cum
1895 4085 2024 4139 ergo
2055 4069 2183 4124 Kal-

631 4179 840 4217 zcntum
873 4161 1205 4231 pervenisset
1234 4161 1438 4230 legatus
1473 4161 1572 4216 iste
1610 4162 1852 4216 condidit
1880 4162 1950 4216 ibi
1995 4148 2182 4217 cccle-

629 4255 763 4322 siam
786 4255 844 4305 S.
868 4252 1146 4306 Athanasii
1173 4247 1586 4322 ;exstruxitq‘ue
1606 4254 1993 4306 monasterium
2023 4252 2183 4324 Rayz

2292 1811 2389 1864 tibi
2422 1824 2545 1862 cunt
2587 1818 2728 1862 terra
2771 1807 2868 1861 fuit
2905 1809 3199 1880 ntonsiste
3229 1805 3322 1879 qui
3383 1822 3412 1858 a
3462 1806 3831 1874 septentrione

2278 1900 2604 1953 monasterio
2629 1896 2894 1952 imminet.
2936 1894 3037 1948 Cui
3077 1895 3280 1963 legatus
3325 1911 3338 1946 :
3376 1893 3432 1949 Si
3489 1906 3634 1948 totas
3681 1905 3830 1948 terra

2277 1988 2668 2052 Romanorum,
2715 1984 2954 2058 Aigﬂiti,
2987 1996 3041 2039 et
3089 1979 3263 2056 Syriae
3314 2002 3446 2056 opes
3473 1985 3830 2053 impendisse-

2279 2094 2418 2140 tnus,
2474 2077 2615 2130 haud
2676 2091 2958 2146 possemus
3001 2086 3240 2130 montem
3292 2075 3458 2129 istum
3522 2075 3828 2130 absolrerc.

2277 2169 2450 2224 Iratus
2482 2184 2612 2238 ergo
2644 2169 2938 2238 imperator
2964 2175 3126 2240 caput
3158 2166 3261 2235 ipsi
3322 2167 3595 2235 amputari
3645 2166 3830 2235 jussit.

2277 2260 2475 2315 Deinde
2502 2261 2663 2335 alium
2698 2259 2844 2313 misit
2895 2256 3152 2329 legat-um,
3186 2274 3406 2327 unaque
3459 2272 3583 2311 cum
3635 2258 3778 2326 ip’so,
3803 2273 3831 2309 e
3923 2276 3930 2284 θ

2277 2352 2458 2408 vernis
2487 2350 2852 2407 Romanorum
2886 2365 2995 2404 una
3052 2364 3177 2404 cum
3217 2349 3402 2404 liberis
3449 2358 3504 2403 et
3570 2349 3832 2402 uxoribus

2277 2444 2518 2512 ipsorum
2566 2437 2779 2496 centum
2810 2442 2986 2512 viros,
3003 2441 3202 2510 jubens
3234 2441 3392 2493 etiam
3422 2451 3478 2493 ttt
3507 2457 3570 2493 ex
3594 2437 3833 2508 Egypt.»

2275 2534 2413 2592 alios
2439 2541 2658 2612 centum
2697 2546 2802 2585 una
2851 2547 2979 2598 cum
3004 2532 3246 2599 ipsorum
3308 2530 3571 2596 uxoribus
3608 2540 3664 2583 et
3704 2530 3832 2581 libe-

2277 2626 2353 2680 ris
2380 2625 2670 2693 acciperet,
2689 2621 2888 2692 quibus
2926 2632 3080 2674 extra
3113 2629 3355 2674 montem
3391 2619 3580 2673 Sinam
3645 2621 3832 2675 domos

2275 2721 2580 2770 exstrueret
2615 2713 2670 2767 itt
2701 2713 2901 2790 quibus
2927 2711 3001 2765 ibi
3048 2713 3328 2781 degerent,
3386 2726 3496 2781 quo
3552 2718 3832 2765 monasteo

2284 2808 2425 2861 rium
2458 2817 2512 2860 et
2564 2806 2865 2860 monachos
2914 2805 3246 2859 custodirent
3280 2821 3294 2871 ;
3329 2814 3384 2859 et
3413 2807 3642 2879 ﬂetum
3707 2803 3832 2872 ipsis

2278 2896 2726 2966 suppeditandnm
2754 2906 2994 2958 curaret,
3026 2895 3268 2964 ipsisque
3288 2903 3342 2949 et
3373 2895 3708 2948 monasterio
3769 2907 3830 2945 ex

2281 2985 2513 3065 Egpto
2545 3000 2776 3040 annonae
2812 2979 3073 3054 quantum
3107 2983 3403 3046 sufﬁceret.
3457 2983 3830 3040 deferendum.

2279 3076 2412 3130 Cum
2451 3089 2580 3146 ergo
2610 3074 2678 3130 ad
2705 3086 2943 3130 montem
3002 3073 3186 3129 Sinam
3243 3075 3577 3150 pervenisset
3631 3074 3833 3143 legatus

2277 3178 2430 3222 extra
2464 3153 2855 3222 monasterium
2884 3163 3159 3220 Orientem
3179 3180 3373 3220 versus
3413 3165 3582 3219 multa
3613 3174 3830 3219 extim-

2271 3259 2356 3313 xit
2391 3257 2691 3322 domicilia,
2727 3255 3021 3327 eademque
3054 3271 3182 3310 arce
3210 3255 3588 3314 communivit.
3630 3255 3688 3308 in
3712 3256 3832 3322 qni-

2278 3350 2380 3404 bus
2401 3364 2588 3406 servos
2612 3349 2751 3404 istos
2777 3347 3060 3404 collocarit
3091 3363 3201 3417 quo
3229 3348 3617 3403 monasterium
3643 3333 3751 3402 ἐιη
3777 3359 3830 3398 οι

2276 3443 2475 3504 dirent.
2506 3442 2758 3510 idemque
2789 3451 3071 3494 tuerentur
3095 3454 3113 3505 ;
3141 3440 3231 3507 qtti
3253 3438 3406 3492 locus
3423 3439 3489 3492 ad
3524 3437 3630 3492 hoc
3662 3452 3829 3502 usque:

2279 3542 2495 3604 tempus
2530 3533 2620 3586 Dir
2644 3536 2696 3585 ol
2723 3531 2885 3593 Abizi.
2950 3546 3068 3594 seu,
3106 3529 3496 3596 monasterium
3549 3543 3831 3583 servorum

2279 3621 2602 3689 appellatur.
2654 3617 2790 3673 Cum
2825 3632 2950 3672 vero
2981 3619 3182 3687 genitis
3231 3618 3417 3672 liberis
3465 3618 3829 3688 multiplicati,

2279 3707 2368 3760 diu
2405 3706 2904 3771 ibi..substitissent,
2935 3721 2997 3760 ac
3052 3705 3642 3763 Iohammcdanismus
3696 3709 3832 3762 obti-

2279 3806 2430 3852 neret
2453 3797 2617 3868 (quod
2652 3798 2756 3852 sub
2806 3796 3015 3872 Chalifa
3048 3797 3203 3851 Abtlil
3237 3795 3408 3852 ualet:
3457 3799 3572 3854 Ebn
3601 3797 3828 3870 λίθιναι·

2280 3889 2496 3959 accidit)
2530 3890 2618 3943 alii
2653 3891 2706 3944 itt
2746 3891 2885 3946 alios
2921 3875 3190 3944 irruentes
3220 3889 3424 3944 mutuis
3459 3906 3518 3945 se
3582 3892 3825 3946 cat-ditius

2279 3981 2644 4045 sustulerunt,
2675 3983 2834 4036 casis
2855 3982 2997 4045 aliis,
3024 3982 3149 4036 aliis
3175 3981 3531 4050 fugientibus,
3559 3982 3692 4038 aliis'
3722 3981 3822 4036 Io-

2266 4069 2806 4126 lnmmedanistnum
2833 4073 3118 4141 atnplexis,
3137 4087 3366 4142 quorum
3405 4073 3559 4128 liberi
3583 4073 3652 4128 ad
3679 4073 3822 4146 168

2282 4163 2429 4216 hunc
2479 4176 2653 4230 usque
2681 4162 2821 4216 diem
2853 4163 2906 4215 in
2933 4165 3300 4226 monasteriis,
3341 4164 3496 4218 illam
3522 4166 3825 4236 religionem

2282 4252 2594 4320 proﬁtentes
2624 4251 2774 4305 Banu
2821 4250 3022 4326 Salehi,
3050 4254 3410 4324 appellantur,
3439 4265 3493 4310 et
3533 4258 3688 4325 pueri
3712 4255 3821 4329 [ses

630 4353 742 4394 tum
774 4341 838 4395 ad
875 4350 1110 4395 montem
1152 4341 1338 4394 Sinam
1395 4340 1671 4409 proiectus
1702 4342 1773 4394 ibi
1809 4348 2003 4395 rubum
2031 4344 2177 4396 iure-
2211 4359 2256 4416 η
2283 4343 2423 4395 servi
2454 4339 2475 4413 ]
2532 4345 2847 4397 monasterii
2885 4343 3114 4399 audiunt
3147 4355 3424 4412 ;suntque
3447 4361 3512 4401 es
3558 4347 3700 4417 ipsis
3727 4344 3818 4403 Lar

630 4433 711 4484 nit
768 4433 821 4485 itt
861 4432 980 4484 loco
1009 4433 1150 4484 inter
1174 4431 1308 4485 duos
1330 4441 1544 4485 montes
1572 4440 1826 4502 angusto,
1862 4432 2175 4503 ibidemque

633 4523 827 4576 turrim
852 4538 1017 4593 prope
1037 4525 1226 4576 rubum
1248 4531 1598 4588 exstructam,
1621 4539 1828 4578 necnon
1849 4524 2007 4597 135
2025 4540 2178 4594 aqua:

631 4615 807 4666 fontes
837 4627 1001 4680 prope
1029 4612 1276 4664 eumdem
1335 4611 1718 4674 scaturieutes,
1771 4619 1827 4664 at
1883 4615 2178 4666 monachos

631 4721 723 4774 per
757 4705 923 4758 salies
955 4703 1249 4768 dispersos.
1304 4702 1360 4754 In
1384 4703 1568 4755 animo
1601 4717 1730 4770 ergo
1761 4701 1947 4755 habuit
1987 4718 2178 4758 mona-

629 4795 854 4850 sterium
880 4807 1042 4861 supra
1076 4798 1312 4844 montem
1379 4801 1661 4845 exstruere
1718 4794 1904 4846 relicto
1951 4795 2069 4849 rubi
2124 4805 2178 4848 ct
2219 4812 2221 4814 ·

630 4884 796 4938 turris
831 4883 969 4936 loco.
989 4881 1141 4946 Quod
1171 4890 1348 4933 tamen
1387 4896 1574 4934 rursus
1600 4896 1754 4949 aqua
1773 4881 1941 4952 gratia
1977 4882 2178 4952 impro-

631 4973 797 5035 bavit,
823 4971 944 5025 idco
975 4971 1118 5040 quod
1151 4970 1294 5022 nulla
1333 4981 1480 5023 esset
1508 4955 1670 5038 supra
1713 4984 1948 5026 montem
2015 4986 2176 5043 aqua.

634 5066 906 5122 l-Lxstrtixit
959 5079 1087 5132 ergo
1148 5065 1534 5116 monasterium
1592 5063 1745 5130 juxta
1812 5063 2003 5115 rubum
2055 5063 2178 5117 loco

631 5157 818 5223 turris,
849 5158 980 5210 turri
1019 5157 1071 5207 itt
1097 5154 1427 5208 monasterio
1460 5153 1688 5207 inclusa.
1728 5149 1956 5220 Fnitquc
1987 5168 2176 5207 mona-

631 5251 850 5303 sterium
879 5247 1016 5300 inter
1043 5245 1180 5299 duos
1231 5254 1442 5298 montes
1494 5245 1615 5296 loco
1650 5251 1901 5312 angusto,
1931 5242 2064 5298 adeo
2121 5253 2176 5296 nt

631 5341 674 5392 si
723 5338 844 5406 quis
876 5321 1084 5391 montis,
1105 5335 1378 5404 fastigium
1425 5333 1852 5403 septentrionale
1901 5347 2174 5391 conscen-

633 5439 762 5485 tteos
789 5428 1258 5499 lapidetnjaccrct,
1294 5426 1348 5478 in
1407 5424 1644 5480 medium
1678 5423 1934 5478 decidens
1989 5439 2176 5478 mona-

631 5523 854 5576 sterium
881 5519 1154 5573 monachis
1184 5524 1418 5570 noceret.
1455 5513 1518 5569 Et
1550 5511 2173 5581 monastcrjutnquidcm

634 5610 688 5661 in
724 5607 854 5661 ιοςσ
881 5609 982 5660 isto
1013 5614 1240 5675 augusto
1267 5603 1419 5672 juxta
1469 5602 1659 5656 rubum
1718 5611 1773 5657 et
1826 5613 2174 5658 monumenta

2279 4425 2612 4486 rhmietises.
2663 4429 2956 4487 Diruerunt
3017 4443 3199 4487 autetn
3257 4433 3510 4490 monachi
3559 4436 3820 4491 domicilia

2276 4535 2552 4575 servorum
2580 4531 2868 4593 postquam
2925 4508 3313 4580 Mohatnntedis
3347 4525 3665 4595 religionem
3699 4542 3821 4580 aru-

2277 4614 2417 4682 plexi
2445 4623 2572 4667 sunt
2596 4630 2662 4668 ne
2688 4617 2813 4684 quis
2839 4630 2904 4670 ea
2940 4617 3366 4686 incoleret,un
3392 4631 3528 4687 ergo
3555 4629 3613 4670 et
3666 4618 3822 4675 hodie
3849 4674 3851 4676 .

2275 4701 2514 4757 desolata
2549 4715 2787 4760 manent.
3295 4762 3299 4767 .

2338 4793 2516 4849 Porro
2539 4813 2683 4853 anno
2732 4799 2941 4866 imperii
2987 4796 3282 4854 Iustiniani
3323 4802 3563 4856 secundo
3626 4802 3822 4856 consti-

2277 4887 2547 4941 tutuseest'
2587 4885 2897 4942 Bonifacius
2929 4876 3261 4958 patriarcha
3288 4887 3618 4959 Romanus;
3675 4907 3818 4946 euut-

2275 4993 2380 5046 que
2407 4977 2548 5032 duos
2575 4993 2749 5032 annos
2779 4978 3008 5034 sedisset
3034 4990 3279 5039 mortuus
3305 4993 3409 5039 est.
3456 4985 3615 5039 Anno
3650 4983 3820 5054 impe-

2278 5067 2341 5120 rii
2371 5067 2609 5136 ejusdem
2647 5079 2842 5139 quarto
2875 5071 3208 5127 constitutus
3237 5081 3332 5127 est
3359 5073 3560 5128 ibidem
3584 5075 3814 5143 patriar-

2275 5159 2382 5212 cha
2417 5156 2675 5222 Joannes,
2705 5162 2797 5230 qui
2826 5168 2884 5215 ct
2912 5160 3049 5216 duos
3091 5163 3454 5235 annossedit,
3481 5149 3620 5218 dein
3673 5157 3807 5217 tuor-

2277 5259 2402 5303 tuus
2429 5260 2535 5304 est.
2591 5250 2752 5305 Anno
2777 5249 3016 5320 ejusdem
3046 5253 3237 5314 sexto,
3265 5254 3441 5309 factus
3481 5263 3563 5309 est
3623 5254 3814 5326 ibidem

2279 5342 2577 5408 patriarcha
2604 5341 2894 5411 Agapctu‘s.
2927 5343 3018 5412 qui
3053 5359 3177 5396 eum
3210 5360 3374 5397 unum
3400 5359 3602 5400 annum
3637 5345 3812 5401 sedis-

2278 5442 2358 5484 set
2413 5440 2660 5486 mortuus
2688 5442 2792 5487 est.
2825 5435 2984 5489 Auno
3013 5435 3254 5505 ejuslcm
3285 5437 3521 5506 septimo
3541 5431 3802 5490 constitit;

2277 5529 2365 5571 tus
2408 5521 2583 5575 cstihi
2640 5522 2947 5592 patriarcha
2981 5524 3297 5594 Sylrcrius;
3357 5542 3529 5581 annos
3585 5525 3808 5594 quinque

2277 5610 2432 5678 sedit,
2463 5611 2588 5667 dein
2614 5622 2858 5667 nturtnus
2887 5627 2988 5670 est.
3025 5619 3178 5671 Anno
3203 5617 3443 5682 ejusdem
3481 5613 3807 5672 decimott-n-
3831 5611 3836 5615 ’
