4082 6474
623 450 759 512 1075

1635 454 1994 515 EUTYCHH
2033 455 2466 515 ALEXANDRI
2480 458 2556 515 Nl
2595 458 2807 518 l‘d'l'll.

3685 452 3798 516 illiti

617 560 788 616 Bazar
833 561 1075 614 Hebrum
1108 574 1281 616 ttzorte
1324 565 1624 622 ιηυιιιεει-ι.
1664 568 1822 627 lude,
1837 581 2167 625 commotum
2200 585 2240 635 Α
2275 570 2527 624 tiochiam
2560 569 2918 636 discrepantia
2950 577 3088 622 esset
3122 586 3242 638 quze
3268 570 3428 625 oculo
3457 570 3660 638 percipi

613 661 694 701 est
733 660 923 721 contra
975 652 1332 723 177-179
1369 656 1548 725 ipsum
1576 651 1828 729 regnum
1876 662 2068 728 ipsius.
2100 673 2171 718 'et

614 739 933 805 prodierunt
963 742 1053 809 qui
1090 743 1440 799 rebellioaem
1477 748 1839 804 concitarent.
1879 750 2012 806 Cum
2042 769 2171 823 ergo

614 830 820 884 rideret
851 847 960 899 quo
1009 835 1377 900 pervenissent
1417 853 1504 894 res
1546 855 1678 904 suae,
1731 846 2050 910 ptenitentia
2102 847 2172 900 ob

613 917 945 975 Soacherem
984 923 1189 992 liliique
1225 926 1394 993 ipsius
1435 930 1631 985 caedem
1669 933 1866 988 ductus
1898 946 2003 990 est.
2039 935 2170 990 Dein

615 1023 862 1067 mortuus
883 1025 963 1067 est
987 1014 1256 1088 Kohades,
1281 1034 1404 1076 cum
1428 1032 1571 1077 esset
1597 1031 1771 1083 totum
1795 1040 1905 1094 quo
1930 1029 2170 1095 regnavit

614 1105 872 1193 spatium,
907 1121 1012 1160 una
1047 1123 1170 1163 cutn
1201 1111 1361 1166 annis
1393 1113 1591 1180 quibus
1633 1130 1858 1189 regnum
1887 1121 2172 1189 occupavit

616 1191 910 1262 llatnasph,
956 1212 1222 1256 annorum
1273 1202 1627 1272 quadraginta
1665 1207 1852 1264 trium.
1897 1207 2170 1266 Successit

614 1283 714 1376 ipsi
746 1285 888 1340 illius
923 1288 1095 1354 ipsius
1129 1291 1294 1346 Cesra
1325 1291 1561 1350 Kobadis
1589 1296 1745 1376 'ﬂlius
1774 1298 1914 1353 idem
1946 1301 2037 1369 qui
2076 1317 2170 1370 ap-
2199 1330 2225 1341 -

613 1373 842 1441 pellatus
890 1387 975 1430 est
1013 1381 1176 1439 etiam
1223 1383 1600 1440 Anusherwan
1631 1403 1647 1449 ;
1685 1373 1779 1458 qui
1827 1404 2003 1444 annos
2035 1405 2172 1461 qua-

614 1464 860 1533 draginta
903 1481 1108 1540 septem
1156 1485 1212 1529 et
1253 1491 1349 1531 ses
1407 1490 1622 1535 menses
1672 1482 1956 1550 regnavit;
2011 1484 2172 1552 idque

613 1575 755 1614 anno
802 1561 1010 1631 imperii
1056 1565 1346 1624 Iustiniani
1406 1569 1775 1632 Romanorum
1822 1575 2192 1644 imperatoris,

615 1660 829 1717 quarto.
870 1652 1037 1710 Cesra
1087 1668 1267 1713 autem
1315 1660 1790 1722 Mazdekianurunt
1833 1662 2169 1733 principibus

615 1755 782 1812 regno
811 1758 910 1798 suo
961 1747 1151 1814 pulsis,
1195 1765 1326 1816 opes
1372 1767 1511 1820 quas
1550 1753 1600 1807 vi
1643 1753 1982 1822 eripuerant,
2024 1754 2169 1808 acci-

614 1834 766 1902 piens
802 1834 1038 1890 dominis
1073 1840 1306 1893 reddidit
1337 1857 1352 1904 ;
1393 1850 1448 1896 et
1491 1842 1537 1896 si
1567 1842 1806 1911 cuipiam
1845 1857 1950 1898 non
1978 1844 2169 1910 super-

2270 673 2354 715 set
2399 678 2412 713 :
2455 660 2646 741 .qttalis
2693 661 2782 713 ubi
2840 667 3115 720 exstructa
3160 671 3302 713 esset
3351 659 3522 727 ipsam
3574 660 3809 718 lloutiam,

2271 733 2583 820 appellavit,
2616 765 2788 818 coquo
2830 751 3129 805 Antiochia:
3169 749 3374 803 incolas
3415 749 3713 811 transtulit,
3743 733 3825 813 ad.

2270 858 2387 896 eam
2435 842 2793 896 incolendam.
2839 841 2938 906 Qui
2974 841 3061 916 ubi
3111 841 3175 894 ad
3226 841 3398 908 ipsam
3442 842 3807 910 pervenientes

2272 934 2419 986 urbis
2454 943 2664 1001 portatu
2699 931 2926 998 ingressi
2959 939 3164 994 essent,
3192 931 3445 984 abierunt
3477 932 3701 998 singula:
3733 932 3801 982 la-

2273 1022 2431 1075 miliae
2469 1023 2526 1075 in
2558 1022 2702 1075 ardes
2732 1020 2846 1073 suis
2873 1019 3093 1083 similes,
3129 1037 3193 1075 ac
3229 1019 3273 1075 si
3303 1018 3602 1073 Antiochia.
3616 1019 3804 1090 egressi

2271 1111 2324 1163 in
2355 1112 2600 1166 eamdem
2637 1111 2835 1182 reversi
2863 1118 3067 1164 essent.

2315 1201 2510 1257 Porro
2537 1216 2680 1255 anno
2716 1199 2926 1269 imperii
2966 1196 3259 1254 Iustiniani
3310 1197 3682 1251 Romanorum
3716 1197 3809 1250 ini-

2269 1307 2382 1363 per.
2416 1291 2688 1346 tricesimo
2718 1291 2893 1361 primo
2910 1291 3238 1358 constitutus
3284 1299 3369 1342 est
3412 1287 3690 1358 Pelagius
3725 1302 3810 1353 pa-

2271 1382 2504 1438 triarcha
2547 1379 2845 1443 Romanus.
2877 1383 2968 1451 qui
3017 1396 3139 1442 eum
3172 1364 3404 1449 quatuor
3441 1394 3619 1432 annos
3656 1378 3811 1431 sedis.

2269 1480 2350 1527 set
2387 1482 2636 1526 mortuus
2662 1481 2766 1527 est.
2807 1474 2963 1526 Anno
3002 1471 3218 1541 int-perii
3259 1471 3505 1540 ejusdem
3531 1467 3813 1523 tricesimo

2268 1563 2458 1633 quinto
2475 1562 2807 1619 constitutus
2819 1571 2905 1617 est
2928 1548 3163 1627 Ioannes
3187 1559 3497 1630 patriarcha
3521 1560 3812 1615 Ronianus.

2267 1654 2552 1719 duodecim
2573 1670 2743 1708 annos
2771 1655 2930 1717 salit,
2966 1654 3087 1708 dein
3117 1665 3366 1706 mortuus
3396 1657 3500 1707 est.
3527 1655 3689 1704 Anno
3714 1651 3798 1700 im-

2267 1746 2402 1814 peril
2454 1736 2628 1813 ipsius
2678 1743 2952 1798 tricesimo
2983 1743 3324 1806 constitutus
3358 1750 3446 1796 est
3500 1739 3815 1794 Anastasius

2268 1851 2495 1906 magnus
2530 1835 2837 1904 patriarcha
2867 1833 3260 1894 Antiochenus,
3292 1834 3392 1902 qui
3428 1848 3551 1886 cum
3584 1848 3680 1886 sex
3726 1845 3814 1882 an-

614 1932 753 1976 esset
793 1925 962 1980 haeres
1009 1927 1116 1998 [cui
1145 1931 1521 2004 redderentur]
1552 1947 1651 1988 eas
1675 1935 1816 2003 apud
1847 1951 1905 1990 se
1933 1935 2164 1989 detinuit

2267 1941 2365 1980 nos
2396 1924 2626 1982 sedisset
2668 1925 2738 1981 ab
2769 1924 3120 1981 Antiochenis
3151 1924 3324 1993 stupri
3381 1931 3674 1977 accusatus
3694 1920 3809 1974 est.

583 2013 674 2066 .ad
723 2017 1078 2083 reparandum
1123 2024 1269 2088 quod
1319 2031 1664 2090 corruptum,
1694 2032 1749 2081 et
1793 2026 2169 2082 aediﬁcandum

615 2107 751 2171 quod
805 2106 1041 2163 dirutum
1096 2110 1292 2169 fuerat.
1344 2113 1409 2169 Et
1459 2117 1506 2169 si
1542 2117 1630 2170 cui
1662 2118 1718 2170 vi
1771 2118 1948 2174 ablata
1997 2118 2172 2172 fuerat

615 2197 828 2256 domus.
862 2201 942 2253 vel
982 2216 1128 2270 ager,
1183 2220 1242 2258 re
1295 2200 1689 2276 perspectaea
1742 2208 1844 2278 ipsi
1891 2187 2210 2273 restitui”.

613 2301 671 2339 ac
716 2288 764 2340 si
793 2290 916 2358 quis
947 2292 1230 2348 mulierem
1263 2294 1368 2350 sibi
1410 2298 1462 2353 vi
1493 2308 1740 2366 ceperat,
1785 2299 2031 2354 eamdem
2067 2299 2169 2367 ipsi

615 2377 866 2435 auferens
903 2383 1085 2439 dotem
1133 2402 1260 2449 una,
1301 2388 1469 2457 duplo
1511 2389 1640 2443 dote
1683 2391 1854 2461 ipsius
1885 2369 2169 2459 majorem,

615 2471 861 2538 sumpsit,
899 2473 1003 2527 nisi
1029 2475 1239 2536 cum'ei
1269 2485 1366 2546 par
1401 2489 1567 2543 esset,
1598 2497 1830 2551 eamque
1867 2483 1937 2537 ab
1967 2483 2084 2552 ipso
2117 2484 2169 2535 in

602 2576 832 2617 uxorem
858 2565 1127 2631 obtineret
1151 2586 1166 2622 :
1193 2570 1341 2638 quod
1371 2571 1416 2630 si
1441 2573 1489 2626 ei
1527 2580 1758 2630 maritus
1779 2581 1946 2640 esset,
1979 2566 2172 2628 marito

615 2649 754 2706 dotis
801 2651 1030 2720 tantum,
1073 2667 1374 2738 quantum,
1401 2676 1524 2715 eum
1569 2677 1689 2739 eam
1728 2665 1915 2733 primo
1948 2665 2171 2720 duceret

616 2755 915 2812 acceperat.
949 2748 1099 2800 dedit
1127 2765 1142 2813 ;
1175 2765 1408 2820 eamque
1429 2753 1695 2820 maritus,
1730 2755 1775 2808 si
1815 2770 1877 2809 ea
1907 2755 2008 2824 ipsi
2035 2770 2173 2823 opus

615 2837 916 2932 esset,rsilii
964 2839 1171 2897 habuit.
1204 2841 1339 2900 illud
1389 2854 1571 2900 autem
1606 2847 1748 2932 quod
1793 2848 1968 2915 ipsum
2008 2847 2174 2902 movit

622 2931 911 2996 qucminus
945 2932 1268 2999 supplicium
1315 2935 1382 2990 iis
1426 2931 1758 3012 quinel’aria
1786 2939 2174 3010 commiserant

613 3015 855 3090 inferret,
899 3020 1020 3086 fuit,
1063 3024 1204 3091 quod
1248 3026 1431 3095 populi
1482 3025 1644 3098 180
1689 3041 1877 3082 curam
1929 3027 2170 3090 haberet,

614 3124 765 3176 quem
788 3112 1001 3198 penitus
1029 3115 1253 3179 perdere
1287 3117 1483 3172 noluit.
1515 3116 1688 3179 Iussit.
1707 3117 1874 3173 etiam
1896 3119 2167 3173 numerari

612 3201 806 3256 liberos
826 3204 1277 3270 patrumfamilias
1314 3219 1366 3260 et
1389 3208 1648 3267 nobilium
1679 3210 1793 3281 qui,
1822 3224 1946 3265 cum
1978 3212 2204 3281 periis-7

612 3293 831 3359 sentqui
853 3281 1038 3350 corum
1070 3309 1255 3352 curam
1290 3312 1487 3366 gerere
1513 3297 1796 3362 deberent,
1827 3295 1892 3352 ad
1926 3297 2162 3369 inopiam

612 3379 814 3434 redacti
845 3393 994 3447 sunt,
1031 3394 1086 3438 et
1117 3385 1168 3438 in
1204 3387 1444 3464 ipsorum
1474 3389 1753 3457 Orphanos
1781 3377 2166 3459 qui-,s‘ttpereso

609 3483 731 3530 sent
759 3484 812 3528 et
862 3476 1051 3530 viduas
1100 3476 1374 3554 [inquiri].
1414 3480 1662 3548 ipsisque
1709 3485 1853 3551 quod
1896 3480 2159 3537 sulliceret

610 3566 962 3634 suppeditari,
1014 3583 1111 3622 nec
1156 3585 1264 3626 non
1299 3571 1518 3623 edoceri
1562 3571 1705 3627 [ilius
1743 3573 1982 3640 ipsorum
2017 3583 2164 3633 artes,

609 3655 803 3723 quibus
843 3655 1019 3709 idonei
1056 3668 1260 3720 essent,
1296 3648 1434 3711 tilias
1479 3665 1660 3712 autem
1707 3659 1938 3723 paribus
1986 3659 2102 3716 suis
2133 3674 2165 3715 ο

609 3745 898 3800 ditioribus
929 3759 1152 3811 nuptum
1177 3748 1316 3803 dari.
1341 3748 1512 3804 Iussit
1534 3749 1700 3810 etiam
1736 3750 1936 3818 inquiri
1957 3746 2019 3804 iu
2045 3750 2163 3808 loca

609 3849 658 3891 et
699 3838 896 3907 praedia
957 3855 1190 3908 quorum
1241 3839 1454 3898 Domini
1508 3855 1632 3895 cum
1679 3841 1945 3895 tenuioris
1999 3827 2168 3896 sortis.

608 3942 785 3987 essent
820 3932 886 3985 iis
917 3931 1157 3991 colendis
1207 3947 1316 3986 non
1353 3943 1529 3996 erant,
1567 3943 1625 3986 ut
1672 3932 1889 3990 effossis
1917 3933 2086 3986 alveis
2111 3943 2165 3995 et

608 4023 887 4076 canalibus
935 4024 1320 4078 derivarentur
1365 4025 1541 4094 adea
1595 4025 1766 4090 ﬂuvii,
1814 4026 2162 4093 ipsorumque

608 4114 845 4167 dominis
872 4115 1204 4183 suppeditari
1234 4116 1378 4183 quod
1409 4125 1698 4186 erogareut
1727 4116 1782 4170 in
1811 4117 1956 4183 agris
1982 4131 2167 4169 seren-

605 4207 688 4275 tlis
711 4223 773 4258 ac
806 4222 1002 4274 pecore
1025 4206 1292 4266 curando,
1318 4208 1584 4260 rationem
1615 4209 1777 4261 etiam
1807 4208 1989 4262 haberi
2022 4208 2167 4263 vico-

607 4314 722 4350 rum
769 4298 862 4364 qui
902 4296 1130 4349 desolati
1172 4296 1423 4363 literaul;
1460 4313 1524 4351 ac
1569 4297 1777 4352 csstrui
1822 4313 1976 4358 arces
2021 4299 2178 4352 unde.

608 4395 784 4440 metus
815 4403 935 4440 esse
974 4397 1179 4455 posset.
1208 4389 1342 4440 Tum
1371 4389 1737 4452 consiliarios,
1770 4389 2056 4458 prmfcetos
2111 4398 2174 4441 ct.

608 4479 816 4544 iudices
848 4480 1048 4534 electos
1079 4480 1130 4531 in
1169 4478 1465 4545 provinciis
1495 4481 1803 4535 collocavit.
1840 4480 1892 4534 In
1927 4481 2162 4536 medium

2273 2015 2421 2087 Fuga
2475 2027 2605 2087 ergo
2653 2031 2720 2072 se
2757 2015 2826 2071 ab
2870 2016 2993 2073 illis.
3027 2015 3333 2084 subripiens
3394 2022 3572 2068 vestes
3628 2013 3818 2081 quibus

2271 2121 2426 2169 sacra
2463 2092 2720 2176 peragere
2759 2106 2954 2162 solitus
3006 2106 3200 2166 fuerat,
3239 2104 3510 2173 sepelivit,
3559 2117 3629 2156 ac
3671 2100 3819 2154 dissi.

2265 2197 2478 2252 mulato
2516 2196 2703 2254 habitu
2741 2184 3115 2266 Hierosolyma
3153 2182 3427 2264 profectus
3471 2201 3601 2256 est;
3643 2191 3733 2243 ubi
3771 2190 3818 2240 ia

2273 2284 2472 2356 templo
2510 2283 2953 2342 Resurrectionis
2988 2285 3304 2353 candelapta
3342 2285 3538 2346 laetus,
3571 2283 3819 2335 lucernas

2273 2375 2568 2441 accendit;
2615 2391 3079 2448 eoque~munere
3135 2376 3326 2446 viginti
3376 2384 3614 2443 quatuor
3671 2374 3820 2426 annis

2273 2467 2491 2527 iunctus
2517 2476 2623 2543 est,
2653 2467 2927 2524 Ecclesia
2949 2468 3036 2531 isti
3075 2466 3236 2539 1“
3269 2468 3595 2528 inserviens,
3652 2467 3822 2518 lacer.

2273 2578 2369 2616 Itas
2430 2562 2487 2616 in
2537 2561 2654 2631 ipsa
2706 2550 3074 2622 accendendo,
3119 2559 3349 2613 nemine
3381 2558 3598 2611 interim
3653 2559 3822 2625 ipsum

2274 2655 2645 2725 patriarebatu
2683 2653 2924 2710 functum
2960 2668 3084 2709 esse
3125 2653 3526 2722 dignoscente:
3563 2652 3620 2705 in
3651 2652 3822 2702 locutu

2263 2757 2452 2810 autem
2499 2745 2672 2816 ipsius
2707 2745 3037 2810 substitutus
3072 2752 3156 2798 est
3184 2742 3478 2812 Gregorius
3518 2741 3823 2809 patriarcha

2271 2837 2668 2900 Antiocltenus,
2691 2837 2788 2906 qui
2820 2834 3010 2906 viginti
3039 2846 3275 2904 quatuor
3308 2850 3481 2888 annos
3505 2833 3675 2895 sedit,
3706 2832 3825 2885 dein

2273 2923 2663 3003 ntortuusfest.
2697 2927 2858 2985 Anno
2884 2935 3066 2982 autem
3105 2925 3318 2995 imperii
3361 2921 3656 2979 Iustiniani
3689 2923 3824 2975 vice-

2270 3024 2410 3079 simo
2444 3022 2588 3081 nono
2625 3021 2958 3077 constitutus
3001 3029 3086 3076 est
3117 3018 3388 3075 Ilacariua
3428 3017 3708 3072 secundus
3745 3029 3823 3082 pa-

2272 3116 2508 3170 triarcha
2545 3111 3210 3182 Hierosolymitanus,qul
3255 3117 3491 3178 quatuor
3524 3122 3704 3160 annos
3749 3120 3824 3159 sc-

2271 3201 2375 3267 dit,
2407 3202 2533 3257 dein
2559 3209 2808 3256 mortuus
2829 3211 2934 3255 est.
2958 3200 3122 3258 Anno
3155 3196 3639 3268 imperii‘ejusdem
3669 3193 3823 3247 trice-

2268 3295 2408 3353 simo
2475 3298 2637 3352 tertio
2698 3297 3032 3356 constitutas
3093 3304 3176 3351 est
3247 3295 3448 3349 ibidem
3517 3289 3825 3359 patriarcha

2261 3388 2523 3454 Ioannes.
2575 3391 2667 3459 qui
2726 3393 2911 3447 decem
2965 3404 3139 3442 annos
3189 3387 3349 3448 sedit,
3401 3385 3527 3438 dein
3577 3389 3824 3440 mortuus

2263 3490 2368 3536 est.
2397 3482 2556 3541 Anno
2578 3498 2710 3536 vero
2752 3480 3084 3551 imperiisni
3112 3480 3376 3533 vicesimo
3401 3484 3601 3531 octavo
3626 3475 3822 3528 certior

2265 3572 2444 3629 factus
2475 3571 2803 3642 Eutychlum
2854 3571 3216 3642 patriarcham
3263 3565 3836 3634 Constantinopolin:

2265 3682 2392 3721 num
2417 3665 2631 3721 veritati
2646 3665 3024 3735 contradicere
3043 3679 3108 3717 ac
3124 3661 3423 3721 Iaeobitam
3452 3660 3658 3713 factum
3681 3671 3821 3719 esse,

2267 3759 2440 3826 ipsum
2475 3757 2529 3811 in
2575 3756 2831 3812 exsilium
2851 3754 3224 3831 eiecithcujns
3268 3753 3322 3806 in
3351 3752 3533 3806 locum
3563 3750 3821 3805 sul’ectus

2262 3857 2348 3909 est
2377 3848 2448 3902 ibi
2495 3845 2736 3906 Ioannes
2781 3857 2841 3902 ut
2889 3846 3293 3917 patriarchatus
3319 3839 3822 3908 Constantinopoli-

2266 3941 2378 3998 tani
2433 3955 2660 3994 munere
2694 3939 3044 4009 numeretur,
3079 3936 3174 4004 qui
3217 3944 3423 4005 septem
3470 3949 3651 3988 annos
3686 3933 3822 3990 sedit

2263 4034 2388 4087 dein
2429 4042 2682 4088 mortuus
2708 4041 2811 4086 est.
2846 4029 2985 4084 Tum
3018 4029 3315 4100 Eutychius
3342 4027 3654 4098 patriarcha
3688 4024 3820 4080 γεό-

2264 4133 2420 4189 gains
2451 4123 2837 4188 imperatorem
2878 4135 3170 4190 aggressus
3211 4128 3295 4174 est
3338 4134 3443 4189 ope
3473 4117 3819 4174 consiliario-

2223 4267 2227 4270 .
2267 4229 2385 4265 rum
2411 4221 2463 4266 et
2486 4213 2710 4272 ducum,
2748 4213 2840 4281 qui
2874 4213 3049 4278 ipsum
3090 4219 3356 4280 rogarunt
3386 4220 3446 4263 nt
3477 4225 3599 4263 eum
3635 4208 3818 4262 cathe-

2263 4303 2375 4358 dra
2401 4302 3024 4371 restitueret,.siquidem
3059 4301 3250 4355 falsum
3287 4299 3459 4354 finisse
3483 4297 3630 4367 quod
3661 4297 3730 4351 de
3756 4310 3818 4350 es

2265 4397 2469 4450 dictum
2513 4396 2712 4478 fuerat.
2746 4385 3028 4448 Cathedrt
3051 4407 3182 4461 ergo
3209 4392 3278 4444 ab
3307 4390 3637 4458 imperatore
3666 4387 3815 4442 resti-

2265 4492 2417 4541 tutus
2468 4493 2591 4550 est;
2644 4500 2804 4552 quam
2866 4498 2988 4536 cum
3048 4481 3405 4560 quadriennio
3456 4486 3814 4545 occupaverat

608 4573 775 4626 etiam
819 4571 1051 4640 prolatis
1090 4570 1340 4623 Azdshiri
1382 4571 1538 4625 libris
1567 4573 1659 4639 qui
1707 4572 1879 4643 ipsius
1916 4573 2161 4626 instituta
2196 4597 2236 4648 ι)
2267 4586 2513 4632 mortuus
2541 4584 2646 4630 es'.
2696 4562 2853 4627 Anno
2881 4574 3126 4642 ejusdem
3155 4572 3438 4625 tricesimo
3483 4573 3655 4630 nono,
3690 4584 3814 4623 con-

608 4678 726 4732 qna:
759 4664 1048 4714 observare
1091 4661 1296 4713 solebat
1335 4663 1700 4724 continerent,
1750 4664 1818 4718 ad
1865 4679 1925 4716 ea
1973 4664 2162 4722 obser-

610 4753 783 4808 vanda
836 4752 1086 4804 homines
1137 4750 1338 4817 adegit.
1394 4751 1557 4819 idque
1612 4754 1821 4822 scripto
1867 4752 2165 4821 provinciis

609 4843 948 4914 signiﬁcavit.
975 4841 1175 4895 Deinde
1205 4851 1492 4908 postquam
1517 4859 1711 4910 novem
1741 4859 1912 4897 annos
1944 4859 2161 4913 regnas-

609 4947 704 4996 set,
738 4951 987 5002 annoque
1031 4933 1245 4998 imperii
1296 4931 1596 4990 Iustiniani
1650 4933 2021 5002 Romanorum
2055 4936 2160 4990 imo

609 5030 868 5095 paraturis
900 5026 1245 5086 duodecimo,
1279 5027 1465 5094 copias
1496 5041 1624 5081 suas
1657 5026 2006 5080 Antiochiam
2044 5042 2160 5080 ver-

611 5138 697 5173 sus
757 5119 978 5177 eduxit,
1050 5117 1137 5169 ulti
1202 5115 1494 5168 Iustiniani
1566 5115 1866 5170 exercitum
1938 5114 2157 5168 obvium

609 5213 834 5273 habens,
897 5209 1080 5277 praelio
1131 5224 1255 5261 cum
1312 5208 1440 5274 ipsis
1480 5208 1812 5270 .tleoertavit,
1865 5207 2159 5275 urbemque

609 5303 745 5369 repit
794 5320 806 5353 :
849 5301 1155 5368 juhcusquc
1207 5299 1417 5368 (lt-pingi
1472 5299 1574 5352 sibi
1628 5300 1829 5352 ttrliem’
1857 5300 2155 5367 secundum

609 5409 908 5445 nteusnram
936 5408 1090 5443 suam
1125 5406 1185 5443 ac
1211 5390 1603 5444 domiciliorum
1640 5405 1945 5453 numerum,

610 5486 766 5554 183
796 5495 903 5536 tam
941 5485 1188 5551 superius
1230 5499 1391 5550 quam
1430 5483 1680 5548 inferius,
1722 5483 2004 5551 ipsiusque
2047 5486 2161 5537 vias

610 5595 667 5632 ac
695 5579 873 5631 omnia
903 5594 1022 5645 qua:
1050 5579 1100 5628 in
1135 5578 1249 5645 ipsa
1281 5585 1484 5637 essent,
1527 5575 1750 5645 ﬁguram
1784 5575 1937 5628 istam
1971 5578 2037 5627 ad
2067 5576 2160 5630 de-

611 5677 853 5737 putatum
897 5685 1052 5722 suum
1082 5669 1135 5720 in
1171 5669 1235 5719 Al
1271 5666 1529 5736 Madayen
1564 5667 1806 5729 mittens,
1838 5666 2002 5733 jussit
2031 5682 2155 5719 eum

611 5757 791 5813 urbem
838 5760 940 5812 sibi
992 5759 1057 5810 ad
1090 5773 1210 5810 eam
1248 5772 1472 5826 prorsus
1513 5756 1741 5810 formam
1792 5765 1844 5809 et
1887 5757 2152 5818 rationem

613 5851 854 5918 :oudere,
906 5852 1038 5905 adeo
1094 5858 1156 5904 ut
1207 5849 1350 5903 nulla
1381 5849 1602 5904 omnino
1636 5849 1776 5905 inter
1812 5865 1926 5903 cam
1958 5858 2012 5902 et
2040 5849 2148 5902 An-

2265 4663 2489 4723 stitutus
2536 4679 2620 4723 est
2663 4669 2906 4722 Ioannes
2957 4667 3263 4741 patriarcha
3312 4661 3813 4731 Constantinopoli-

2266 4746 2423 4812 tanns
2477 4773 2489 4808 :
2543 4772 2719 4810 annos
2753 4755 3008 4810 tredecim
3057 4753 3216 4812 sedit,
3249 4753 3375 4805 dein
3415 4761 3666 4805 mortuus
3714 4754 3811 4800 est.

2262 4847 2408 4902 Obiit
2457 4857 2632 4913 autem
2683 4845 3052 4913 Apollinarius
3106 4839 3460 4910 185-187
3509 4833 3810 4906 patriarcha

2263 4938 2666 4992 Alexandrinus
2696 4951 2818 4991 cum
2853 4921 3224 4989 novemdeeim
3258 4945 3432 4985 annos
3464 4943 3693 4984 munere
3727 4925 3810 4976 ille

2264 5031 2494 5086 iunctus.
2535 5029 2751 5091 fuerat,
2807 5030 2965 5095 cujus
3022 5023 3353 5094 praefectura
3404 5034 3552 5074 anno
3603 5017 3808 5069 decimo

2263 5123 2424 5176 tertio
2461 5102 2794 5176 celebratum
2841 5129 2922 5172 est
2970 5116 3260 5172 concilium
3309 5113 3582 5179 quintum.
3611 5109 3714 5162 Cui
3760 5107 3806 5158 iu

2266 5211 2634 5278 patriarchatu
2683 5206 3049 5263 Alexandrino
3095 5203 3363 5272 successit
3406 5199 3668 5258 Ioannes,
3718 5195 3804 5264 qui

2267 5299 2593 5354 Manichacus
2626 5299 2746 5360 fuit,
2778 5291 3059 5364 annosque
3097 5304 3208 5348 tres
3238 5293 3380 5348 sedit
3409 5292 3536 5344 dein
3566 5298 3804 5341 mortuus

2252 5402 2364 5447 eSI.
2392 5394 2550 5446 Anno
2581 5392 2790 5458 imperii
2820 5389 3062 5457 ejusdem
3092 5386 3386 5451 Iustiniani
3419 5383 3696 5437 tricesimo
3720 5395 3802 5434 se-

2262 5485 2430 5551 ptimo
2479 5484 2812 5536 constitutus
2857 5491 2938 5534 cst
2985 5479 3181 5533 Petrus
3231 5476 3532 5544 patriarcha
3585 5471 3801 5530 ihidctu,

2260 5575 2354 5640 qui
2401 5573 2813 5630 Iacobita_fuit.
2864 5576 3047 5640 Annos
3096 5570 3233 5622 duos
3283 5567 3443 5626 sedit,
3493 5564 3616 5615 dein
3653 5560 3798 5612 obiit.

2261 5666 2382 5718 Fuit
2414 5675 2587 5718 autem
2624 5638 2956 5718 Iustiniautis
3002 5663 3290 5728 imperator
3320 5658 3422 5710 ﬁde
3450 5654 3797 5710 orthodosus.

2261 5758 2386 5815 boni
2416 5772 2627 5814 amans.
2675 5755 3038 5809 Iarobitarum
3074 5753 3334 5805 doctrinae
3383 5745 3630 5803 interitus,
3686 5755 3794 5796 seu.

2262 5850 2440 5902 lentim
2467 5848 2583 5902 Melt
2606 5849 2837 5902 hilarum
2873 5853 3254 5907 propugnator.
3286 5841 3524 5893 Mortuus
3554 5847 3632 5890 cst
3661 5841 3793 5899 τηειρ
