4082 6446
608 304 742 372 1079

1630 313 1990 373 ΕυἹῪίῖι-ΙΗ
2012 313 2556 374 ,ιΑιΕΧᾹΧΒΙὶΙΝΙ
2603 317 2740 376 l‘A'l‘
2753 318 2825 376 ιι.

3674 317 3788 382 ιω

602 421 942 485 xandrintts;
998 425 1087 492 qui
1127 438 1299 477 annos
1325 424 1511 494 viginti
1545 423 1707 484 sedit,
1754 425 1877 478 dein
1913 435 2162 478 mortuus
2193 429 2237 480 Α
2269 424 2445 493 ipsum
2480 437 2753 480 mortuum
2787 424 3016 488 invenit,
3071 428 3292 481 sudario
3321 426 3495 480 oculis
3532 427 3791 495 imposito;

600 518 685 562 est
713 512 1032 580 (secundum
1063 515 1205 567 aliud
1241 516 1541 583 esetnplar,
1575 530 1751 569 annos
1784 517 1971 576 duos).

673 601 840 655 Porro
873 613 1120 668 tempore
1157 603 1406 659 Mauricii
1466 605 1817 672 imperatoris
1868 607 2006 659 latro
2038 609 2162 676 qui-
2192 643 2200 650 ι

597 692 720 745 dum
752 692 854 745 fuit
886 692 941 746 in
976 695 1113 748 urbe
1143 695 1424 765 (quadam)
1456 695 1672 758 Africae,
1710 696 1964 764 princeps
2001 697 2166 751 latro-

599 800 751 846 ntuu,
803 784 895 852 qui
950 786 1153 840 nemini
1206 789 1448 842 occurrit
1510 803 1670 856 quem
1723 803 1831 841 non
1883 797 1934 841 et
1966 790 2074 843 vita
2109 798 2163 843 et

601 874 757 928 benis
795 875 1077 942 spoliaret,
1109 877 1246 931 adeo
1278 885 1337 930 ut
1370 877 1582 932 deserta
1621 875 1783 930 fuerit
1810 877 1916 941 via,
1949 878 2166 933 nemine

600 981 694 1034 per
739 983 858 1020 eam
921 968 1024 1022 iter
1081 968 1330 1036 faciente,
1384 979 1478 1024 aut
1544 978 1882 1035 transeunte,
1952 986 2057 1041 qua
2111 972 2165 1024 in

597 1056 836 1112 Africam
874 1059 1115 1126 duceret,
1169 1071 1310 1115 metu
1353 1061 1584 1116 latronis
1623 1062 1802 1116 istius.
1835 1061 2008 1128 Quem
2037 1061 2166 1117 licet

601 1148 748 1202 omni
786 1149 1069 1219 diligentia
1106 1153 1367 1221 omnique
1399 1161 1516 1208 arte
1543 1165 1608 1208 ac
1641 1162 1954 1210 commento
1984 1165 2165 1209 uterc-

600 1248 688 1292 tttr
716 1238 925 1294 Africae’
946 1242 1214 1311 patricius
1253 1258 1362 1312 quo
1415 1244 1592 1312 ipsum
1649 1245 2034 1315 prehenderet,
2069 1260 2163 1299 ea-

599 1343 729 1396 pere
769 1340 949 1386 tamen
985 1347 1093 1386 non
1135 1335 1330 1400 potuit.
1365 1333 1479 1389 Hoc
1499 1347 1634 1389 ’cum
1672 1334 1834 1406 196
1867 1335 1934 1390 ad
1964 1334 2166 1389 Mauri-

598 1417 666 1470 cii
701 1419 1056 1487 iinperatoris
1100 1423 1348 1477 notitiam
1403 1426 1765 1498 pervenisset,
1798 1426 1915 1494 ipse
1941 1424 2109 1479 misso
2135 1444 2167 1478 e

596 1505 820 1565 famulis
853 1511 968 1566 suis
1019 1515 1254 1582 quodam
1291 1515 1644 1570 securitatem
1698 1515 1897 1570 latroni
1947 1516 2037 1570 isti
2064 1516 2141 1569 ub

596 1598 719 1652 tulit
746 1614 761 1664 ;
799 1616 964 1676 quam
989 1602 1122 1658 cum
1155 1604 1242 1659 ille
1277 1612 1643 1674 acceptasset,
1680 1604 1748 1660 ad
1780 1607 2162 1676 imperatorem

598 1689 877 1757 profectus
918 1693 1148 1763 benigne
1200 1705 1366 1763 atque
1423 1695 1724 1752 honorifice
1769 1697 1839 1751 ab
1882 1697 2003 1767 ipso
2058 1706 2166 1752 tra-

596 1786 774 1834 ctatus
801 1789 884 1835 est
913 1789 966 1834 et
998 1784 1063 1835 ad
1092 1782 1414 1851 dignitatem
1449 1793 1693 1852 evectus.
1735 1783 1924 1839 Morbo
1954 1794 2159 1851 autem,

594 1870 877 1938 aliquanto
906 1884 1025 1940 post
1074 1883 1340 1940 tempore.
1369 1885 1658 1943 correptus
1689 1876 1743 1929 in
1782 1879 2158 1930 nosocoiuium

593 1960 736 2029 quod
765 1962 818 2015 in
855 1963 990 2018 urbe
1022 1964 1634 2033 Constantinopolitana
1666 1964 1790 2029 fuit,
1815 1966 2029 2019 delatus
2055 1979 2159 2022 est.

594 2052 840 2121 Cmnque
894 2063 1052 2108 nocte
1087 2055 1319 2124 quadam
1355 2055 1434 2126 [in
1482 2055 1708 2127 lectum]
1753 2056 2027 2124 projectus
2064 2073 2161 2125 op-

595 2141 754 2210 primi
788 2157 849 2197 se
898 2143 1108 2208 dolore,
1143 2160 1303 2214 quem
1340 2144 1673 2213 patiebatur.
1734 2146 1966 2208 videret,
2022 2152 2160 2201 adeo

596 2241 656 2286 ut
684 2244 866 2288 certus
898 2244 1041 2290 esset
1079 2236 1370 2300 moriendi,
1391 2238 1476 2290 ad
1509 2236 1798 2290 Dominum
1855 2253 2017 2291 suum
2051 2239 2163 2294 cle-

593 2331 828 2378 mentem
863 2331 916 2378 et
967 2340 1095 2393 erga
1138 2340 1326 2381 servos
1365 2340 1495 2381 suos
1531 2326 1971 2388 misericordem.
2010 2342 2163 2382 rece-

592 2413 688 2480 pit,
728 2413 981 2485 lacrymis
1013 2426 1068 2471 et
1120 2416 1619 2487 supplicationibus
1680 2417 1871 2474 effusis
1923 2418 2158 2472 dicens:

591 2502 740 2574 Rogo
791 2516 862 2569 te,
920 2506 1169 2570 Domine,
1225 2509 1368 2562 sicut
1417 2509 1561 2562 l’etri
1617 2509 2164 2580 lacrymis‘acceptis

592 2597 694 2664 ipsi
749 2600 1013 2667 prop'tius
1053 2599 1221 2663 fuisti,
1257 2608 1422 2670 utque
1455 2600 1967 2670 Ezekizc‘lacrymas
2002 2619 2161 2656 acce-

593 2697 713 2755 ptas
755 2690 1014 2751 habuisti,
1051 2706 1151 2744 nec
1207 2707 1316 2744 non
1371 2691 1600 2746 latronis
1656 2693 1748 2759 qui
1810 2703 1989 2746 tecum
2054 2709 2155 2746 una

591 2774 890 2834 crucifixus
946 2792 1032 2834 est
1090 2772 1380 2852 lacnyinas,
1436 2784 1509 2836 ita
1565 2791 1630 2837 et'
1676 2785 1948 2854 lacrymas
2009 2800 2158 2839 ineas

594 2871 866 2938 respicere
918 2871 1076 2934 velis,
1113 2873 1290 2942 iisque
1327 2882 1552 2941 peccata
1588 2888 1708 2926 mea
1761 2875 2077 2944 abstergere
2105 2884 2160 2931 et

592 2975 691 3027 pro
745 2961 1093 3015 multitudine
1155 2964 1546 3018 misericordiae
1594 2978 1708 3023 tua:
1769 2982 1956 3035 preces
2009 2971 2157 3022 meas

2267 525 2665 585 narraruntque
2717 516 2792 570 illi
2839 515 2930 585 qui
2977 501 3133 584 juxta
3193 519 3458 572 latronem
3515 517 3794 573 dormirrut

2265 622 2404 676 quos
2435 606 2609 676 ipsius
2637 605 2796 662 fletus
2824 616 2878 662 et
2909 605 3336 676 supplicationes
3362 607 3668 662 audierant.
3703 607 3796 660 lte-

2265 685 2422 752 dicus
2453 712 2584 764 ergo
2616 707 2839 766 accepto
2886 698 3109 752 sudario
3160 694 3226 750 ad
3279 696 3598 752 Ilauricium
3650 696 3801 762 imre-

2266 794 2504 840 ratorem
2536 787 2814 856 ingressus
2849 786 2979 841 illud
3016 787 3118 855 ipsi
3154 787 3391 840 ostendit
3437 797 3495 842 et
3545 796 3659 840 tum
3684 786 3802 853 quid

2274 875 2328 930 in
2357 877 2573 931 somnio
2603 891 2707 932 suo
2733 877 2961 941 viderat,
3012 887 3123 931 tum
3157 875 3286 946 quid
3321 878 3388 930 ab
3420 878 3524 933 illis
3551 877 3645 947 qui
3665 876 3804 946 juxta

2268 965 2532 1021 latronem
2577 967 2740 1038 200
2791 968 3116 1021 dormirent
3169 968 3472 1031 audiverat,
3539 970 3805 1033 narravit;

2268 1055 2510 1126 dixitque
2542 1056 2859 1127 imperatori
2893 1075 2907 1110 :
2942 1059 3053 1112 Deo
3085 1058 3202 1112 laus
3232 1057 3328 1127 qui
3359 1071 3463 1127 ope
3510 1061 3602 1112 tua
3653 1059 3809 1113 Iatro-

2268 1161 2390 1199 ncm
2433 1147 2656 1212 recepit,
2690 1133 3296 1217 ipsique'condonavit,
3347 1154 3405 1202 ut
3455 1155 3512 1201 ct
3551 1145 3808 1203 latronem

2270 1235 2504 1302 priorem
2541 1236 2595 1289 in
2632 1253 2796 1291 cruce
2831 1238 3090 1292 admisit:
3145 1236 3245 1291 fuit
3298 1237 3389 1292 ille
3440 1237 3676 1307 primus.
3728 1239 3812 1295 hic

2267 1326 2559 1380 secundus.
2596 1326 2763 1382 Porro
2795 1328 3027 1383 liormoz
3059 1327 3140 1382 fil.
3174 1325 3593 1391 Anusherwani,
3621 1325 3812 1382 Persa-

2269 1431 2387 1470 rum
2419 1433 2511 1472 rex
2547 1417 2618 1473 ob
2655 1418 2946 1482 ferociam,
2979 1419 3230 1472 duritiem
3276 1424 3334 1471 et
3365 1417 3710 1488 tyrannidem
3738 1419 3813 1470 in-

2268 1506 2427 1561 famis
2460 1506 2581 1571 fuit,
2631 1507 2770 1561 male
2805 1509 3053 1561 homines
3082 1515 3341 1567 tractans.
3400 1521 3605 1575 eosque
3641 1507 3696 1558 in
3724 1521 3815 1557 an-

2267 1599 2476 1665 gustias
2533 1597 2829 1665 redigeos;
2883 1597 3066 1652 multis
3115 1590 3458 1652 subditorum
3511 1612 3737 1665 suorum
3767 1597 3816 1650 ia

2267 1701 2546 1744 carcerem
2584 1688 2849 1755 conjectis
2899 1685 3052 1741 etde
3104 1689 3274 1756 gradu
3328 1687 3660 1742 deturbatis.
3714 1687 3821 1742 [lac

2267 1784 2448 1831 autem
2505 1777 2665 1832 modo
2700 1778 2829 1832 dum
2876 1793 2936 1832 se
2991 1785 3224 1847 gereret,
3281 1792 3408 1832 ecce
3456 1789 3652 1832 contra
3699 1781 3817 1832 eum

2267 1868 2548 1938 profectus
2576 1878 2661 1924 est
2692 1868 2914 1924 Chakan
2951 1884 3075 1943 cum
3103 1869 3436 1924 exercitibus
3475 1871 3818 1933 numerosis;

2261 1954 2462 2028 quibus
2490 1961 2706 2016 obviam
2740 1960 2887 2014 misit
2914 1959 3147 2014 Hermoz
3181 1960 3356 2013 virum
3388 1960 3684 2028 quemdam
3719 1976 3814 2012 no-

2265 2053 2410 2106 mine
2431 2044 2780 2113 Bahramuui,
2829 2051 3077 2105 Baln-ami
3113 2051 3278 2106 filium
3314 2051 3427 2120 (qui
3453 2053 3618 2105 etiarn
3667 2052 3823 2107 Sunir

2269 2141 2468 2210 dictus)
2493 2184 2506 2204 .
2530 2157 2652 2197 cum
2681 2143 2968 2196 duodecim
3000 2143 3230 2195 militum
3260 2141 3524 2196 millibus.
3549 2142 3823 2208 lnterfecjt

2261 2249 2389 2302 ergo
2425 2232 2658 2287 Bahram
2717 2233 2882 2287 Sunir
2913 2232 3252 2297 Chakanum,
3308 2233 3604 2301 c0piasque
3656 2232 3822 2301 ipsius

2261 2323 2580 2390 spoliandas
2609 2324 2778 2382 dedit.
2817 2326 2885 2376 At
2915 2338 3038 2377 mm
3075 2324 3348 2394 negotium
3383 2325 3484 2377 hoc
3522 2340 3651 2378 cum
3681 2324 3819 2378 Cha-

2263 2417 2402 2471 kano
2435 2417 2822 2483 cxpedirisset,
2881 2417 2934 2469 in
2985 2426 3220 2469 mentem
3273 2430 3532 2470 revocans
3567 2414 3822 2469 llortuozi

2261 2507 2518 2562 ferociam
2575 2519 2630 2561 et
2687 2507 3049 2578 tyrannidem,
3103 2507 3349 2576 quasque
3402 2506 3470 2559 de
3507 2506 3748 2560 ducibus
3775 2515 3824 2560 et

2263 2603 2594 2658 exercitibus
2631 2603 2744 2657 suis
2795 2603 3140 2678 suspiciones
3181 2601 3351 2653 malas
3386 2600 3612 2665 foveret,
3647 2600 3824 2653 timuit

2263 2695 2330 2748 ad
2359 2696 2534 2763 ipsum
2564 2694 2760 2754 redire.
2799 2693 3025 2759 ideoque
3049 2690 3175 2744 dum
3205 2690 3382 2743 adhuc
3419 2691 3470 2744 in
3501 2689 3824 2744 Charasano

2261 2798 2403 2840 esset
2458 2786 2512 2839 in
2563 2788 2741 2854 ipsmn
2775 2783 3073 2847 rebellavit,
3107 2796 3430 2851 manumque
3458 2783 3523 2835 ab
3550 2781 3824 2849 obsequio

2262 2878 2364 2945 ipsi
2404 2875 2708 2944 pra‘staudo
2760 2873 3058 2928 subtraxit.
3113 2871 3385 2926 lrrucntes
3414 2871 3575 2925 etiam
3614 2886 3742 2940 quru-
3771 2871 3824 2924 in

2266 2965 2443 3020 Eraco
2472 2976 2630 3022 erant
2661 2966 2830 3034 copia:
2877 2965 2930 3017 in
2962 2964 3310 3036 llormozum,
3343 2961 3414 3015 ob
3446 2961 3650 3014 malum
3683 2959 3824 3030 quod

591 3060 838 3119 acceptas
871 3053 1103 3112 habere;
1131 3054 1318 3108 oculos
1352 3037 1735 3111 interimsuos
1759 3057 1996 3110 sudario
2014 3059 2156 3127 quod
2186 3070 2232 3127 ο
2267 3057 2526 3114 viderunt
2558 3057 2732 3126 ipsius
2766 3055 3028 3124 regimen,
3058 3054 3237 3123 ipsum
3271 3065 3436 3122 regno
3459 3051 3824 3116 abdicarunt,

591 3144 756 3209 super
789 3140 924 3194 facie
953 3142 1126 3211 ipsius
1164 3141 1341 3198 fuerat
1375 3145 1682 3215 detergens.
1736 3146 1988 3217 Cumque
2057 3149 2159 3203 hoc

593 3231 754 3288 modo
785 3235 976 3287 multis
1023 3233 1172 3288 horis
1206 3235 1543 3304 perstitisset
1574 3235 1867 3289 Dominum
1906 3237 2160 3305 precibus

593 3325 940 3379 lnclamando
969 3335 1022 3380 et
1054 3335 1281 3395 peccata
1318 3325 1417 3383 sua
1453 3327 1785 3390 confitendo,
1821 3329 1942 3382 dein
1997 3329 2160 3396 spiri-

596 3427 708 3469 tum
745 3431 902 3470 suum
937 3417 1303 3474 emisit.'F-uit
1339 3427 1518 3473 autem
1571 3418 2046 3488 Constantinopoli
2082 3420 2162 3473 vir

598 3493 822 3576 quidam
859 3524 889 3562 e
945 3509 1287 3578 principibus
1324 3508 1679 3572 medicorum,
1735 3509 1970 3563 eximius
2002 3519 2163 3579 atque

597 3600 866 3668 egregius,
902 3602 992 3669 qui
1023 3599 1269 3668 quotidie
1299 3610 1535 3671 aegrotos
1583 3598 1676 3667 qui
1731 3599 1784 3652 in
1843 3603 2163 3655 nosocomio

599 3690 840 3755 fuerunt,
868 3685 1099 3746 'visitare
1151 3690 1380 3745 Solebat.
1437 3689 1535 3743 llic
1575 3687 1733 3743 inter
1783 3688 2160 3752 dormiendum

595 3781 742 3835 domi
774 3797 886 3837 sua:
939 3781 992 3834 in
1051 3781 1266 3836 somnio
1315 3779 1502 3834 eadem
1564 3777 1698 3832 hora
1754 3793 1860 3847 qua
1914 3788 2164 3832 mortuus

601 3855 958 3941 197-199
983 3881 1068 3927 est
1102 3871 1245 3925 latro
1275 3869 1410 3924 vidit
1439 3869 1776 3938 Nigritarum
1805 3869 2046 3934 turbam,
2070 3869 2162 3937 qui

599 3963 664 4016 ad
699 3963 925 4017 latronis
963 3962 1161 4016 lectum
1218 3961 1542 4016 acredentes
1593 3954 2027 4046 char'tasrseeum
2067 3961 2157 4012 lm-

601 4061 787 4108 bercut
812 4056 1012 4122 quibus
1044 4053 1305 4122 inscripta
1339 4049 1494 4105 erant
1519 4053 1639 4118 ejus
1669 4061 1889 4120 peccata
1924 4069 1939 4115 ;
1973 4052 2165 4107 deinde

598 4154 651 4199 et
698 4146 840 4199 viros
885 4145 1022 4198 duos
1055 4159 1283 4208 quorum
1319 4144 1503 4197 vultus
1535 4142 2008 4210 splendescebant,
2038 4158 2167 4196 can-

598 4237 730 4290 dore
769 4235 901 4300 nivi,
944 4233 1349 4304 pulchritudine
1403 4233 1502 4286 soli
1542 4231 1773 4293 similes,
1836 4233 2028 4286 libram
2085 4240 2166 4285 te-

600 4339 836 4383 nentes:
907 4326 1336 4393 acccdentesque
1405 4323 1641 4393 Nigritas
1726 4323 1946 4377 chartas
2030 4323 2164 4378 istas

2263 3150 2577 3205 interimere
2610 3158 2789 3202 tamen
2833 3135 3011 3216 ipsum
3049 3144 3328 3198 timentes.

2331 3240 2454 3296 Fuit
2490 3251 2669 3295 autem
2694 3238 2962 3292 llormozo
2981 3237 3122 3290 tilius
3152 3234 3238 3290 cui
3265 3248 3462 3288 nomen
3491 3233 3688 3297 Cesra,
3719 3235 3809 3301 qui

2265 3332 2335 3387 ab
2361 3333 2481 3402 ipso
2508 3332 2562 3384 in
2605 3327 2938 3398 Aderbijano
2969 3327 3164 3382 abfuit.
3200 3325 3302 3380 llic
3331 3325 3518 3378 audito
3555 3326 3696 3394 quid
3723 3325 3822 3377 l'ac

2263 3426 2336 3479 tri
2383 3439 2486 3477 suo
2526 3421 2819 3477 accidisset
2847 3435 2954 3475 una
2994 3435 3119 3473 cum
3163 3415 3467 3470 comitibus
3503 3402 3624 3472 suis
3666 3433 3824 3485 opem

2262 3511 2618 3584 201-203
2650 3499 2755 3580 ipsi
2785 3512 2956 3567 latum
2997 3514 3273 3567 accessit:
3317 3521 3372 3566 at
3401 3525 3522 3564 cum
3557 3509 3654 3561 illo
3685 3523 3824 3577 ρηο

2262 3603 2452 3660 stando
2495 3619 2602 3658 non
2637 3610 2817 3664 esset,
2863 3601 3076 3669 fugiens
3125 3601 3399 3658 Romanos
3451 3614 3651 3655 versus
3707 3614 3825 3666 pcr-

2262 3697 2440 3757 rcxit,
2488 3695 2748 3748 auxilium
2787 3708 2818 3747 a
2864 3692 3129 3747 Mauricio
3182 3694 3506 3764 imperatore
3561 3691 3822 3760 implora-

2265 3797 2402 3850 tum,
2442 3786 2730 3853 ipsumque
2764 3796 2823 3837 ttt
2851 3798 2974 3836 eum
3011 3786 3062 3836 in
3109 3783 3269 3836 linem
3298 3783 3602 3838 exercitum
3632 3795 3820 3837 secum

2241 3878 2504 3951 mitteret
2556 3887 2844 3944 rogatum.
2900 3884 3023 3928 octo
3077 3889 3261 3928 secum
3302 3887 3526 3928 suorum
3590 3871 3820 3932 habens.

2218 4008 2223 4014 ι
2265 3963 2804 4037 υυαίιυεέγυιιοιιιοε
2840 3980 2973 4021 suos
2995 3963 3232 4019 Nabdam
3255 3975 3310 4019 et
3343 3963 3693 4029 Nustanum;
3733 3963 3821 4032 qui

2265 4057 2391 4111 dum
2426 4055 2570 4110 inter
2599 4055 2841 4110 eundum
2871 4055 3021 4108 inter
3049 4068 3109 4107 se
3137 4053 3424 4107 consilium
3471 4053 3735 4121 caperent
3757 4052 3822 4105 de

2265 4146 2486 4217 negotio
2523 4160 2645 4207 suo,
2695 4143 2858 4213 idque
2892 4136 3383 4213 perciﬁerctCesra
3426 4158 3442 4195 :
3480 4143 3652 4197 Dicite
3695 4142 3820 4195 mihi

2265 4234 2476 4304 inquit,
2531 4233 2660 4304 quid
2704 4243 2789 4289 est
2864 4234 3007 4298 quod
3054 4232 3340 4291 statuitis!
3383 4233 3819 4303 Responderunt,

2264 4324 2383 4381 Non
2403 4335 2486 4382 est
2512 4326 2783 4381 sententia
2804 4334 2992 4379 nostra
3019 4305 3079 4378 ιιῖ
3110 4341 3173 4379 ex
3199 4324 3300 4379 hac
3332 4325 3553 4395 regione
3576 4316 3833 4380 discedas-

605 4434 794 4473 omnes
821 4418 874 4471 in
911 4417 1103 4470 libram
1138 4416 1410 4483 conjicere
1449 4414 1584 4468 adeo
1617 4421 1672 4465 ut
1696 4414 1930 4486 lanciuin
1973 4416 2162 4480 altera,
2189 4415 2243 4474 D
2268 4429 2558 4489 antequam
2631 4417 2962 4470 Ilormoznm
3032 4403 3485 4469 interfecerim“.
3556 4402 3820 4470 Noluistis

602 4512 772 4564 altera
805 4507 1061 4577 depressa
1114 4507 1479 4572 ascenderet;
1516 4506 1722 4560 dixisse
1769 4522 1899 4575 ergo
1933 4506 2163 4560 alterunt

603 4601 840 4654 virorqu
878 4597 1238 4652 candidorum
1271 4597 1425 4650 socio
1457 4611 1556 4651 suo
1587 4613 1602 4649 :
1638 4596 1755 4649 Non
1788 4604 1872 4653 est
1901 4597 2058 4651 nobis
2079 4596 2167 4650 hic

602 4690 854 4760 aliquid?
895 4688 1283 4757 Respondente
1340 4695 1523 4740 autem
1556 4687 1772 4740 altero:
1821 4686 1962 4752 Quid
2011 4680 2166 4740 n'obis

605 4782 692 4834 hic
724 4789 889 4842 esset,
942 4793 1075 4839 cum,
1096 4777 1338 4832 nondum
1373 4778 1559 4832 decem
1599 4777 1719 4831 dies
1751 4777 1861 4830 sint
1889 4792 1951 4830 ex
1992 4793 2101 4845 quo
2136 4792 2165 4829 a

602 4872 886 4926 latrocinio
938 4869 1243 4924 exercendo
1291 4884 1590 4924 conversus
1624 4869 1740 4922 sit?
1795 4884 1916 4924 cum
1969 4868 2164 4922 lectum

602 4961 934 5032 perscrutari
965 4963 1204 5030 aggressi
1236 4968 1439 5024 essent,
1476 4960 1548 5013 ibi
1583 4960 1861 5019 sudarium
1897 4975 2006 5028 quo
2037 4976 2168 5014 ocu-

603 5059 684 5109 los
718 5069 847 5110 snos
880 5054 1216 5108 absterserat
1258 5050 1552 5115 invenisse,
1608 5051 1752 5120 quod
1800 5067 1924 5103 cum
1963 5051 2015 5103 in
2053 5051 2168 5104 Ian-

602 5147 742 5197 cium
797 5145 1019 5197 alteram
1094 5143 1391 5208 misissent,
1449 5138 1802 5196 descendisse
1854 5140 2168 5210 illamqua:

607 5238 757 5304 prius
787 5236 970 5288 minus
1005 5234 1291 5298 habuerat,
1343 5234 1555 5287 sublata
1612 5232 1781 5285 altera
1819 5230 1871 5284 in
1914 5214 2169 5299 qualfue-

609 5337 730 5381 rant
767 5329 991 5389 chartae,
1026 5328 1258 5395 illasque
1293 5339 1484 5378 omnes
1527 5324 1802 5392 dispersas
1836 5322 2023 5376 fuisse.
2058 5320 2168 5375 Es-

604 5417 906 5470 clamantes
960 5431 1088 5484 ergo
1129 5416 1385 5469 dixisse:
1446 5413 1583 5465 Vicit
1614 5413 1704 5465 Dei
1764 5412 2164 5474 misericordia,

603 5515 936 5576 acceptaque
965 5509 1140 5560 anima
1183 5520 1369 5560 secum
1401 5504 1572 5572 ipsam
1607 5503 1917 5563 absmlisse,
1951 5502 2162 5571 fugien-

607 5601 753 5655 tibus
779 5597 1002 5668 Nigritis
1033 5600 1239 5666 pudore
1287 5608 1338 5651 et
1375 5595 1602 5649 tristitia
1641 5593 1868 5648 affectis.
1899 5594 2164 5665 Experre-

610 5697 727 5746 ctus
761 5705 887 5761 ergo
950 5690 1192 5746 medicus
1247 5690 1433 5746 statim
1478 5688 1543 5741 ad
1578 5687 1859 5742 latronem
1914 5687 2162 5752 tendens,

2220 5401 2222 5403 ’
2269 5425 2376 5478 iiiis
2422 5422 2605 5475 Nabda
2644 5437 2659 5475 :

2265 4514 2407 4566 enim
2442 4509 2626 4582 [alias]
2652 4508 2970 4563 Mauricium
3008 4506 3240 4562 Roman.
3288 4506 3670 4576 imperatorem
3709 4507 3815 4559 adi-

2268 4618 2349 4666 re,
2389 4606 2478 4668 ne,’
2510 4604 2556 4656 si
2601 4601 2883 4670 profectus
2915 4585 3147 4652 llormoz
3181 4597 3245 4651 ad
3275 4597 3453 4667 ipsum
3483 4598 3691 4652 scribat
3723 4613 3818 4652 nos

2266 4708 2294 4744 τι
2333 4707 2392 4745 se
2424 4691 2646 4760 fugisse,
2678 4690 2837 4744 nobis
2866 4686 3272 4758 quodminimc
3291 4686 3550 4741 vellemus
3586 4690 3815 4742 accidat.

2268 4783 2493 4836 [levetsi
2525 4797 2656 4852 ergo
2699 4781 2766 4834 ad
2798 4780 3126 4834 llormozum
3168 4778 3346 4846 ipsum
3391 4767 3816 4836 interfecerunt,

2265 4877 2389 4927 dein
2429 4874 2496 4927 ad
2543 4873 2765 4928 Cesram
2797 4871 3088 4924 redeuntes
3123 4885 3231 4923 una
3265 4883 3390 4923 cum
3428 4870 3547 4937 ipso
3588 4870 3814 4937 profecti

2269 4972 2398 5018 sunt
2431 4963 2606 5018 donec
2641 4962 2710 5015 ad
2751 4960 3140 5031 monasterium
3178 4957 3451 5026 quoddam
3483 4956 3538 5009 iu
3571 4959 3656 5009 via
3680 4965 3814 5026 per-

2269 5056 2584 5118 venientes,
2614 5052 2686 5107 ibi
2714 5053 3068 5106 divertercnt.
3114 5048 3269 5102 Mane
3305 5049 3484 5102 autem
3544 5045 3690 5102 facto
3727 5064 3812 5100 su-

2268 5157 2633 5220 pervenerunt
2683 5145 2817 5215 ipsis
2861 5145 3072 5213 equites
3101 5157 3240 5211 quos
3281 5141 3346 5194 ad
3380 5140 3528 5209 ipsos
3571 5157 3813 5210 quaren-

2266 5242 2368 5296 dos
2429 5241 2648 5294 miserat
2716 5236 2941 5290 Babram
3005 5235 3192 5298 Sunir,
3255 5231 3453 5299 quibus
3512 5231 3811 5297 conspectis

2269 5333 2607 5387 moriendum
2653 5329 2754 5383 sibi
2793 5317 3030 5380 ~minime
3071 5323 3409 5378 dubitarunt.
3460 5320 3606 5374 Dixit
3657 5323 3810 5391 igitur

2711 5415 3123 5473 Proficiscimini
3159 5429 3277 5477 vos,
3312 5428 3397 5466 me
3422 5428 3560 5480 pone
3590 5413 3808 5473 relicto;

2267 5530 2369 5584 ego
2396 5528 2494 5568 vos
2519 5513 2799 5581 indemnes
2825 5508 3110 5578 praestabo.
3151 5505 3480 5558 Consccnsis
3508 5518 3638 5572 ergo
3655 5503 3806 5567 equis

2269 5593 2343 5659 illi
2387 5605 2439 5658 in
2478 5603 2670 5657 itinere
2705 5606 3089 5669 perrexerunt,
3111 5595 3378 5663 iussitque
3398 5592 3587 5647 Nabda
3619 5593 3804 5662 ianito-

2270 5705 2378 5744 rem
2420 5689 2738 5743 monasterii
2778 5695 2981 5757 portam
3024 5683 3292 5739 claudere.
3327 5679 3656 5736 Accedcutcs
3701 5692 3803 5734 aa-
