4142 6454
263 375 382 441 l08l

1663 382 2021 446 ANNALES.
2088 444 2091 447 λ

3309 365 3445 433 1082

258 502 356 546 rem
387 492 600 561 equites
623 491 1011 545 monasterium
1042 491 1540 559 circumdederunt,
1563 494 1628 547 ad
1653 511 1791 563 quos
1825 495 1863 551 Δ
1895 494 2135 563 impellat
2163 493 2324 561 hujus
2359 491 2602 545 mulieris
2631 487 2885 543 ducendae
2916 501 3067 541 amor
3092 525 3105 550 ,
3140 493 3198 538 ut
3226 483 3444 537 deseras

254 586 550 639 ascendens
592 582 798 646 Nabda,
844 584 982 637 Dicit
1030 586 1182 638 vobis
1207 586 1424 654 (inquit)
1455 586 1641 645 Ccsra.
1692 587 1793 640 Su-

255 692 368 729 mus
398 692 497 728 uos
535 677 587 726 in
625 675 875 729 manibus
906 677 1102 731 vestris
1139 677 1298 748 204
1338 679 1477 747 quod
1506 679 1550 731 si
1585 681 1793 746 placeat

252 766 401 820 vobis
463 764 620 819 nobis
662 768 975 831 permittere
1042 775 1098 820 ut
1161 770 1417 837 reliquam
1470 769 1635 837 hujus
1688 770 1791 822 diei

253 866 451 924 partem
495 856 579 908 hic
619 856 1005 925 trunsigamus,
1045 857 1241 913 facite:
1295 860 1399 913 illis
1450 862 1550 913 hoc
1594 876 1792 914 conce-

252 946 523 1006 dentibus,
567 946 883 1000 adveniente
932 958 1083 1003 nocte
1111 966 1328 1003 rursum
1384 950 1686 1003 ascendens
1711 958 1791 1001 at-

250 1048 353 1099 que
414 1032 544 1100 ipsis
589 1034 1077 1104 appropinquans.
1149 1036 1292 1091 Dicit
1366 1036 1589 1105 (inquit)
1639 1037 1793 1089 vobis

250 1123 449 1177 Cesra:
502 1122 718 1192 Magnas
750 1126 902 1191 vobis
934 1129 1135 1196 gratias
1179 1143 1316 1196 ago,
1347 1122 1489 1195 quod
1533 1127 1577 1181 si
1617 1127 1820 1179 visum'

250 1214 403 1265 vobis
463 1213 619 1267 fuerit
660 1224 712 1268 et
752 1218 1096 1271 tenebrarum
1151 1226 1542 1271 nocturnarum
1588 1232 1791 1268 moram

250 1306 404 1358 nobis
432 1305 728 1360 concedere
756 1323 928 1375 usque
954 1309 1018 1360 ad
1047 1322 1323 1372 auroram,
1357 1315 1469 1360 tum
1496 1308 1695 1375 egressi
1728 1306 1793 1359 ad

249 1409 341 1448 vos
380 1412 486 1449 una
523 1396 816 1465 profecturi
855 1414 1082 1452 sumus:
1127 1398 1269 1466 quod
1307 1398 1468 1453 etiam
1493 1397 1794 1451 concedens

249 1486 385 1541 tibus
429 1488 599 1555 ipsis,
637 1503 740 1539 non
787 1485 989 1542 destitit
1036 1486 1217 1542 Nabda
1248 1491 1433 1544 eodem
1465 1489 1625 1543 modo
1670 1503 1791 1541 cum

248 1577 348 1631 illis
390 1594 549 1647 agere
577 1579 748 1632 donec
804 1580 964 1633 sciret
996 1579 1214 1634 Cesram
1249 1582 1529 1649 ipsiusque
1567 1579 1794 1633 comites

251 1672 476 1722 multqu
529 1670 581 1721 in
632 1670 824 1723 itinere
854 1673 1223 1738 promovisse,
1272 1679 1326 1727 et
1354 1671 1417 1724 ad
1458 1679 1652 1724 terram
1697 1671 1796 1723 ali-

245 1773 403 1826 quam
453 1757 796 1826 longinquam
850 1759 1157 1826 pertigissc.
1189 1758 1326 1812 Tum
1378 1774 1505 1811 vero
1540 1756 1790 1812 Bahrami

244 1848 437 1903 milites
532 1849 806 1915 quomodo
838 1864 959 1902 cum
999 1850 1129 1917 ipsis
1187 1862 1275 1903 res
1316 1849 1540 1902 haberet
1588 1847 1791 1901 certio-

240 1954 327 2012 res
355 1937 503 1992 fecit.
534 1938 634 2003 Qui
668 1937 800 2006 ergo
839 1940 1013 2007 ipsum
1074 1928 1313 1993 vinctum
1359 1939 1423 1993 ad
1467 1938 1789 1993 Babramnm

244 2028 565 2093 deferentes,
603 2029 729 2096 quid
782 2022 914 2097 ipsis
942 2029 1259 2098 contigisset
1301 2037 1616 2082 narrarunt.
1669 2027 1792 2097 Ipse

244 2135 366 2171 vero
399 2119 556 2173 valde
609 2120 756 2171 illum
792 2123 1021 2173 miratus
1051 2121 1103 2172 in
1133 2108 1355 2173 carcere
1393 2118 1622 2173 detineri
1677 2118 1793 2190 jus-

241 2213 303 2262 sit
342 2209 484 2280 apud
514 2224 768 2275 generum
805 2210 1091 2277 quemdam
1130 2227 1285 2264 suum
1316 2212 1530 2277 nomine
1558 2209 1787 2263 Bubraiu

226 2300 351 2354 Elin
408 2301 696 2363 Siachnsi;
741 2301 826 2352 ille
857 2316 984 2353 vero
1022 2300 1335 2369 pertrahere
1366 2302 1529 2367 empit
1581 2299 1789 2353 Bahra-
1821 2336 1825 2341 ι

242 2406 380 2441 ιιιιιιιι
411 2390 725 2454 praedictum
768 2390 835 2441 ad
866 2389 1183 2456 obsequium
1213 2390 1411 2449 Cesrar,
1439 2392 1506 2441 ab
1554 2388 1789 2441 amicitia

240 2494 362 2533 vero
391 2479 577 2531 Suniri
598 2480 934 2541 abstrahere,
968 2479 1153 2531 dicens
1190 2478 1292 2546 ipsi
1324 2495 1336 2529 :
1384 2476 1661 2531 Suascrim
1688 2491 1790 2543 ego

242 2570 332 2623 tibi
386 2579 444 2622 ut
480 2585 573 2638 per
610 2568 833 2623 insidias
878 2569 1139 2621 Suuirum
1168 2583 1198 2621 e
1232 2568 1410 2620 medio
1458 2566 1641 2629 tollas,
1681 2580 1789 2633 quo

239 2673 393 2728 pacto
433 2674 681 2729 magnam
722 2660 861 2728 apud
899 2657 1119 2713 Cesram
1153 2659 1378 2727 gratiam
1420 2657 1654 2712 initurus
1682 2672 1783 2711 es:

239 2765 335 2804 nec
366 2750 579 2803 destitit
620 2750 719 2802 hac
745 2750 810 2802 de
862 2765 920 2802 re
953 2749 1201 2802 nuntium
1228 2757 1348 2816 post
1382 2748 1633 2801 nuntium
1661 2747 1785 2801 mit-

239 2849 349 2892 tere
380 2842 553 2892 donee
596 2854 688 2892 cor
730 2839 899 2905 ipsius
948 2837 1208 2902 flexisset,
1250 2837 1387 2889 adeo
1440 2848 1495 2890 ut
1528 2836 1784 2889 Snnirom

238 2930 542 2982 interlieere
572 2940 857 2982 conaretur
882 2944 896 2991 ;
924 2929 1064 2995 quod
1096 2944 1213 2978 eum
1242 2926 1584 2994 percepisset
1617 2924 1780 2977 Suni-

239 3037 329 3075 rus
359 3022 532 3074 occidi
578 3021 749 3088 ipsum
789 3020 971 3087 jussit.
1008 3018 1164 3087 Fugit
1194 3029 1371 3072 autem
1416 3019 1603 3072 Nabda
1646 3017 1782 3070 adeo

1897 584 2026 637 illud
2054 583 2199 652 quod
2229 582 2456 651 professi
2494 590 2617 635 sunt
2652 588 2835 649 patres
2869 579 2943 631 tui
2974 618 2989 641 ,
3022 592 3144 629 cum
3186 584 3443 643 praetcrea

1895 692 1994 730 nec
2020 675 2092 729 sit
2124 674 2315 741 religio
2341 673 2648 727 Christiana
2677 685 2740 721 ea
2774 683 2930 735 quam
2984 677 3063 717 ut‘
3094 666 3441 731 amplectaris

1896 762 2129 830 probare
2159 775 2452 828 possumus
2481 780 2492 813 :
2524 775 2646 811 eum
2674 755 2971 812 Christiani
3011 755 3275 821 fmtlilragi
3310 755 3440 813 sint,

1894 869 1996 907 nec
2040 853 2203 905 verbo
2249 852 2487 920 ipsormn
2534 850 2666 906 fides
2704 849 2946 902 adhiberi
2984 848 3171 914 possit.
3204 846 3293 899 Ille
3318 859 3444 898 vero

1900 945 1993 997 ubi
2023 942 2371 1015 Christianus
2397 939 2573 995 factus
2595 950 2699 998 est.
2734 940 2951 1007 scriptis
2978 938 3181 991 litteris
3202 936 3267 989 ad
3299 935 3445 987 Slau-

1901 1034 2095 1088 ricium
2132 1032 2305 1100 ipsum
2338 1029 2456 1097 ejus
2489 1029 2567 1082 rei
2596 1027 2882 1080 certiorem
2917 1025 3065 1087 fecit,
3100 1025 3195 1092 qui
3226 1037 3356 1090 ergo
3385 1020 3448 1071 li-

1896 1126 2022 1178 liam
2052 1138 2204 1177 suam
2229 1123 2291 1173 ad
2327 1121 2499 1189 ipsum
2536 1118 2682 1172 misit
2703 1132 2822 1169 cum
2853 1115 2968 1167 auri
2996 1124 3049 1168 et
3064 1114 3267 1181 argenti
3292 1112 3445 1177 copia

1893 1230 2015 1283 quae
2042 1212 2146 1267 diei
2195 1226 2299 1264 non
2334 1218 2551 1279 potest,
2588 1223 2802 1275 unaque
2848 1220 2972 1259 cum
3023 1203 3367 1272 supellectilis
3394 1210 3448 1252 et

1895 1304 2219 1358 famulorum
2269 1316 2331 1353 ac
2365 1301 2682 1354 ancillarum
2703 1297 2961 1352 comitatu
2988 1294 3198 1362 qualem
3222 1307 3251 1343 a
3273 1291 3359 1345 tali
3380 1291 3446 1344 ad

1894 1394 2054 1449 talem
2078 1391 2212 1446 mitti
2238 1392 2469 1445 deceret.
2512 1388 2757 1457 Apertviz
2793 1387 2956 1440 Ccsra
2984 1392 3163 1436 autem
3200 1382 3323 1435 illos
3354 1381 3444 1447 qui

1893 1494 2096 1554 patrem
2170 1498 2326 1535 suum
2385 1481 2766 1534 interfecerant
2817 1477 3199 1546 prehendens,
3251 1473 3448 1540 ipsosc

1896 1576 2072 1629 medio
2118 1573 2356 1627 sustulit.
2400 1571 2673 1626 lnterfecit
2738 1568 2977 1622 Nabdam
3040 1576 3094 1619 ct
3128 1563 3445 1617 Nustamum

1894 1664 2189 1717 avunculus
2210 1678 2363 1724 suos,
2383 1672 2494 1713 tum
2518 1669 2566 1714 et
2603 1660 2848 1713 subditos
2870 1673 2997 1711 suos
3049 1654 3333 1723 tyranuirc
3352 1666 3439 1701 re-

1896 1768 2018 1823 gere
2045 1754 2288 1821 maleque
2314 1758 2546 1805 tractare
2593 1750 2792 1816 incepit
2823 1765 2838 1811 ;
2872 1745 3249 1815 congessitque
3282 1757 3443 1810 opum

1897 1845 2019 1914 plus
2035 1859 2194 1913 quam
2218 1850 2428 1911 patrum
2449 1840 2618 1908 ipsius
2636 1839 2901 1906 quispiam
2916 1842 3449 1903 ’congesscrat,sum-

1896 1934 2469 2006 ptibusqucpepereit,
2492 1930 2755 1999 depositis
2784 1927 3075 1993 nobilibus.
3100 1940 3164 1977 ac
3187 1924 3445 2006 principi-

1892 2030 1993 2082 bus
2016 2027 2079 2081 ad
2103 2000 2453 2095 ignominiam
2489 2023 2742 2076 redactis.
2783 2020 2949 2072 Porro
2982 2016 3123 2084 quod
3147 2016 3223 2066 ad.
3246 2000 3444 2066 Mauri-

1891 2122 2034 2173 cium
2064 2117 2434 2171 Romanorum
2473 2116 2879 2182 imperatorem,
2919 2110 3019 2163 fuit
3049 2110 3150 2176 ipsi
3180 2108 3437 2167 famulus.

1891 2226 2047 2275 quem
2072 2210 2269 2263 amavit
2290 2215 2341 2259 et
2361 2209 2424 2259 ad
2448 2206 2762 2275 dignitatem
2787 2202 2982 2265 erexit,
3020 2200 3238 2253 nomine
3270 2198 3444 2253 Theo-

1890 2302 2076 2364 dorus,
2105 2299 2393 2369 aliquando
2414 2306 2589 2351 tamen
2615 2296 2714 2363 ipsi
2747 2296 2919 2349 iratus
2940 2295 3178 2360 graviter
3214 2305 3443 2358 percus-

1891 2396 1984 2458 sit,
2009 2385 2150 2446 unde
2188 2393 2242 2451 in
2276 2392 2426 2444 illum
2462 2391 2596 2442 iram
2616 2388 2802 2441 animo
2823 2385 3091 2452 concepit.
3119 2382 3435 2437 Fuiteidcu:

1891 2483 2255 2556 [imperatori]
2303 2484 2445 2537 inter
2485 2482 2652 2535 duces
2714 2480 2884 2546 ipsius
2950 2477 3167 2545 quidam
3221 2474 3441 2527 nomine

1889 2576 2119 2639 Pbocas,
2168 2576 2256 2628 eui
2290 2575 2462 2628 iratus
2502 2573 2620 2625 fuit.
2656 2571 2796 2624 Dixit
2844 2584 2973 2637 ergo
3019 2567 3226 2620 Phoeas
3273 2579 3441 2645 puero

1886 2664 2201 2725 Theodoro,
2238 2673 2521 2731 postquam
2558 2674 2807 2729 magnam
2863 2648 2969 2722 ipsi
3024 2656 3265 2725 pecuniae
3292 2669 3441 2706 sum-

1887 2769 2028 2808 mam
2064 2752 2341 2827 dedisset:
2378 2750 2509 2803 Arte
2546 2749 2723 2815 aliqua
2770 2746 2939 2799 utaris
2978 2758 3082 2811 qua
3122 2741 3438 2795 Mauricinm

1886 2845 2190 2900 interﬁcere
2233 2842 2433 2914 possis.
2466 2837 2815 2910 209-211
2858 2835 2996 2888 i‘uer
3026 2850 3179 2895 ergo,
3223 2848 3330 2899 pne
3361 2836 3437 2884 ira

1885 2948 2046 3001 quam
2092 2936 2143 2988 in
2187 2935 2367 3001 ipsum
2409 2930 2574 2984 corde
2611 2930 2933 2987 retinuerat,
2971 2934 3127 2978 noctu
3164 2925 3441 2989 ingressws

1888 3028 2064 3096 ipsqu
2115 3024 2413 3078 interfecit.
2439 3021 2723 3089 Imperium
2760 3027 2937 3071 autem
2974 3016 3259 3085 occupavit
3301 3014 3440 3067 Pho-

242 3120 296 3164 ut
323 3114 500 3179 ipsum
531 3112 748 3177 assequi
785 3127 888 3163 non
923 3120 1123 3175 posset.
1150 3110 1281 3163 Cum
1315 3126 1440 3163 vero
1462 3111 1789 3174 accessissi-t.
1811 3124 1852 3181 ρ
1886 3132 1997 3172 ωε,

238 3203 586 3272 205-207
614 3202 778 3255 Cesra
801 3204 865 3254 ad
900 3202 1219 3255 Mauricinm
1254 3203 1655 3268 imperatorem,
1694 3200 1783 3252 ille

236 3291 406 3358 ipsum
439 3281 675 3358 excepit,
709 3292 962 3357 misitque
986 3307 1107 3344 cum
1132 3291 1246 3359 ipso
1268 3291 1564 3344 exercitum
1592 3290 1780 3359 ingen-

238 3388 341 3434 tem
389 3385 482 3445 qui
520 3382 783 3435 auxilium
832 3379 939 3449 ipsi
977 3379 1165 3434 ferret.
1204 3379 1490 3435 Profectus
1530 3390 1613 3434 est
1654 3396 1782 3449 ergo

226 3470 394 3525 Cesra
427 3488 534 3526 una
566 3487 687 3525 cum
720 3470 889 3537 copiis
916 3488 1052 3540 quas
1080 3488 1201 3525 cum
1230 3472 1349 3538 ipso
1382 3473 1603 3525 miserat
1627 3470 1778 3526 Mau-

238 3562 405 3617 ricius
460 3556 556 3631 per
602 3564 740 3615 viam
789 3562 1059 3617 Armeniae
1108 3579 1278 3631 usque
1308 3566 1430 3617 dum
1466 3565 1517 3616 in
1551 3564 1782 3617 Aderbi-

233 3653 321 3720 jnn
372 3663 550 3709 castra
600 3663 899 3722 ponerent,
945 3654 1159 3707 obviam
1200 3655 1359 3709 etiam
1392 3656 1638 3708 veniente
1682 3655 1781 3723 ipsi

237 3742 498 3799 Babramo
549 3744 713 3799 Sunir
761 3745 934 3798 donec
966 3746 1068 3815 ipsi
1101 3760 1167 3798 co
1193 3745 1247 3799 in
1285 3746 1405 3800 loco
1445 3755 1783 3808 occurreret,

238 3831 336 3889 Ubi
364 3838 548 3903 pra-lio
578 3839 720 3890 inter
750 3836 897 3905 ipsos
930 3839 1078 3906 gravi
1125 3839 1446 3901 commisso,
1499 3839 1551 3892 in
1602 3837 1783 3905 fugam

237 3940 532 3982 conversus
585 3926 750 3979 Sunir
782 3944 957 3995 usque
996 3929 1061 3981 ad
1108 3927 1316 3983 Turcas
1356 3913 1617 3997 perrexit.
1665 3929 1783 3985 Non

237 4010 437 4071 destitit
470 4026 650 4070 autem
685 4017 853 4071 Cesra
907 4034 1000 4087 per
1034 4019 1267 4074 insidias
1312 4035 1473 4087 agere
1506 4021 1680 4085 donec
1712 4022 1783 4077 ibi

239 4104 673 4162 interficiendum
706 4120 976 4164 curasset.

301 4198 542 4269 Regnum
587 4216 715 4270 ergo
764 4203 1048 4270 occupavit
1088 4203 1253 4258 Cesra
1305 4203 1449 4258 filius
1496 4202 1781 4267 llormozi,

236 4288 326 4355 qui
359 4288 608 4357 Aperwiz
635 4294 1053 4359 cognominatus
1088 4303 1194 4357 est,
1228 4309 1401 4348 annos
1428 4295 1786 4363 trigintaino-

218 4372 389 4447 'vciu‘,
447 4381 609 4451 idque
641 4397 783 4441 anno
826 4382 1051 4449 imperii
1085 4382 1365 4449 Mauricii,
1400 4383 1779 4458 Romanorum

1954 3206 2239 3273 Imperavit
2284 3221 2411 3273 ergo
2479 3204 2687 3257 Phocas
2738 3201 2997 3254 Romanis
3043 3206 3168 3253 octo
3220 3212 3432 3255 annos,

1883 3300 2045 3366 idque
2083 3314 2227 3352 anno
2284 3298 2434 3364 regni
2498 3296 2677 3349 Crsra:
2718 3294 3002 3347 Persarum
3056 3292 3199 3359 regis
3232 3284 3440 3342 decium

1882 3391 2097 3461 quinto.
2137 3388 2195 3443 lu
2225 3386 2469 3443 Mauricii
2508 3387 2668 3443 etiam
2696 3384 2896 3438 liberos
2930 3397 3050 3436 cum
3084 3395 3278 3435 manus
3312 3378 3439 3443 inii-

1885 3482 2039 3545 ciens
2069 3480 2279 3533 Phocus
2312 3491 2407 3531 eos
2438 3475 2761 3535 trucidaret,
2794 3475 2976 3526 nutrix
3002 3472 3247 3538 ipsorum
3273 3485 3436 3521 unum

1886 3586 2075 3626 eorum
2103 3570 2433 3639 prehensum
2464 3564 2831 3625 abscondens,
2860 3562 3025 3615 filium
3050 3562 3168 3629 ejus
3202 3560 3317 3612 vice
3344 3574 3438 3609 oc-

1886 3658 2179 3715 cidendum
2210 3656 2456 3712 tradidit.
2489 3654 2629 3709 Puer
2660 3655 2905 3708 iste'cum
2944 3651 3293 3713 adolevisset,
3326 3662 3438 3701 mo-

1887 3754 2095 3810 nachus
2146 3752 2320 3805 factus
2367 3749 2423 3804 in
2474 3754 2655 3801 monte
2697 3741 2863 3806 Sina,
2917 3752 3163 3796 mortuus
3215 3750 3319 3795 est.
3370 3742 3439 3792 At

1884 3826 2089 3905 Cesra,
2108 3840 2364 3895 Hormozi
2394 3838 2560 3901 filius,
2602 3834 2794 3889 audito
2823 3831 3144 3887 Mauricium
3170 3844 3292 3885 eum
3323 3844 3437 3880 om-

1887 3934 2045 3989 nibus
2071 3932 2244 4001 ipsius
2270 3928 2397 3983 filiis
2436 3925 2778 3980 interfectum
2814 3938 2955 3983 esse.
2989 3920 3302 3982 convocatis
3338 3934 3430 3973 co-

1888 4024 2106 4079 mitibus
2149 4020 2264 4076 suis
2293 4020 2429 4073 dixit
2461 4018 2633 4087 ipsis:
2680 4012 2912 4068 Necesse
2939 4012 3067 4065 mibi
3109 4021 3192 4065 est
3220 4018 3276 4062 nt
3308 4025 3435 4062 san-

1884 4114 2101 4182 guinem
2150 4109 2322 4163 soceri
2378 4108 2481 4160 mei
2530 4108 2823 4172 requiram,
2872 4104 3159 4171 ipsumque
3206 4100 3437 4153 ulciscar

1886 4202 2200 4271 (instigante
2258 4200 2323 4251 ad
2378 4199 2479 4252 hoc
2528 4198 2704 4266 ipsum
2747 4195 2977 4263 conjuge
3016 4194 3186 4259 ipsius
3235 4192 3432 4253 Maria,

1880 4291 2132 4367 Mauricii
2168 4289 2320 4356 filia).
2361 4287 2456 4342 Cui
2488 4286 2887 4355 responderunt
2903 4285 3197 4338 consiliarii
3229 4286 3430 4351 ipsius:

1887 4381 1999 4436 Nos
2047 4388 2192 4434 certe
2244 4380 2336 4433 tibi
2393 4379 2626 4432 diximus
2690 4376 3163 4432 Cill’iSlialtiSchc
3218 4385 3431 4444 partum

238 4467 598 4539 imperatoris,
646 4474 892 4541 septimo.
939 4471 1191 4527 Stabilito
1222 4453 1408 4528 autem
1454 4454 1565 4541 jam
1617 4490 1781 4545 penes
1816 4450 1857 4504 ί)
1882 4487 2005 4527 esse
2040 4488 2137 4525 nec
2168 4470 2348 4533 fidem,
2400 4485 2501 4522 nec
2538 4469 2755 4523 fmdus:
2804 4478 2859 4521 tu
2897 4482 3026 4523 vero
3060 4467 3216 4520 nobis
3246 4481 3430 4519 aurem

236 4558 446 4634 Cesram
495 4574 697 4632 regno,
735 4565 943 4617 remisit
982 4556 1083 4618 ille
1153 4564 1417 4618 Mauricio
1467 4565 1781 4633 imperatori

237 4653 415 4718 copias
450 4670 601 4716 suos,
642 4669 734 4708 eas
766 4656 922 4708 donis
945 4664 1011 4723 et,
1040 4656 1355 4710 muneribus
1384 4697 1399 4717 .
1456 4671 1487 4710 e
1522 4666 1783 4725 praestau-

238 4741 458 4798 tissimis
479 4758 667 4798 eorum
700 4759 817 4811 qua:
854 4758 881 4795 a
920 4744 1013 4797 tali
1046 4744 1099 4796 in
1137 4742 1269 4797 tales
1305 4734 1546 4797 conferri
1581 4744 1780 4806 solent,

238 4825 528 4884 instructas
585 4830 782 4885 dimitti
829 4830 1052 4897 iubens.
1117 4830 1352 4897 Scripsit
1414 4832 1637 4898 insuper
1714 4832 1777 4883 ad

237 4911 543 4970 Haurit-ium
573 4918 949 4985 imperatorem
985 4919 1145 4971 tiliam
1195 4918 1388 4986 ipsius,
1428 4921 1643 4972 nomine
1667 4917 1780 4971 Sla-

240 4998 391 5069 iiai'u,
436 5010 505 5061 ab
558 5009 674 5077 ipso
723 5010 775 5061 in
825 5024 1043 5061 uxorem
1073 5018 1305 5077 petens:
1355 5009 1442 5061 cui
1502 5010 1781 5077 rescripsit

239 5092 526 5154 Mauricius
572 5117 586 5152 :
623 5099 735 5153 Non
800 5101 925 5154 licet
976 5101 1108 5153 mihi
1164 5102 1329 5153 filiam
1375 5115 1545 5154 meam
1592 5100 1689 5153 tibi
1725 5100 1776 5152 iu

242 5200 454 5241 uxorem
512 5191 662 5253 dare,
724 5192 826 5245 nisi
876 5191 1188 5260 religionem
1244 5190 1610 5245 Christianam
1660 5205 1778 5243 ain-

242 5276 483 5340 plectaris
513 5298 526 5333 :
557 5282 642 5334 cui
671 5298 917 5335 annuens
941 5282 1106 5337 Cesra
1150 5282 1626 5337 Christianismum
1660 5297 1777 5334 aui--

244 5366 425 5432 plexos
455 5383 556 5433 est,
589 5375 933 5441 enlpantibus
955 5377 1130 5445 ipsum
1166 5375 1475 5435 comitibus.
1513 5376 1775 5430 consilia-

242 5456 351 5521 riis,
386 5476 445 5515 ac
476 5462 703 5515 ducibus
735 5468 869 5529 suis,
902 5478 952 5518 et
977 5467 1319 5520 dicentibus:
1370 5464 1483 5520 Hoc
1518 5467 1777 5521 et-nobis

244 5543 440 5617 tibique
480 5568 580 5603 una
650 5553 702 5604 in
742 5557 1089 5620 opprobrium
1126 5557 1319 5621 cedet;
1374 5572 1476 5611 nec
1534 5558 1603 5610 ita
1647 5556 1775 5611 fecit

242 5644 363 5694 Mle
394 5654 444 5696 te
464 5645 730 5712 quispiam
762 5662 790 5698 e
821 5648 1101 5701 Persarum
1135 5648 1353 5717 regibus
1378 5651 1447 5702 ab
1475 5648 1775 5703 Azdashiro

247 5724 343 5780 hoc
384 5747 551 5802 usque
596 5744 804 5804 tempus
849 5756 859 5787 :
916 5738 1077 5807 208
1138 5754 1201 5794 uc
1250 5752 1428 5794 autem
1468 5752 1515 5792 te
1547 5738 1611 5792 ad
1656 5740 1769 5794 h.':c

1883 4566 2124 4633 prrcbcre
2158 4562 2378 4617 noluisti
2423 4578 2435 4613 :
2482 4562 2623 4629 quod
2670 4560 2714 4614 si
2750 4560 2857 4613 ulla
2888 4559 3021 4626 ipsis
3049 4558 3272 4612 fmderis
3300 4572 3430 4610 cura

1881 4658 1961 4711 vel
1988 4656 2117 4709 fides
2141 4654 2349 4719 fuisset,
2414 4668 2592 4721 regem
2614 4668 2771 4706 suum
2807 4666 2911 4704 non
2941 4651 3289 4704 occidissrnt.
3313 4647 3428 4701 lam

1880 4763 2009 4804 vero
2058 4747 2169 4814 regi
2207 4734 2339 4800 illud
2370 4744 2753 4805 iudicabimus,
2782 4741 2921 4810 quod
2959 4741 3005 4795 si
3041 4739 3425 4801 fecerit,corda

1882 4840 2014 4909 ipsis
2065 4836 2750 4897 inflectet,fundamentum
2777 4833 3054 4887 concutiet
3077 4872 3094 4895 ,
3132 4836 3194 4885 'et
3220 4831 3430 4897 religio-

1881 4947 2000 4986 nem
2038 4931 2279 4995 ipsorum
2324 4927 2389 4980 ad
2438 4925 2667 4980 nihilum
2697 4924 2943 4994 rediget;
2995 4923 3136 4993 quod
3172 4924 3274 4975 hoc
3306 4930 3427 4981 est;

1864 5023 1940 5075 ἰιι
1976 5034 2097 5072 cum
2131 5020 2200 5072 sit
2227 5016 2359 5085 ipsis
2387 5016 2583 5069 domus
2626 5012 3015 5083 Hierosolymis
3044 5029 3202 5082 quam
3248 5014 3425 5079 magni

1880 5107 2111 5171 faciunt,
2157 5106 2382 5159 mittens
2430 5108 2603 5171 ipsam
2650 5104 2863 5167 diru'as,
2884 5110 3064 5170 utpote
3104 5116 3205 5168 qua
3249 5102 3426 5153 diruta

1878 5184 2292 5251 infirmabuntur
2320 5195 2557 5263 ipsorum
2588 5194 2749 5252 vires,
2777 5200 2831 5245 et
2856 5192 2908 5241 in
2954 5198 3318 5256 contemptum
3345 5205 3425 5240 re-

1859 5283 2087 5357 digetur
2135 5286 2441 5353 imperium.
2508 5284 2667 5353 212
2726 5282 2870 5334 Ilisit
2918 5295 3049 5349 ergo
3101 5296 3131 5334 e
3192 5280 3422 5332 ducibus

1877 5378 1991 5434 Suis
2011 5378 2301 5447 quemdam
2334 5377 2549 5429 nomine
2591 5372 3079 5427 Chorawazaihum
3114 5368 3417 5435 Hierosoly-

1880 5485 1965 5522 ma
1987 5508 2002 5530 ,
2034 5469 2127 5536 qui
2161 5468 2276 5535 ipsa
2304 5472 2543 5519 vastaret
2584 5478 2598 5514 :
2643 5463 2808 5514 alium
2841 5462 3003 5514 etiam
3043 5460 3094 5511 in
3135 5455 3417 5526 Egyptum

1875 5569 1930 5612 et
1959 5557 2332 5612 Alexandriam
2360 5556 2446 5623 qui
2479 5554 2750 5606 Romanos
2780 5552 2852 5604 ibi
2888 5549 3220 5615 conquisitos
3249 5547 3417 5598 inter-

1877 5650 2080 5719 ﬁceret.
2156 5648 2268 5716 Ipse
2331 5645 2493 5699 Cesra
2568 5639 3082 5707 Constantinopolim
3140 5636 3408 5703 profectus

1872 5756 1991 5794 eam
2026 5735 2429 5808 quatuOrdreim
2476 5734 2633 5788 annis
2676 5731 2899 5786 obsidet.
2945 5727 3060 5782 Jam
3096 5742 3220 5780 vero
3262 5726 3404 5781 Clio-
