4142 6442
658 351 794 416 1083

1626 363 1996 429 EUTYCIIII
2048 349 2587 441 ALEXANDRINI
2629 386 2851 449 eam.
2889 375 2899 386 '
2985 378 2991 383 ”

3726 406 3859 473 lost

648 468 992 536 rmvmaihus
1026 471 1346 528 Damascum
1366 470 1648 544 prolectus
1679 482 1851 550 ipsam
1883 488 2113 540 vastavit
2145 503 2206 540 ac
2232 486 2281 545 Α
2309 499 2414 545 tem
2436 493 2503 545 ad
2530 497 2815 552 ecclesiam
2846 503 3163 573 pertigeram
3189 522 3310 562 eum
3336 524 3619 570 assecutus
3643 533 3726 573 me
3745 524 3859 589 qui-

649 559 951 589 ὅ..ηη1.ι......
993 561 1139 589 1η...-
1186 564 1407 589 .I:_:__-:.
1458 583 1472 589 -
1526 569 1637 589 sugg.
1669 572 1707 589 n,
1780 587 1793 589 Α
1954 575 2015 589 ..-
2331 581 2347 589 -

649 559 951 641 incolarum
993 561 1141 615 bona
1182 564 1411 633 diripuit
1457 583 1473 620 :

652 642 1092 719 lyma‘tenderct
1138 659 1453 724 congregati
1508 669 1636 714 sunt
1694 664 1758 716 ad
1811 666 1985 733 ipsum
2035 666 2205 724 Judaei

646 740 943 809 (quotquot
996 744 1049 798 in
1100 745 1424 817 'I'iheriade,
1470 762 1662 813 monte
1684 755 1940 820 Galila'm.
1980 761 2211 819 Nazare-

648 833 765 898 tba,
812 838 1167 905 partibusque
1191 841 1570 908 adiacentibus
1598 848 1802 917 erant),
1857 867 1921 906 ac
1953 851 2208 910 Hieroso~

649 921 791 990 lynta
821 926 1047 993 profecti
1086 931 1270 985 Persis
1295 932 1349 985 in
1370 936 1585 1000 templis
1620 938 1904 996 diruendis
1936 944 2205 1001 Christia-

648 1011 846 1080 ni=que
891 1018 1231 1072 trucidandis
1254 1012 1427 1089 inpetu
1492 1020 1755 1080 tulerunt.
1826 1029 2201 1104 Hierosolyma

645 1104 813 1170 igitur
860 1108 953 1160 uhi
1002 1114 1361 1177 pervenisset,
1411 1118 1587 1185 primo
1635 1122 1876 1173 omnium
1912 1127 2201 1180 ecclesiam

640 1193 1071 1253 Cesmaniticam
1112 1202 1303 1265 diruit.
1353 1223 1453 1262 nec
1484 1226 1590 1263 non
1641 1210 1932 1266 Ecclesiam
1968 1208 2203 1282 ilclenzr,

641 1299 875 1353 quarum
901 1300 1138 1359 utraque
1177 1293 1232 1347 in
1272 1295 1418 1351 hunc
1444 1314 1619 1366 usque
1644 1300 1786 1355 diem
1825 1306 2065 1359 dcsolata
2097 1324 2201 1360 ma-

642 1384 753 1428 net.
790 1375 963 1431 Diruit
990 1381 1150 1435 etiam
1182 1386 1443 1441 ecclesias
1481 1388 1850 1460 Constantini,
1878 1395 2082 1457 Cranii,
2148 1408 2199 1452 et

641 1465 925 1534 Sepulcri;
975 1471 1027 1523 in
1070 1474 1326 1531 Cranium
1356 1490 1409 1532 et
1439 1481 1758 1548 Sepulcrum
1790 1487 1988 1555 injecto
2034 1492 2156 1559 igne
2179 1531 2196 1556 ,

599 1591 602 1595 η
639 1557 932 1612 maximam
972 1564 1137 1617 etiam
1169 1570 1322 1623 urbis
1353 1574 1755 1638 partemdiruit
1782 1616 1795 1638 .
1846 1557 2195 1638 Jodmisiuoa

638 1659 760 1699 eum
810 1648 991 1705 Persis
1023 1653 1371 1715 Christianos
1421 1663 1739 1720 innumeros
1773 1671 2150 1727 occidentibus
2178 1693 2194 1729 :

637 1747 766 1823 sunt
797 1739 872 1792 illi
908 1743 1073 1797 occisi
1108 1747 1197 1814 qui
1226 1749 1611 1823 Hierosolymis
1638 1756 1902 1823 jacentin
1932 1763 2048 1816 loco
2080 1764 2191 1818 Bla-

639 1816 773 1881 mela
824 1834 1113 1898 appellato.
1145 1837 1320 1895 Persa:
1365 1853 1544 1898 autem
1579 1857 1865 1917 postquam
1921 1853 2191 1907 incendis-

635 1924 778 1981 sent,
810 1928 1113 1977 vastassent
1150 1918 1205 1980 et
1262 1932 1612 2000 occidissent,
1652 1940 1851 1993 reversi
1876 1939 2191 1996 Zachariam

635 2009 997 2075 patriarchatn
1046 2015 1593 2091 Hierosolymitanum
1621 2044 1727 2083 una
1751 2044 1874 2085 cum
1910 2034 2035 2088 aliis
2060 2037 2193 2088 mul-

636 2099 703 2154 tis
752 2103 1026 2169 captivum
1069 2109 1435 2175 abduxerunt.
1494 2115 1719 2186 Lignum
1776 2123 1936 2175 etiam
1988 2126 2189 2190 crucis,

624 2192 779 2259 ’quod
816 2194 935 2247 loco
967 2190 1059 2249 illo
1082 2201 1371 2267 reliquerat
1398 2203 1597 2260 Helena
1633 2209 1972 2277 imperatrix.
2002 2216 2183 2270 abstu~

635 2280 811 2335 lerunt
850 2282 977 2352 (fuit
1021 2296 1199 2342 autent
1232 2292 1333 2359 pali
1367 2297 1546 2350 crucis
1586 2300 1769 2369 pars);
1811 2303 1954 2370 quod
1986 2314 2039 2359 et
2085 2323 2188 2361 una

632 2388 757 2427 cum
788 2375 1131 2455 213:215
1165 2386 1394 2452 captivis
1435 2388 1778 2456 deportatum
1836 2405 1917 2450 est
1963 2399 2015 2451 in
2066 2399 2195 2454 Per-

630 2464 788 2520 siam.
842 2464 993 2524 Dono
1026 2472 1193 2541 igitur
1243 2477 1360 2531 dari
1407 2481 1511 2535 sibi
1548 2498 1575 2535 a
1620 2483 1784 2540 Cesra
1839 2496 2029 2557 petens
2081 2492 2192 2548 Ila-

632 2557 735 2620 ria,
767 2558 1008 2616 Mauricii
1042 2565 1146 2619 filia
1171 2609 1186 2630 ,
1222 2568 1426 2639 lignum
1456 2577 1636 2629 crucis
1666 2587 1716 2631 et
1748 2578 2065 2639 Zachariam
2092 2603 2188 2655 pa-

630 2654 965 2719 triarcham,
1019 2662 1326 2732 multosque
1362 2680 1424 2717 ex
1472 2667 1539 2720 iis
1591 2670 1683 2736 qui
1724 2674 1919 2739 captivi
1968 2654 2187 2734 abducti

628 2757 780 2810 sunt,
820 2749 966 2815 ipsos
991 2753 1054 2803 ad
1092 2770 1151 2807 se
1190 2756 1410 2810 domum
1454 2776 1607 2815 suam
1648 2766 1877 2832 recepit,
1912 2762 2003 2821 tibi
2038 2788 2185 2826 man-

628 2850 835 2894 serunt.
884 2841 1237 2914 Mortuusque
1275 2856 1358 2903 est
1389 2850 1681 2909 Zacharias
1708 2895 1724 2920 ,
1771 2860 2079 2925 patriarcha
2134 2866 2185 2915 in

627 2939 729 2994 cap
755 2928 963 2985 ivitate.
987 2931 1275 3002 Postquam
1317 2950 1495 2995 autem
1532 2949 1777 3011 captivus
1802 2949 2065 3006 abductus
2104 2942 2181 3009 est

626 3015 923 3073 Zacharias
976 3024 1234 3079 cathedra
1284 3026 1766 3103 Hierosolymitana
1816 3039 2023 3109 absque
2089 3063 2185 3110 pa-

628 3110 861 3165 Iriarcha
906 3116 1105 3169 mans't
1138 3134 1311 3175 annos
1347 3123 1671 3191 quindecim.

690 3200 868 3255 Porro
895 3220 1039 3259 anno
1061 3209 1273 3277 imperii
1304 3211 1501 3268 Phoczc
1523 3226 1716 3283 quarto
1743 3219 1917 3276 factus
1944 3235 2027 3278 est
2060 3226 2184 3277 Scr-

628 3290 752 3358 gius
791 3294 1097 3351 patviarcha
1114 3300 1776 3373 Constantinopolitanus.
1806 3314 1895 3379 qui
1924 3313 2181 3369 Mtt‘Ollilﬂ

616 3382 750 3443 ,fuit.
785 3386 939 3441 Sedit
966 3404 1141 3446 annos
1187 3396 1376 3463 viginti
1422 3400 1575 3454 duos.
1606 3402 1758 3457 Anno
1792 3405 2004 3473 imperii
2033 3410 2185 3479 ejus-

627 3476 747 3529 dem
779 3479 1027 3535 secundo
1058 3488 1393 3543 constitutus
1422 3500 1504 3544 cst
1532 3490 1849 3549 Theodorus
1874 3500 2180 3567 patriarcha

625 3568 1045 3639 Alexandrinus;
1077 3576 1170 3644 qui
1201 3593 1325 3631 cum
1358 3580 1500 3643 duos
1531 3599 1703 3639 annos
1747 3587 1996 3650 sedisset.
2032 3608 2180 3657 mor—

624 3670 756 3715 tuus
788 3671 892 3717 est.
924 3666 1080 3721 Anno
1108 3668 1315 3736 imperii
1358 3673 1598 3740 ejusdem
1628 3688 1821 3745 quarto
1847 3683 2181 3739 constitutus

622 3762 706 3807 est
732 3751 972 3811 Joannes
1018 3757 1323 3817 Misericors
1375 3767 1679 3831 patriarcha
1735 3769 2172 3839 Alexandrinus;

621 3860 795 3900 annos
819 3847 1003 3903 decem
1032 3850 1195 3913 sedit.
1221 3853 1343 3907 dein
1381 3864 1629 3912 mortuus
1671 3870 1777 3914 est.
1806 3861 2171 3927 Cognomina-

623 3944 713 3989 tus
738 3946 822 3991 est
854 3946 1034 3994 autem
1070 3936 1372 4001 Misericors
1429 3946 1548 4003 ideo
1587 3951 1729 4017 quod
1758 3951 1840 4020 (ut
1883 3956 2178 4024 narratur),

620 4044 979 4098 cunngeuere
1010 4032 1267 4103 Cypriota
1314 4046 1499 4104 esset,
1547 4040 1741 4094 viderit
1793 4043 1846 4095 in
1887 4044 2174 4109 insomnio,

615 4137 796 4175 annos
839 4132 952 4176 ιιιιιι
1000 4135 1160 4180 natus
1198 4128 1533 4195 quindecim,
1585 4133 1863 4186 mulierem
1904 4151 2026 4203 qute
2054 4138 2172 4204 pul-

619 4213 930 4267 chritudine
954 4217 1119 4269 solem
1153 4218 1399 4286 referret,
1431 4230 1720 4277 astantem.
1780 4223 1912 4289 Quae
1949 4225 2176 4297 (inquit)

623 4308 761 4359 latus
796 4307 925 4359 mihi
970 4311 1191 4378 pupugit
1220 4327 1237 4376 ;
1281 4327 1444 4380 quam
1480 4330 1603 4367 cum
1632 4314 2044 4385 expergefactus
2090 4320 2176 4372 in-

623 4410 824 4464 tuerer,
853 4398 962 4451 dixi
993 4419 1007 4452 :
1032 4399 1138 4467 Tu,
1169 4418 1415 4469 quantam
1444 4405 1541 4457 es?
1567 4415 1619 4458 et
1648 4402 1922 4474 quomodo
1948 4424 2080 4465 ausa
2115 4426 2175 4466 es

620 4492 687 4541 ad
715 4505 800 4543 me
881 4489 992 4552 hoc
1084 4499 1324 4558 tempore
1363 4493 1663 4548 accedere?
1701 4496 1801 4549 fuit
1832 4506 2012 4551 autem
2063 4500 2166 4568 ἰρςί

621 4580 674 4633 ἰιι
704 4582 877 4649 capite
906 4596 1108 4635 corona
1138 4583 1385 4653 oleagina
1408 4626 1423 4645 ,
1462 4584 1707 4654 Dixitque
1734 4603 1746 4638 :
1778 4588 1907 4640 Sum
1948 4606 2047 4658 ego
2089 4608 2179 4645 re.

619 4670 703 4738 gis
734 4671 865 4735 lilia,
894 4670 1037 4739 quod
1072 4672 1118 4724 si
1149 4688 1232 4725 me
1270 4673 1365 4726 tibi
1408 4674 1635 4727 amicam
1670 4673 1863 4730 feceris
1895 4677 1959 4730 ad
1992 4694 2171 4747 regem

620 4772 673 4813 te
714 4761 1078 4827 introducam;
1130 4778 1300 4829 neque
1348 4764 1493 4817 enim
1549 4766 1832 4835 quisquam
1879 4768 1945 4821 ad
1998 4768 2175 4837 ipsum

620 4853 761 4905 viam
814 4869 966 4922 atque
1012 4862 1314 4908 monstrare
1360 4866 1534 4920 potest
1565 4872 1627 4910 ac
1670 4872 1804 4923 ego;
1856 4858 2021 4929 216
2054 4862 2175 4913 ideo

620 4945 829 4998 scilicet
852 4946 980 5012 quia
1012 4962 1112 5013 ego
1145 4948 1320 5013 ipsum
1375 4948 1425 5000 in
1477 4957 1675 5002 terram
1714 4950 1892 5013 traxi;
1950 4966 2044 5018 per
2089 4968 2175 5006 me

617 5036 761 5087 etum
792 5036 1018 5090 veniens
1050 5038 1365 5093 incarnatus
1402 5048 1503 5097 est.
1533 5054 1597 5092 ac
1626 5039 1873 5094 homines
1901 5039 2168 5093 liberavit.

616 5126 753 5179 Tum
789 5142 819 5181 a
856 5144 941 5182 me
968 5128 1242 5193 discessit.
1284 5128 1389 5199 Ego
1418 5146 1566 5193 vero.
1622 5131 1697 5184 ne
1731 5147 1857 5184 vera
1892 5130 2159 5199 (inquam)

616 5226 699 5270 cst
740 5219 853 5272 haec
886 5218 1274 5277 Misericordia.
1296 5221 1598 5290 Statimque
1630 5238 1857 5291 surgens
1889 5222 2170 5277 ecclesiam

524 5302 535 5313 ”
622 5308 787 5376 petii;
841 5326 948 5377 quo
982 5311 1108 5365 dum
1150 5314 1460 5374 tenderem,
1511 5327 1639 5367 ecce
1691 5314 1742 5365 in
1798 5313 1883 5365 via
1936 5314 2173 5366 occurrit

623 5400 755 5451 mihi
787 5402 1102 5471 peregrinus
1134 5404 1352 5471 quidam
1384 5404 1561 5458 nudus
1604 5421 1619 5456 :
1654 5402 1957 5458 fuitautem
2002 5403 2171 5473 frigus

620 5495 932 5558 vehemens,
973 5506 1288 5566 tempusque
1318 5497 1632 5555 hibernum;
1688 5512 1855 5567 quare
1881 5496 2171 5550 amiculum

621 5599 728 5649 quo
764 5584 983 5639 indutus
1012 5602 1159 5640 cram
1221 5604 1428 5642 exuens
1471 5589 1573 5656 ipsi
1607 5587 1729 5641 dedi
1760 5605 1774 5651 ;
1808 5596 1917 5640 tum
1960 5604 2168 5642 mecum

623 5668 801 5729 anitn’o
834 5676 941 5728 dixi
978 5677 1345 5731 :Jamsciatu
1389 5689 1567 5731 utrum
1617 5694 1803 5733 verum
1856 5679 2014 5731 fuerit
2067 5680 2171 5733 hoc

620 5765 763 5831 quod
795 5766 900 5820 vidi
941 5776 1134 5833 visum,
1171 5784 1239 5820 an
1277 5786 1304 5821 a
1332 5769 1546 5822 diabolo
1576 5772 1754 5823 fuerit.
1800 5770 2040 5822 Nondum
2076 5788 2170 5825 au-

2850 569 2853 570 γ
2987 569 3008 573 _
3606 569 3609 570 ν
3703 569 3721 573 -
3749 569 3831 589 τυ

1521 569 1717 623 deinde.
1770 587 1894 625 cum
1954 575 2209 633 llieroso-
2313 581 2462 648 dam,
2498 588 2584 639 cui
2620 600 2795 643 vestes
2826 594 3062 651 candore
3087 599 3244 653 niveo
3269 604 3442 669 erant,
3477 608 3605 660 mihi
3644 624 3855 668 centum

2309 685 2504 730 aureos
2531 679 2765 733 traderet
2792 682 2869 751 (in
2898 686 3077 755 aliquo
3102 694 3396 759 exemplari
3423 695 3645 762 dicitur,
3670 704 3854 767 mille).

2308 765 2497 820 dicens
2525 784 2541 818 :
2568 770 2667 825 His
2691 776 2870 829 aureis
2896 782 3155 847 acceptis,
3202 790 3473 850 quomodo
3513 791 3608 844 tibi
3642 793 3854 847 libuerit

2310 863 2482 910 utere.
2527 860 2772 931 Cumque
2803 880 3100 925 conversus
3128 889 3300 929 essem
3334 889 3390 931 ut
3421 894 3514 935 eos
3545 883 3646 951 ipsi
3683 886 3855 938 redde

2309 959 2445 1007 rem,
2468 951 2738 1005 neminem
2770 956 2899 1009 vidi.
2940 957 3056 1012 Dixi
3090 977 3254 1031 ergo:
3287 965 3490 1023 Revera
3518 988 3622 1026 non
3652 986 3733 1030 est
3761 977 3853 1031 hoc

2308 1032 2531 1125 falsum.
2592 1038 3079 1130 Joannesautcm
3142 1053 3451 1113 Misericors
3504 1064 3855 1132 qttodcttuqut

2305 1116 2545 1191 possedit
2570 1131 2623 1184 in
2660 1125 3056 1209 eleemosyttam
3103 1158 3331 1213 erogare
3356 1152 3549 1209 solitus
3578 1165 3663 1209 est
3686 1196 3701 1215 .
3729 1158 3857 1210 ader

2306 1225 2358 1267 ut
2388 1227 2585 1285 vestes,
2608 1225 2807 1291 quibus
2838 1229 3057 1287 indutus
3090 1246 3238 1299 erat.
3285 1254 3491 1296 exuens
3534 1251 3857 1315 pauperiqu

2303 1307 2672 1377 distribueret.
2698 1318 2805 1372 imo
2824 1330 2873 1373 et
2889 1323 3176 1392 aliquando
3194 1341 3370 1386 vestes
3387 1349 3569 1389 sacras
3593 1340 3641 1389 in
3664 1343 3859 1407 quibus

2306 1414 2463 1454 saera
2491 1404 2809 1475 celebraret,
2832 1428 2943 1481 prae
2973 1432 3181 1472 summa
3212 1438 3317 1489 qua
3344 1434 3462 1479 erat
3491 1416 3859 1485 misericordis

2302 1489 2435 1558 ipsis
2464 1496 2656 1561 daret;
2691 1500 3104 1575 appellatusque
3136 1519 3218 1563 est
3251 1510 3489 1569 Joannes
3533 1518 3860 1577 M‘sericors.

2371 1581 2542 1637 Porro
2572 1602 2715 1642 anno
2752 1592 2961 1660 imperii
3001 1597 3196 1653 Phocas
3231 1615 3383 1657 sexto
3414 1611 3748 1664 constitutus
3783 1625 3861 1664 est

2300 1671 2618 1732 Theodorus
2668 1684 2973 1748 patriarcha
3025 1686 3338 1753 Romanus;
3388 1698 3479 1763 qui
3522 1707 3631 1751 tres
3687 1718 3860 1758 annos

2298 1764 2456 1827 sedit,
2507 1767 2630 1821 dein
2687 1783 2933 1826 mortuus
2986 1787 3089 1831 est.
3130 1779 3265 1833 Cum
3317 1797 3495 1839 autem
3555 1801 3861 1847 vastassent

2296 1850 2474 1909 Persa:
2487 1860 2747 1917 ecclesias
2765 1864 3307 1939 Hierosolymitanas.
3330 1877 3499 1943 iisque.
3514 1880 3866 1956 217-219

2298 1942 2421 2011 igne
2454 1953 2739 2006 succensis
2768 1954 3057 2011 rediissent
3081 2000 3096 2023 ,
3136 1966 3435 2039 monachus
3468 1972 3685 2039 quidam
3716 2017 3731 2038 ,
3763 1981 3860 2039 qui

2295 2032 2349 2085 in
2386 2041 2718 2094 monasterio
2765 2042 3053 2102 Duwakesi
3085 2032 3246 2118 (quod
3287 2054 3428 2109 idem
3458 2068 3539 2112 est
3584 2075 3859 2118 monaste-

2295 2122 2434 2176 rium
2458 2125 2776 2199 Theodosii)
2802 2132 2922 2198 fuit,
2954 2141 3168 2194 nomine
3192 2142 3486 2213 Modestus,
3506 2152 3860 2224 ejusdemque

2294 2215 2602 2283 praefectus,
2632 2223 2861 2277 reversis
2901 2227 3027 2293 illis,
3059 2230 3325 2297 fiamlam.
3365 2236 3727 2308 Tilteriadem,
3754 2245 3861 2318 Ty-

2295 2320 2437 2367 rum.
2463 2318 2515 2361 ct
2544 2308 2865 2365 Damascum
2898 2318 3171 2382 profectus
3193 2322 3535 2384 Christianos
3570 2341 3626 2384 ut
3650 2308 3862 2404 aliquid

2293 2395 2562 2452 donantes
2594 2416 2749 2469 opem
2787 2406 2889 2473 ipsi
2928 2407 3129 2464 ferrent
3155 2428 3263 2482 quo
3306 2418 3566 2476 ecclesias
3594 2422 3852 2481 Hieroso-

2293 2486 2578 2554 lymitanas
2610 2506 2747 2558 quas
2776 2494 3053 2551 diruerant
3103 2498 3284 2557 Persa:
3319 2506 3665 2574 instauraret,
3698 2506 3858 2583 roga-

2289 2579 2407 2631 vit:
2450 2582 2645 2646 quibus
2689 2585 3022 2647 donantibus
3056 2608 3354 2661 magnaque
3388 2612 3548 2666 opum
3591 2605 3638 2654 vi
3685 2607 3855 2659 colle-

2290 2679 2374 2721 cta
2403 2670 2773 2741 Hierosolyma
2803 2693 3075 2745 reversus,
3102 2687 3360 2741 ecclesias
3387 2682 3856 2764 Resurrectionis,

2240 2806 2243 2809 ,
2292 2760 2537 2830 Sepulcri
2564 2807 2581 2829 ,
2614 2767 2796 2820 Cranii
2832 2780 2882 2822 ct
2919 2772 3107 2827 Sancti
3145 2775 3485 2835 Constantini
3539 2790 3810 2841 exstruxit
3837 2830 3854 2849 ,

2289 2867 2350 2904 ca
2385 2869 2505 2920 qua:
2531 2854 2641 2922 jam
2671 2868 2845 2911 exstat
2878 2860 3102 2937 fabrica.
3128 2866 3373 2935 Cumque
3397 2874 3657 2929 audiisset
3682 2875 3821 2932 Joan
3841 2910 3852 2918 -

2287 2958 2385 2996 nes
2438 2943 2750 3017 Misericors
2817 2952 3159 3011 Alexandria:
3201 2961 3502 3025 patriarcha
3545 2948 3851 3024 Molestum

2286 3035 2544 3088 ec-lesias
2592 3052 2622 3089 a
2677 3038 2856 3095 Persis
2922 3043 3131 3099 dirutas
3187 3048 3520 3117 instaurare.
3558 3056 3705 3110 misit
3745 3059 3851 3126 ipsi

2217 3129 2259 3184 (ι
2289 3122 2532 3193 iumenta
2569 3130 2735 3195 mille,
2762 3146 2951 3186 saccos
2997 3134 3248 3192 frumenti
3288 3141 3467 3205 mille.
3511 3145 3845 3214 leguminum

2286 3217 2456 3282 mille,
2501 3221 2691 3274 muriae
2718 3225 3009 3292 amphoras
3040 3228 3215 3293 mille,
3252 3231 3359 3284 rini
3410 3233 3575 3299 mille,
3614 3235 3743 3291 ferri
3777 3241 3850 3292 li-

2285 3308 2413 3365 bras
2444 3312 2610 3375 mille,
2638 3330 2758 3368 cum
2796 3318 3062 3385 operariis
3094 3320 3258 3375 mille.
3305 3321 3690 3381 Charawazaih
3729 3344 3835 3382 an-

2283 3409 2413 3461 tem.
2442 3402 2532 3455 ubi
2569 3401 2940 3474 Hierosolyma
2964 3419 3253 3480 vastasset,
3282 3411 3569 3482 .Egyptum
3607 3425 3661 3468 et
3708 3418 3837 3473 Aie-

2282 3493 2561 3546 xandriam
2604 3496 2779 3563 petiit.
2832 3496 3069 3554 Joannes
3102 3515 3229 3570 ergo
3284 3500 3592 3560 Misericors
3639 3509 3836 3561 audito

2281 3581 2479 3634 Persas
2508 3572 2891 3637 Alexandriam
2928 3588 3171 3652 tendere,
3206 3604 3313 3657 prie
3358 3600 3504 3645 metu
3559 3609 3662 3647 una
3712 3611 3845 3651 cum

2278 3672 2530 3751 patrii-ito,
2575 3675 2669 3741 qui
2717 3675 3057 3733 Alexandria:
3092 3680 3323 3755 praefuit.
3358 3686 3581 3739 nomine
3600 3684 3829 3755 Niceta,

2278 3762 2513 3832 Cyprum
2546 3764 2702 3835 fugit.
2744 3767 2991 3840 Cumque
3021 3772 3256 3841 Cyprum
3290 3777 3664 3841 pervenissent
3688 3819 3704 3837 .
3755 3798 3847 3833 ro-

2279 3855 2429 3921 gavit
2462 3857 2644 3923 ipsum
2675 3856 2895 3915 Nicetas
2931 3870 2989 3915 ut
3033 3879 3137 3916 una
3177 3854 3362 3921 secum
3387 3868 3847 3944 Constantinopo-

2278 3944 2371 3997 lim
2414 3945 2482 3999 ad
2510 3946 2744 4003 Phocam
2780 3949 3167 4019 imperatorem
3204 3957 3485 4026 profectus
3523 3962 3701 4030 ipsum
3750 3981 3844 4018 sa-

2277 4041 2494 4101 lutaret,
2555 4052 2875 4109 rogaretque
2955 4042 3176 4115 [Deum]
3226 4057 3285 4101 ιιι
3330 4031 3613 4107 obsidione
3644 4070 3751 4124 qua
3809 4072 3840 4108 a

2276 4131 2459 4185 Persis
2505 4137 2806 4197 urgebatur
2839 4136 3015 4213 ipsum
3049 4139 3333 4195 liberaret.
3378 4135 3516 4197 Dum
3554 4155 3733 4199 autem
3785 4148 3845 4200 in

2276 4222 2413 4272 mari
2462 4224 2803 4291 navigarent,
2842 4226 2975 4279 vidit
3020 4225 3257 4283 Joannes
3290 4228 3597 4288 Misericors
3642 4234 3695 4288 in
3747 4235 3839 4289 in-

2287 4314 2503 4368 somnio
2548 4325 2816 4371 astantem
2875 4320 2976 4372 sibi
3004 4320 3166 4389 320
3197 4336 3412 4376 servum
3439 4322 3626 4379 dicere
3660 4343 3677 4379 :
3718 4326 3838 4381 “ex

2277 4406 2514 4460 cmlestis
2543 4407 2641 4460 tibi
2680 4408 2900 4477 propior
2927 4420 3011 4463 est
3036 4426 3197 4479 quam
3227 4427 3318 4465 rex
3349 4416 3645 4470 terrestris.
3668 4415 3840 4471 Joan-

2281 4512 2379 4549 nes
2397 4511 2527 4566 ergo
2540 4509 2889 4566 experrectus
2944 4500 3077 4555 dixit
3106 4499 3307 4556 Niceta:
3337 4521 3351 4555 :
3383 4503 3597 4561 Redeas
3621 4522 3837 4561 meeum

2280 4587 2334 4638 in
2361 4585 2622 4655 Cyprum,
2663 4602 2764 4654 ego
2794 4589 2936 4641 enim
2971 4591 3269 4644 moriturus
3298 4607 3441 4647 sum.
3470 4594 3714 4662 Cumque
3744 4612 3838 4652 re-

2277 4677 2417 4731 versi
2449 4688 2632 4731 essent
2658 4679 2895 4748 Cyprum
2936 4679 3079 4733 diem
3121 4681 3257 4758 obiit
3277 4723 3293 4743 .
3326 4693 3612 4753 postquam
3642 4687 3837 4741 cathe-

2273 4769 2428 4825 dram
2459 4769 2644 4824 decem
2693 4772 2853 4824 annis
2882 4783 3240 4841 occupasset;
3279 4776 3628 4847 sepultusque
3661 4787 3745 4832 est
3779 4780 3838 4834 in

2273 4862 2394 4915 vico
2426 4864 2659 4930 quodam
2688 4863 2849 4932 Cypri
2894 4865 3037 4919 dicto
3066 4869 3376 4920 Asataneta.
3420 4867 3550 4923 Post
3600 4881 3828 4926 mortem

2274 4962 2453 5005 autem
2479 4951 2700 5007 Joannis
2731 4952 3091 5009 Misericordis
3139 4957 3676 5013 mansitAlexandria
3708 4962 3831 5017 sine

2278 5042 2611 5110 patriarcha,
2651 5059 2822 5098 annos
2850 5056 3079 5114 septem.
3117 5044 3217 5100 Ubi
3250 5063 3377 5101 vero
3401 5049 3700 5105 obsedisset
3727 5052 3831 5107 Ce—

2273 5150 2364 5187 sra
2390 5134 2943 5203 Constantinopolim,
2974 5153 3141 5191 vacua
3175 5140 3371 5191 mansit
3403 5140 3556 5210 Syria
3581 5144 3826 5217 exercitu

2274 5222 2664 5279 Romanorum.
2706 5225 2946 5280 Fuerunt
2978 5220 3158 5281 autem
3188 5228 3316 5301 Tyri
3356 5242 3589 5300 quatuor
3616 5230 3826 5288 ludam-

2272 5330 2391 5366 rum
2426 5314 2615 5367 millia.
2654 5314 2717 5367 lli
2750 5315 2815 5369 ad
2844 5314 3057 5371 Iudaeos
3094 5320 3181 5385 qui
3212 5318 3615 5392 Hierosolymis,
3641 5322 3823 5394 Cypri,

2273 5403 2548 5468 Damasci,
2582 5416 2634 5458 ct
2674 5407 2727 5459 in
2766 5418 2945 5462 monte
2986 5407 3215 5463 Galilarte
3243 5422 3293 5463 et
3336 5410 3622 5491 Tiberiade
3646 5426 3823 5471 erant.

2272 5496 2632 5562 scripserunt,
2657 5505 2716 5546 ut
2752 5512 2942 5551 omnes
2978 5508 3134 5551 nocte
3186 5500 3467 5555 Paschalis
3488 5501 3823 5562 Christiano-

2274 5600 2393 5636 rum
2429 5584 2764 5653 congregati.
2790 5586 3132 5642 Christianos
3159 5592 3247 5656 qui
3288 5588 3413 5658 Tyri
3452 5600 3639 5644 essent
3675 5592 3792 5645 oeci

2274 5676 2490 5735 dercnt,
2527 5677 2723 5729 deinde
2754 5676 3118 5747 Hierosolyma
3153 5679 3375 5748 profecti
3405 5696 3596 5736 moues
3628 5683 3713 5751 qui
3748 5682 3817 5735 ibi

2272 5778 2453 5823 essent
2496 5786 2526 5821 c
2575 5769 2752 5823 medio
2800 5770 3066 5831 tollerent,
3119 5776 3409 5842 urbemque
3467 5781 3814 5843 occuparent.
