4082 6516
550 356 677 416 illi?

1563 355 1930 415 wrrcmr
1969 340 2498 433 ALEXANDRINI
2528 354 2748 417 PATR.

3657 356 3778 418 10-88

555 463 683 516 illud
715 463 1000 531 habentes,
1024 477 1340 520 successum
1387 463 1492 537 ipsi
1535 457 1749 522 felicem
1789 467 2119 537 comprecati
2150 468 2194 522 Δ
2223 466 2492 537 asinoque
2547 469 2770 525 clitellis
2825 468 3058 524 instrato
3111 477 3325 525 vectum
3380 467 3776 536 conspexisset.

553 565 703 612 sunt.

625 647 911 702 lleraclius
944 663 1075 719 ergo
1110 651 1327 707 selectis
1357 668 1389 707 e
1420 652 1622 708 ducum
1656 653 1930 708 exercitus
1958 652 2110 708 Con-

555 739 1026 808 s’antinopolitani
1068 741 1382 798 fortissimis
1413 758 1482 798 ac
1510 739 1999 812 praestantissimis.
2037 746 2148 798 ιιι-η

557 842 642 884 ira
677 831 967 900 quinquies
1009 833 1157 887 mille
1183 832 1354 895 viros.
1397 849 1540 902 quos
1573 850 1758 890 secum
1792 844 2119 900 assumeret,

553 923 873 994 paratisque
923 925 1157 980 navibus
1211 927 1417 994 quibus
1476 937 1586 982 tam
1643 929 1896 983 homines
1956 943 2121 998 quam

557 1025 727 1083 equos
764 1015 985 1071 veheret
1015 1015 1491 1086 Constantinopoli
1520 1005 1953 1087 Trapes’untium
1996 1033 2122 1089 pro-

558 1106 731 1162 fectus
752 1149 767 1170 .
804 1106 880 1161 ibi
923 1108 1192 1165 substitit.
1246 1107 1609 1179 Collectisqne
1631 1109 1824 1180 “copiis
1858 1123 1947 1165 ac
1982 1107 2125 1164 datis

558 1196 828 1252 mandatis
857 1214 1017 1267 opem
1053 1214 1081 1252 a
1129 1213 1252 1270 rege
1289 1199 1668 1256 Cbozarorum
1699 1205 1889 1271 petiit,
1931 1207 2125 1270 pactus

559 1286 631 1340 illi
680 1287 878 1341 solium
912 1288 1000 1342 cui
1037 1288 1302 1344 insid’eret
1329 1305 1454 1346 cum
1491 1291 1776 1346 co’nse'ssni
1812 1288 2016 1360 palatii”
2041 1290 2126 1342 iu-

559 1387 821 1441 teresset;
860 1395 960 1434 nec
999 1397 1107 1434 non
1139 1396 1166 1434 a
1201 1397 1328 1451 rege
1363 1384 1425 1436 Al
1455 1383 1650 1451 Anjaz,
1678 1383 1874 1438 collato
1903 1381 1980 1435 illi
2011 1381 2128 1437 dia-

558 1473 769 1527 demate
792 1489 902 1542 quo
932 1476 1147 1540 quoties
1181 1475 1246 1530 ad
1271 1482 1590 1534 consessum
1626 1475 1877 1530 eumdem
1903 1473 2129 1530 accede-

560 1573 638 1618 r'et
676 1573 1004 1630 ornaretur;
1034 1576 1088 1619 et
1117 1579 1149 1620 a
1190 1580 1314 1642 rege
1344 1566 1407 1620 Al
1441 1566 1718 1622 Sauariam
1751 1567 1838 1620 cui
1883 1575 1939 1621 et
1966 1574 2126 1636 pacto

563 1657 756 1713 solium
801 1657 1071 1723 concessit
1103 1672 1212 1727 quo
1262 1659 1316 1712 in
1345 1658 1832 1714 eodemconsessu
1876 1658 2124 1724 sederet;

561 1753 702 1805 unde
727 1766 794 1805 ex
826 1765 892 1805 eo
925 1761 1166 1817 tempore
1197 1750 1502 1820 appellatus
1531 1757 1617 1806 est
1649 1761 1744 1805 rex
1772 1751 1836 1805 Al
1863 1751 2125 1815 S’anarim,

565 1857 658 1896 res
688 1840 823 1895 Solii
851 1831 1462 1912 [dominus]..Atqueita
1486 1851 1827 1910 comparatus
1852 1842 2129 1910 profectus

563 1946 641 1988 est
674 1934 726 1986 in
775 1935 1050 2002 regionem
1083 1941 1396 1988 incutanam
1432 1932 1824 2002 Aspbahanum
1871 1947 2044 2000 usque
2075 1941 2130 1986 et

564 2026 708 2080 ilord
737 2037 791 2081 et
824 2027 1047 2096 Saporis
1083 2027 1296 2091 urbem,
1329 2041 1718 2096 quamcunque
1749 2011 2130 2095 ingrederetur

565 2119 749 2173 urbem
799 2119 939 2172 dalis
991 2118 1297 2179 mandatis.
1345 2127 1401 2172 et
1454 2117 1699 2172 collectis
1746 2117 1941 2184 c0piis.
1971 2115 2130 2185 232

566 2209 884 2278 Ubicunque
930 2218 1112 2262 autem
1149 2210 1202 2262 in
1246 2209 1332 2262 via
1382 2209 1604 2263 obvium
1647 2207 1869 2260 haberet
1911 2206 2130 2260 Persam

564 2302 800 2371 aliquem
843 2302 1043 2364 virum,
1088 2299 1383 2362 feminam.
1416 2299 1500 2353 vel
1543 2313 1794 2368 puerum,
1827 2298 1967 2350 colla
2003 2296 2134 2365 ipsis

566 2392 827 2461 pra-cidit.
859 2391 1026 2447 Urbis
1065 2407 1195 2446 vero
1241 2391 1464 2459 Saporis
1497 2390 1688 2444 incola:
1733 2390 1862 2444 visis
1903 2386 2133 2441 lleraclii

569 2475 916 2554 cupiis,'ciiiti
951 2496 1098 2540 metu
1135 2499 1334 2553 magno
1367 2484 1638 2552 perterriti
1676 2495 1890 2542 essent,
1924 2497 1981 2536 se
2015 2497 2138 2533 niu-

568 2578 780 2631 nicttles
811 2577 875 2628 ad
909 2584 1092 2645 portas
1117 2575 1408 2652 machinas
1433 2585 1484 2629 et
1516 2565 1763 2629 ballistas
1793 2582 2132 2628 statin-runt:

570 2683 706 2738 quos
731 2669 948 2736 aliquot
977 2668 1173 2740 diebus
1193 2667 1335 2721 bello
1367 2666 1645 2721 lacessivit
1672 2665 2134 2724 Heraclitusdeiu

569 2775 745 2830 pugna
789 2748 1018 2828 adortus
1059 2773 1168 2813 non
1201 2767 1330 2812 ante
1370 2758 1574 2812 destitit
1604 2773 1769 2827 quam
1819 2758 2007 2810 urbem
2041 2772 2136 2809 cc-

570 2856 770 2924 pissct.
821 2853 1079 2907 omnibus
1121 2852 1214 2921 qui
1269 2851 1338 2904 in'
1375 2851 1493 2920 ipsa
1536 2849 1787 2913 fuerant,
1843 2860 1950 2902 tam
2000 2849 2134 2902 viris

573 2962 728 3015 quant
762 2944 983 2999 feminis
1015 2944 1330 3013 puerisque,
1357 2942 1730 2996 internecione
1757 2941 1974 3003 deletis,
2007 2943 2136 3009 quin

574 3046 624 3091 et
653 3027 1000 3105 gravidarum
1033 3035 1205 3088 uteris
1246 3033 1498 3087 dissectis
1539 3016 1981 3086 extractos‘indc
2027 3045 2139 3081 em-

575 3130 805 3198 bryones
872 3128 1019 3180 saxis
1083 3127 1378 3179 illiserunt.
1441 3121 1563 3190 Quo
1610 3117 1968 3192 conspecto:
2031 3120 2139 3189 Ego

575 3224 770 3293 (inquit
799 3221 1104 3288 lleraclius)
1133 3237 1251 3274 sum
1280 3220 1347 3273 de
1376 3234 1488 3290 quo
1512 3219 1841 3272 vaticinatus
1863 3227 1948 3271 est
1975 3215 2138 3268 David

577 3316 834 3385 propheta
867 3315 982 3378 tibi,
1017 3312 1229 3383 psalmo
1254 3326 1480 3377 cnavr,
1503 3311 1676 3367 dicit:
1709 3309 1898 3364 Beatus
1915 3312 2146 3378 quipar—

579 3409 720 3460 culos
765 3416 882 3468 tuos
927 3405 1185 3470 accipiens
1238 3413 1402 3472 petra
1442 3403 1584 3470 ipsos
1635 3401 1886 3457 alliserit.
1941 3399 2145 3456 Deinde

580 3502 698 3566 igne
741 3496 858 3550 urbi
896 3496 1094 3564 injecto
1142 3510 1450 3564 magnaque
1499 3494 1847 3564 captivorum
1895 3493 2148 3546 multitu-

581 3586 703 3640 dine
731 3586 988 3649 abducta,
1023 3601 1130 3638 una
1159 3599 1283 3639 cum
1317 3583 1576 3653 pecuniis
1608 3585 1955 3653 gemmisque
1987 3568 2147 3636 innu-

583 3677 746 3731 meris
781 3687 948 3731 totam
999 3675 1200 3730 Per-sire
1252 3678 1533 3744 regionem
1575 3674 1901 3728 devastavit.
1947 3673 2150 3728 Deinde

576 3747 666 3822 tia
698 3783 794 3822 sua
832 3782 1080 3822 reversus
1111 3783 1208 3836 per
1241 3767 1494 3835 regiones
1531 3764 1780 3829 Halwan,
1822 3748 1890 3819 et.
1913 3756 2144 3828 de'ruz,

584 3869 635 3918 et
689 3861 734 3914 Δ
781 3853 1075 3928 Madayen,
1132 3859 1413 3930 ingressus
1471 3865 1554 3911 est
1613 3855 2056 3927 Hiyapharekin,
2098 3866 2153 3910 ct

587 3949 863 4024 [traiecto]
915 3951 1064 4021 Tigri
1123 3949 1192 4011 in,
1225 3949 1537 4024 Armeniam
1591 3946 1815 4000 transiit
1871 3962 2040 4015 usque
2085 3945 2149 3999 ad

588 4016 810 4099 ﬂuvium
845 4016 1116 4097 -Arsevnas.
1155 4016 1353 4096 Secum
1399 4050 1582 4096 autem
1613 4039 1758 4093 inter
1787 4039 2031 4108 captivos
2062 4039 2156 4092 ha-

590 4136 702 4208 buit
725 4135 890 4187 lilium
915 4133 1097 4188 Cesra:
1116 4132 1340 4204 nomine
1362 4131 1642 4201 K‘obadem
1665 4129 1781 4199 (qui
1807 4139 1862 4184 et
1885 4130 2151 4184 Sirawaih

591 4229 887 4298 appellatus
910 4230 1042 4294 est),
1068 4236 1260 4282 natum
1291 4225 1460 4280 Maria
1501 4225 1609 4279 lilia
1637 4214 1982 4294 imperatoris
2011 4224 2157 4278 Mau-

590 4318 727 4381 ricii,
755 4313 910 4384 cujus
946 4331 1115 4380 causa
1160 4325 1314 4384 gesta
1354 4323 1487 4369 sunt
1523 4319 1638 4368 hac
1665 4314 1822 4380 bella.
1851 4315 1989 4368 Cum
2023 4330 2154 4384 ergo

593 4407 990 4479 Iliyapbarekin
1027 4405 1687 4476 pcrv¢nissct,accersito
1719 4405 1943 4460 Kobatle
1977 4406 2157 4463 Cesra:

2061 3159 2139 3222 "3':
2166 3161 2210 3222 C

2226 561 2391 626 Quid,
2435 561 2632 630 inquit,
2667 564 2841 618 nuntii
2873 561 3074 618 aﬂ'ers?
3101 561 3198 616 Cui
3241 561 3350 628 ille,
3405 559 3678 625 Vastavit,
3709 561 3778 613 in-

2226 653 2378 719 quit,
2416 650 2697 707 Heraclius
2729 669 2918 710 oumes
2953 653 3151 709 Persia:
3187 658 3380 722 urbes,
3418 657 3562 712 viris
3582 655 3780 719 ,‘fcsmio

2228 743 2314 796 nis
2365 744 2653 812 puerisque
2679 738 2978 809 trucidatis,
3029 746 3216 813 urbem
3249 762 3379 802 vero
3412 749 3620 817 regiam
3649 746 3786 799 diru-

2229 842 2336 888 tam
2366 836 2632 900 incendit,
2654 836 2910 892 omnibns
2931 839 3024 907 qui
3049 839 3102 892 in
3130 854 3191 892 ea
3221 837 3436 894 fuerunt
3462 839 3790 899 interfectis,

2229 943 2501 998 opumque
2522 938 2576 984 et
2599 943 2935 999 gemmarum
2965 941 3230 999 quantum
3264 931 3406 984 haud
3437 932 3643 1000 poterit
3678 934 3792 999 quis

2229 1034 2513 1075 recensere
2569 1022 2886 1090 reportavit.
2939 1019 3062 1074 llaec
3112 1031 3290 1076 autem
3342 1021 3513 1092 ipsius
3567 1022 3795 1092 epistola

2228 1122 2335 1167 est.
2377 1113 2509 1167 Cum
2545 1126 2674 1181 ergo
2707 1110 2937 1167 lleraclii
2972 1113 3250 1180 epistolam
3285 1114 3608 1183 perlegisset
3633 1116 3797 1169 (testa

2231 1220 2424 1274 magna
2457 1204 2670 1259 tristitia
2709 1203 2882 1259 aﬂ‘ecti
2910 1215 3038 1258 sunt
3071 1213 3185 1258 tum
3215 1205 3330 1273 ipse
3358 1217 3469 1258 tum
3497 1206 3684 1274 ipsius
3716 1223 3800 1259 co-

2233 1297 2413 1360 mites,
2451 1297 2748 1364 multisque
2778 1296 3013 1350 familias
3050 1307 3102 1350 et
3141 1296 3346 1351 liberos
3379 1313 3508 1352 suos
3544 1299 3803 1366 lacrymis

2231 1387 2519 1443 dederunt.
2577 1387 2740 1442 Cesra
2800 1402 2933 1456 ergo
2991 1387 3306 1441 convocatis
3361 1385 3709 1441 consiliariis
3759 1397 3804 1437 et

2232 1479 2461 1534 ducibus
2499 1479 2644 1540 suis,
2681 1477 2820 1543 Quid
2853 1477 3073 1546 (inquit)
3112 1476 3347 1541 sentitis,
3400 1477 3682 1546 siquidem
3728 1476 3805 1527 ἰκ-

2234 1570 2445 1626 tcrfccti
2489 1569 2651 1639 236
2698 1579 2826 1622 sunt
2874 1573 3132 1638 conjuges
3178 1579 3232 1622 et
3279 1570 3431 1623 liberi
3490 1567 3720 1630 nostri,
3762 1580 3807 1620 ct

2234 1669 2442 1715 vastata
2478 1658 2753 1712 domicilia
2786 1671 2839 1712 et
2881 1659 3186 1714 habitacula
3221 1641 3444 1713 nostra?
3482 1658 3807 1728 Respondi--

2236 1758 2362 1805 runt
2391 1751 2468 1804 illi
2501 1751 2668 1805 duces
2698 1759 2751 1804 et
2786 1751 3079 1805 consiliarii
3117 1751 3291 1819 ipsius
3318 1768 3332 1802 :
3375 1749 3517 1803 Nihil
3562 1751 3808 1820 proderit

2161 1820 2200 1873 Β
2231 1844 2393 1899 nobis
2430 1844 2516 1896 hic
2543 1844 2752 1908 sedere,
2785 1858 2973 1897 verum
3007 1844 3269 1898 abeuntes
3303 1859 3419 1898 eam
3457 1844 3809 1911 inqtiiramna‘

2230 1936 2372 1990 viain
2401 1951 2560 2005 quam
2597 1945 2741 1989 tenet
2771 1933 3052 1990 ileraclius
3079 1951 3188 2004 quo
3218 1935 3318 2004 ipsi
3345 1935 3562 1990 obviam
3592 1950 3811 1988 eamus.

2234 2024 2400 2080 Cesra
2432 2025 2596 2094 igitur
2625 2025 2790 2079 missa
2820 2022 3324 2094 Constantinopolis
3353 2025 3652 2080 obsidione
3687 2040 3813 2087 pio-

2233 2117 2406 2171 fccws
2435 2125 2518 2170 est
2543 2116 2608 2170 ad
2636 2099 2944 2170 [lerat-lium
2969 2117 3344 2183 quaerendum.
3373 2116 3507 2170 Dum
3534 2126 3731 2170 autem
3763 2118 3811 2168 in

2235 2210 2318 2261 via
2358 2217 2623 2278 pergeret,
2676 2215 2948 2261 narratum
2994 2207 3069 2260 illi
3112 2216 3192 2262 est
3245 2207 3551 2263 lleraclium
3601 2194 3813 2277 Tigrim

2229 2300 2342 2370 jam
2380 2300 2662 2361 transisse,
2695 2314 2759 2353 ac
2800 2299 3106 2352 necessario
3143 2298 3246 2369 ipsi
3277 2298 3500 2353 ﬂuvium
3534 2299 3812 2354 Arsanaui

2236 2394 2542 2448 vadantlum
2569 2407 2711 2447 esse.
2741 2392 3117 2446 Accrlcrantcs
3143 2392 3329 2462 igitur,
3362 2393 3649 2461 inquiunt,
3680 2392 3811 2458 vada

2235 2495 2362 2539 ante
2412 2483 2589 2552 ipsum
2643 2497 3005 2551 occupemus,
3052 2499 3160 2550 quo
3210 2483 3394 2536 minus
3439 2483 3514 2535 illi
3569 2484 3813 2537 transire

2237 2579 2414 2632 liccat.
2444 2579 2736 2645 Speramus
2767 2576 2912 2628 cnim
2950 2573 3111 2627 Deum
3147 2574 3303 2629 nobis
3332 2573 3386 2628 in
3423 2578 3600 2642 ipsum
3635 2576 3813 2628 victo~

2238 2669 2369 2722 riam
2403 2680 2791 2720 concessurum
2816 2675 2929 2734 quo
2964 2665 3208 2733 captivos
3243 2666 3348 2735 ipsi
3383 2667 3695 2736 eripiamus
3719 2706 3733 2724 .
3762 2676 3813 2717 ei

2238 2757 2418 2811 omnia
2453 2773 2571 2826 qua:
2598 2771 2780 2811 secum
2808 2756 2962 2811 duxit
2987 2756 3302 2825 capiamus;
3342 2757 3620 2827 siquidem
3660 2757 3814 2809 viros

2241 2850 2534 2904 Persarum
2583 2846 2852 2917 perdidit,
2890 2843 3239 2916 Ieininasque
3285 2862 3609 2902 communes
3655 2845 3807 2899 fecit.

2240 2939 2569 2994 Pet-veniens
2625 2952 2755 3006 ergo
2805 2935 2974 3008 cesra
3027 2937 3092 2990 ad
3145 2937 3368 2990 ﬂuvium
3415 2937 3692 2991 Arsanam
3751 2935 3816 2988 ad

2243 3027 2437 3080 vadunt
2487 3033 2911 3080 castrametatus
2953 3033 3070 3090 est,
3117 3022 3425 3079 Heracliam
3462 3025 3814 3095 prastolans.

2241 3117 2371 3172 Cum
2400 3133 2528 3171 vero
2555 3115 2839 3171 iieraclius
2874 3118 2942 3170 ab
2967 3117 3172 3170 Arsana
3209 3117 3372 3170 ﬂuvio
3400 3119 3564 3172 unius
3593 3126 3816 3172 tantum

2245 3209 2348 3262 dici
2379 3209 2571 3262 itinere
2597 3209 2707 3276 jam
2741 3207 2979 3268 abesset.
3013 3207 3317 3261 nuntiatum
3349 3208 3450 3277 ipsi
3479 3217 3562 3262 est
3585 3209 3815 3260 Cesram

2243 3303 2306 3354 ad
2343 3301 2533 3354 vadum
2575 3301 2850 3354 sedentem
2892 3301 3067 3368 ipsum
3110 3309 3470 3369 exspectare:
3515 3300 3611 3354 ille
3654 3314 3816 3368 ergo,

2248 3371 2439 3443 relicto
2473 3388 2718 3442 exercitu
2749 3403 2872 3453 suo,
2901 3403 3130 3461 quaeque
3165 3404 3350 3443 secum
3388 3387 3601 3454 habuit,
3643 3390 3818 3456 impe-

2245 3478 2526 3541 dimentis,
2552 3477 2960 3548 assumptisque
2985 3480 3247 3555 comitum
3281 3494 3503 3534 suorum
3533 3480 3817 3533 nonnullis

2247 3582 2485 3626 stramen
2512 3585 2698 3626 secum
2723 3580 2776 3626 et
2801 3570 3170 3640 jumentorum
3197 3571 3380 3625 ﬂminn
3413 3572 3648 3640 accepit.
3676 3587 3816 3640 qum,

2248 3677 2368 3718 cum
2401 3663 2631 3717 adverso
2651 3661 2874 3717 ﬂumine
2904 3663 3064 3718 unius
3094 3663 3200 3717 dici
3230 3663 3424 3718 itinere
3452 3663 3817 3722 ascendisset.

2251 3755 2305 3806 iu
2346 3753 2567 3808 ﬂuvium
2604 3754 2859 3822 coniecit.
2899 3756 3052 3823 Aqua
3083 3770 3213 3824 ergo
3251 3763 3490 3808 stramen
3531 3765 3584 3807 et
3627 3755 3815 3807 timum

2249 3859 2436 3902 aecum
2480 3847 2657 3900 delata
2691 3848 2846 3918 juxta
2887 3845 3109 3902 Cesram
3156 3860 3209 3900 ct
3250 3846 3606 3918 237-239
3647 3847 3815 3917 ipsius

2253 3940 2783 4010 socioswtransvcxit,
2818 3939 3015 4006 quibus
3057 3939 3108 3990 in
3142 3938 3307 3992 ﬂuvio
3340 3939 3678 4007 conspectis,
3720 3938 3814 3996 illi.

2254 4031 2565 4086 Ileraclium
2619 4029 2747 4084 alibi
2804 4029 3055 4097 superius
3101 4028 3322 4083 ﬂuvium
3364 4029 3642 4099 trajecisse
3695 4030 3828 4089 ruli,

2255 4126 2447 4179 relicto
2479 4123 2616 4177 vado
2663 4121 2890 4192 profecti
2938 4132 3066 4176 sunt
3108 4119 3172 4176 ad
3211 4123 3387 4176 locum
3433 4121 3521 4174 tibi
3558 4123 3815 4174 transiret

2256 4215 2536 4270 lleraclius
2584 4214 2958 4281 qurerendum.
3018 4211 3222 4266 Deinde
3273 4211 3521 4280 Heraclio
3567 4210 3632 4265 ad
3690 4226 3814 4264 suos

2257 4322 2478 4361 reverso
2513 4306 2823 4359 nuntiatum
2868 4310 2952 4358 est
2994 4304 3215 4358 Cesram
3267 4304 3549 4372 ipsiusque
3589 4305 3815 4356 comites

2260 4399 2450 4451 relicto
2480 4397 2615 4450 vado
2645 4397 2760 4449 loca
2790 4396 3070 4464 superiora
3107 4395 3345 4463 petiisse.
3380 4395 3501 4464 ipse
3533 4410 3666 4462 ergo
3697 4411 3812 4448 rum

592 4499 720 4566 lilio,
755 4506 918 4565 caput
946 4496 1045 4566 ipsi
1076 4503 1131 4549 et
1159 4495 1381 4550 barbam
1415 4495 1588 4560 rasit;
1623 4495 1819 4549 deinde
1871 4497 2084 4552 traditis
2113 4518 2140 4550 υ

2247 4490 2444 4566 sociis
2481 4489 2594 4541 suis
2632 4502 2858 4554 pergens
2893 4486 3112 4539 ﬂuvium
3151 4486 3393 4555 trajecit,
3429 4486 3816 4556 profectusque

593 4606 728 4661 quas
770 4589 955 4655 ferret,
999 4587 1228 4654 litteris,
1258 4588 1324 4641 ad
1359 4585 1712 4660 233-235
1740 4598 1945 4657 patrem
1993 4604 2150 4642 suum

595 4683 811 4738 Cesram
861 4681 1038 4743 misit,
1084 4679 1244 4733 asino
1286 4678 1508 4733 clitellis
1552 4677 1786 4734 instrato
1817 4679 2151 4749 impositum,

597 4773 700 4828 una
726 4787 851 4825 cum
883 4781 1084 4830 turma.
1116 4767 1207 4824 cui
1238 4769 1294 4823 in
1327 4769 1596 4823 mandatis
1623 4768 1850 4823 dederat
1875 4769 2050 4837 ipsum
2087 4771 2152 4822 ad

595 4874 797 4933 patrem
827 4878 986 4917 suum
1021 4862 1310 4916 deducere.
1341 4859 1598 4931 Epistolas
1622 4869 1804 4915 autem
1833 4876 1992 4930 quam
2024 4843 2157 4916 scri-

597 4961 697 5027 psit
740 4961 840 5012 hoc
881 4957 1160 5025 exemplar
1198 4964 1284 5011 est
1301 4970 1334 5010 εΔ
1368 4955 1416 5009 Δ
1461 4971 1627 5012 servo
1653 4954 1859 5011 Christi
1905 4953 2157 5016 Heraclio

597 5066 747 5118 opem
774 5046 826 5120 [a
853 5046 986 5119 Deo]
1006 5057 1303 5102 eonsecnto
1326 5047 1396 5101 ad
1417 5045 1642 5100 ουτω
1669 5047 2156 5115 contemptibilem,

591 5125 932 5206 perplexum,
977 5155 1078 5208 ope
1112 5138 1456 5192 destitutum.
1493 5137 1586 5192 llis
1628 5140 1924 5204 prtemissis
1965 5153 1980 5190 :
2033 5137 2159 5191 Col-

599 5232 701 5299 legi
733 5245 839 5298 ego,
865 5228 964 5281 tibi
999 5229 1051 5281 in
1077 5219 1474 5294 redemptionis
1500 5223 1607 5277 mei
1634 5230 1689 5277 et
1716 5222 1980 5284 ditionum
2007 5236 2158 5276 inca-

599 5338 719 5376 rum
763 5320 994 5389 pretium
1023 5319 1172 5386 quod,
1215 5317 1406 5385 potui,
1463 5323 1593 5369 sunt
1641 5321 1822 5366 autem
1864 5311 2160 5389 .Persarum

604 5417 803 5485 capita,
829 5415 1033 5483 quibus
1063 5409 1255 5482 [datis]
1283 5409 1426 5482 quod
1457 5409 1553 5462 tibi
1583 5406 1810 5475 promisi
1834 5405 2161 5476 persolvant.

607 5507 798 5562 Statim
827 5523 954 5574 ergo
981 5504 1068 5557 ubi
1103 5503 1313 5558 litteras
1347 5515 1493 5556 meas
1529 5497 1848 5568 perlegeris,
1871 5509 2160 5565 antequam

607 5615 700 5652 eas
737 5613 768 5652 e
799 5613 959 5650 manu
1008 5606 1098 5650 tua
1141 5594 1467 5663 deposueris
1539 5591 1706 5644 uittas
1744 5588 1836 5660 qui
1886 5604 1950 5642 ea
1995 5589 2060 5642 ad
2112 5598 2163 5644 te

583 5687 905 5753 -pcrfci‘ant.
939 5684 1085 5740 Vale.
1115 5683 1214 5739 Ubi
1239 5685 1401 5754 igitur
1420 5685 1484 5736 ad
1509 5694 1713 5748 patrem
1741 5696 1897 5735 suum
1931 5680 2166 5734 Ccsram‘

615 5781 940 5844 perveni~sct
963 5778 1230 5836 Kobatlcs.
1253 5791 1514 5844 cumque,
1539 5775 1715 5840 capite
1739 5781 1791 5826 ct
1821 5771 1981 5825 barba
2003 5771 2161 5835 rasis,

2255 4585 2339 4630 est
2371 4577 2544 4630 donec
2574 4571 2999 4651 Trapezuntimn
3034 4577 3359 4643 perveniret.
3394 4574 3526 4630 Dein
3554 4591 3815 4632 conscen-

2256 4669 2332 4721 sis
2384 4668 2609 4720 navibus
2641 4665 3159 4734 Constantinopolim
3193 4665 3357 4728 adiit,
3405 4665 3559 4732 cujus
3630 4666 3816 4721 incola

2259 4760 2360 4827 ipsi
2401 4775 2522 4812 cum
2570 4757 2771 4828 gaudio
2805 4766 2858 4810 et
2906 4757 3279 4811 exsultatione
3320 4771 3716 4818 occurrerunt.
3757 4772 3815 4809 ac

2259 4862 2460 4918 septem
2493 4851 2610 4902 dies
2641 4849 2873 4910 edendo,
2908 4847 3162 4909 bibendo.
3196 4855 3249 4902 et
3282 4848 3479 4901 laetitia:
3519 4849 3816 4918 insumpse-

2259 4949 2405 4994 runt.
2446 4939 2761 4993 Nuntiatum
2811 4934 2989 4993 autein
3037 4949 3118 4990 est
3168 4938 3347 4993 Ccsrm
3397 4929 3706 4993 i'ieraclium
3753 4937 3814 4991 ad

2258 5031 2454 5084 vadum
2507 5046 2785 5085 reversum
2851 5032 3175 5096 trajecissc,
3233 5039 3474 5084 stramen
3531 5040 3716 5084 autem
3765 5037 3815 5081 et

2260 5127 2444 5178 linum
2477 5124 2527 5177 in
2565 5123 2787 5177 ﬂuvium
2823 5124 2949 5177 dolo
2993 5139 3054 5177 ac
3085 5122 3275 5177 fraude
3306 5123 3373 5177 ab
3409 5124 3527 5192 ipso
3562 5123 3810 5190 injectum

2260 5217 2448 5272 fuisse.
2484 5215 2576 5269 llle
2619 5231 2750 5284 ergo
2783 5214 2847 5267 ad
2894 5216 3078 5268 urbem
3126 5229 3279 5268 suam
3322 5213 3600 5281 profectus
3639 5214 3802 5283 ipsam

2263 5312 2556 5364 desolatam
2591 5309 2814 5371 invenit,
2850 5316 2908 5358 ut
2935 5321 3036 5360 nec
3069 5307 3121 5358 in
3151 5321 3213 5358 ea
3245 5321 3378 5375 puer
3404 5314 3571 5365 esset,
3603 5321 3704 5358 nec
3731 5305 3810 5372 qui

2261 5409 2498 5459 vocaret,
2531 5413 2630 5451 nec
2661 5397 2752 5466 qui
2784 5396 3157 5464 responderet.

2334 5491 2506 5559 Atque
2525 5507 2589 5543 ex
2610 5506 2674 5544 eo
2698 5499 2940 5556 tempore
2966 5488 3229 5541 infirmari
3257 5487 3543 5542 Persarum
3571 5502 3808 5555 regnum,

2265 5586 2426 5650 idque
2481 5600 2623 5636 anno
2673 5582 2882 5647 imperii
2936 5579 3165 5640 Heraclii
3212 5579 3478 5647 Septimo,
3517 5580 3810 5646 eodemque

2268 5677 2439 5728 lii-inc
2468 5675 2717 5740 septimo.
2747 5678 2902 5728 Anno
2935 5673 3141 5740 imperii
3172 5670 3398 5724 llct‘aclii
3430 5670 3672 5724 secundo
3696 5684 3809 5722 ron-

2267 5773 2490 5820 stituttts
2538 5775 2618 5818 est
2659 5758 2913 5816 Yusalius
2961 5758 3322 5820 [Bonifacius]
3358 5759 3669 5817 patriarcha
3713 5758 3808 5812 lino
