4142 6440
333 283 346 337 l
359 276 462 336 089

1732 281 2099 343 ANNALES.

3364 286 3501 347 1090

328 403 530 453 manus.
561 392 651 460 qui
683 408 854 447 annos
879 394 1118 461 quinque
1156 394 1317 457 sedit,
1343 394 1466 448 dein
1492 404 1731 449 mortuus
1780 406 1861 450 est
1888 408 1934 461 Α
1965 397 2007 449 si
2056 405 2267 463 pactum
2320 401 2372 447 ct
2418 388 2799 463 juramcntum
2843 394 3149 471 violaverim
3206 397 3359 449 cedet
3406 396 3503 448 hoc

325 493 458 533 anno
500 495 639 534 nono
696 481 904 549 imperii
939 480 1212 549 ejusdem,
1245 483 1334 551 qui
1371 492 1424 537 et
1456 483 1626 538 ile-irae
1660 501 1851 549 nonus,

326 568 785 636 Constantinopoli
842 585 1093 637 egressus
1147 570 1430 628 lleraclins
1491 574 1859 645 Hierosolyma

322 649 560 712 tendebat
589 699 603 718 ,
657 672 765 723 quo
812 658 1015 713 videret
1065 661 1192 729 quid
1240 664 1291 715 in
1338 663 1448 731 ipsa
1493 665 1861 719 devastasscnt

322 735 510 804 Persae.
559 747 661 801 Ubi
692 756 867 802 autem
914 749 1167 805 llemsum
1213 757 1544 823 pervenisset
1576 758 1861 810 noluerunt

319 841 425 904 ejus
470 840 657 891 incolae
704 838 877 907 ipsum
925 842 1195 910 recipere,
1237 843 1399 915 240
1430 848 1675 901 dicentes
1716 848 1854 914 ipsi:

320 931 571 984 llaronita
606 941 660 984 tu
707 947 765 985 es
808 946 871 984 ac
912 934 1158 1001 religioni
1200 945 1397 990 nostra:
1434 936 1716 991 adversus.
1748 937 1859 992 illis

318 1020 437 1088 ergo
471 1022 676 1075 relictis
708 1022 772 1075 ad
808 1026 1191 1079 monasterium
1222 1026 1453 1081 Maronis
1487 1030 1638 1091 abiit,
1670 1030 1721 1081 in
1753 1045 1859 1097 quo

317 1115 397 1176 qui
424 1122 576 1164 erant
608 1116 854 1169 monachi
877 1119 1079 1184 egressi
1103 1118 1314 1171 obviam
1344 1120 1442 1187 ipsi
1468 1118 1688 1185 profecti
1712 1132 1856 1175 sunt.

293 1202 427 1266 ,Fuit
468 1214 647 1257 autem
704 1203 982 1259 lleraclius
1030 1206 1292 1260 Maronita
1319 1249 1335 1273 ,
1387 1208 1690 1277 multasque
1726 1209 1857 1278 ipsis

314 1309 436 1361 opes
468 1297 731 1359 contulit,
764 1299 906 1365 agris
931 1296 1092 1349 etiam
1127 1298 1339 1351 donato"
1364 1301 1694 1355 monasterio
1726 1301 1860 1356 adeo

316 1396 365 1437 ιιι
394 1400 648 1453 prospere
678 1402 735 1439 se
760 1388 1022 1442 haberent
1045 1403 1129 1442 res
1156 1403 1367 1443 eorum.
1388 1389 1515 1445 Inde
1541 1391 1856 1446 Damascum

315 1474 589 1542 profectus
615 1487 717 1529 est.
750 1476 872 1529 Fuit
907 1486 1082 1531 autem
1118 1478 1365 1533 Damasci
1395 1463 1476 1533 vir
1509 1482 1728 1549 quidam
1764 1498 1861 1535 no-

313 1563 447 1615 mine
482 1562 702 1615 Mansur
740 1561 952 1632 Serjnni
991 1566 1164 1629 (ilius,
1200 1569 1420 1623 tributis
1448 1556 1725 1639 exigendis
1762 1587 1860 1626 no-

312 1652 450 1709 mine
497 1652 742 1707 Mauricii
789 1655 1137 1724 imperatoris
1170 1659 1485 1727 praefectus.
1522 1677 1551 1715 a
1594 1679 1700 1731 quo
1735 1678 1855 1716 cum

312 1742 563 1805 pecunias
584 1754 784 1811 peteret
804 1744 1080 1800 llcraclins
1104 1756 1215 1801 toto
1237 1764 1501 1804 annorum
1528 1767 1632 1821 quo
1651 1753 1857 1808 obsessi

310 1840 462 1883 erant
515 1832 987 1905 Constantinopoli
1049 1836 1274 1893 Romani
1324 1842 1499 1905 spatio
1550 1841 1855 1916 [debitas,]

311 1928 463 1989 atque
493 1922 581 1995 ille
606 1924 848 1980 Damasci
878 1926 1137 1980 tributum
1162 1944 1221 1984 se
1249 1931 1315 1983 ad
1341 1931 1560 1985 Ccsram
1596 1934 1857 1990 detulisse

308 2014 950 2087 responderet,vgraviter
985 2019 1038 2072 in
1069 2036 1189 2073 eum
1225 2022 1505 2091 inquisivit
1544 2026 1858 2081 verberibus

308 2106 352 2151 ει
386 2101 816 2160 incarceratione
836 2145 851 2170 ,
881 2107 1055 2162 donec
1088 2109 1157 2163 ab
1190 2110 1307 2177 ipso
1337 2116 1549 2168 centies
1580 2115 1724 2169 mille
1759 2131 1857 2170 au-

308 2204 427 2245 reos
483 2204 860 2261 extorqueret;
924 2197 1047 2251 dein
1107 2184 1856 2269 ipsi.praefecturam‘istam

306 2281 646 2338 conﬁrmavit
694 2303 709 2339 :
756 2302 918 2356 quam
973 2289 1044 2342 ob
1100 2305 1322 2344 causam
1380 2292 1664 2351 Hansurns
1721 2301 1855 2352 iram

306 2382 525 2437 pectore
577 2385 677 2429 suo
727 2376 781 2430 in
843 2377 1147 2453 llerﬁaciium
1205 2380 1356 2436 fovit.
1410 2383 1540 2439 Inde
1588 2385 1859 2453 profectus

306 2462 583 2519 ileraclius
618 2452 991 2539 Hierosolyma
1028 2471 1202 2539 petiit.
1234 2470 1479 2543 Cumque
1517 2452 1855 2533 'l'iberiadem

305 2553 679 2619 pervenisset,
728 2558 930 2625 egressi
988 2558 1055 2611 ad
1112 2560 1284 2628 ipsum
1332 2559 1503 2616 Judaei
1553 2562 1857 2619 Tiberiadis

305 2643 515 2707 incolze,
549 2659 649 2698 nec
677 2660 785 2698 non
818 2648 1057 2715 regionis
1079 2649 1308 2703 Galilzeze
1330 2661 1599 2707 montanae
1618 2664 1669 2708 et
1691 2653 1854 2709 Naza-

304 2735 433 2787 rethi
464 2735 818 2804 Omniumque
841 2738 999 2793 istius
1031 2742 1201 2807 partis
1226 2744 1569 2811 oppidorum,
1601 2745 1704 2813 ipsi
1734 2761 1854 2800 cum

303 2826 617 2880 muneribus
649 2841 1032 2894 occurrerunt,
1066 2832 1240 2885 fausta
1282 2820 1694 2903 comprecantes
1716 2875 1729 2899 ,
1762 2852 1854 2890 ro-

305 2921 596 2984 gantesqtm
639 2927 697 2969 ut
745 2921 1081 2973 securitatem
1130 2923 1266 2990 ipsis
1306 2928 1661 2990 concederet;
1691 2943 1853 2997 quam

304 3008 609 3070 roneessit,
646 3007 931 3079 foedusque
963 3027 1086 3065 cum
1135 3012 1266 3084 ipsis
1299 3014 1495 3070 litteris
1526 3018 1851 3087 obsignavit.

304 3091 399 3147 libi
451 3106 638 3151 autem
693 3098 1059 3173 Hierosolyma
1115 3105 1447 3170 pervenisset
1494 3107 1704 3160 obviam
1754 3110 1852 3178 ipsi

302 3180 422 3236 farti
452 3193 584 3237 sunt
610 3186 969 3259 [monasterii]
994 3187 1149 3259 251
1188 3188 1345 3259 243
1372 3190 1433 3244 Al
1461 3190 1557 3245 δικ
1585 3194 1850 3257 monachi,

302 3274 561 3340 urbisque
588 3273 1096 3351 llierosolymitanae
1130 3283 1338 3344 incolae,
1380 3283 1674 3337 comitante
1705 3283 1853 3352 ipsos

301 3361 560 3429 Modesto,
588 3383 712 3421 curn
742 3369 1030 3425 thuribulis
1052 3380 1105 3425 et
1129 3370 1329 3445 sullitu.
1351 3375 1484 3429 Cum
1512 3390 1639 3429 vero
1663 3375 1849 3429 urbem

302 3454 583 3523 ingressus
609 3473 669 3512 ea
705 3474 827 3528 quae
855 3447 1132 3515 diruerant
1157 3477 1220 3517 ac
1246 3465 1643 3523 succenderant
1670 3464 1850 3520 Per’stc

301 3549 551 3613 vidisset,
582 3548 774 3620 magna
809 3550 1035 3607 affectus
1062 3564 1143 3608 est
1178 3555 1419 3611 tristitia.
1467 3554 1750 3612 Dein‘cutn
1784 3571 1849 3611 ea

300 3643 659 3708 conSpexerat
698 3628 975 3696 Modestus
989 3681 1004 3705 ,
1063 3632 1347 3716 videliceﬁ
1368 3644 1625 3713 templum
1656 3642 1856 3698 Resur-

300 3731 589 3792 reetionis,
642 3728 860 3793 Cranii,
909 3740 960 3785 et
1011 3730 1123 3785 Mar
1172 3734 1576 3805 Constantini,
1610 3749 1849 3800 rursum,

300 3818 500 3884 gaudio
531 3816 757 3872 allectus
789 3816 1031 3871 Modesto
1063 3818 1132 3871 ob
1165 3834 1227 3873 ea
1266 3834 1385 3889 qua:
1417 3818 1617 3873 fecerat
1647 3820 1851 3889 gratias

299 3912 424 3980 egit.
459 3909 757 3963 Narrarunt
795 3908 977 3963 autem
1022 3909 1125 3978 ipsi
1166 3910 1413 3967 monachi
1454 3917 1509 3981 et
1544 3908 1850 3981 Hierosoly-

300 4016 508 4053 morum
538 4000 732 4053 inrolze
764 3998 977 4055 Iudaeos
1008 4000 1097 4069 qui
1126 3999 1267 4053 circa
1286 3990 1675 4071 Hierosolyma
1693 4003 1852 4071 dege-

298 4103 445 4156 rent,
481 4108 585 4144 una
618 4107 740 4145 cum
775 4093 841 4145 iis
871 4092 960 4160 qui
982 4090 1214 4145 Galilaea:
1244 4100 1500 4145 montana
1533 4093 1846 4165 incolerent,

297 4196 402 4252 quo
434 4193 677 4253 tempore
708 4193 972 4238 venerunt
1012 4184 1216 4246 Persze,
1255 4182 1388 4252 ipsis
1417 4198 1476 4237 se
1505 4181 1845 4252 adjunxisse.

298 4287 562 4343 Opemque
595 4275 786 4329 tulisse
807 4313 822 4338 ,
852 4276 1107 4343 ipsosque
1136 4274 1471 4330 Christianos
1501 4275 1646 4329 caede
1674 4274 1847 4344 magis

1960 486 2091 539 mihi
2134 486 2197 539 in‘
2222 486 2604 554 opprobrium,
2641 486 2947 555 famamque
2982 488 3111 540 mihi
3147 488 3339 539 malam
3376 502 3507 541 con.

1959 575 2191 639 ciliabit;
2244 593 2340 630 nec
2390 585 2569 631 certus
2620 594 2740 630 sum
2792 579 2833 631 si
2886 578 2976 631 alii
3026 578 3257 646 cuipiam
3316 589 3504 647 prmtcr

1956 663 2174 719 Judmos
2211 676 2422 733 pactum
2458 668 2659 735 scripto
2688 667 3141 729 confirmaverint,
3169 669 3299 719 illud
3326 669 3505 735 ipsum

1959 769 1989 807 a
2037 770 2121 808 me
2169 763 2537 823 accepturum.
2601 755 2654 808 Si
2700 772 2829 826 ergo
2880 757 2981 810 hoc
3029 771 3138 808 non
3188 760 3507 824 pra-stilertv,

1960 847 2210 909 mendax,
2248 848 2407 899 fallax
2452 856 2507 903 ct
2558 848 2777 901 minime
2815 850 2916 902 fide
2976 838 3195 914 dignus,
3229 846 3367 912 apud
3397 864 3510 899 om-

1961 953 2057 1006 nes
2089 938 2288 1006 passim
2328 938 2571 990 homines
2603 938 2869 999 habebor,
2900 939 3035 990 ultra
3082 948 3363 1005 peccatum
3402 952 3541 988 ma-.

1964 1041 2126 1092 gnum
2162 1034 2213 1077 et
2244 1026 2421 1079 scelus
2448 1026 2603 1093 cujus
2637 1042 2761 1080 reus
2800 1042 2892 1096 ero
2924 1027 3061 1091 apud
3096 1026 3378 1080 Dominqu
3400 1014 3511 1076 'nn-

1961 1125 2133 1169 strnrn
2170 1115 2477 1181 Christum,
2511 1124 2645 1169 cunr
2665 1117 2918 1187 populum
2949 1118 3035 1171 cui
3068 1118 3221 1170 hiem
3255 1118 3509 1179 fecerant,

1960 1222 2189 1275 eantque
2238 1214 2398 1275 pacto
2444 1207 2637 1261 litteris
2684 1196 3000 1278 censignato
3047 1208 3509 1274 (conﬁrmaverant

1963 1295 2379 1365 interfecerim.)
2427 1293 2524 1352 Cui
2576 1282 2896 1351 illiziNovit
2954 1298 3213 1352 Dominus
3267 1298 3514 1350 Christus

1961 1386 2163 1441 caedem
2200 1387 2438 1455 ipsorum
2477 1388 2569 1441 tibi
2602 1374 2950 1457 peccatorum
2988 1389 3348 1459 expiationem
3385 1403 3515 1438 con-

1965 1479 2276 1532 ciliaturum
2306 1520 2321 1543 ,
2365 1487 2419 1532 et
2464 1480 2809 1541 iniuuitatum
2849 1490 3059 1535 tuarum
3113 1479 3511 1541 remissionem,

1959 1581 2277 1624 excusatum
2324 1573 2485 1624 etiam
2520 1580 2571 1625 te
2603 1573 2877 1627 habebunt
2909 1575 3189 1635 homines,
3232 1573 3372 1641 quod
3407 1587 3512 1639 qun

1962 1670 2202 1729 tempore
2240 1662 2372 1731 ipsis
2396 1666 2738 1717 securitatem
2769 1666 3110 1730 concessisti,
3147 1681 3250 1717 non
3279 1664 3513 1723 noveris,

1892 1735 1931 1788 Β
1963 1765 2059 1804 nec
2118 1763 2456 1820 perspectum
2516 1754 2813 1816 habueris,
2868 1769 3029 1822 Quam
3083 1754 3513 1807 Chrisdanorum

1959 1851 2194 1910 stragem
2224 1843 2529 1905 ediderant,
2577 1860 2715 1912 quas
2760 1846 3022 1900 ecclesias
3065 1845 3349 1897 diruerant
3393 1858 3512 1896 cum

1959 1932 2054 1984 tibi
2087 1932 2298 1984 obviam
2322 1933 2528 2001 egressi
2561 1934 2878 1988 muneribus
2905 1945 2955 1990 te
2983 1937 3295 2005 exceperint
3322 1953 3337 2001 ;
3366 1934 3511 2001 qttutl

1959 2022 2087 2076 dolo
2120 2008 2355 2092 ab'ipsis
2394 2024 2619 2089 factum,
2654 2034 2714 2079 et:
2741 2025 2807 2078 ad
2839 2028 3053 2096 culpam
3090 2043 3253 2096 quam
3288 2033 3517 2082 commi-

1957 2123 2139 2165 serant
2174 2115 2555 2168 amolicndam.
2587 2112 2704 2167 Jam
2734 2131 2863 2169 vero
2892 2118 3067 2171 cades
3103 2132 3311 2177 eorum,
3341 2120 3515 2170 sar-ri.

1959 2201 2137 2258 licium
2160 2205 2264 2257 erit
2297 2220 2326 2257 a
2356 2214 2407 2259 te
2433 2204 2543 2259 Deo
2572 2205 2812 2259 oblatum
2843 2222 2858 2259 :
2892 2222 2990 2260 nos
3022 2216 3201 2260 autem
3234 2218 3513 2276 pecc:ilttnt

1962 2294 2064 2347 hoc
2094 2309 2125 2347 a
2158 2303 2207 2347 te
2244 2292 2322 2364 [in
2355 2293 2475 2365 nos]
2504 2294 2896 2350 transferemus
2918 2336 2935 2360 ,
2971 2298 3175 2365 tibique
3209 2297 3384 2365 ipsum
3423 2314 3509 2350 cs-

1959 2382 2248 2452 piahimus.
2287 2392 2537 2453 rogantes
2567 2383 2846 2439 Dominum
2876 2395 3117 2439 nostrum
3148 2372 3329 2441 Jesum
3361 2389 3509 2441 Chri-

1959 2482 2101 2527 stum
2138 2490 2204 2527 ne
2238 2475 2413 2543 ipsum
2464 2476 2555 2539 tibi
2606 2476 2871 2545 imputet,
2920 2492 2982 2531 ac
3013 2476 3369 2545 septimanam
3410 2495 3510 2552 qna

1957 2580 2055 2618 ova
2109 2574 2163 2619 et
2211 2580 2409 2619 caseus
2459 2567 2853 2631 eomeduntur,
2908 2567 3054 2620 illam
3107 2565 3344 2638 [nempe]
3395 2584 3512 2634 qua!

1951 2652 2217 2722 jejunium
2264 2668 2521 2723 magnum
2571 2654 2848 2722 praecedit,
2892 2663 3200 2708 statuemus
3241 2655 3510 2729 jejunium

1955 2743 2317 2816 245ο247
2353 2759 2543 2813 purum
2575 2744 2717 2813 quod
2748 2745 2957 2814 jejunio
2992 2761 3186 2813 magno
3217 2761 3509 2801 accenseo.

1956 2842 2066 2895 tur,
2095 2847 2204 2901 quo
2231 2836 2285 2886 in
2316 2832 2393 2885 tui
2417 2833 3008 2903 gratiampjejuncmus,
3036 2847 3264 2886 ovorum
3290 2843 3344 2886 et
3365 2835 3509 2888 casei

1955 2937 2049 2975 esn
2107 2922 2312 2975 omisso
2360 2923 2601 2991 quandiu
2649 2908 2866 2977 durabit
2917 2922 3103 2991 reiigio
3178 2923 3509 2978 Christiani.

1958 3011 2223 3065 llelchitm
2249 3012 2391 3065 enim
2421 3000 2756 3067 hebdomada
2781 3012 2883 3065 ista
2917 3013 2983 3066 ab
3013 3028 3109 3067 esu
3135 3015 3319 3066 carnis
3347 3012 3512 3075 absti-

1956 3105 2171 3168 nehant,
2198 3118 2297 3155 ora
2321 3110 2374 3156 et
2399 3116 2614 3156 caseum
2642 3111 2696 3155 et
2720 3103 2897 3171 pisces
2927 3103 2979 3155 in
3002 3104 3115 3173 ipsa
3143 3106 3507 3169 comedenti-s,

1959 3195 2035 3247 uti
2086 3209 2117 3247 e
2165 3191 2368 3262 Typico
2414 3192 2588 3246 sancti
2628 3192 2738 3246 Mar
2790 3180 2945 3246 Saba:
3012 3193 3509 3263 liquetuDixcrnnt

1953 3292 2132 3338 autem
2163 3273 2241 3335 illi
2278 3298 2293 3334 :
2335 3278 2446 3336 Nos
2475 3296 2537 3335 ea
2569 3281 2646 3335 tui
2699 3281 2871 3349 gratia
2905 3280 3299 3350 jejuriabimus,
3333 3282 3507 3337 omnis

1955 3375 2029 3428 rei
2082 3373 2293 3443 pinguis
2318 3380 2487 3427 ‘esutn
2535 3375 2885 3434 amittentes,
2924 3381 3087 3439 atque
3120 3372 3234 3425 'hoc
3274 3387 3506 3443 canone,

1955 3460 2571 3524 escomrnunicatioue,
2593 3468 2648 3515 et
2680 3460 3030 3513 anathemate
3060 3461 3366 3515 sanciemus
3389 3501 3403 3523 ,
3442 3476 3509 3515 ne

1954 3568 2191 3622 unquam
2244 3545 2519 3615 mutetur,
2578 3546 2661 3606 de
2693 3536 2892 3606 eodem.
2934 3554 2985 3605 in
3030 3567 3219 3607 omnes
3259 3556 3508 3623 regiones

1954 3646 2163 3700 litteras
2208 3644 2507 3709 mittentes,
2554 3652 2615 3697 ut
2652 3644 2705 3697 in
2756 3643 3190 3713 propinationem
3225 3643 3426 3714 [cedat]
3456 3644 3506 3698 ei

1950 3719 2095 3806 q‘uod
2129 3752 2158 3789 a
2196 3747 2246 3789 te
2289 3718 2724 3804 impetravimus.
2761 3736 3016 3787 Annuens
3051 3750 3179 3803 ergo
3229 3738 3325 3787 hac
3359 3736 3411 3787 in
3448 3750 3504 3788 re

1953 3828 2082 3897 ipsis
2118 3826 2424 3891 lleraclius,
2454 3842 2486 3880 e
2515 3806 2718 3883 Judazis
2747 3826 2837 3893 qui
2874 3826 3018 3878 circa
3053 3825 3422 3896 Hierosolyma
3453 3834 3504 3879 et

1944 3927 2187 3971 montem
2233 3906 2469 3971 Calilma:
2510 3924 2686 3980 erant,
2733 3930 2875 3984 quos
2921 3915 3259 3982 prehendere
3306 3915 3502 3983 potuit,

1951 4006 2265 4058 innumeros
2308 4003 2551 4079 occidit,
2611 4002 2685 4056 Es
2734 4002 2866 4071 ipsis
2886 4004 3054 4056 aeninr
3082 4001 3171 4055 alii
3204 4003 3505 4067 latuerunt,

1950 4095 2040 4149 alii
2064 4094 2186 4163 fuga
2210 4108 2267 4147 se
2285 4095 2341 4146 in
2365 4094 2603 4154 deserta,
2622 4102 2836 4147 montes
2852 4100 2915 4147 ‘et
2934 4090 3098 4148 valles
3121 4103 3176 4147 et
3204 4093 3496 4165 Egypuun

1950 4185 2342 4238 subduxerunt.
2374 4179 2772 4251 Primamergo
2798 4182 2989 4250 jejunii
3026 4183 3403 4251 septimanam,
3443 4187 3497 4236 in

1948 4280 2052 4343 qua
2086 4272 2345 4327 Melchitze
2375 4287 2403 4325 a
2438 4272 2619 4325 carnis
2650 4281 2858 4333 tantum
2890 4286 2987 4325 esu
3021 4273 3321 4337 abstinent,
3360 4268 3500 4344 jcjtt-

297 4376 452 4431 quam
474 4364 650 4419 Persae
676 4370 1009 4433 persecutos,
1034 4370 1088 4417 et
1109 4365 1365 4419 ecclesias
1390 4368 1649 4428 vastasse,
1675 4364 1848 4433 iisque
1880 4386 1923 4443 ο
1952 4365 2111 4443 ιιῇιιιιι⁸
2148 4362 2455 4416 absolutum
2503 4369 2845 4426 statuerunt,
2899 4362 2951 4415 in
3001 4377 3107 4430 qua
3162 4364 3499 4433 imperatoris

297 4453 544 4511 flammas
568 4457 835 4527 injecissc,
857 4455 1092 4511 ostensis
1117 4456 1219 4524 ipsi
1243 4455 1398 4510 caesis
1422 4456 1517 4524 qui
1543 4455 1844 4525 inlamela

296 4547 528 4617 conjecti
581 4546 817 4602 fuerant.
850 4547 1151 4601 Certiorem
1196 4547 1356 4600 etiam
1394 4546 1570 4615 ipsum
1608 4544 1847 4600 fecerunt

286 4650 479 4691 eorum
533 4653 653 4706 qua:
692 4636 860 4691 Judaai
906 4637 1029 4707 Tyri
1078 4646 1556 4705 perpetraverant,‘
1590 4636 1733 4706 quod
1780 4636 1843 4688 ad

296 4731 491 4785 caedem
542 4730 1018 4795 Christianorum,
1059 4736 1112 4781 et
1150 4728 1498 4784 ecclesiarum
1549 4725 1846 4782 demolititk

296 4832 437 4877 ιιιιιιι.
474 4821 683 4889 Quibus
716 4820 1040 4890 Heraclius:
1072 4820 1209 4885 Quid
1241 4834 1392 4890 ergo,
1428 4818 1621 4889 inquit,
1650 4819 1848 4872 vultis?

297 4891 748 4979 Responderuni:
786 4910 851 4965 Ut
874 4888 1085 4979 gratum
1120 4911 1278 4964 nobis
1308 4888 1517 4964 faciens
1541 4923 1728 4961 omnes
1753 4906 1842 4975 qui

295 5003 437 5057 circa
468 5004 843 5074 Hierosolyma
867 5013 919 5055 et
942 5002 995 5055 in
1020 5014 1199 5055 monte
1218 4998 1452 5054 Galilaza:
1475 4986 1602 5073 sunt
1626 4997 1842 5052 Judaaos

296 5104 319 5143 ε
352 5096 528 5148 medio
578 5096 766 5157 tollas,
808 5108 930 5148 cum
974 5091 1106 5144 certi
1155 5105 1262 5143 non
1304 5090 1474 5143 simus
1508 5088 1637 5157 quin
1676 5086 1839 5138 adve-

296 5183 474 5239 niente
505 5195 663 5253 gente
692 5168 875 5253 aliqua
906 5181 1062 5237 nobis
1090 5180 1305 5233 inimica
1337 5178 1410 5230 illi
1438 5192 1630 5243 rursus
1654 5183 1841 5230 contra

296 5272 391 5343 nos
426 5274 687 5327 auxilium
725 5273 859 5342 ipsis
896 5273 1092 5335 ferant,
1132 5279 1190 5321 ut
1218 5268 1329 5336 jam
1365 5266 1546 5341 Persis
1581 5266 1838 5318 tulerunt.

298 5358 585 5433 Respondit
621 5364 934 5419 Heraclius:
970 5358 1250 5427 Quomodo
1282 5356 1512 5412 lnterlici
1551 5358 1694 5425 ipsos
1723 5372 1843 5425 pcr-

299 5451 534 5517 ntittam,
576 5468 699 5507 cum
742 5453 850 5521 jam
896 5451 1244 5506 securitatem
1288 5436 1420 5518 ipsis
1455 5449 1840 5510 concesserim,

302 5553 475 5611 eoque,
506 5543 863 5612 finerpactum
916 5540 1112 5599 litteris
1152 5538 1627 5606 consignaverim?
1681 5536 1841 5609 244

302 5644 388 5689 vos
413 5647 587 5690 autem
619 5636 771 5689 scitis
803 5634 930 5698 quid
963 5631 1247 5699 fmdifrago
1277 5629 1520 5684 debitum
1559 5632 1650 5685 sit.
1682 5631 1837 5696 Quod

1952 4446 2183 4508 ﬂerat-lii
2232 4455 2403 4523 gratia
2445 4452 2788 4522 jejnnarent,
2837 4468 2945 4522 quo
2994 4453 3355 4506 remitteretur
3399 4456 3502 4523 ipsi

1912 4584 1917 4595 ι
1953 4541 2169 4596 foederis
2193 4543 2278 4596 sui
2301 4542 2520 4617 violatio
2543 4550 2598 4595 et
2616 4539 2925 4594 Jttdmorutn
2953 4541 3145 4607 uades,
3166 4542 3233 4594 ah
3255 4559 3501 4604 ovorum,

1951 4634 2091 4689 casei
2157 4643 2211 4686 et
2241 4631 2478 4705 piscium'
2501 4646 2596 4684 esu
2629 4632 2681 4684 in
2711 4633 2898 4685 eadem
2934 4632 3288 4697 abstinentes,
3331 4632 3517 4701 caque‘

1951 4724 2018 4776 de
2058 4738 2116 4775 re
2163 4722 2217 4775 in
2262 4736 2451 4775 omnes
2493 4722 2744 4789 regiones
2786 4721 2996 4776 litteras
3032 4722 3404 4791 scripserunt:
3438 4739 3497 4777 ac

1950 4812 2163 4885 @gypti
2214 4811 2480 4881 COphtiue
2525 4811 2775 4869 inbunc
2824 4813 3181 4887 usque‘tliem
3230 4799 3493 4882 jejunium

1952 4904 2079 4958 illud
2121 4903 2434 4956 observant.
2461 4901 2632 4973 Syria:
2674 4918 2802 4956 vero
2835 4904 3173 4958 Damascenae
3203 4904 3406 4967 incolae,
3445 4914 3497 4959 et

1968 4994 2137 5049 Graeci
2166 4991 2429 5047 Melchita:
2462 5003 2585 5062 post
2614 5001 2841 5047 mortem
2879 4992 3107 5048 Heraclii
3148 4995 3338 5048 iterum
3373 4997 3499 5049 heh.

1949 5083 2176 5138 domada
2229 5084 2330 5138 ista
2359 5098 2483 5148 ova,
2525 5099 2775 5148 caseum,
2816 5097 2869 5140 et
2914 5086 3086 5154 pisces
3127 5083 3501 5143 comederunt.

1950 5165 2193 5245 2531..
2226 5174 2414 5254 eadem
2448 5176 2609 5228 etiam
2638 5175 2890 5254 jejunattl
2931 5176 3118 5230 diebus
3148 5176 3401 5231 Mercurii
3448 5192 3497 5232 et

1949 5265 2173 5321 Veneris
2199 5246 2461 5334 usquead
2483 5264 2713 5331 Nomm,
2740 5247 2860 5320 dein
2886 5268 3025 5331 ovis,
3052 5282 3233 5331 casco,
3258 5278 3311 5322 et
3332 5270 3494 5336 pisci-

1950 5356 2075 5421 bus,
2106 5341 2404 5420 vescentes,
2441 5357 2737 5412 secundum
2769 5372 3033 5411 canonem
3069 5374 3101 5410 a
3121 5369 3307 5411 sancto
3334 5356 3494 5407 Nice-

1930 5444 2121 5517 ~phoro
2156 5449 2461 5517 patriarcha
2505 5448 3127 5516 Constantinopolitano,
3167 5453 3399 5508 martyre
3439 5451 3492 5491 et

1952 5540 2293 5599 confessore.
2325 5541 2557 5609 positum
2582 5555 2598 5605 ;
2628 5538 3077 5607 quemadmodum
3105 5539 3378 5583 ostensum
3405 5539 3485 5577 est

1949 5631 2003 5685 in
2043 5633 2224 5697 tt'pico
2254 5629 2528 5696 Ecclesiae,
2568 5631 2816 5685 videlicet
2840 5621 3163 5679 orthodosos
3187 5618 3288 5668 ista
3323 5616 3485 5672 semi-
