4082 6492
674 270 804 333 1091

1708 260 2059 318 I'Ili'l'l'tillil
2100 261 2135 311 .\
2154 254 2499 313 I.EX.\NllH
2519 257 2531 310 l
2549 256 2617 311 Νι
2656 254 2865 311 I'.\'l‘|i.

3678 220 3683 255 ς
3733 249 3837 318 ma
3968 38 4003 343 Ι

681 400 839 438 mana
871 385 986 437 mis
1014 393 1069 436 et
1093 397 1251 435 casco
1282 382 1447 442 Περὶ,
1479 380 1641 430 etiam
1672 378 1863 429 dielzns
1900 376 2143 428 Mercurii
2175 385 2223 422 ιιι
2262 380 2299 429 Α
2331 374 2541 426 ailte:si
2600 379 2773 431 crzutt,
2832 368 3127 421 octodecim
3187 366 3472 430 interfecit,
3541 367 3831 432 fugientibus

678 475 929 538 Veneris;
963 474 1062 527 nisi
1095 473 1231 541 quod
1260 471 1451 525 diebus
1481 468 1624 527 istis,
1654 468 1901 519 Mercurii
1935 468 2142 517 scilicet
2167 474 2221 514 et

678 565 939 628 Veneris,
992 582 1162 632 usque
1208 563 1271 616 ad
1329 561 1531 613 Nonum
1574 560 1843 626 jejnnenl.
1896 558 1995 619 Qui
2047 570 2219 606 canum

674 656 921 723 coarguit
945 670 1039 707 eos
1070 654 1159 720 qui
1189 654 1436 718 jejunant
1471 654 1640 717 gratia
1672 646 1899 723 lli-rarlii
1937 647 2223 711 imperato-

677 749 772 810 ris,
802 763 832 799 e
872 753 1019 799 secta
1063 743 1480 802 Maronitarum,
1520 754 1548 790 a
1590 754 1820 807 quorum
1864 714 2025 787 iactis
2071 735 2224 784 malis

676 843 881 888 avertat
912 849 1011 886 nos
1044 832 1206 893 Deus,
1237 845 1356 882 cum
1391 844 1498 881 non
1530 828 1687 880 liceat
1718 825 1952 878 hominis
1985 822 2225 875 inuitalis

676 927 846 996 gratia
875 926 1159 995 jejunare;
1191 938 1364 991 eoque
1396 920 1565 988 magis
1594 920 1735 988 quod
1770 901 2065 984 imperatur
2102 915 2223 973 i>~lt',

676 1032 799 1069 cum
836 1015 996 1081 hujus
1034 1013 1216 1067 mundi
1250 1012 1413 1063 vitam
1444 1010 1754 1091 deponeret,
1788 1003 2048 1057 Maronita
2083 1017 2224 1053 mor-

678 1119 805 1158 tuus
831 1107 920 1157 sit.
956 1104 1025 1157 Ut
1050 1112 1230 1155 autem
1257 1102 1321 1153 ad
1351 1098 1631 1152 historiam
1667 1104 2028 1155 revertantur,
2061 1092 2229 1143 llera-

677 1192 817 1242 clins
850 1186 1150 1241 Modestum
1188 1187 1549 1245 monachum,
1594 1181 1906 1235 monasterii
1939 1179 2000 1232 Al
2033 1178 2226 1231 Duccsi

679 1281 1017 1349 praefectum,
1052 1278 1411 1346 patriarcham
1443 1273 1986 1341 llierosolymitanmu
2018 1258 2225 1322 consti-

678 1372 802 1431 tuit,
836 1384 897 1421 ac
931 1384 987 1420 se
1034 1367 1353 1418 Damascum
1386 1364 1538 1432 sequi
1567 1364 1747 1431 jussit,
1780 1376 1887 1429 quo
1916 1375 1946 1413 e
1976 1359 2222 1413 Damasci

679 1460 927 1530 vectigali
956 1460 1068 1527 ipsi
1100 1460 1349 1519 «leuaret,
1380 1466 1433 1509 et
1466 1458 1530 1508 de
1560 1453 2088 1512 Paltestinmtrilmto
2123 1450 2225 1518 ipsi

680 1551 1016 1609 remitteret,
1048 1561 1157 1615 quo
1195 1560 1384 1599 omnes
1417 1545 1675 1598 ecclesias
1708 1542 2231 1611 llicrosolymitanas

681 1651 819 1704 quas
848 1635 1129 1688 diruerant
1171 1632 1349 1686 Persae
1394 1635 1747 1685 instauraret.
1796 1630 2060 1683 Reversus
2105 1643 2232 1696 ergo

2326 466 2746 517 douiestieornm
2794 461 2965 531 ipsius
3017 460 3261 526 reliquis.
3299 460 3547 527 Dixitque
3583 476 3598 511 :
3637 458 3736 525 Ego
3764 462 3835 511 bo-

2327 557 2559 606 niinibus
2601 552 2859 603 trilmtnm
2914 551 3244 603 remissurus
3291 565 3408 601 sum
3436 588 3450 606 ,
3504 548 3637 599 adre
3695 558 3745 597 ut
3788 551 3837 601 ad

2324 660 2513 698 omnes
2549 640 2841 694 universim
2870 641 3169 707 pertingant
3203 638 3411 704 justitia
3442 648 3495 691 et
3525 638 3841 690 bcnrlirentia

2329 753 2467 789 mea.
2508 734 2711 801 Parum,
2732 742 2909 784 autem
2934 732 3084 783 ﬂuxit
3111 730 3369 799 temporis
3392 741 3674 799 antequam
3706 746 3843 798 gras-

2329 830 2537 881 saretur
2592 828 2644 876 iu
2709 820 2959 887 subditos
3010 824 3178 889 ipsius
3228 822 3433 889 pestis,
3492 837 3599 889 qua
3644 822 3848 889 plerique

2326 936 2515 972 eorum
2557 934 2584 969 e
2617 906 2793 968 meilio
2837 914 3033 965 διιὶιιςίιί
3089 922 3233 964 sunt.
3282 920 3542 977 pereunte
3596 924 3697 961 una
3747 926 3849 978 rege

2327 996 2663 1061 Sliirawailio
2711 991 2801 1092 qui
2836 1015 2888 1057 et
2930 1002 3175 1054 lioliaties
3208 1002 3396 1065 audiit,
3445 1016 3540 1051 nec
3590 1017 3692 1051 non
3727 1011 3851 1068 patri:

2326 1100 2499 1167 ipsius
2551 1092 2715 1151 (Σεὲιό
2768 1112 2779 1145 :
2831 1097 3063 1159 spatium
3117 1110 3224 1162 quo
3278 1094 3520 1160 regnavit
3568 1092 3853 1144 octimestre

2327 1199 2465 1244 erat.
2503 1189 2853 1256 Deindepust
2905 1189 3079 1256 ipsum
3132 1186 3375 1253 regnavit
3411 1182 3643 1235 Azilshir
3692 1184 3856 1234 Snira-

2332 1280 2489 1331 Waiili
2526 1278 2686 1341 filius,
2733 1294 2891 1348 quem
2942 1279 3119 1331 statim
3161 1277 3384 1329 adortus
3434 1274 3857 1339 przefectusiinti-

2335 1379 2445 1422 tum
2488 1370 2899 1423 occidentalium
2958 1368 3131 1435 ipsum
3179 1362 3411 1423 occidit,
3470 1379 3593 1415 cum
3650 1360 3861 1428 quinque

2336 1468 2544 1512 tantum
2596 1459 2873 1512 mensibus
2919 1465 3219 1521 regnasset.
3276 1452 3410 1504 Tum
3462 1466 3685 1519 regnum
3728 1465 3863 1499 occu-

2334 1550 2477 1617 pavit
2500 1549 2713 1616 quidam
2746 1534 2960 1599 nomine
2986 1524 3213 1606 Jorlim,
3235 1545 3325 1611 qui
3352 1562 3382 1596 e
3405 1544 3572 1611 stirpe
3602 1542 3745 1609 regia
3775 1556 3862 1591 non

2333 1638 2454 1701 fuit,
2483 1650 2535 1693 et
2561 1656 2589 1693 e
2620 1639 2773 1707 cujus
2822 1637 3021 1691 familia
3054 1654 3156 1689 non
3203 1638 3340 1688 alius
3372 1636 3495 1700 quis
3553 1633 3622 1686 ad
3670 1648 3863 1701 regnum

683 1724 985 1779 Ilieraclius
1016 1726 1083 1778 ab
1113 1723 1503 1793 Hierosolymis
1549 1721 1895 1783 Damascum,
1931 1721 2003 1773 ihi
2033 1720 2237 1773 snlisti-
2272 1743 2309 1795 Β
2339 1734 2621 1801 aspiravit.
2677 1730 2812 1784 me”,
2876 1739 2991 1783 em,
3035 1745 3195 1796 quem
3269 1726 3623 1797 253_255
3673 1727 3863 1779 miser“

683 1818 769 1879 tit,
794 1832 823 1869 a
846 1814 1101 1870 Mansnro
1129 1829 1380 1868 nummos
1403 1815 1647 1883 exigens.
1672 1812 1823 1868 Sedit
1849 1823 2027 1864 autem
2057 1810 2101 1863 Μ
2114 1812 2238 1863 ode-

682 1916 801 1963 stus
826 1921 1015 1959 novem
1048 1919 1284 1965 menses,
1309 1905 1431 1956 dein
1461 1912 1709 1954 mortuus
1738 1911 1843 1965 est,
1876 1915 1937 1955 ac
1962 1910 2086 1969 post
2117 1900 2237 1967 ejus

685 2007 914 2050 mortem
942 2012 1034 2049 sex
1066 1995 1225 2049 annis
1256 1996 1372 2047 sine
1403 1993 1709 2062 patriarcha
1761 1980 1957 2045 mansit
1982 1993 2238 2045 cathedra

652 2098 661 2107 '
686 2085 1195 2155 llicrosulymitana.

755 2177 922 2229 Porro
961 2191 1107 2229 anno
1148 2176 1356 2243 imperii
1407 2174 1751 2245 259-251
1788 2175 2022 2227 lleraclii
2070 2173 2239 2225 unde-

638 2296 643 2299 -
685 2269 831 2321 cimo’
860 2269 995 2322 diem
1034 2268 1161 2320 obiit
1197 2266 1529 2320 Moliaunned
1560 2268 1634 2320 fil.
1661 2267 1946 2319 Abdollahi
1972 2268 2230 2334 prOpheia

686 2357 1126 2413 Musleininornm
1154 2359 1237 2411 die
1269 2356 1450 2424 Laure,
1480 2358 1569 2426 qui
1594 2359 1867 2412 secundus
1896 2369 2010 2412 erat
2043 2359 2242 2411 mensis

689 2451 872 2505 llabir'e
905 2452 1123 2520 prioris,
1172 2464 1314 2502 anno
1345 2448 1518 2503 lleira:
1549 2449 1861 2512 undecimo,
1893 2452 2240 2517 sepultusque

686 2549 769 2596 est
794 2542 933 2594 domi
958 2556 1069 2596 sua:
1091 2543 1143 2595 in
1162 2540 1264 2607 qua
1290 2550 1536 2594 mortuus
1554 2548 1654 2601 est,
1675 2539 1820 2592 domi
1845 2541 1966 2593 scil.
1992 2541 2240 2608 Ayeshae;

690 2631 804 2685 dies
835 2630 1087 2685 tredecim
1121 2632 1435 2692 morbo,suo
1463 2630 1749 2683 laboravit.
1782 2629 2029 2684 Mortuus
2057 2640 2238 2682 autem

694 2732 777 2777 est
815 2739 989 2787 annos
1023 2733 1193 2776 natus
1244 2722 1521 2791 sexaginta
1572 2722 1736 2787 (tres;
1793 2721 1993 2773 liberos
2052 2731 2244 2789 praeter

691 2817 1003 2869 Phatemam
1042 2815 1221 2868 nullos
1267 2814 1486 2881 reliquit
1520 2810 1862 2879 superstites,
1916 2811 2009 2864 sed
2040 2820 2093 2863 et
2159 2810 2245 2863 illa

691 2907 1049 2975 quadraginta
1089 2915 1214 2972 post
1266 2903 1442 2971 ipsum
1479 2902 1671 2955 diebus
1725 2909 1938 2952 mortua
1986 2911 2088 2959 ρει,
2140 2898 2244 2971 [vel

689 2998 990 3051 secundum
1040 2996 1191 3080 alios
1233 2988 1622 3060 septuaginta,]
1685 2989 1847 3056 idque
1887 2988 2096 3042 Chalifa
2146 2990 2244 3041 Alii

2340 1825 2580 1891 Apenviz
2641 1822 2706 1875 ad
2756 1822 2955 1873 bellum
3008 1818 3267 1872 Romanis
3320 1819 3688 1871 inferendum.
3740 1819 3863 1868 illum

2341 1915 2552 1968 insidiis
2608 1915 2706 1982 ipsi
2765 1913 2984 1965 structis
3039 1911 3232 1963 mulier
3275 1909 3514 1975 quzedatn
3562 1924 3593 1959 e
3646 1909 3862 1975 proszpia

2341 2010 2507 2073 regia.
2569 2006 2785 2057 nomine
2840 2001 3267 2061 Arzmandocht,
3328 2015 3359 2053 e
3418 1998 3595 2051 medio
3656 1998 3865 2059 sustulit,

2342 2103 2620 2160 postquam
2656 2092 2769 2142 dies
2803 2090 2985 2157 viginti
3014 2087 3147 2140 duos
3182 2097 3459 2155 regnasset
3488 2104 3501 2139 :
3538 2089 3757 2154 regibus
3779 2103 3860 2136 au-

2343 2192 2447 2235 tem
2494 2182 2628 2233 haud
2662 2190 2997 2234 accensetur.
3034 2179 3234 2231 Deinde
3260 2188 3380 2246 post
3421 2180 3597 2243 ipsum
3652 2188 3866 2244 regnat-.1

2343 2274 2560 2340 quitum
2593 2288 2620 2323 e
2651 2270 2772 2322 filiis
2804 2269 3074 2328 llnriuozi,
3107 2269 3195 2336 qui
3246 2269 3298 2319 in
3332 2268 3548 2335 regione
3591 2265 3863 2318 Turcarinn

2332 2365 2465 2427 .l'uit,
2520 2370 2573 2414 et
2632 2363 2818 2414 audito
2872 2377 3113 2428 qineuam
3170 2359 3485 2411 aet-ideraat
3539 2356 3868 2414 differentiae,

2345 2453 2609 2515 accessit;
2652 2466 2843 2503 nomen
2894 2450 2965 2501 illi
3012 2448 3110 2500 fuit
3138 2448 3329 2509 (Iesra,
3383 2444 3497 2498 Ebn
3535 2446 3750 2508 Kubad,
3779 2444 3867 2495 Elia

2346 2540 2597 2593 llortnoz.
2630 2544 2807 2609 lp~um
2844 2555 2968 2591 vero
2999 2539 3223 2591 adortus
3251 2537 3341 2606 qui
3376 2538 3631 2590 c0nliniis
3659 2537 3869 2588 Corasnn

2348 2642 2595 2703 pricerat,
2640 2632 2941 2694 interfecit,
2993 2648 3111 2683 eum
3158 2643 3266 2683 tres
3321 2644 3534 2681 menses
3589 2636 3867 2687 regnasset.

2347 2727 2479 2779 adeo
2519 2733 2574 2775 ut
2622 2740 2715 2775 nee
2768 2725 2881 2790 ipse
2929 2724 3143 2790 regibus
3189 2728 3573 2771 annmncratus
3630 2720 3719 2772 sit.
3761 2714 3869 2769 Tum

2348 2825 2467 2881 post
2516 2831 2637 2868 eam
2694 2811 2879 2874 Maria,
2944 2813 3122 2865 Cesra:
3166 2813 3299 2869 lilia,
3341 2824 3460 2876 quas
3516 2810 3697 2861 Cesra:
3746 2822 3868 2859 Sarni

2349 2905 2555 2959 nterina
2599 2906 2719 2966 fuit,
2764 2905 3148 2970 sesquiannnm
3186 2902 3474 2969 regnavit:
3530 2900 3645 2953 hinc
3697 2898 3872 2951 nullum

2347 2998 2523 3063 exegit
2548 2996 2832 3058 tributum,
2866 3009 3217 3058 nummosqne
3258 2992 3520 3044 exercitui
3578 2990 3873 3044 distribuit:

691 3087 879 3139 lic-cro.
913 3072 1304 3138 Convenerunt
1349 3083 1493 3135 enim
1544 3079 1851 3132 Mosleniini
1892 3079 1955 3131 ad
1997 3079 2115 3132 Alm
2150 3078 2218 3151 fle
2273 3072 2312 3125 C
2350 3103 2579 3155 cumque
2610 3087 2661 3139 in
2697 3100 2859 3154 n.8,”,
2894 3087 3206 3137 comarum”
3247 3085 3431 3147 [ημνει⁹
3476 3083 3591 3149 ipsa
3628 3083 3779 3133 abeo
3803 3081 3872 3129 δε.

690 3191 844 3230 crum
900 3172 1356 3251 inaugurandum,
1406 3173 1494 3225 cui
1552 3188 1744 3225 nomen
1794 3171 2080 3230 Abdollah,
2134 3169 2244 3223 lilia

690 3266 922 3320 Otluuan
950 3267 1132 3328 Amer,
1174 3264 1289 3318 Ebu
1313 3264 1484 3327 Caab,
1520 3265 1630 3317 libn
1682 3262 1845 3324 Saad,
1882 3260 1996 3314 Ebn
2038 3259 2244 3329 Tiyem,

694 3356 807 3410 Ebn
839 3355 1091 3418 Morrah‘;
1137 3355 1402 3423 cujusque
1432 3364 1602 3407 mater
1648 3352 1847 3413 Saluta,
1888 3351 1995 3402 lilia
2031 3348 2244 3411 Sueliri,

691 3449 807 3503 Ebn
838 3449 1027 3511 Amur,
1066 3446 1177 3498 Ebu
1208 3444 1370 3507 Saah,
1397 3443 1521 3497 Ebn»
1542 3444 1706 3504 Saad,
1744 3441 1860 3494 Elm
1892 3440 2103 3509 Tiyem,
2133 3437 2246 3490 Elm

694 3537 945 3591 Horrah:
978 3535 1187 3604 fuitque
1224 3535 1567 3603 inauguratio
1603 3534 1775 3600 ipsius
1805 3530 1992 3583 eodem
2020 3529 2109 3582 die
2134 3545 2242 3597 quo

693 3641 939 3684 mortuus
979 3638 1064 3683 est
1116 3627 1482 3680 Mobamnied.
1539 3627 1763 3678 ueteris
1816 3624 1891 3694 [ia
1934 3624 2248 3691 jnraincnto

693 3718 795 3788 ipsi
846 3715 1176 3787 praestando]
1210 3714 1581 3784 pra-euntibus
1618 3715 1817 3765 Omaro
1852 3710 1962 3763 Elin
2003 3709 2246 3771 Clietcbi,

694 3820 745 3864 et
770 3812 1038 3877 0t_liiuano
1072 3806 1185 3859 Ebu
1221 3804 1402 3870 Alani,
1440 3803 1601 3871 idque
1637 3818 1783 3854 anno
1818 3790 2028 3867 imperii
2080 3798 2247 3852 lli-ra-

695 3902 780 3957 clii
815 3902 1181 3954 Romanorum
1217 3897 1559 3966 imperatoris
1589 3894 1878 3947 undet-imo
1912 3909 1927 3944 :
1958 3904 2121 3960 atque
2152 3894 2251 3944 hoc

696 4006 840 4045 anno
870 3992 1201 4043 constitutus
1229 3997 1313 4039 est
1348 3983 1639 4038 Oborudus
1670 3981 1989 4052 [Honorius]
2019 3981 2249 4047 patriar-

697 4084 797 4137 cha
845 4081 1144 4141 Romanus,
1194 4076 1286 4146 qui
1337 4075 1637 4129 octodecim
1691 4089 1866 4126 annos
1913 4071 2248 4139 scdit,_dein

699 4185 943 4228 mortuus
980 4180 1083 4224 est.
1114 4170 1277 4224 Cesra
1316 4178 1493 4221 autem
1525 4164 1777 4219 llormozi
1820 4164 1985 4226 filius,
2033 4177 2155 4215 cum
2185 4161 2251 4213 ad

700 4270 885 4316 urbem
917 4275 1068 4315 suam
1101 4260 1458 4327 pervenisset,
1484 4267 1535 4309 et
1567 4271 1727 4324 quam
1762 4254 1833 4307 ibi
1864 4252 2062 4306 caulem
2093 4250 2253 4305 fecis-

699 4366 781 4409 set
805 4354 1104 4415 lleraclius,
1135 4354 1259 4418 quid
1280 4350 1467 4410 ruime,
1494 4348 1734 4410 vidisset,
1757 4360 1951 4413 magno
1972 4352 2255 4409 correptus

700 4456 783 4501 est
812 4446 1018 4508 dolore,
1063 4444 1196 4496 nihil
1240 4454 1415 4493 tamen
1462 4440 1527 4493 de
1566 4452 1774 4490 morum
1811 4436 2024 4489 feritate
2070 4434 2256 4488 remit-

702 4550 845 4601 tens,
876 4538 1008 4588 adeo
1039 4542 1096 4584 ut
1131 4533 1364 4601 graviter
1405 4530 1611 4583 ferrent
1642 4528 1890 4581 homines
1928 4526 2099 4591 ipsius
2152 4516 2251 4576 inr-

701 4627 933 4695 perium,
968 4621 1249 4675 deficiente
1274 4620 1407 4686 ipsis
1444 4618 1721 4685 patientia,
1763 4613 1921 4682 252
1969 4614 2254 4681 ipsumque

626 4764 629 4769 .
706 4716 999 4768 infaustum
1036 4711 1300 4771 dicerent,
1331 4717 1516 4775 utpote
1548 4720 1655 4773 quo
1682 4714 1940 4771 regnante
1989 4701 2257 4768 perierint

707 4806 903 4861 Persia:
948 4802 1157 4864 incolae,
1207 4809 1539 4865 vastatreque
1592 4797 1702 4849 sint
1753 4796 1998 4861 ipsorum
2037 4792 2253 4844 donius.

708 4898 829 4965 Ipso
882 4909 1010 4962 ergo
1059 4901 1180 4961 post
1228 4904 1401 4943 annos
1448 4888 1670 4956 triginta
1716 4896 1838 4938 octo
1886 4883 2158 4945 abdicato,
2203 4884 2257 4933 in

709 4990 884 5041 locum
924 4988 1041 5055 ejus
1073 4986 1471 5039 substitueruut
1525 4981 1691 5032 lilium
1741 4980 1911 5044 ipsius
1955 4975 2259 5037 Kobadem,

2350 3180 2619 3230 nominata
2654 3185 2755 3230 est.
2790 3177 2991 3229 Deinde
3026 3182 3145 3243 post
3181 3176 3349 3241 ipsam
3403 3174 3653 3240 regnavit
3682 3169 3873 3239 quidam

2352 3269 2570 3320 nomine
2619 3264 3071 3343 llosltnastadalt,
3120 3266 3263 3332 quie
3315 3262 3492 3333 patrui
3545 3262 3730 3317 Cesra‘.
3775 3260 3871 3311 filii:

2348 3373 2483 3426 erat,
2513 3362 2723 3415 duobus
2768 3360 3047 3414 mensibus
3096 3361 3359 3427 regnavit,
3403 3359 3528 3411 dein
3583 3355 3872 3410 interierint

2347 3462 2449 3516 est,
2486 3468 2582 3506 nec
2632 3452 2773 3504 inter
2819 3467 2973 3517 rcges
3024 3460 3355 3503 numeratur.
3410 3450 3537 3503 Post
3596 3450 3767 3517 ipsum
3813 3462 3869 3499 re

2349 3546 2529 3614 gnavit
2558 3542 2986 3602 Arunandocht.
3030 3540 3205 3595 Ccsrst:
3259 3542 3385 3601 filia,
3420 3558 3449 3609 q
3476 3556 3538 3591 ne
3585 3549 3640 3592 et
3695 3540 3871 3592 inedire

2350 3634 2670 3701 interposito
2701 3632 2875 3700 spitio
2904 3648 3107 3684 veneno
3156 3632 3369 3684 sublata
3402 3642 3618 3683 mortua
3652 3641 3750 3687 est.
3774 3643 3869 3685 cum

2353 3733 2623 3791 regnasset
2649 3736 2847 3773 annum
2884 3730 2935 3773 et
2967 3730 3199 3788 quatuor
3228 3736 3471 3783 menses;
3503 3730 3556 3771 et
3595 3719 3706 3771 lucc
3733 3719 3780 3770 in
3808 3730 3870 3768 rc-

2350 3829 2452 3881 gno
2482 3811 2794 3863 confirmata
2826 3818 2927 3869 est,
2957 3819 3010 3861 et
3042 3811 3107 3861 ab
3136 3809 3322 3861 eodem
3367 3806 3733 3859 denominata.
3767 3806 3869 3855 Post

2352 3906 2519 3970 ipsam
2554 3901 2793 3969 regnavit
2829 3900 3045 3970 quidam
3087 3902 3307 3951 nomine
3339 3896 3870 3950 l‘araclieradchoshra

2356 4007 2539 4043 mense
2564 4005 2693 4049 nuo,
2727 3989 2850 4040 dein
2890 3988 3105 4041 occisus
3135 3995 3237 4046 est,
3274 4001 3445 4053 neque
3478 3986 3697 4053 regibus
3727 3996 3868 4033 annn-

2359 4089 2617 4131 meratnr.
2642 4076 2839 4129 'l'otnm
2875 4084 3049 4129 autem
3092 4076 3320 4150 spatium
3355 4091 3463 4142 quo
3496 4074 3737 4140 regnarit
3774 4070 3867 4123 Shi.

2354 4170 2555 4222 rawaili
2586 4210 2600 4235 ,
2644 4177 2694 4221 et
2730 4168 2820 4237 qui
2870 4168 2971 4236 ipsi
3012 4177 3427 4228 successerunt,
3468 4165 3632 4235 256
3666 4176 3762 4215 tam
3799 4162 3869 4211 viri

2354 4275 2513 4327 quam
2560 4260 2792 4322 feminze,
2842 4267 2950 4310 tum
2978 4258 3065 4324 qtti
3105 4272 3361 4325 regnasse
3394 4257 3757 4322 perhibentur,
3788 4259 3883 4300 tum.

2358 4352 2446 4417 qui
2470 4364 2649 4418 regum
2671 4365 2895 4401 numero
2920 4346 3059 4399 liand
3089 4356 3458 4403 aceensentur,
3484 4360 3655 4412 nSqne
3678 4345 3735 4395 ad
3748 4340 3867 4393 Par:-

2360 4438 2921 4499 choradchosliraum,
2955 4452 3059 4489 una
3093 4452 3211 4488 eum
3254 4436 3539 4487 intervallo
3581 4436 3721 4502 quod
3761 4434 3867 4482 inter

2356 4530 2489 4581 duos
2519 4527 2789 4596 quoslibet
2820 4542 2973 4594 rcges
3020 4526 3353 4584 intercessit,
3382 4534 3614 4592 quatuor
3646 4534 3869 4575 annorum

2358 4624 2478 4686 fuit,
2519 4622 2678 4689 idque
2723 4630 2891 4673 totum
2932 4621 3104 4673 turbis
3136 4628 3189 4671 et
3232 4620 3466 4672 motibus
3500 4623 3735 4687 plenum.
3764 4615 3868 4668 Cum

2356 4729 2483 4783 ergo
2524 4714 2768 4765 viderent
2796 4712 2969 4763 l'ersce
2995 4726 3104 4779 quo
3139 4712 3480 4763 devertissent
3529 4706 3865 4761 seditionibus.

2358 4814 2404 4857 el
2438 4802 2853 4871 pl’:DV;tiettliilllS
2884 4801 3017 4870 ipsis
3066 4800 3342 4861 “munitis,
3365 4814 3484 4865 qua:
3506 4814 3593 4865 pte
3628 4797 3757 4847 mala
3788 4804 3865 4845 tam

2360 4893 2669 4960 religionem
2704 4891 2942 4958 ipsorum
2984 4903 3143 4955 quam
3180 4902 3519 4941 communem
3560 4887 3723 4938 vitam
3752 4887 3864 4935 invao

2360 4986 2578 5049 sissent,
2610 4982 2916 5051 conquisito
2933 4979 3113 5033 Ccsraa
3149 4979 3279 5042 lilio,
3306 4979 3528 5029 nomine
3556 4970 3864 5039 Yazdcjcrde.

709 5079 799 5145 qui
837 5088 893 5130 et
948 5075 1249 5129 Sltirawaih
1301 5072 1622 5140 appellatus,
1684 5068 1852 5120 filium
1911 5068 2089 5124 Maria:
2142 5066 2263 5117 lilia:

712 5170 954 5221 Mauricii
1005 5170 1369 5222 Romanorum
1425 5161 1793 5230 imperatoris,
1829 5159 1989 5227 cujus
2035 5157 2263 5230 abipsis

711 5260 880 5313 occisi
910 5259 1079 5311 caedes
1114 5257 1377 5309 malorum
1420 5254 1645 5306 istorum
1673 5250 1910 5304 omnium
1940 5263 2101 5301 causa
2132 5228 2261 5311 fuit‘;

716 5365 836 5402 cum
866 5345 1092 5420 [Cesrm]
1120 5361 1268 5401 socer
1297 5330 1463 5408 esset,
1500 5350 1664 5410 atque
1697 5340 1785 5393 ille
1814 5352 2066 5393 socerum
2108 5351 2263 5389 suum

718 5439 907 5490 ulcisci
942 5443 1184 5504 cuperet.
1718 5439 1727 5446 ‘

796 5532 1046 5583 Kobades
1090 5536 1268 5581 autem
1323 5540 1486 5591 regno
1518 5520 1808 5592 praefectus
1836 5519 2107 5588 justitiam
2159 5533 2267 5586 pra:

720 5643 778 5682 se
808 5625 950 5687 tulit,
982 5627 1036 5674 et
1064 5618 1314 5688 injuriam
1346 5631 1452 5684 qua
1506 5629 1769 5684 oppressa
1825 5612 1999 5666 fuerat
2046 5610 2268 5664 amovit.

722 5716 764 5771 Ε
790 5715 911 5771 ﬁliis
948 5720 1125 5768 autem
1157 5709 1330 5779 patris
1361 5708 1468 5774 sui,
1496 5709 1587 5776 qni
1616 5706 1716 5775 ipsi
1748 5704 1937 5759 matris
1964 5719 2073 5758 sua:
2103 5716 2267 5755 causa

2362 5074 2453 5142 qui
2476 5082 2513 5124 'a
2542 5072 2905 5131 Shirawaiho,
2938 5084 3060 5123 cum
3099 5066 3291 5119 fratres
3320 5068 3439 5135 ejus
3486 5066 3787 5123 trucidaret,
3814 5060 3862 5110 fu

2362 5172 2532 5232 gerat,
2570 5164 2742 5230 ipsum
2791 5160 2893 5215 sibi
2945 5175 3120 5228 regem
3169 5159 3543 5226 prml'ceernnt.
3594 5162 3861 5207 annostum

2370 5242 2910 5319 natumqtiiudecim.
2957 5249 3123 5300 Erant
3168 5258 3348 5299 autem
3397 5245 3620 5298 allectus
3668 5248 3861 5313 ipsarum

2365 5344 2581 5405 diversi,
2613 5354 2787 5395 erutus
2823 5340 3003 5394 divisi.
3039 5347 3092 5390 et
3137 5353 3197 5391 se
3240 5323 3434 5388 tuntuo'
3456 5337 3609 5390 bellis
3643 5336 3851 5387 lacessat

2368 5446 2468 5497 tes,
2492 5431 2918 5500 uniuscujusque
2948 5442 3102 5484 terrae
3128 5438 3351 5491 tractus,
3383 5429 3551 5489 urbis,
3585 5436 3675 5478 aut
3706 5422 3861 5491 oppili,

2368 5544 2460 5597 per
2495 5534 2659 5578 totum
2696 5538 2921 5590 regnum
2949 5522 3164 5581 incolis,
3214 5520 3409 5572 vicinis
3438 5519 3557 5571 suis
3607 5516 3857 5570 bellum.”

2371 5616 2699 5680 ferentibus;
2747 5620 3170 5679 manseruntque
3214 5612 3313 5663 hoc
3337 5618 3483 5663 statu
3533 5608 3728 5669 urbes,
3757 5601 3857 5654 vide

2372 5706 2494 5758 licet
2520 5704 2683 5757 rebus
2715 5702 3015 5763 dissolutis,
3060 5698 3257 5768 populo
3283 5698 3481 5761 diviso,
3534 5708 3699 5765 mgni)
3721 5701 3856 5746 corru-
