  <div class='ocr_page' id='page_1' title='image "/cluster/home/n/w/nwhite01/storage/ocr_20150623/111/hvd.32044010574143/554.png"; bbox 0 0 4082 6442; ppageno 0'>
   <div class='ocr_carea' id='block_1_1' title="bbox 221 212 355 275">
    <p class='ocr_par' dir='ltr' id='par_1_1' title="bbox 221 212 355 275">
     <span class='ocr_line' id='line_1_1' title="bbox 221 212 355 275; baseline 0.045 -6"><span class='ocrx_word' id='word_1_1' title='bbox 221 212 355 275; x_wconf 84' lang='grc'><strong>1093</strong></span> 
     </span>
    </p>
   </div>
   <div class='ocr_carea' id='block_1_2' title="bbox 1642 166 2004 269">
    <p class='ocr_par' dir='ltr' id='par_1_2' title="bbox 1642 166 2004 269">
     <span class='ocr_line' id='line_1_2' title="bbox 1642 166 2004 269; baseline 0.003 -3"><span class='ocrx_word' id='word_1_2' title='bbox 1642 166 2004 269; x_wconf 57' lang='grc' dir='ltr'><strong>Ᾱχχλιες</strong></span> 
     </span>
    </p>
   </div>
   <div class='ocr_carea' id='block_1_3' title="bbox 3303 208 3439 271">
    <p class='ocr_par' dir='ltr' id='par_1_3' title="bbox 3303 208 3439 271">
     <span class='ocr_line' id='line_1_3' title="bbox 3303 208 3439 271; baseline -0.022 0"><span class='ocrx_word' id='word_1_3' title='bbox 3303 208 3439 271; x_wconf 70' lang='grc'><strong>1094</strong></span> 
     </span>
    </p>
   </div>
   <div class='ocr_carea' id='block_1_4' title="bbox 217 316 3440 390">
    <p class='ocr_par' dir='ltr' id='par_1_4' title="bbox 217 316 3440 390">
     <span class='ocr_line' id='line_1_4' title="bbox 217 316 3440 390; baseline -0.001 -18"><span class='ocrx_word' id='word_1_4' title='bbox 217 337 326 390; x_wconf 83' lang='lat' dir='ltr'><strong>pto,</strong></span> <span class='ocrx_word' id='word_1_5' title='bbox 372 324 792 387; x_wconf 62' lang='lat' dir='ltr'><strong>hominibusiuc</strong></span> <span class='ocrx_word' id='word_1_6' title='bbox 852 319 988 368; x_wconf 75' lang='lat' dir='ltr'><strong>int-~r</strong></span> <span class='ocrx_word' id='word_1_7' title='bbox 1042 333 1099 369; x_wconf 88' lang='lat' dir='ltr'><strong>se</strong></span> <span class='ocrx_word' id='word_1_8' title='bbox 1143 316 1615 378; x_wconf 51' lang='lat' dir='ltr'><strong>dissentientilms,</strong></span> <span class='ocrx_word' id='word_1_9' title='bbox 1650 329 1772 369; x_wconf 88' lang='lat' dir='ltr'><strong>octo</strong></span> <span class='ocrx_word' id='word_1_10' title='bbox 1806 329 1853 379; x_wconf 68' lang='grc' dir='ltr'>Α</span> <span class='ocrx_word' id='word_1_11' title='bbox 1895 318 2151 366; x_wconf 72' lang='lat' dir='ltr'><strong>adversos</strong></span> <span class='ocrx_word' id='word_1_12' title='bbox 2178 332 2231 368; x_wconf 82' lang='lat' dir='ltr'><strong>se</strong></span> <span class='ocrx_word' id='word_1_13' title='bbox 2263 316 2590 390; x_wconf 77' lang='lat' dir='ltr'><strong>pra-b.2eritit</strong></span> <span class='ocrx_word' id='word_1_14' title='bbox 2626 317 2674 366; x_wconf 90' lang='lat' dir='ltr'><strong>in</strong></span> <span class='ocrx_word' id='word_1_15' title='bbox 2705 331 2760 368; x_wconf 88' lang='lat' dir='ltr'><strong>re</strong></span> <span class='ocrx_word' id='word_1_16' title='bbox 2800 316 2978 383; x_wconf 88' lang='lat' dir='ltr'><strong>aliqua</strong></span> <span class='ocrx_word' id='word_1_17' title='bbox 3008 333 3129 384; x_wconf 77' lang='lat' dir='ltr'><strong>qua:</strong></span> <span class='ocrx_word' id='word_1_18' title='bbox 3167 317 3244 370; x_wconf 81' lang='lat' dir='ltr'><strong>vcl</strong></span> <span class='ocrx_word' id='word_1_19' title='bbox 3273 327 3440 371; x_wconf 83' lang='lat' dir='ltr'><strong>terras</strong></span> 
     </span>
    </p>
   </div>
   <div class='ocr_carea' id='block_1_5' title="bbox 216 406 1778 478">
    <p class='ocr_par' dir='ltr' id='par_1_5' title="bbox 216 406 1778 478">
     <span class='ocr_line' id='line_1_5' title="bbox 216 406 1778 478; baseline -0.001 -20"><span class='ocrx_word' id='word_1_20' title='bbox 216 428 390 464; x_wconf 75' lang='lat' dir='ltr'><strong>annos</strong></span> <span class='ocrx_word' id='word_1_21' title='bbox 427 431 439 464; x_wconf 92' lang='lat'><strong>:</strong></span> <span class='ocrx_word' id='word_1_22' title='bbox 472 427 636 478; x_wconf 61' lang='lat' dir='ltr'><strong>regno</strong></span> <span class='ocrx_word' id='word_1_23' title='bbox 668 417 844 459; x_wconf 76' lang='lat' dir='ltr'><strong>autent</strong></span> <span class='ocrx_word' id='word_1_24' title='bbox 875 406 1160 475; x_wconf 58' lang='lat' dir='ltr'><strong>praefectus</strong></span> <span class='ocrx_word' id='word_1_25' title='bbox 1192 413 1274 456; x_wconf 76' lang='lat' dir='ltr'><strong>est</strong></span> <span class='ocrx_word' id='word_1_26' title='bbox 1314 419 1455 458; x_wconf 78' lang='lat' dir='ltr'><strong>attito</strong></span> <span class='ocrx_word' id='word_1_27' title='bbox 1482 406 1778 458; x_wconf 80' lang='lat' dir='ltr'><strong>clialifatus</strong></span> 
     </span>
    </p>
   </div>
   <div class='ocr_carea' id='block_1_6' title="bbox 217 493 1776 564">
    <p class='ocr_par' dir='ltr' id='par_1_6' title="bbox 217 493 1776 564">
     <span class='ocr_line' id='line_1_6' title="bbox 217 493 1776 564; baseline -0.003 -15"><span class='ocrx_word' id='word_1_28' title='bbox 217 501 313 549; x_wconf 71' lang='lat' dir='ltr'><strong>Abi</strong></span> <span class='ocrx_word' id='word_1_29' title='bbox 379 501 528 551; x_wconf 67' lang='lat' dir='ltr'><strong>liceri</strong></span> <span class='ocrx_word' id='word_1_30' title='bbox 589 498 761 564; x_wconf 83' lang='lat' dir='ltr'><strong>primo</strong></span> <span class='ocrx_word' id='word_1_31' title='bbox 815 513 827 546; x_wconf 91' lang='lat'>:</span> <span class='ocrx_word' id='word_1_32' title='bbox 883 496 1044 563; x_wconf 86' lang='lat' dir='ltr'><strong>idque</strong></span> <span class='ocrx_word' id='word_1_33' title='bbox 1086 509 1233 546; x_wconf 87' lang='lat' dir='ltr'><strong>anno</strong></span> <span class='ocrx_word' id='word_1_34' title='bbox 1281 493 1488 563; x_wconf 80' lang='lat' dir='ltr'><strong>imperii</strong></span> <span class='ocrx_word' id='word_1_35' title='bbox 1543 493 1776 546; x_wconf 86' lang='lat' dir='ltr'><strong>lleraclii</strong></span> 
     </span>
    </p>
   </div>
   <div class='ocr_carea' id='block_1_7' title="bbox 215 585 1307 653">
    <p class='ocr_par' dir='ltr' id='par_1_7' title="bbox 215 585 1307 653">
     <span class='ocr_line' id='line_1_7' title="bbox 215 585 1307 653; baseline -0.003 -14"><span class='ocrx_word' id='word_1_36' title='bbox 215 589 594 640; x_wconf 75' lang='lat' dir='ltr'><strong>Romanorum</strong></span> <span class='ocrx_word' id='word_1_37' title='bbox 630 588 970 653; x_wconf 72' lang='lat' dir='ltr'><strong>imperatoris</strong></span> <span class='ocrx_word' id='word_1_38' title='bbox 1004 585 1307 638; x_wconf 90' lang='lat' dir='ltr'><strong>undecimo.</strong></span> 
     </span>
    </p>
   </div>
   <div class='ocr_carea' id='block_1_8' title="bbox 283 674 1780 729">
    <p class='ocr_par' dir='ltr' id='par_1_8' title="bbox 283 674 1780 729">
     <span class='ocr_line' id='line_1_8' title="bbox 283 674 1780 729; baseline -0.001 -1"><span class='ocrx_word' id='word_1_39' title='bbox 283 681 411 729; x_wconf 82' lang='lat' dir='ltr'><strong>Abu</strong></span> <span class='ocrx_word' id='word_1_40' title='bbox 463 679 661 729; x_wconf 67' lang='lat' dir='ltr'><strong>Iteerns</strong></span> <span class='ocrx_word' id='word_1_41' title='bbox 711 676 1019 728; x_wconf 84' lang='lat' dir='ltr'><strong>cbalit&#39;atmn</strong></span> <span class='ocrx_word' id='word_1_42' title='bbox 1093 677 1344 729; x_wconf 77' lang='lat' dir='ltr'><strong>obtinens</strong></span> <span class='ocrx_word' id='word_1_43' title='bbox 1394 676 1596 728; x_wconf 83' lang='lat' dir='ltr'><strong>Arabes</strong></span> <span class='ocrx_word' id='word_1_44' title='bbox 1648 674 1780 728; x_wconf 83' lang='lat' dir='ltr'><strong>deli-</strong></span> 
     </span>
    </p>
   </div>
   <div class='ocr_carea' id='block_1_9' title="bbox 215 752 1776 830">
    <p class='ocr_par' dir='ltr' id='par_1_9' title="bbox 215 752 1776 830">
     <span class='ocr_line' id='line_1_9' title="bbox 215 752 1776 830; baseline -0.001 -13"><span class='ocrx_word' id='word_1_45' title='bbox 215 767 432 818; x_wconf 87' lang='lat' dir='ltr'><strong>cientes</strong></span> <span class='ocrx_word' id='word_1_46' title='bbox 493 765 632 815; x_wconf 86' lang='lat' dir='ltr'><strong>bello</strong></span> <span class='ocrx_word' id='word_1_47' title='bbox 692 765 1018 830; x_wconf 52' lang='lat' dir='ltr'><strong>oppugnavit</strong></span> <span class='ocrx_word' id='word_1_48' title='bbox 1068 764 1238 817; x_wconf 89' lang='lat' dir='ltr'><strong>donec</strong></span> <span class='ocrx_word' id='word_1_49' title='bbox 1289 752 1355 816; x_wconf 84' lang='lat' dir='ltr'><strong>ad</strong></span> <span class='ocrx_word' id='word_1_50' title='bbox 1412 763 1776 816; x_wconf 89' lang='lat' dir='ltr'><strong>lslamismum</strong></span> 
     </span>
    </p>
   </div>
   <div class='ocr_carea' id='block_1_10' title="bbox 216 853 1781 922">
    <p class='ocr_par' dir='ltr' id='par_1_10' title="bbox 216 853 1781 922">
     <span class='ocr_line' id='line_1_10' title="bbox 216 853 1781 922; baseline -0.003 -14"><span class='ocrx_word' id='word_1_51' title='bbox 216 865 647 910; x_wconf 75' lang='lat' dir='ltr'><strong>reverterentur.</strong></span> <span class='ocrx_word' id='word_1_52' title='bbox 695 855 820 907; x_wconf 80' lang='lat' dir='ltr'><strong>Dein</strong></span> <span class='ocrx_word' id='word_1_53' title='bbox 866 855 1158 908; x_wconf 81' lang='lat' dir='ltr'><strong>Chaledum</strong></span> <span class='ocrx_word' id='word_1_54' title='bbox 1215 855 1326 906; x_wconf 78' lang='lat' dir='ltr'><strong>Elin</strong></span> <span class='ocrx_word' id='word_1_55' title='bbox 1358 853 1536 906; x_wconf 86' lang='lat' dir='ltr'><strong>Walid</strong></span> <span class='ocrx_word' id='word_1_56' title='bbox 1587 867 1781 922; x_wconf 72' lang='lat' dir='ltr'><strong>magno</strong></span> 
     </span>
    </p>
   </div>
   <div class='ocr_carea' id='block_1_11' title="bbox 215 944 1784 1011">
    <p class='ocr_par' dir='ltr' id='par_1_11' title="bbox 215 944 1784 1011">
     <span class='ocr_line' id='line_1_11' title="bbox 215 944 1784 1011; baseline -0.001 -13"><span class='ocrx_word' id='word_1_57' title='bbox 215 948 551 998; x_wconf 81' lang='lat' dir='ltr'><strong>instructum</strong></span> <span class='ocrx_word' id='word_1_58' title='bbox 573 947 815 998; x_wconf 79' lang='lat' dir='ltr'><strong>exercitu</strong></span> <span class='ocrx_word' id='word_1_59' title='bbox 850 944 1089 997; x_wconf 81' lang='lat' dir='ltr'><strong>Eracum</strong></span> <span class='ocrx_word' id='word_1_60' title='bbox 1125 946 1291 1007; x_wconf 81' lang='lat' dir='ltr'><strong>misit,</strong></span> <span class='ocrx_word' id='word_1_61' title='bbox 1316 946 1405 1011; x_wconf 91' lang='lat' dir='ltr'><strong>qui</strong></span> <span class='ocrx_word' id='word_1_62' title='bbox 1438 960 1558 996; x_wconf 93' lang='lat' dir='ltr'><strong>cum</strong></span> <span class='ocrx_word' id='word_1_63' title='bbox 1591 945 1642 996; x_wconf 91' lang='lat' dir='ltr'><strong>in</strong></span> <span class='ocrx_word' id='word_1_64' title='bbox 1679 947 1784 997; x_wconf 69' lang='grc' dir='ltr'><strong>διυ-</strong></span> 
     </span>
    </p>
   </div>
   <div class='ocr_carea' id='block_1_12' title="bbox 218 1035 1780 1103">
    <p class='ocr_par' dir='ltr' id='par_1_12' title="bbox 218 1035 1780 1103">
     <span class='ocr_line' id='line_1_12' title="bbox 218 1035 1780 1103; baseline -0.003 -15"><span class='ocrx_word' id='word_1_65' title='bbox 218 1037 527 1103; x_wconf 76' lang='lat' dir='ltr'><strong>sopotainia</strong></span> <span class='ocrx_word' id='word_1_66' title='bbox 563 1045 745 1086; x_wconf 84' lang='lat' dir='ltr'><strong>castra</strong></span> <span class='ocrx_word' id='word_1_67' title='bbox 795 1038 1084 1102; x_wconf 72' lang='lat' dir='ltr'><strong>posuisset,</strong></span> <span class='ocrx_word' id='word_1_68' title='bbox 1136 1048 1450 1102; x_wconf 82' lang='lat' dir='ltr'><strong>progressos</strong></span> <span class='ocrx_word' id='word_1_69' title='bbox 1485 1035 1554 1084; x_wconf 89' lang='lat' dir='ltr'><strong>ad</strong></span> <span class='ocrx_word' id='word_1_70' title='bbox 1605 1035 1780 1101; x_wconf 88' lang='lat' dir='ltr'><strong>ipsum</strong></span> 
     </span>
    </p>
   </div>
   <div class='ocr_carea' id='block_1_13' title="bbox 216 1123 1782 1195">
    <p class='ocr_par' dir='ltr' id='par_1_13' title="bbox 216 1123 1782 1195">
     <span class='ocr_line' id='line_1_13' title="bbox 216 1123 1782 1195; baseline -0.003 -17"><span class='ocrx_word' id='word_1_71' title='bbox 216 1127 467 1194; x_wconf 78' lang='lat' dir='ltr'><strong>regionis</strong></span> <span class='ocrx_word' id='word_1_72' title='bbox 515 1126 660 1180; x_wconf 89' lang='lat' dir='ltr'><strong>illius</strong></span> <span class='ocrx_word' id='word_1_73' title='bbox 695 1127 960 1195; x_wconf 89' lang='lat' dir='ltr'><strong>primores</strong></span> <span class='ocrx_word' id='word_1_74' title='bbox 1008 1127 1060 1177; x_wconf 90' lang='lat' dir='ltr'><strong>in</strong></span> <span class='ocrx_word' id='word_1_75' title='bbox 1117 1125 1273 1177; x_wconf 77' lang='lat' dir='ltr'><strong>[idem</strong></span> <span class='ocrx_word' id='word_1_76' title='bbox 1318 1125 1542 1192; x_wconf 81' lang='lat' dir='ltr'><strong>recepit,</strong></span> <span class='ocrx_word' id='word_1_77' title='bbox 1590 1123 1782 1193; x_wconf 72' lang='lat'><strong>257-</strong></span> 
     </span>
    </p>
   </div>
   <div class='ocr_carea' id='block_1_14' title="bbox 131 1218 1785 1287">
    <p class='ocr_par' dir='ltr' id='par_1_14' title="bbox 131 1218 1785 1287">
     <span class='ocr_line' id='line_1_14' title="bbox 131 1218 1785 1287; baseline 0 -18"><span class='ocrx_word' id='word_1_78' title='bbox 131 1270 142 1281; x_wconf 33' lang='lat'><strong>,</strong></span> <span class='ocrx_word' id='word_1_79' title='bbox 215 1218 389 1287; x_wconf 73' lang='lat'><strong>259</strong></span> <span class='ocrx_word' id='word_1_80' title='bbox 415 1234 593 1285; x_wconf 89' lang='lat' dir='ltr'><strong>pacem</strong></span> <span class='ocrx_word' id='word_1_81' title='bbox 621 1235 739 1272; x_wconf 88' lang='lat' dir='ltr'><strong>cmn</strong></span> <span class='ocrx_word' id='word_1_82' title='bbox 770 1219 874 1271; x_wconf 88' lang='lat' dir='ltr'><strong>illis</strong></span> <span class='ocrx_word' id='word_1_83' title='bbox 895 1226 1080 1283; x_wconf 82' lang='lat' dir='ltr'><strong>pactus</strong></span> <span class='ocrx_word' id='word_1_84' title='bbox 1105 1230 1313 1270; x_wconf 84' lang='lat' dir='ltr'><strong>summa</strong></span> <span class='ocrx_word' id='word_1_85' title='bbox 1332 1231 1670 1269; x_wconf 87' lang='lat' dir='ltr'><strong>nummorum</strong></span> <span class='ocrx_word' id='word_1_86' title='bbox 1699 1234 1785 1270; x_wconf 48' lang='lat' dir='ltr'><strong>se.</strong></span> 
     </span>
    </p>
   </div>
   <div class='ocr_carea' id='block_1_15' title="bbox 219 1289 1783 1376">
    <p class='ocr_par' dir='ltr' id='par_1_15' title="bbox 219 1289 1783 1376">
     <span class='ocr_line' id='line_1_15' title="bbox 219 1289 1783 1376; baseline 0.001 -19"><span class='ocrx_word' id='word_1_87' title='bbox 219 1311 474 1376; x_wconf 76' lang='lat' dir='ltr'><strong>ptuagies</strong></span> <span class='ocrx_word' id='word_1_88' title='bbox 508 1310 721 1372; x_wconf 76' lang='lat' dir='ltr'><strong>millies,</strong></span> <span class='ocrx_word' id='word_1_89' title='bbox 755 1309 844 1373; x_wconf 94' lang='lat' dir='ltr'><strong>qui</strong></span> <span class='ocrx_word' id='word_1_90' title='bbox 895 1310 1127 1374; x_wconf 89' lang='lat' dir='ltr'><strong>primum</strong></span> <span class='ocrx_word' id='word_1_91' title='bbox 1175 1317 1328 1359; x_wconf 86' lang='lat' dir='ltr'><strong>erant</strong></span> <span class='ocrx_word' id='word_1_92' title='bbox 1377 1289 1605 1374; x_wconf 75' lang='lat' dir='ltr'><strong>vectigal</strong></span> <span class='ocrx_word' id='word_1_93' title='bbox 1637 1308 1783 1375; x_wconf 89' lang='lat' dir='ltr'><strong>quod</strong></span> 
     </span>
    </p>
   </div>
   <div class='ocr_carea' id='block_1_16' title="bbox 219 1397 1784 1464">
    <p class='ocr_par' dir='ltr' id='par_1_16' title="bbox 219 1397 1784 1464">
     <span class='ocr_line' id='line_1_16' title="bbox 219 1397 1784 1464; baseline 0.001 -16"><span class='ocrx_word' id='word_1_94' title='bbox 219 1403 267 1449; x_wconf 89' lang='lat' dir='ltr'><strong>in</strong></span> <span class='ocrx_word' id='word_1_95' title='bbox 310 1400 486 1450; x_wconf 72' lang='lat' dir='ltr'><strong>i&#39;lraco</strong></span> <span class='ocrx_word' id='word_1_96' title='bbox 523 1402 757 1451; x_wconf 75' lang='lat' dir='ltr'><strong>solutum</strong></span> <span class='ocrx_word' id='word_1_97' title='bbox 789 1407 892 1458; x_wconf 80' lang='lat' dir='ltr'><strong>est,</strong></span> <span class='ocrx_word' id='word_1_98' title='bbox 925 1413 987 1448; x_wconf 84' lang='lat' dir='ltr'><strong>ac</strong></span> <span class='ocrx_word' id='word_1_99' title='bbox 1024 1397 1177 1464; x_wconf 82' lang='lat' dir='ltr'><strong>primi</strong></span> <span class='ocrx_word' id='word_1_100' title='bbox 1225 1398 1430 1449; x_wconf 85' lang='lat' dir='ltr'><strong>nummi</strong></span> <span class='ocrx_word' id='word_1_101' title='bbox 1481 1400 1570 1464; x_wconf 86' lang='lat' dir='ltr'><strong>qui</strong></span> <span class='ocrx_word' id='word_1_102' title='bbox 1623 1413 1684 1450; x_wconf 76' lang='lat' dir='ltr'><strong>ex</strong></span> <span class='ocrx_word' id='word_1_103' title='bbox 1721 1413 1784 1450; x_wconf 83' lang='lat' dir='ltr'><strong>ea</strong></span> 
     </span>
    </p>
   </div>
   <div class='ocr_carea' id='block_1_17' title="bbox 219 1484 1786 1556">
    <p class='ocr_par' dir='ltr' id='par_1_17' title="bbox 219 1484 1786 1556">
     <span class='ocr_line' id='line_1_17' title="bbox 219 1484 1786 1556; baseline 0.001 -19"><span class='ocrx_word' id='word_1_104' title='bbox 219 1484 511 1556; x_wconf 72' lang='lat' dir='ltr'><strong>provincia</strong></span> <span class='ocrx_word' id='word_1_105' title='bbox 544 1488 605 1538; x_wconf 88' lang='lat' dir='ltr'><strong>ad</strong></span> <span class='ocrx_word' id='word_1_106' title='bbox 636 1488 974 1550; x_wconf 80' lang='lat' dir='ltr'><strong>Abuliecrum</strong></span> <span class='ocrx_word' id='word_1_107' title='bbox 1002 1496 1381 1551; x_wconf 78' lang='lat' dir='ltr'><strong>pervenerunt.</strong></span> <span class='ocrx_word' id='word_1_108' title='bbox 1407 1487 1539 1540; x_wconf 86' lang='lat' dir='ltr'><strong>Dein</strong></span> <span class='ocrx_word' id='word_1_109' title='bbox 1571 1487 1786 1553; x_wconf 79' lang='lat' dir='ltr'><strong>scripsit</strong></span> 
     </span>
    </p>
   </div>
   <div class='ocr_carea' id='block_1_18' title="bbox 220 1577 1785 1648">
    <p class='ocr_par' dir='ltr' id='par_1_18' title="bbox 220 1577 1785 1648">
     <span class='ocr_line' id='line_1_18' title="bbox 220 1577 1785 1648; baseline 0.001 -18"><span class='ocrx_word' id='word_1_110' title='bbox 220 1581 547 1632; x_wconf 77' lang='lat' dir='ltr'><strong>Abubecrus</strong></span> <span class='ocrx_word' id='word_1_111' title='bbox 580 1577 890 1637; x_wconf 76' lang='lat' dir='ltr'><strong>Yamanum,</strong></span> <span class='ocrx_word' id='word_1_112' title='bbox 942 1579 1001 1629; x_wconf 76' lang='lat' dir='ltr'><strong>Al</strong></span> <span class='ocrx_word' id='word_1_113' title='bbox 1030 1577 1201 1648; x_wconf 69' lang='lat' dir='ltr'><strong>Tayif,</strong></span> <span class='ocrx_word' id='word_1_114' title='bbox 1254 1578 1508 1640; x_wconf 83' lang='lat' dir='ltr'><strong>Meccam,</strong></span> <span class='ocrx_word' id='word_1_115' title='bbox 1542 1581 1785 1645; x_wconf 71' lang='lat' dir='ltr'><strong>aliasque</strong></span> 
     </span>
    </p>
   </div>
   <div class='ocr_carea' id='block_1_19' title="bbox 1843 765 3011 838">
    <p class='ocr_par' dir='ltr' id='par_1_19' title="bbox 1843 765 3011 838">
     <span class='ocr_line' id='line_1_19' title="bbox 1843 765 3011 838; baseline 0 -16"><span class='ocrx_word' id='word_1_116' title='bbox 1843 769 2154 822; x_wconf 87' lang='lat' dir='ltr'><strong>.est-inter</strong></span> <span class='ocrx_word' id='word_1_117' title='bbox 2213 782 2310 820; x_wconf 90' lang='lat' dir='ltr'><strong>nos</strong></span> <span class='ocrx_word' id='word_1_118' title='bbox 2370 767 2742 838; x_wconf 73' lang='lat'><strong>261-263</strong></span> <span class='ocrx_word' id='word_1_119' title='bbox 2810 765 2862 822; x_wconf 85' lang='lat' dir='ltr'><strong>et</strong></span> <span class='ocrx_word' id='word_1_120' title='bbox 2913 783 3011 822; x_wconf 86' lang='lat' dir='ltr'><strong>vos</strong></span> 
     </span>
    </p>
   </div>
   <div class='ocr_carea' id='block_1_20' title="bbox 1882 407 3436 475">
    <p class='ocr_par' dir='ltr' id='par_1_20' title="bbox 1882 407 3436 475">
     <span class='ocr_line' id='line_1_20' title="bbox 1882 407 3436 475; baseline 0.003 -20"><span class='ocrx_word' id='word_1_121' title='bbox 1882 423 2106 466; x_wconf 72' lang='lat' dir='ltr'><strong>ves-.ras,</strong></span> <span class='ocrx_word' id='word_1_122' title='bbox 2135 408 2212 458; x_wconf 81' lang='lat' dir='ltr'><strong>vel</strong></span> <span class='ocrx_word' id='word_1_123' title='bbox 2241 409 2550 475; x_wconf 71' lang='lat' dir='ltr'><strong>sanguines,</strong></span> <span class='ocrx_word' id='word_1_124' title='bbox 2579 407 2662 457; x_wconf 91' lang='lat' dir='ltr'><strong>vel</strong></span> <span class='ocrx_word' id='word_1_125' title='bbox 2685 422 2840 472; x_wconf 81' lang='lat' dir='ltr'><strong>opes,</strong></span> <span class='ocrx_word' id='word_1_126' title='bbox 2867 410 2946 460; x_wconf 87' lang='lat' dir='ltr'><strong>vel</strong></span> <span class='ocrx_word' id='word_1_127' title='bbox 2975 409 3175 460; x_wconf 89' lang='lat' dir='ltr'><strong>liberos</strong></span> <span class='ocrx_word' id='word_1_128' title='bbox 3207 421 3436 474; x_wconf 74' lang='lat' dir='ltr'><strong>speetet,</strong></span> 
     </span>
    </p>
   </div>
   <div class='ocr_carea' id='block_1_21' title="bbox 1881 497 3443 567">
    <p class='ocr_par' dir='ltr' id='par_1_21' title="bbox 1881 497 3443 567">
     <span class='ocr_line' id='line_1_21' title="bbox 1881 497 3443 567; baseline 0.003 -20"><span class='ocrx_word' id='word_1_129' title='bbox 1881 497 2236 567; x_wconf 69' lang='lat' dir='ltr'><strong>[titulumque]</strong></span> <span class='ocrx_word' id='word_1_130' title='bbox 2312 498 2442 550; x_wconf 88' lang='lat' dir='ltr'><strong>illud</strong></span> <span class='ocrx_word' id='word_1_131' title='bbox 2490 512 2517 548; x_wconf 92' lang='lat' dir='ltr'><strong>a</strong></span> <span class='ocrx_word' id='word_1_132' title='bbox 2587 497 2740 549; x_wconf 85' lang='lat' dir='ltr'><strong>vobis</strong></span> <span class='ocrx_word' id='word_1_133' title='bbox 2795 500 3157 564; x_wconf 85' lang='lat' dir='ltr'><strong>repellamus,</strong></span> <span class='ocrx_word' id='word_1_134' title='bbox 3206 501 3443 566; x_wconf 73' lang='lat' dir='ltr'><strong>quandiu</strong></span> 
     </span>
    </p>
   </div>
   <div class='ocr_carea' id='block_1_22' title="bbox 1881 588 3443 657">
    <p class='ocr_par' dir='ltr' id='par_1_22' title="bbox 1881 588 3443 657">
     <span class='ocr_line' id='line_1_22' title="bbox 1881 588 3443 657; baseline 0 -18"><span class='ocrx_word' id='word_1_135' title='bbox 1881 588 2234 657; x_wconf 63' lang='lat' dir='ltr'><strong>eoul&#39;tederati</strong></span> <span class='ocrx_word' id='word_1_136' title='bbox 2281 590 2437 640; x_wconf 87' lang='lat' dir='ltr'><strong>nobis</strong></span> <span class='ocrx_word' id='word_1_137' title='bbox 2489 588 2734 648; x_wconf 85' lang='lat' dir='ltr'><strong>fueritis.</strong></span> <span class='ocrx_word' id='word_1_138' title='bbox 2788 588 2951 656; x_wconf 83' lang='lat' dir='ltr'><strong>idque</strong></span> <span class='ocrx_word' id='word_1_139' title='bbox 2999 601 3155 657; x_wconf 74' lang='lat' dir='ltr'><strong>pasto</strong></span> <span class='ocrx_word' id='word_1_140' title='bbox 3204 608 3229 641; x_wconf 91' lang='lat' dir='ltr'><strong>a</strong></span> <span class='ocrx_word' id='word_1_141' title='bbox 3292 592 3443 642; x_wconf 73' lang='lat' dir='ltr'><strong>nobis</strong></span> 
     </span>
    </p>
   </div>
   <div class='ocr_carea' id='block_1_23' title="bbox 1884 655 3443 743">
    <p class='ocr_par' dir='ltr' id='par_1_23' title="bbox 1884 655 3443 743">
     <span class='ocr_line' id='line_1_23' title="bbox 1884 655 3443 743; baseline -0.002 -14"><span class='ocrx_word' id='word_1_142' title='bbox 1884 655 2257 729; x_wconf 75' lang='lat' dir='ltr'><strong>conﬁrmatum</strong></span> <span class='ocrx_word' id='word_1_143' title='bbox 2301 678 2619 732; x_wconf 76' lang='lat' dir='ltr'><strong>habueritis.</strong></span> <span class='ocrx_word' id='word_1_144' title='bbox 2659 680 2813 743; x_wconf 82' lang='lat' dir='ltr'><strong>Quod</strong></span> <span class='ocrx_word' id='word_1_145' title='bbox 2872 679 2916 732; x_wconf 88' lang='lat' dir='ltr'><strong>si</strong></span> <span class='ocrx_word' id='word_1_146' title='bbox 2978 680 3299 742; x_wconf 86' lang='lat' dir='ltr'><strong>abnueritis,</strong></span> <span class='ocrx_word' id='word_1_147' title='bbox 3339 698 3443 731; x_wconf 85' lang='lat' dir='ltr'><strong>non</strong></span> 
     </span>
    </p>
   </div>
   <div class='ocr_carea' id='block_1_24' title="bbox 3122 779 3447 834">
    <p class='ocr_par' dir='ltr' id='par_1_24' title="bbox 3122 779 3447 834">
     <span class='ocr_line' id='line_1_24' title="bbox 3122 779 3447 834; baseline -0.009 -10"><span class='ocrx_word' id='word_1_148' title='bbox 3122 779 3246 825; x_wconf 69' lang='lat' dir='ltr'><strong>Iter.</strong></span> <span class='ocrx_word' id='word_1_149' title='bbox 3284 788 3447 834; x_wconf 72' lang='lat' dir='ltr'><strong>quam</strong></span> 
     </span>
    </p>
   </div>
   <div class='ocr_carea' id='block_1_25' title="bbox 1883 856 3444 924">
    <p class='ocr_par' dir='ltr' id='par_1_25' title="bbox 1883 856 3444 924">
     <span class='ocr_line' id='line_1_25' title="bbox 1883 856 3444 924; baseline 0.001 -17"><span class='ocrx_word' id='word_1_150' title='bbox 1883 857 2059 924; x_wconf 78' lang='lat' dir='ltr'><strong>gladio</strong></span> <span class='ocrx_word' id='word_1_151' title='bbox 2093 871 2175 907; x_wconf 87' lang='lat' dir='ltr'><strong>res</strong></span> <span class='ocrx_word' id='word_1_152' title='bbox 2208 856 2583 922; x_wconf 84' lang='lat' dir='ltr'><strong>dijudicauda.</strong></span> <span class='ocrx_word' id='word_1_153' title='bbox 2613 856 2786 908; x_wconf 91' lang='lat' dir='ltr'><strong>donec</strong></span> <span class='ocrx_word' id='word_1_154' title='bbox 2829 857 2911 908; x_wconf 91' lang='lat' dir='ltr'><strong>vel</strong></span> <span class='ocrx_word' id='word_1_155' title='bbox 2965 871 3156 909; x_wconf 89' lang='lat' dir='ltr'><strong>omnes</strong></span> <span class='ocrx_word' id='word_1_156' title='bbox 3182 859 3245 908; x_wconf 91' lang='lat' dir='ltr'><strong>ad</strong></span> <span class='ocrx_word' id='word_1_157' title='bbox 3278 874 3444 908; x_wconf 90' lang='lat' dir='ltr'><strong>unum</strong></span> 
     </span>
    </p>
   </div>
   <div class='ocr_carea' id='block_1_26' title="bbox 1884 947 3446 1016">
    <p class='ocr_par' dir='ltr' id='par_1_26' title="bbox 1884 947 3446 1016">
     <span class='ocr_line' id='line_1_26' title="bbox 1884 947 3446 1016; baseline 0 -18"><span class='ocrx_word' id='word_1_158' title='bbox 1884 950 2201 1009; x_wconf 83' lang='lat' dir='ltr'><strong>moriamur,</strong></span> <span class='ocrx_word' id='word_1_159' title='bbox 2231 947 2491 1014; x_wconf 90' lang='lat' dir='ltr'><strong>autquod</strong></span> <span class='ocrx_word' id='word_1_160' title='bbox 2522 947 2770 999; x_wconf 87' lang='lat' dir='ltr'><strong>volumus</strong></span> <span class='ocrx_word' id='word_1_161' title='bbox 2796 962 2823 998; x_wconf 92' lang='lat' dir='ltr'><strong>a</strong></span> <span class='ocrx_word' id='word_1_162' title='bbox 2852 949 3001 1001; x_wconf 84' lang='lat' dir='ltr'><strong>vobis</strong></span> <span class='ocrx_word' id='word_1_163' title='bbox 3024 963 3446 1016; x_wconf 86' lang='lat' dir='ltr'><strong>consequamur.</strong></span> 
     </span>
    </p>
   </div>
   <div class='ocr_carea' id='block_1_27' title="bbox 1883 1035 3448 1105">
    <p class='ocr_par' dir='ltr' id='par_1_27' title="bbox 1883 1035 3448 1105">
     <span class='ocr_line' id='line_1_27' title="bbox 1883 1035 3448 1105; baseline 0.003 -19"><span class='ocrx_word' id='word_1_164' title='bbox 1883 1035 2151 1090; x_wconf 77' lang='lat' dir='ltr'><strong>Patricius</strong></span> <span class='ocrx_word' id='word_1_165' title='bbox 2196 1053 2326 1105; x_wconf 77' lang='lat' dir='ltr'><strong>ergo</strong></span> <span class='ocrx_word' id='word_1_166' title='bbox 2363 1039 2447 1098; x_wconf 82' lang='lat' dir='ltr'><strong>tibi</strong></span> <span class='ocrx_word' id='word_1_167' title='bbox 2485 1035 2670 1091; x_wconf 86' lang='lat' dir='ltr'><strong>Omari</strong></span> <span class='ocrx_word' id='word_1_168' title='bbox 2723 1036 2895 1090; x_wconf 87' lang='lat' dir='ltr'><strong>Ebnol</strong></span> <span class='ocrx_word' id='word_1_169' title='bbox 2951 1038 3042 1090; x_wconf 72' lang='grc' dir='ltr'><strong>Αδὶ</strong></span> <span class='ocrx_word' id='word_1_170' title='bbox 3076 1041 3237 1092; x_wconf 85' lang='lat' dir='ltr'><strong>verba</strong></span> <span class='ocrx_word' id='word_1_171' title='bbox 3291 1040 3448 1090; x_wconf 88' lang='lat' dir='ltr'><strong>andi-</strong></span> 
     </span>
    </p>
   </div>
   <div class='ocr_carea' id='block_1_28' title="bbox 1885 1111 3448 1194">
    <p class='ocr_par' dir='ltr' id='par_1_28' title="bbox 1885 1111 3448 1194">
     <span class='ocr_line' id='line_1_28' title="bbox 1885 1111 3448 1194; baseline 0.003 -17"><span class='ocrx_word' id='word_1_172' title='bbox 1885 1127 2075 1188; x_wconf 89' lang='lat' dir='ltr'><strong>visset,</strong></span> <span class='ocrx_word' id='word_1_173' title='bbox 2107 1135 2160 1180; x_wconf 93' lang='lat' dir='ltr'><strong>et</strong></span> <span class='ocrx_word' id='word_1_174' title='bbox 2187 1111 2510 1194; x_wconf 86' lang='lat' dir='ltr'><strong>quantillam</strong></span> <span class='ocrx_word' id='word_1_175' title='bbox 2545 1125 2713 1193; x_wconf 86' lang='lat' dir='ltr'><strong>ipsius</strong></span> <span class='ocrx_word' id='word_1_176' title='bbox 2742 1129 3002 1180; x_wconf 88' lang='lat' dir='ltr'><strong>rationem</strong></span> <span class='ocrx_word' id='word_1_177' title='bbox 3033 1128 3278 1189; x_wconf 83' lang='lat' dir='ltr'><strong>haberet,</strong></span> <span class='ocrx_word' id='word_1_178' title='bbox 3310 1127 3448 1185; x_wconf 81' lang='lat' dir='ltr'><strong>dixit</strong></span> 
     </span>
    </p>
   </div>
   <div class='ocr_carea' id='block_1_29' title="bbox 1885 1215 3448 1286">
    <p class='ocr_par' dir='ltr' id='par_1_29' title="bbox 1885 1215 3448 1286">
     <span class='ocr_line' id='line_1_29' title="bbox 1885 1215 3448 1286; baseline 0.003 -20"><span class='ocrx_word' id='word_1_179' title='bbox 1885 1215 2175 1267; x_wconf 83' lang='lat' dir='ltr'><strong>comitibus</strong></span> <span class='ocrx_word' id='word_1_180' title='bbox 2205 1217 2321 1270; x_wconf 85' lang='lat' dir='ltr'><strong>suis</strong></span> <span class='ocrx_word' id='word_1_181' title='bbox 2351 1234 2364 1270; x_wconf 88' lang='lat'><strong>:</strong></span> <span class='ocrx_word' id='word_1_182' title='bbox 2395 1215 2654 1284; x_wconf 80' lang='lat' dir='ltr'><strong>Suspicor</strong></span> <span class='ocrx_word' id='word_1_183' title='bbox 2699 1217 2843 1269; x_wconf 88' lang='lat' dir='ltr'><strong>hunc</strong></span> <span class='ocrx_word' id='word_1_184' title='bbox 2877 1215 3060 1285; x_wconf 88' lang='lat' dir='ltr'><strong>populi</strong></span> <span class='ocrx_word' id='word_1_185' title='bbox 3100 1218 3249 1270; x_wconf 68' lang='lat' dir='ltr'><strong>illius</strong></span> <span class='ocrx_word' id='word_1_186' title='bbox 3279 1219 3448 1286; x_wconf 82' lang='lat' dir='ltr'><strong>impe-</strong></span> 
     </span>
    </p>
   </div>
   <div class='ocr_carea' id='block_1_30' title="bbox 1887 1306 3450 1376">
    <p class='ocr_par' dir='ltr' id='par_1_30' title="bbox 1887 1306 3450 1376">
     <span class='ocr_line' id='line_1_30' title="bbox 1887 1306 3450 1376; baseline -0.001 -16"><span class='ocrx_word' id='word_1_187' title='bbox 1887 1316 2125 1360; x_wconf 90' lang='lat' dir='ltr'><strong>ratorem</strong></span> <span class='ocrx_word' id='word_1_188' title='bbox 2162 1324 2311 1371; x_wconf 87' lang='lat' dir='ltr'><strong>esse,</strong></span> <span class='ocrx_word' id='word_1_189' title='bbox 2350 1309 2595 1376; x_wconf 84' lang='lat' dir='ltr'><strong>ipsisque</strong></span> <span class='ocrx_word' id='word_1_190' title='bbox 2643 1306 2698 1360; x_wconf 92' lang='lat' dir='ltr'><strong>in</strong></span> <span class='ocrx_word' id='word_1_191' title='bbox 2745 1308 3019 1360; x_wconf 85' lang='lat' dir='ltr'><strong>mandatis</strong></span> <span class='ocrx_word' id='word_1_192' title='bbox 3053 1308 3224 1370; x_wconf 80' lang='lat' dir='ltr'><strong>dedit,</strong></span> <span class='ocrx_word' id='word_1_193' title='bbox 3273 1317 3330 1359; x_wconf 90' lang='lat' dir='ltr'><strong>ut</strong></span> <span class='ocrx_word' id='word_1_194' title='bbox 3362 1308 3450 1359; x_wconf 89' lang='lat' dir='ltr'><strong>ubi</strong></span> 
     </span>
    </p>
   </div>
   <div class='ocr_carea' id='block_1_31' title="bbox 1887 1385 3450 1466">
    <p class='ocr_par' dir='ltr' id='par_1_31' title="bbox 1887 1385 3450 1466">
     <span class='ocr_line' id='line_1_31' title="bbox 1887 1385 3450 1466; baseline 0.002 -19"><span class='ocrx_word' id='word_1_195' title='bbox 1887 1399 1953 1449; x_wconf 87' lang='lat' dir='ltr'><strong>ad</strong></span> <span class='ocrx_word' id='word_1_196' title='bbox 1990 1405 2198 1464; x_wconf 77' lang='lat' dir='ltr'><strong>peltam</strong></span> <span class='ocrx_word' id='word_1_197' title='bbox 2244 1398 2396 1450; x_wconf 85' lang='lat' dir='ltr'><strong>urbis</strong></span> <span class='ocrx_word' id='word_1_198' title='bbox 2426 1398 2674 1450; x_wconf 76' lang='lat' dir='ltr'><strong>exiturus</strong></span> <span class='ocrx_word' id='word_1_199' title='bbox 2720 1399 3054 1466; x_wconf 87' lang='lat' dir='ltr'><strong>perveniret,</strong></span> <span class='ocrx_word' id='word_1_200' title='bbox 3097 1385 3296 1451; x_wconf 87' lang='lat' dir='ltr'><strong>collum</strong></span> <span class='ocrx_word' id='word_1_201' title='bbox 3349 1399 3450 1466; x_wconf 89' lang='lat' dir='ltr'><strong>ipsi</strong></span> 
     </span>
    </p>
   </div>
   <div class='ocr_carea' id='block_1_32' title="bbox 1887 1486 3450 1558">
    <p class='ocr_par' dir='ltr' id='par_1_32' title="bbox 1887 1486 3450 1558">
     <span class='ocr_line' id='line_1_32' title="bbox 1887 1486 3450 1558; baseline 0.001 -20"><span class='ocrx_word' id='word_1_202' title='bbox 1887 1488 2260 1555; x_wconf 63' lang='lat' dir='ltr'><strong>prxcialerent.</strong></span> <span class='ocrx_word' id='word_1_203' title='bbox 2297 1486 2418 1540; x_wconf 85' lang='lat' dir='ltr'><strong>Fuit</strong></span> <span class='ocrx_word' id='word_1_204' title='bbox 2441 1498 2618 1541; x_wconf 89' lang='lat' dir='ltr'><strong>autem</strong></span> <span class='ocrx_word' id='word_1_205' title='bbox 2645 1502 2766 1540; x_wconf 90' lang='lat' dir='ltr'><strong>cum</strong></span> <span class='ocrx_word' id='word_1_206' title='bbox 2802 1488 3004 1541; x_wconf 85' lang='lat' dir='ltr'><strong>Omaro</strong></span> <span class='ocrx_word' id='word_1_207' title='bbox 3033 1505 3184 1558; x_wconf 90' lang='lat' dir='ltr'><strong>puer,</strong></span> <span class='ocrx_word' id='word_1_208' title='bbox 3233 1490 3450 1542; x_wconf 85' lang='lat' dir='ltr'><strong>nomine</strong></span> 
     </span>
    </p>
   </div>
   <div class='ocr_carea' id='block_1_33' title="bbox 1892 1577 3538 1646">
    <p class='ocr_par' dir='ltr' id='par_1_33' title="bbox 1892 1577 3538 1646">
     <span class='ocr_line' id='line_1_33' title="bbox 1892 1577 3538 1646; baseline 0.002 -16"><span class='ocrx_word' id='word_1_209' title='bbox 1892 1577 2148 1641; x_wconf 88' lang='lat' dir='ltr'><strong>Wardan,</strong></span> <span class='ocrx_word' id='word_1_210' title='bbox 2181 1581 2272 1646; x_wconf 88' lang='lat' dir='ltr'><strong>qui</strong></span> <span class='ocrx_word' id='word_1_211' title='bbox 2301 1580 2538 1646; x_wconf 85' lang='lat' dir='ltr'><strong>linguam</strong></span> <span class='ocrx_word' id='word_1_212' title='bbox 2568 1578 2884 1633; x_wconf 77' lang='lat' dir='ltr'><strong>Romaicam</strong></span> <span class='ocrx_word' id='word_1_213' title='bbox 2916 1581 3169 1642; x_wconf 79' lang='lat' dir='ltr'><strong>callebat,</strong></span> <span class='ocrx_word' id='word_1_214' title='bbox 3198 1596 3319 1633; x_wconf 89' lang='lat' dir='ltr'><strong>cum</strong></span> <span class='ocrx_word' id='word_1_215' title='bbox 3359 1597 3449 1634; x_wconf 87' lang='lat' dir='ltr'><strong>na-</strong></span> <span class='ocrx_word' id='word_1_216' title='bbox 3535 1643 3538 1645; x_wconf 22' lang='grc' dir='ltr'>λ</span> 
     </span>
    </p>
   </div>
   <div class='ocr_carea' id='block_1_34' title="bbox 221 1657 3452 1739">
    <p class='ocr_par' dir='ltr' id='par_1_34' title="bbox 221 1657 3452 1739">
     <span class='ocr_line' id='line_1_34' title="bbox 221 1657 3452 1739; baseline -0 -16"><span class='ocrx_word' id='word_1_217' title='bbox 221 1675 468 1723; x_wconf 81' lang='lat' dir='ltr'><strong>Arabum</strong></span> <span class='ocrx_word' id='word_1_218' title='bbox 499 1671 694 1734; x_wconf 89' lang='lat' dir='ltr'><strong>tribus,</strong></span> <span class='ocrx_word' id='word_1_219' title='bbox 728 1686 880 1738; x_wconf 85' lang='lat' dir='ltr'><strong>opem</strong></span> <span class='ocrx_word' id='word_1_220' title='bbox 923 1670 988 1721; x_wconf 87' lang='lat' dir='ltr'><strong>ab</strong></span> <span class='ocrx_word' id='word_1_221' title='bbox 1018 1670 1148 1736; x_wconf 87' lang='lat' dir='ltr'><strong>ipsis</strong></span> <span class='ocrx_word' id='word_1_222' title='bbox 1184 1680 1372 1736; x_wconf 86' lang='lat' dir='ltr'><strong>petens</strong></span> <span class='ocrx_word' id='word_1_223' title='bbox 1406 1669 1473 1722; x_wconf 85' lang='lat' dir='ltr'><strong>ad</strong></span> <span class='ocrx_word' id='word_1_224' title='bbox 1508 1669 1785 1722; x_wconf 75' lang='lat' dir='ltr'><strong>Romanos</strong></span> <span class='ocrx_word' id='word_1_225' title='bbox 1818 1657 1856 1710; x_wconf 78' lang='grc' dir='ltr'><strong>Β</strong></span> <span class='ocrx_word' id='word_1_226' title='bbox 1888 1672 2033 1723; x_wconf 88' lang='lat' dir='ltr'><strong>tione</strong></span> <span class='ocrx_word' id='word_1_227' title='bbox 2064 1669 2282 1723; x_wconf 66' lang='lat' dir='ltr'><strong>Graecus</strong></span> <span class='ocrx_word' id='word_1_228' title='bbox 2325 1678 2492 1723; x_wconf 85' lang='lat' dir='ltr'><strong>esset.</strong></span> <span class='ocrx_word' id='word_1_229' title='bbox 2534 1670 2773 1724; x_wconf 84' lang='lat' dir='ltr'><strong>Narrans</strong></span> <span class='ocrx_word' id='word_1_230' title='bbox 2822 1685 2952 1739; x_wconf 77' lang='lat' dir='ltr'><strong>ergo</strong></span> <span class='ocrx_word' id='word_1_231' title='bbox 2987 1669 3188 1724; x_wconf 80' lang='lat' dir='ltr'><strong>Omaro</strong></span> <span class='ocrx_word' id='word_1_232' title='bbox 3226 1669 3452 1724; x_wconf 82' lang='lat' dir='ltr'><strong>War.la-</strong></span> 
     </span>
    </p>
   </div>
   <div class='ocr_carea' id='block_1_35' title="bbox 220 1760 1787 1831">
    <p class='ocr_par' dir='ltr' id='par_1_35' title="bbox 220 1760 1787 1831">
     <span class='ocr_line' id='line_1_35' title="bbox 220 1760 1787 1831; baseline 0 -16"><span class='ocrx_word' id='word_1_233' title='bbox 220 1763 642 1831; x_wconf 76' lang='lat' dir='ltr'><strong>Oppugnandos.</strong></span> <span class='ocrx_word' id='word_1_234' title='bbox 659 1762 902 1828; x_wconf 87' lang='lat' dir='ltr'><strong>Cumque</strong></span> <span class='ocrx_word' id='word_1_235' title='bbox 928 1763 991 1811; x_wconf 87' lang='lat' dir='ltr'><strong>ad</strong></span> <span class='ocrx_word' id='word_1_236' title='bbox 1018 1762 1192 1829; x_wconf 82' lang='lat' dir='ltr'><strong>ipsum</strong></span> <span class='ocrx_word' id='word_1_237' title='bbox 1215 1763 1609 1829; x_wconf 80' lang='lat' dir='ltr'><strong>pervenissent,</strong></span> <span class='ocrx_word' id='word_1_238' title='bbox 1630 1760 1787 1816; x_wconf 88' lang='lat' dir='ltr'><strong>Oma-</strong></span> 
     </span>
    </p>
   </div>
   <div class='ocr_carea' id='block_1_36' title="bbox 222 1851 1786 1917">
    <p class='ocr_par' dir='ltr' id='par_1_36' title="bbox 222 1851 1786 1917">
     <span class='ocr_line' id='line_1_36' title="bbox 222 1851 1786 1917; baseline 0.001 -11"><span class='ocrx_word' id='word_1_239' title='bbox 222 1870 345 1906; x_wconf 84' lang='lat' dir='ltr'><strong>rum</strong></span> <span class='ocrx_word' id='word_1_240' title='bbox 405 1855 588 1907; x_wconf 76' lang='lat' dir='ltr'><strong>Elmol</strong></span> <span class='ocrx_word' id='word_1_241' title='bbox 621 1854 734 1916; x_wconf 77' lang='lat' dir='ltr'><strong>Asi,</strong></span> <span class='ocrx_word' id='word_1_242' title='bbox 785 1853 1146 1917; x_wconf 86' lang='lat' dir='ltr'><strong>Sbarjabilum</strong></span> <span class='ocrx_word' id='word_1_243' title='bbox 1199 1853 1314 1905; x_wconf 78' lang='lat' dir='ltr'><strong>Ebn</strong></span> <span class='ocrx_word' id='word_1_244' title='bbox 1356 1851 1574 1907; x_wconf 86' lang='lat' dir='ltr'><strong>llasnab</strong></span> <span class='ocrx_word' id='word_1_245' title='bbox 1607 1855 1786 1908; x_wconf 81' lang='lat' dir='ltr'><strong>Abao-</strong></span> 
     </span>
    </p>
   </div>
   <div class='ocr_carea' id='block_1_37' title="bbox 222 1941 1787 2013">
    <p class='ocr_par' dir='ltr' id='par_1_37' title="bbox 222 1941 1787 2013">
     <span class='ocr_line' id='line_1_37' title="bbox 222 1941 1787 2013; baseline 0 -15"><span class='ocrx_word' id='word_1_246' title='bbox 222 1947 449 1998; x_wconf 83' lang='lat' dir='ltr'><strong>baidum</strong></span> <span class='ocrx_word' id='word_1_247' title='bbox 485 1945 658 1998; x_wconf 84' lang='lat' dir='ltr'><strong>Ebnol</strong></span> <span class='ocrx_word' id='word_1_248' title='bbox 694 1944 887 2007; x_wconf 87' lang='lat' dir='ltr'><strong>larabi,</strong></span> <span class='ocrx_word' id='word_1_249' title='bbox 919 1941 1180 1996; x_wconf 83' lang='lat' dir='ltr'><strong>Yazidnm</strong></span> <span class='ocrx_word' id='word_1_250' title='bbox 1233 1944 1347 1996; x_wconf 79' lang='lat' dir='ltr'><strong>Ebu</strong></span> <span class='ocrx_word' id='word_1_251' title='bbox 1398 1945 1499 1997; x_wconf 80' lang='lat' dir='ltr'><strong>Abi</strong></span> <span class='ocrx_word' id='word_1_252' title='bbox 1545 1945 1744 2013; x_wconf 79' lang='lat' dir='ltr'><strong>Sofyan</strong></span> <span class='ocrx_word' id='word_1_253' title='bbox 1770 1985 1787 2008; x_wconf 96' lang='lat'><strong>,</strong></span> 
     </span>
    </p>
   </div>
   <div class='ocr_carea' id='block_1_38' title="bbox 219 2036 1788 2106">
    <p class='ocr_par' dir='ltr' id='par_1_38' title="bbox 219 2036 1788 2106">
     <span class='ocr_line' id='line_1_38' title="bbox 219 2036 1788 2106; baseline 0.001 -16"><span class='ocrx_word' id='word_1_254' title='bbox 219 2039 402 2106; x_wconf 81' lang='lat' dir='ltr'><strong>copiis</strong></span> <span class='ocrx_word' id='word_1_255' title='bbox 466 2037 764 2091; x_wconf 78' lang='lat' dir='ltr'><strong>instructos</strong></span> <span class='ocrx_word' id='word_1_256' title='bbox 840 2038 1030 2097; x_wconf 83' lang='lat' dir='ltr'><strong>misit,</strong></span> <span class='ocrx_word' id='word_1_257' title='bbox 1090 2036 1418 2104; x_wconf 80' lang='lat' dir='ltr'><strong>imperatore</strong></span> <span class='ocrx_word' id='word_1_258' title='bbox 1484 2041 1788 2092; x_wconf 82' lang='lat' dir='ltr'><strong>constituto</strong></span> 
     </span>
    </p>
   </div>
   <div class='ocr_carea' id='block_1_39' title="bbox 222 2125 1787 2199">
    <p class='ocr_par' dir='ltr' id='par_1_39' title="bbox 222 2125 1787 2199">
     <span class='ocr_line' id='line_1_39' title="bbox 222 2125 1787 2199; baseline 0.001 -21"><span class='ocrx_word' id='word_1_259' title='bbox 222 2131 430 2191; x_wconf 76' lang='lat' dir='ltr'><strong>mnaro</strong></span> <span class='ocrx_word' id='word_1_260' title='bbox 475 2129 644 2182; x_wconf 86' lang='lat' dir='ltr'><strong>Ebnol</strong></span> <span class='ocrx_word' id='word_1_261' title='bbox 694 2127 809 2189; x_wconf 74' lang='grc' dir='ltr'><strong>Δεῖ,</strong></span> <span class='ocrx_word' id='word_1_262' title='bbox 847 2125 1116 2199; x_wconf 73' lang='lat' dir='ltr'><strong>iussitque</strong></span> <span class='ocrx_word' id='word_1_263' title='bbox 1153 2129 1203 2179; x_wconf 93' lang='lat' dir='ltr'><strong>in</strong></span> <span class='ocrx_word' id='word_1_264' title='bbox 1257 2127 1465 2196; x_wconf 81' lang='lat' dir='ltr'><strong>Syriam</strong></span> <span class='ocrx_word' id='word_1_265' title='bbox 1504 2144 1597 2196; x_wconf 91' lang='lat' dir='ltr'><strong>per</strong></span> <span class='ocrx_word' id='word_1_266' title='bbox 1649 2129 1787 2181; x_wconf 83' lang='lat' dir='ltr'><strong>viam</strong></span> 
     </span>
    </p>
   </div>
   <div class='ocr_carea' id='block_1_40' title="bbox 222 2218 1790 2280">
    <p class='ocr_par' dir='ltr' id='par_1_40' title="bbox 222 2218 1790 2280">
     <span class='ocr_line' id='line_1_40' title="bbox 222 2218 1790 2280; baseline 0 -6"><span class='ocrx_word' id='word_1_267' title='bbox 222 2219 335 2274; x_wconf 90' lang='lat' dir='ltr'><strong>llah</strong></span> <span class='ocrx_word' id='word_1_268' title='bbox 369 2219 616 2280; x_wconf 82' lang='lat' dir='ltr'><strong>tendere,</strong></span> <span class='ocrx_word' id='word_1_269' title='bbox 647 2219 702 2270; x_wconf 84' lang='lat' dir='ltr'><strong>in</strong></span> <span class='ocrx_word' id='word_1_270' title='bbox 731 2218 995 2270; x_wconf 84' lang='lat' dir='ltr'><strong>mandatis</strong></span> <span class='ocrx_word' id='word_1_271' title='bbox 1031 2221 1166 2269; x_wconf 89' lang='lat' dir='ltr'><strong>dans</strong></span> <span class='ocrx_word' id='word_1_272' title='bbox 1213 2234 1278 2271; x_wconf 91' lang='lat' dir='ltr'><strong>ne</strong></span> <span class='ocrx_word' id='word_1_273' title='bbox 1307 2220 1388 2271; x_wconf 81' lang='lat' dir='ltr'><strong>vel</strong></span> <span class='ocrx_word' id='word_1_274' title='bbox 1422 2234 1604 2271; x_wconf 87' lang='lat' dir='ltr'><strong>senem</strong></span> <span class='ocrx_word' id='word_1_275' title='bbox 1634 2229 1790 2275; x_wconf 76' lang='lat' dir='ltr'><strong>aetate</strong></span> 
     </span>
    </p>
   </div>
   <div class='ocr_carea' id='block_1_41' title="bbox 223 2309 1790 2378">
    <p class='ocr_par' dir='ltr' id='par_1_41' title="bbox 223 2309 1790 2378">
     <span class='ocr_line' id='line_1_41' title="bbox 223 2309 1790 2378; baseline 0.003 -20"><span class='ocrx_word' id='word_1_276' title='bbox 223 2323 565 2378; x_wconf 81' lang='lat' dir='ltr'><strong>provectum,</strong></span> <span class='ocrx_word' id='word_1_277' title='bbox 623 2312 701 2362; x_wconf 87' lang='lat' dir='ltr'><strong>vel</strong></span> <span class='ocrx_word' id='word_1_278' title='bbox 755 2309 1009 2361; x_wconf 76' lang='lat' dir='ltr'><strong>infantem</strong></span> <span class='ocrx_word' id='word_1_279' title='bbox 1045 2310 1437 2371; x_wconf 65' lang='lat' dir='ltr'><strong>minori-tinem,</strong></span> <span class='ocrx_word' id='word_1_280' title='bbox 1470 2311 1550 2362; x_wconf 89' lang='lat' dir='ltr'><strong>vel</strong></span> <span class='ocrx_word' id='word_1_281' title='bbox 1600 2310 1790 2362; x_wconf 89' lang='lat' dir='ltr'><strong>mulie-</strong></span> 
     </span>
    </p>
   </div>
   <div class='ocr_carea' id='block_1_42' title="bbox 224 2399 1789 2469">
    <p class='ocr_par' dir='ltr' id='par_1_42' title="bbox 224 2399 1789 2469">
     <span class='ocr_line' id='line_1_42' title="bbox 224 2399 1789 2469; baseline 0 -16"><span class='ocrx_word' id='word_1_282' title='bbox 224 2415 340 2453; x_wconf 85' lang='lat' dir='ltr'><strong>rem</strong></span> <span class='ocrx_word' id='word_1_283' title='bbox 387 2401 698 2469; x_wconf 80' lang='lat' dir='ltr'><strong>quampiam</strong></span> <span class='ocrx_word' id='word_1_284' title='bbox 745 2401 1080 2460; x_wconf 88' lang='lat' dir='ltr'><strong>occiderent,</strong></span> <span class='ocrx_word' id='word_1_285' title='bbox 1135 2400 1217 2451; x_wconf 86' lang='lat' dir='ltr'><strong>vel</strong></span> <span class='ocrx_word' id='word_1_286' title='bbox 1265 2401 1514 2451; x_wconf 79' lang='lat' dir='ltr'><strong>arborem</strong></span> <span class='ocrx_word' id='word_1_287' title='bbox 1564 2399 1789 2469; x_wconf 74' lang='lat' dir='ltr'><strong>frugife-</strong></span> 
     </span>
    </p>
   </div>
   <div class='ocr_carea' id='block_1_43' title="bbox 225 2492 1788 2560">
    <p class='ocr_par' dir='ltr' id='par_1_43' title="bbox 225 2492 1788 2560">
     <span class='ocr_line' id='line_1_43' title="bbox 225 2492 1788 2560; baseline 0.001 -17"><span class='ocrx_word' id='word_1_288' title='bbox 225 2508 344 2545; x_wconf 87' lang='lat' dir='ltr'><strong>ram</strong></span> <span class='ocrx_word' id='word_1_289' title='bbox 383 2494 754 2560; x_wconf 65' lang='lat' dir='ltr'><strong>praeciderent,</strong></span> <span class='ocrx_word' id='word_1_290' title='bbox 796 2492 875 2545; x_wconf 84' lang='lat' dir='ltr'><strong>vel</strong></span> <span class='ocrx_word' id='word_1_291' title='bbox 925 2494 1097 2542; x_wconf 84' lang='lat' dir='ltr'><strong>locum</strong></span> <span class='ocrx_word' id='word_1_292' title='bbox 1132 2493 1332 2543; x_wconf 89' lang='lat' dir='ltr'><strong>cultmn</strong></span> <span class='ocrx_word' id='word_1_293' title='bbox 1368 2501 1665 2556; x_wconf 88' lang='lat' dir='ltr'><strong>vastarent,</strong></span> <span class='ocrx_word' id='word_1_294' title='bbox 1706 2493 1788 2544; x_wconf 89' lang='lat' dir='ltr'><strong>vel</strong></span> 
     </span>
    </p>
   </div>
   <div class='ocr_carea' id='block_1_44' title="bbox 224 2582 1789 2649">
    <p class='ocr_par' dir='ltr' id='par_1_44' title="bbox 224 2582 1789 2649">
     <span class='ocr_line' id='line_1_44' title="bbox 224 2582 1789 2649; baseline 0.001 -18"><span class='ocrx_word' id='word_1_295' title='bbox 224 2582 464 2649; x_wconf 80' lang='lat' dir='ltr'><strong>palmam</strong></span> <span class='ocrx_word' id='word_1_296' title='bbox 497 2585 887 2636; x_wconf 70' lang='lat' dir='ltr'><strong>SUCCCIN&#39;CI&#39;L‘IH.</strong></span> <span class='ocrx_word' id='word_1_297' title='bbox 931 2595 1024 2633; x_wconf 92' lang='lat' dir='ltr'><strong>aut</strong></span> <span class='ocrx_word' id='word_1_298' title='bbox 1071 2584 1439 2646; x_wconf 84' lang='lat' dir='ltr'><strong>succiderent,</strong></span> <span class='ocrx_word' id='word_1_299' title='bbox 1487 2587 1567 2638; x_wconf 82' lang='lat' dir='ltr'><strong>vel</strong></span> <span class='ocrx_word' id='word_1_300' title='bbox 1613 2600 1789 2645; x_wconf 85' lang='lat' dir='ltr'><strong>ovem,</strong></span> 
     </span>
    </p>
   </div>
   <div class='ocr_carea' id='block_1_45' title="bbox 225 2672 1787 2742">
    <p class='ocr_par' dir='ltr' id='par_1_45' title="bbox 225 2672 1787 2742">
     <span class='ocr_line' id='line_1_45' title="bbox 225 2672 1787 2742; baseline 0.006 -21"><span class='ocrx_word' id='word_1_301' title='bbox 225 2675 448 2736; x_wconf 84' lang='lat' dir='ltr'><strong>bovem,</strong></span> <span class='ocrx_word' id='word_1_302' title='bbox 495 2681 587 2724; x_wconf 89' lang='lat' dir='ltr'><strong>aut</strong></span> <span class='ocrx_word' id='word_1_303' title='bbox 633 2673 839 2730; x_wconf 63' lang='lat' dir='ltr'><strong>haedum</strong></span> <span class='ocrx_word' id='word_1_304' title='bbox 882 2672 1212 2739; x_wconf 84' lang='lat' dir='ltr'><strong>jugularent.</strong></span> <span class='ocrx_word' id='word_1_305' title='bbox 1270 2673 1346 2725; x_wconf 89' lang='lat' dir='ltr'><strong>Illi</strong></span> <span class='ocrx_word' id='word_1_306' title='bbox 1387 2689 1515 2741; x_wconf 82' lang='lat' dir='ltr'><strong>ergo</strong></span> <span class='ocrx_word' id='word_1_307' title='bbox 1565 2675 1787 2742; x_wconf 73' lang='lat' dir='ltr'><strong>proiecti</strong></span> 
     </span>
    </p>
   </div>
   <div class='ocr_carea' id='block_1_46' title="bbox 225 2761 1778 2830">
    <p class='ocr_par' dir='ltr' id='par_1_46' title="bbox 225 2761 1778 2830">
     <span class='ocr_line' id='line_1_46' title="bbox 225 2761 1778 2830; baseline -0.001 -11"><span class='ocrx_word' id='word_1_308' title='bbox 225 2775 354 2819; x_wconf 72' lang='lat' dir='ltr'><strong>Sunt</strong></span> <span class='ocrx_word' id='word_1_309' title='bbox 395 2763 565 2816; x_wconf 87' lang='lat' dir='ltr'><strong>donec</strong></span> <span class='ocrx_word' id='word_1_310' title='bbox 600 2772 775 2815; x_wconf 86' lang='lat' dir='ltr'><strong>castra</strong></span> <span class='ocrx_word' id='word_1_311' title='bbox 808 2773 1070 2830; x_wconf 82' lang='lat' dir='ltr'><strong>ponerent</strong></span> <span class='ocrx_word' id='word_1_312' title='bbox 1117 2763 1167 2815; x_wconf 91' lang='lat' dir='ltr'><strong>in</strong></span> <span class='ocrx_word' id='word_1_313' title='bbox 1212 2778 1347 2830; x_wconf 82' lang='lat' dir='ltr'><strong>pago</strong></span> <span class='ocrx_word' id='word_1_314' title='bbox 1378 2761 1571 2816; x_wconf 87' lang='lat' dir='ltr'><strong>Tadun</strong></span> <span class='ocrx_word' id='word_1_315' title='bbox 1606 2765 1778 2826; x_wconf 90' lang='lat' dir='ltr'><strong>dicto,</strong></span> 
     </span>
    </p>
   </div>
   <div class='ocr_carea' id='block_1_47' title="bbox 226 2851 1788 2923">
    <p class='ocr_par' dir='ltr' id='par_1_47' title="bbox 226 2851 1788 2923">
     <span class='ocr_line' id='line_1_47' title="bbox 226 2851 1788 2923; baseline 0 -15"><span class='ocrx_word' id='word_1_316' title='bbox 226 2871 352 2923; x_wconf 68' lang='lat' dir='ltr'><strong>qum</strong></span> <span class='ocrx_word' id='word_1_317' title='bbox 392 2869 421 2907; x_wconf 88' lang='lat' dir='ltr'><strong>c</strong></span> <span class='ocrx_word' id='word_1_318' title='bbox 463 2857 610 2922; x_wconf 79' lang='lat' dir='ltr'><strong>pagis</strong></span> <span class='ocrx_word' id='word_1_319' title='bbox 641 2852 800 2905; x_wconf 74' lang='lat' dir='ltr'><strong>Gaza:</strong></span> <span class='ocrx_word' id='word_1_320' title='bbox 826 2862 929 2917; x_wconf 84' lang='lat' dir='ltr'><strong>est,</strong></span> <span class='ocrx_word' id='word_1_321' title='bbox 965 2867 1067 2921; x_wconf 85' lang='lat' dir='ltr'><strong>qua</strong></span> <span class='ocrx_word' id='word_1_322' title='bbox 1102 2851 1358 2919; x_wconf 80' lang='lat' dir='ltr'><strong>llejazum</strong></span> <span class='ocrx_word' id='word_1_323' title='bbox 1405 2855 1658 2922; x_wconf 69' lang='lat' dir='ltr'><strong>respicit;</strong></span> <span class='ocrx_word' id='word_1_324' title='bbox 1699 2857 1788 2910; x_wconf 81' lang='lat' dir='ltr'><strong>ubi</strong></span> 
     </span>
    </p>
   </div>
   <div class='ocr_carea' id='block_1_48' title="bbox 1888 1761 3454 1831">
    <p class='ocr_par' dir='ltr' id='par_1_48' title="bbox 1888 1761 3454 1831">
     <span class='ocr_line' id='line_1_48' title="bbox 1888 1761 3454 1831; baseline 0 -17"><span class='ocrx_word' id='word_1_325' title='bbox 1888 1776 1992 1815; x_wconf 88' lang='lat' dir='ltr'><strong>nus</strong></span> <span class='ocrx_word' id='word_1_326' title='bbox 2037 1761 2164 1829; x_wconf 89' lang='lat' dir='ltr'><strong>quid</strong></span> <span class='ocrx_word' id='word_1_327' title='bbox 2197 1762 2477 1825; x_wconf 70' lang='lat' dir='ltr'><strong>audierat;</strong></span> <span class='ocrx_word' id='word_1_328' title='bbox 2519 1762 2672 1823; x_wconf 87' lang='lat' dir='ltr'><strong>Dolo,</strong></span> <span class='ocrx_word' id='word_1_329' title='bbox 2710 1762 2906 1830; x_wconf 88' lang='lat' dir='ltr'><strong>inquit,</strong></span> <span class='ocrx_word' id='word_1_330' title='bbox 2967 1770 3118 1814; x_wconf 89' lang='lat' dir='ltr'><strong>utere</strong></span> <span class='ocrx_word' id='word_1_331' title='bbox 3162 1779 3271 1831; x_wconf 88' lang='lat' dir='ltr'><strong>quo</strong></span> <span class='ocrx_word' id='word_1_332' title='bbox 3298 1777 3454 1829; x_wconf 78' lang='lat' dir='ltr'><strong>egre-</strong></span> 
     </span>
    </p>
   </div>
   <div class='ocr_carea' id='block_1_49' title="bbox 1887 1851 3451 1923">
    <p class='ocr_par' dir='ltr' id='par_1_49' title="bbox 1887 1851 3451 1923">
     <span class='ocr_line' id='line_1_49' title="bbox 1887 1851 3451 1923; baseline -0.001 -18"><span class='ocrx_word' id='word_1_333' title='bbox 1887 1852 2074 1905; x_wconf 86' lang='lat' dir='ltr'><strong>diaris.</strong></span> <span class='ocrx_word' id='word_1_334' title='bbox 2112 1851 2333 1906; x_wconf 87' lang='lat' dir='ltr'><strong>Dicente</strong></span> <span class='ocrx_word' id='word_1_335' title='bbox 2383 1853 2550 1923; x_wconf 83' lang='lat' dir='ltr'><strong>igitur</strong></span> <span class='ocrx_word' id='word_1_336' title='bbox 2589 1853 2820 1920; x_wconf 87' lang='lat' dir='ltr'><strong>patricio</strong></span> <span class='ocrx_word' id='word_1_337' title='bbox 2852 1851 3053 1905; x_wconf 86' lang='lat' dir='ltr'><strong>Omaro</strong></span> <span class='ocrx_word' id='word_1_338' title='bbox 3087 1853 3257 1906; x_wconf 75' lang='lat' dir='ltr'><strong>Ebnol</strong></span> <span class='ocrx_word' id='word_1_339' title='bbox 3299 1855 3402 1906; x_wconf 35' lang='lat' dir='ltr'><strong>,Asi</strong></span> <span class='ocrx_word' id='word_1_340' title='bbox 3437 1867 3451 1903; x_wconf 88' lang='lat'><em>:</em></span> 
     </span>
    </p>
   </div>
   <div class='ocr_carea' id='block_1_50' title="bbox 1888 1933 3456 2012">
    <p class='ocr_par' dir='ltr' id='par_1_50' title="bbox 1888 1933 3456 2012">
     <span class='ocr_line' id='line_1_50' title="bbox 1888 1933 3456 2012; baseline 0.001 -16"><span class='ocrx_word' id='word_1_341' title='bbox 1888 1943 2054 1997; x_wconf 88' lang='lat' dir='ltr'><strong>Estne</strong></span> <span class='ocrx_word' id='word_1_342' title='bbox 2098 1945 2239 1996; x_wconf 87' lang='lat' dir='ltr'><strong>inter</strong></span> <span class='ocrx_word' id='word_1_343' title='bbox 2280 1933 2458 1996; x_wconf 87' lang='lat' dir='ltr'><strong>socios</strong></span> <span class='ocrx_word' id='word_1_344' title='bbox 2497 1952 2618 1996; x_wconf 91' lang='lat' dir='ltr'><strong>tuos</strong></span> <span class='ocrx_word' id='word_1_345' title='bbox 2661 1945 2752 2012; x_wconf 88' lang='lat' dir='ltr'><strong>qui</strong></span> <span class='ocrx_word' id='word_1_346' title='bbox 2807 1945 2901 1997; x_wconf 88' lang='lat' dir='ltr'><strong>tibi</strong></span> <span class='ocrx_word' id='word_1_347' title='bbox 2964 1959 3058 2010; x_wconf 87' lang='lat' dir='ltr'><strong>par</strong></span> <span class='ocrx_word' id='word_1_348' title='bbox 3107 1947 3179 1998; x_wconf 84' lang='lat' dir='ltr'><strong>sit</strong></span> <span class='ocrx_word' id='word_1_349' title='bbox 3221 1945 3456 2012; x_wconf 74' lang='lat' dir='ltr'><strong>aliquis!</strong></span> 
     </span>
    </p>
   </div>
   <div class='ocr_carea' id='block_1_51' title="bbox 1888 2033 3456 2106">
    <p class='ocr_par' dir='ltr' id='par_1_51' title="bbox 1888 2033 3456 2106">
     <span class='ocr_line' id='line_1_51' title="bbox 1888 2033 3456 2106; baseline 0.001 -20"><span class='ocrx_word' id='word_1_350' title='bbox 1888 2033 2185 2102; x_wconf 77' lang='lat' dir='ltr'><strong>Respondit</strong></span> <span class='ocrx_word' id='word_1_351' title='bbox 2207 2034 2370 2090; x_wconf 87' lang='lat' dir='ltr'><strong>Omar</strong></span> <span class='ocrx_word' id='word_1_352' title='bbox 2401 2053 2416 2088; x_wconf 88' lang='lat'><strong>:</strong></span> <span class='ocrx_word' id='word_1_353' title='bbox 2452 2037 2580 2088; x_wconf 86' lang='lat' dir='ltr'><strong>Sum</strong></span> <span class='ocrx_word' id='word_1_354' title='bbox 2607 2052 2706 2106; x_wconf 82' lang='lat' dir='ltr'><strong>ego</strong></span> <span class='ocrx_word' id='word_1_355' title='bbox 2748 2052 2778 2088; x_wconf 91' lang='lat' dir='ltr'><strong>e</strong></span> <span class='ocrx_word' id='word_1_356' title='bbox 2801 2036 3093 2089; x_wconf 85' lang='lat' dir='ltr'><strong>comitibus</strong></span> <span class='ocrx_word' id='word_1_357' title='bbox 3117 2035 3249 2089; x_wconf 80' lang='lat' dir='ltr'><strong>meis</strong></span> <span class='ocrx_word' id='word_1_358' title='bbox 3274 2036 3456 2105; x_wconf 77' lang='lat' dir='ltr'><strong>lingua</strong></span> 
     </span>
    </p>
   </div>
   <div class='ocr_carea' id='block_1_52' title="bbox 1891 2125 3456 2194">
    <p class='ocr_par' dir='ltr' id='par_1_52' title="bbox 1891 2125 3456 2194">
     <span class='ocr_line' id='line_1_52' title="bbox 1891 2125 3456 2194; baseline 0.001 -18"><span class='ocrx_word' id='word_1_359' title='bbox 1891 2125 2124 2176; x_wconf 72' lang='lat' dir='ltr'><strong>maxime</strong></span> <span class='ocrx_word' id='word_1_360' title='bbox 2157 2128 2326 2187; x_wconf 84' lang='lat' dir='ltr'><strong>rudis,</strong></span> <span class='ocrx_word' id='word_1_361' title='bbox 2357 2134 2409 2178; x_wconf 88' lang='lat' dir='ltr'><strong>et</strong></span> <span class='ocrx_word' id='word_1_362' title='bbox 2443 2127 2670 2179; x_wconf 83' lang='lat' dir='ltr'><strong>consilio</strong></span> <span class='ocrx_word' id='word_1_363' title='bbox 2724 2127 2949 2179; x_wconf 87' lang='lat' dir='ltr'><strong>minime</strong></span> <span class='ocrx_word' id='word_1_364' title='bbox 3000 2127 3231 2193; x_wconf 90' lang='lat' dir='ltr'><strong>pollens,</strong></span> <span class='ocrx_word' id='word_1_365' title='bbox 3281 2127 3456 2194; x_wconf 86' lang='lat' dir='ltr'><strong>siqni-</strong></span> 
     </span>
    </p>
   </div>
   <div class='ocr_carea' id='block_1_53' title="bbox 1889 2213 3460 2286">
    <p class='ocr_par' dir='ltr' id='par_1_53' title="bbox 1889 2213 3460 2286">
     <span class='ocr_line' id='line_1_53' title="bbox 1889 2213 3460 2286; baseline 0.001 -20"><span class='ocrx_word' id='word_1_366' title='bbox 1889 2213 2008 2266; x_wconf 89' lang='lat' dir='ltr'><strong>dem</strong></span> <span class='ocrx_word' id='word_1_367' title='bbox 2056 2216 2167 2282; x_wconf 86' lang='lat' dir='ltr'><strong>ipse</strong></span> <span class='ocrx_word' id='word_1_368' title='bbox 2215 2231 2319 2268; x_wconf 90' lang='lat' dir='ltr'><strong>non</strong></span> <span class='ocrx_word' id='word_1_369' title='bbox 2366 2217 2502 2269; x_wconf 82' lang='lat' dir='ltr'><strong>alius</strong></span> <span class='ocrx_word' id='word_1_370' title='bbox 2540 2232 2657 2280; x_wconf 89' lang='lat' dir='ltr'><strong>sum</strong></span> <span class='ocrx_word' id='word_1_371' title='bbox 2713 2233 2876 2285; x_wconf 87' lang='lat' dir='ltr'><strong>quam</strong></span> <span class='ocrx_word' id='word_1_372' title='bbox 2934 2218 3164 2286; x_wconf 74' lang='lat' dir='ltr'><strong>legatus,</strong></span> <span class='ocrx_word' id='word_1_373' title='bbox 3200 2217 3292 2285; x_wconf 87' lang='lat' dir='ltr'><strong>qui</strong></span> <span class='ocrx_word' id='word_1_374' title='bbox 3323 2217 3460 2285; x_wconf 82' lang='lat' dir='ltr'><strong>quid</strong></span> 
     </span>
    </p>
   </div>
   <div class='ocr_carea' id='block_1_54' title="bbox 1891 2303 3455 2371">
    <p class='ocr_par' dir='ltr' id='par_1_54' title="bbox 1891 2303 3455 2371">
     <span class='ocr_line' id='line_1_54' title="bbox 1891 2303 3455 2371; baseline 0.003 -18"><span class='ocrx_word' id='word_1_375' title='bbox 1891 2303 1968 2354; x_wconf 87' lang='lat' dir='ltr'><strong>illi</strong></span> <span class='ocrx_word' id='word_1_376' title='bbox 2022 2303 2149 2354; x_wconf 83' lang='lat' dir='ltr'><strong>milii</strong></span> <span class='ocrx_word' id='word_1_377' title='bbox 2187 2305 2439 2357; x_wconf 72' lang='lat' dir='ltr'><strong>dixerunt</strong></span> <span class='ocrx_word' id='word_1_378' title='bbox 2489 2306 2554 2358; x_wconf 84' lang='lat' dir='ltr'><strong>ad</strong></span> <span class='ocrx_word' id='word_1_379' title='bbox 2609 2314 2666 2358; x_wconf 85' lang='lat' dir='ltr'><strong>te‘</strong></span> <span class='ocrx_word' id='word_1_380' title='bbox 2700 2307 3015 2371; x_wconf 79' lang='lat' dir='ltr'><strong>pertulerim</strong></span> <span class='ocrx_word' id='word_1_381' title='bbox 3051 2321 3066 2358; x_wconf 88' lang='lat'>:</span> <span class='ocrx_word' id='word_1_382' title='bbox 3099 2319 3227 2359; x_wconf 87' lang='lat' dir='ltr'><strong>sunt</strong></span> <span class='ocrx_word' id='word_1_383' title='bbox 3274 2318 3455 2359; x_wconf 87' lang='lat' dir='ltr'><strong>autem</strong></span> 
     </span>
    </p>
   </div>
   <div class='ocr_carea' id='block_1_55' title="bbox 1891 2372 3456 2464">
    <p class='ocr_par' dir='ltr' id='par_1_55' title="bbox 1891 2372 3456 2464">
     <span class='ocr_line' id='line_1_55' title="bbox 1891 2372 3456 2464; baseline 0.003 -20"><span class='ocrx_word' id='word_1_384' title='bbox 1891 2393 2072 2444; x_wconf 82' lang='lat' dir='ltr'><strong>decem</strong></span> <span class='ocrx_word' id='word_1_385' title='bbox 2107 2392 2204 2443; x_wconf 90' lang='lat' dir='ltr'><strong>viri</strong></span> <span class='ocrx_word' id='word_1_386' title='bbox 2235 2408 2318 2446; x_wconf 89' lang='lat' dir='ltr'><strong>me</strong></span> <span class='ocrx_word' id='word_1_387' title='bbox 2343 2395 2766 2462; x_wconf 78' lang='lat' dir='ltr'><strong>przcstantiores,</strong></span> <span class='ocrx_word' id='word_1_388' title='bbox 2797 2395 2888 2462; x_wconf 88' lang='lat' dir='ltr'><strong>qnl</strong></span> <span class='ocrx_word' id='word_1_389' title='bbox 2912 2395 3208 2447; x_wconf 78' lang='lat' dir='ltr'><strong>exercitum</strong></span> <span class='ocrx_word' id='word_1_390' title='bbox 3239 2372 3456 2464; x_wconf 70' lang='lat' dir='ltr'><strong>regimt,</strong></span> 
     </span>
    </p>
   </div>
   <div class='ocr_carea' id='block_1_56' title="bbox 1891 2483 3459 2551">
    <p class='ocr_par' dir='ltr' id='par_1_56' title="bbox 1891 2483 3459 2551">
     <span class='ocr_line' id='line_1_56' title="bbox 1891 2483 3459 2551; baseline 0.003 -17"><span class='ocrx_word' id='word_1_391' title='bbox 1891 2497 1953 2536; x_wconf 89' lang='lat' dir='ltr'><strong>ac</strong></span> <span class='ocrx_word' id='word_1_392' title='bbox 1985 2484 2271 2536; x_wconf 90' lang='lat' dir='ltr'><strong>voluerunt</strong></span> <span class='ocrx_word' id='word_1_393' title='bbox 2297 2483 2514 2550; x_wconf 80' lang='lat' dir='ltr'><strong>quidem</strong></span> <span class='ocrx_word' id='word_1_394' title='bbox 2558 2486 2670 2551; x_wconf 89' lang='lat' dir='ltr'><strong>ipsa</strong></span> <span class='ocrx_word' id='word_1_395' title='bbox 2707 2501 2812 2536; x_wconf 87' lang='lat' dir='ltr'><strong>una</strong></span> <span class='ocrx_word' id='word_1_396' title='bbox 2862 2499 3071 2537; x_wconf 71' lang='lat' dir='ltr'><strong>niueum</strong></span> <span class='ocrx_word' id='word_1_397' title='bbox 3103 2485 3170 2537; x_wconf 88' lang='lat' dir='ltr'><strong>ad</strong></span> <span class='ocrx_word' id='word_1_398' title='bbox 3218 2493 3269 2538; x_wconf 90' lang='lat' dir='ltr'><strong>te</strong></span> <span class='ocrx_word' id='word_1_399' title='bbox 3299 2501 3459 2538; x_wconf 76' lang='lat' dir='ltr'><strong>arce-</strong></span> 
     </span>
    </p>
   </div>
   <div class='ocr_carea' id='block_1_57' title="bbox 1889 2573 3458 2640">
    <p class='ocr_par' dir='ltr' id='par_1_57' title="bbox 1889 2573 3458 2640">
     <span class='ocr_line' id='line_1_57' title="bbox 1889 2573 3458 2640; baseline 0.004 -17"><span class='ocrx_word' id='word_1_400' title='bbox 1889 2573 2038 2634; x_wconf 88' lang='lat' dir='ltr'><strong>dere,</strong></span> <span class='ocrx_word' id='word_1_401' title='bbox 2069 2573 2336 2639; x_wconf 75' lang='lat' dir='ltr'><strong>nisiquod</strong></span> <span class='ocrx_word' id='word_1_402' title='bbox 2382 2587 2464 2623; x_wconf 92' lang='lat' dir='ltr'><strong>me</strong></span> <span class='ocrx_word' id='word_1_403' title='bbox 2515 2574 2784 2636; x_wconf 88' lang='lat' dir='ltr'><strong>miserint,</strong></span> <span class='ocrx_word' id='word_1_404' title='bbox 2823 2574 3037 2640; x_wconf 86' lang='lat' dir='ltr'><strong>utquid</strong></span> <span class='ocrx_word' id='word_1_405' title='bbox 3080 2574 3329 2628; x_wconf 85' lang='lat' dir='ltr'><strong>dicturus</strong></span> <span class='ocrx_word' id='word_1_406' title='bbox 3380 2577 3458 2630; x_wconf 83' lang='lat' dir='ltr'><strong>sis</strong></span> 
     </span>
    </p>
   </div>
   <div class='ocr_carea' id='block_1_58' title="bbox 1890 2659 3457 2731">
    <p class='ocr_par' dir='ltr' id='par_1_58' title="bbox 1890 2659 3457 2731">
     <span class='ocr_line' id='line_1_58' title="bbox 1890 2659 3457 2731; baseline 0.005 -21"><span class='ocrx_word' id='word_1_407' title='bbox 1890 2659 2102 2712; x_wconf 82' lang='lat' dir='ltr'><strong>audiam</strong></span> <span class='ocrx_word' id='word_1_408' title='bbox 2138 2678 2151 2714; x_wconf 89' lang='lat'><strong>:</strong></span> <span class='ocrx_word' id='word_1_409' title='bbox 2185 2659 2401 2728; x_wconf 75' lang='lat' dir='ltr'><strong>quod°si</strong></span> <span class='ocrx_word' id='word_1_410' title='bbox 2438 2662 2530 2712; x_wconf 89' lang='lat' dir='ltr'><strong>tibi</strong></span> <span class='ocrx_word' id='word_1_411' title='bbox 2578 2664 2752 2715; x_wconf 89' lang='lat' dir='ltr'><strong>visum</strong></span> <span class='ocrx_word' id='word_1_412' title='bbox 2802 2660 2962 2715; x_wconf 71' lang='lat' dir='ltr'><strong>[uenit</strong></span> <span class='ocrx_word' id='word_1_413' title='bbox 3017 2671 3074 2714; x_wconf 93' lang='lat' dir='ltr'><strong>ut</strong></span> <span class='ocrx_word' id='word_1_414' title='bbox 3108 2664 3257 2731; x_wconf 83' lang='lat' dir='ltr'><strong>ipsos</strong></span> <span class='ocrx_word' id='word_1_415' title='bbox 3281 2665 3457 2718; x_wconf 82' lang='lat' dir='ltr'><strong>addu~</strong></span> 
     </span>
    </p>
   </div>
   <div class='ocr_carea' id='block_1_59' title="bbox 1891 2747 3457 2822">
    <p class='ocr_par' dir='ltr' id='par_1_59' title="bbox 1891 2747 3457 2822">
     <span class='ocr_line' id='line_1_59' title="bbox 1891 2747 3457 2822; baseline 0.004 -18"><span class='ocrx_word' id='word_1_416' title='bbox 1891 2766 2030 2812; x_wconf 90' lang='lat' dir='ltr'><strong>cam,</strong></span> <span class='ocrx_word' id='word_1_417' title='bbox 2069 2768 2175 2820; x_wconf 88' lang='lat' dir='ltr'><strong>quo</strong></span> <span class='ocrx_word' id='word_1_418' title='bbox 2204 2768 2394 2806; x_wconf 89' lang='lat' dir='ltr'><strong>eorum</strong></span> <span class='ocrx_word' id='word_1_419' title='bbox 2419 2753 2582 2805; x_wconf 87' lang='lat' dir='ltr'><strong>verba</strong></span> <span class='ocrx_word' id='word_1_420' title='bbox 2613 2747 2828 2814; x_wconf 79' lang='lat' dir='ltr'><strong>audias,</strong></span> <span class='ocrx_word' id='word_1_421' title='bbox 2870 2756 3120 2822; x_wconf 83' lang='lat' dir='ltr'><strong>sciasque</strong></span> <span class='ocrx_word' id='word_1_422' title='bbox 3155 2772 3238 2809; x_wconf 89' lang='lat' dir='ltr'><strong>me</strong></span> <span class='ocrx_word' id='word_1_423' title='bbox 3271 2772 3457 2811; x_wconf 81' lang='lat' dir='ltr'><strong>verum</strong></span> 
     </span>
    </p>
   </div>
   <div class='ocr_carea' id='block_1_60' title="bbox 1893 2841 3460 2912">
    <p class='ocr_par' dir='ltr' id='par_1_60' title="bbox 1893 2841 3460 2912">
     <span class='ocr_line' id='line_1_60' title="bbox 1893 2841 3460 2912; baseline 0.004 -17"><span class='ocrx_word' id='word_1_424' title='bbox 1893 2843 1984 2895; x_wconf 92' lang='lat' dir='ltr'><strong>tibi</strong></span> <span class='ocrx_word' id='word_1_425' title='bbox 2027 2841 2252 2906; x_wconf 80' lang='lat' dir='ltr'><strong>dixisse,</strong></span> <span class='ocrx_word' id='word_1_426' title='bbox 2303 2844 2406 2896; x_wconf 90' lang='lat' dir='ltr'><strong>hoc</strong></span> <span class='ocrx_word' id='word_1_427' title='bbox 2455 2843 2655 2896; x_wconf 77' lang='lat' dir='ltr'><strong>iecero.</strong></span> <span class='ocrx_word' id='word_1_428' title='bbox 2714 2845 2811 2897; x_wconf 81' lang='lat' dir='ltr'><strong>Cui</strong></span> <span class='ocrx_word' id='word_1_429' title='bbox 2877 2848 3135 2912; x_wconf 86' lang='lat' dir='ltr'><strong>patricius</strong></span> <span class='ocrx_word' id='word_1_430' title='bbox 3181 2863 3198 2899; x_wconf 83' lang='lat'><strong>:</strong></span> <span class='ocrx_word' id='word_1_431' title='bbox 3249 2846 3460 2911; x_wconf 80' lang='lat' dir='ltr'><strong>Facias,</strong></span> 
     </span>
    </p>
   </div>
   <div class='ocr_carea' id='block_1_61' title="bbox 226 2924 3462 3035">
    <p class='ocr_par' dir='ltr' id='par_1_61' title="bbox 226 2924 3462 3035">
     <span class='ocr_line' id='line_1_61' title="bbox 226 2924 3462 3035; baseline -0.001 -36"><span class='ocrx_word' id='word_1_432' title='bbox 226 2947 294 2999; x_wconf 79' lang='lat' dir='ltr'><strong>ad</strong></span> <span class='ocrx_word' id='word_1_433' title='bbox 326 2947 479 3013; x_wconf 82' lang='lat' dir='ltr'><strong>ipsos</strong></span> <span class='ocrx_word' id='word_1_434' title='bbox 504 2945 740 2996; x_wconf 85' lang='lat' dir='ltr'><strong>delatum</strong></span> <span class='ocrx_word' id='word_1_435' title='bbox 786 2955 866 2996; x_wconf 89' lang='lat' dir='ltr'><strong>est</strong></span> <span class='ocrx_word' id='word_1_436' title='bbox 916 2945 1160 2995; x_wconf 87' lang='lat' dir='ltr'><strong>nuntium</strong></span> <span class='ocrx_word' id='word_1_437' title='bbox 1209 2924 1448 2995; x_wconf 82' lang='lat' dir='ltr'><strong>lleraclii</strong></span> <span class='ocrx_word' id='word_1_438' title='bbox 1505 2949 1782 2999; x_wconf 77' lang='lat' dir='ltr'><strong>exercitus</strong></span> <span class='ocrx_word' id='word_1_439' title='bbox 1819 2981 1859 3035; x_wconf 65' lang='grc' dir='ltr'>ο</span> <span class='ocrx_word' id='word_1_440' title='bbox 1896 2935 2090 3003; x_wconf 68' lang='lat' dir='ltr'><strong>imWil-</strong></span> <span class='ocrx_word' id='word_1_441' title='bbox 2135 2933 2327 2988; x_wconf 70' lang='lat' dir='ltr'><strong>360m“</strong></span> <span class='ocrx_word' id='word_1_442' title='bbox 2363 2935 2504 2988; x_wconf 60' lang='lat' dir='ltr'><strong>Olli&quot;!</strong></span> <span class='ocrx_word' id='word_1_443' title='bbox 2557 2943 2744 2988; x_wconf 68' lang='lat' dir='ltr'><strong>meme</strong></span> <span class='ocrx_word' id='word_1_444' title='bbox 2783 2937 3042 3004; x_wconf 71' lang='lat' dir='ltr'><strong>COSilaVil</strong></span> <span class='ocrx_word' id='word_1_445' title='bbox 3089 2938 3332 3006; x_wconf 58' lang='lat' dir='ltr'><strong>dixitque</strong></span> <span class='ocrx_word' id='word_1_446' title='bbox 3369 2957 3462 3007; x_wconf 69' lang='lat' dir='ltr'><strong>pst-</strong></span> 
     </span>
    </p>
   </div>
   <div class='ocr_carea' id='block_1_62' title="bbox 226 3025 1786 3102">
    <p class='ocr_par' dir='ltr' id='par_1_62' title="bbox 226 3025 1786 3102">
     <span class='ocr_line' id='line_1_62' title="bbox 226 3025 1786 3102; baseline -0.002 -12"><span class='ocrx_word' id='word_1_447' title='bbox 226 3037 284 3090; x_wconf 87' lang='lat' dir='ltr'><strong>in</strong></span> <span class='ocrx_word' id='word_1_448' title='bbox 318 3037 454 3087; x_wconf 88' lang='lat' dir='ltr'><strong>urbe</strong></span> <span class='ocrx_word' id='word_1_449' title='bbox 487 3034 666 3088; x_wconf 84' lang='lat' dir='ltr'><strong>Gazah</strong></span> <span class='ocrx_word' id='word_1_450' title='bbox 701 3043 1059 3102; x_wconf 80' lang='lat' dir='ltr'><strong>congregatos</strong></span> <span class='ocrx_word' id='word_1_451' title='bbox 1102 3034 1286 3086; x_wconf 82' lang='lat' dir='ltr'><strong>fuisse.</strong></span> <span class='ocrx_word' id='word_1_452' title='bbox 1325 3025 1610 3088; x_wconf 80' lang='lat' dir='ltr'><strong>lleraclins</strong></span> <span class='ocrx_word' id='word_1_453' title='bbox 1643 3041 1786 3088; x_wconf 89' lang='lat' dir='ltr'><strong>enim</strong></span> 
     </span>
    </p>
   </div>
   <div class='ocr_carea' id='block_1_63' title="bbox 227 3123 1791 3195">
    <p class='ocr_par' dir='ltr' id='par_1_63' title="bbox 227 3123 1791 3195">
     <span class='ocr_line' id='line_1_63' title="bbox 227 3123 1791 3195; baseline 0 -14"><span class='ocrx_word' id='word_1_454' title='bbox 227 3129 280 3181; x_wconf 81' lang='lat' dir='ltr'><strong>id</strong></span> <span class='ocrx_word' id='word_1_455' title='bbox 349 3128 612 3194; x_wconf 85' lang='lat' dir='ltr'><strong>temporis</strong></span> <span class='ocrx_word' id='word_1_456' title='bbox 660 3123 1082 3177; x_wconf 80' lang='lat' dir='ltr'><strong>Damascifuit.</strong></span> <span class='ocrx_word' id='word_1_457' title='bbox 1151 3124 1382 3192; x_wconf 44' lang='lat' dir='ltr'><strong>Scripsit</strong></span> <span class='ocrx_word' id='word_1_458' title='bbox 1441 3143 1569 3195; x_wconf 67' lang='lat' dir='ltr'><strong>ergo</strong></span> <span class='ocrx_word' id='word_1_459' title='bbox 1627 3127 1791 3182; x_wconf 91' lang='lat' dir='ltr'><strong>Omar</strong></span> 
     </span>
    </p>
   </div>
   <div class='ocr_carea' id='block_1_64' title="bbox 230 3214 1786 3286">
    <p class='ocr_par' dir='ltr' id='par_1_64' title="bbox 230 3214 1786 3286">
     <span class='ocr_line' id='line_1_64' title="bbox 230 3214 1786 3286; baseline 0.001 -16"><span class='ocrx_word' id='word_1_460' title='bbox 230 3219 407 3270; x_wconf 68' lang='lat' dir='ltr'><strong>Lbntd</strong></span> <span class='ocrx_word' id='word_1_461' title='bbox 432 3218 519 3270; x_wconf 77' lang='lat' dir='ltr'><strong>Asi</strong></span> <span class='ocrx_word' id='word_1_462' title='bbox 566 3216 631 3268; x_wconf 88' lang='lat' dir='ltr'><strong>ad</strong></span> <span class='ocrx_word' id='word_1_463' title='bbox 669 3214 1048 3267; x_wconf 78' lang='lat' dir='ltr'><strong>Abu‘Bet-ruui</strong></span> <span class='ocrx_word' id='word_1_464' title='bbox 1085 3229 1241 3282; x_wconf 84' lang='lat' dir='ltr'><strong>Opem</strong></span> <span class='ocrx_word' id='word_1_465' title='bbox 1281 3221 1347 3268; x_wconf 89' lang='lat' dir='ltr'><strong>ab</strong></span> <span class='ocrx_word' id='word_1_466' title='bbox 1385 3219 1502 3284; x_wconf 84' lang='lat' dir='ltr'><strong>ipso</strong></span> <span class='ocrx_word' id='word_1_467' title='bbox 1537 3220 1786 3286; x_wconf 88' lang='lat' dir='ltr'><strong>petituut,</strong></span> 
     </span>
    </p>
   </div>
   <div class='ocr_carea' id='block_1_65' title="bbox 230 3305 1790 3378">
    <p class='ocr_par' dir='ltr' id='par_1_65' title="bbox 230 3305 1790 3378">
     <span class='ocr_line' id='line_1_65' title="bbox 230 3305 1790 3378; baseline 0 -16"><span class='ocrx_word' id='word_1_468' title='bbox 230 3312 519 3378; x_wconf 81' lang='lat' dir='ltr'><strong>ips-.unque</strong></span> <span class='ocrx_word' id='word_1_469' title='bbox 561 3308 840 3359; x_wconf 86' lang='lat' dir='ltr'><strong>certiorem</strong></span> <span class='ocrx_word' id='word_1_470' title='bbox 872 3305 1019 3366; x_wconf 79' lang='lat' dir='ltr'><strong>fecit,</strong></span> <span class='ocrx_word' id='word_1_471' title='bbox 1050 3306 1102 3358; x_wconf 90' lang='lat' dir='ltr'><strong>in</strong></span> <span class='ocrx_word' id='word_1_472' title='bbox 1136 3321 1301 3358; x_wconf 83' lang='lat' dir='ltr'><strong>unum</strong></span> <span class='ocrx_word' id='word_1_473' title='bbox 1326 3310 1652 3362; x_wconf 73' lang='lat' dir='ltr'><strong>convenisse</strong></span> <span class='ocrx_word' id='word_1_474' title='bbox 1685 3307 1790 3362; x_wconf 88' lang='lat' dir='ltr'><strong>lle-</strong></span> 
     </span>
    </p>
   </div>
   <div class='ocr_carea' id='block_1_66' title="bbox 231 3394 1788 3465">
    <p class='ocr_par' dir='ltr' id='par_1_66' title="bbox 231 3394 1788 3465">
     <span class='ocr_line' id='line_1_66' title="bbox 231 3394 1788 3465; baseline 0.002 -15"><span class='ocrx_word' id='word_1_475' title='bbox 231 3401 388 3451; x_wconf 81' lang='lat' dir='ltr'><strong>taclti</strong></span> <span class='ocrx_word' id='word_1_476' title='bbox 447 3412 652 3465; x_wconf 75' lang='lat' dir='ltr'><strong>copias.</strong></span> <span class='ocrx_word' id='word_1_477' title='bbox 684 3398 798 3448; x_wconf 77' lang='lat' dir='ltr'><strong>Abu</strong></span> <span class='ocrx_word' id='word_1_478' title='bbox 828 3394 1026 3449; x_wconf 81' lang='lat' dir='ltr'><strong>Becrus</strong></span> <span class='ocrx_word' id='word_1_479' title='bbox 1058 3396 1221 3463; x_wconf 81' lang='lat' dir='ltr'><strong>igitur</strong></span> <span class='ocrx_word' id='word_1_480' title='bbox 1252 3397 1316 3448; x_wconf 88' lang='lat' dir='ltr'><strong>ad</strong></span> <span class='ocrx_word' id='word_1_481' title='bbox 1346 3396 1640 3450; x_wconf 86' lang='lat' dir='ltr'><strong>Chaledum</strong></span> <span class='ocrx_word' id='word_1_482' title='bbox 1673 3399 1788 3453; x_wconf 87' lang='lat' dir='ltr'><strong>Ebn</strong></span> 
     </span>
    </p>
   </div>
   <div class='ocr_carea' id='block_1_67' title="bbox 235 3488 1792 3556">
    <p class='ocr_par' dir='ltr' id='par_1_67' title="bbox 235 3488 1792 3556">
     <span class='ocr_line' id='line_1_67' title="bbox 235 3488 1792 3556; baseline 0.003 -16"><span class='ocrx_word' id='word_1_483' title='bbox 235 3489 417 3542; x_wconf 75' lang='lat' dir='ltr'><strong>Walid</strong></span> <span class='ocrx_word' id='word_1_484' title='bbox 469 3489 714 3556; x_wconf 73' lang='lat' dir='ltr'><strong>scripsit,</strong></span> <span class='ocrx_word' id='word_1_485' title='bbox 749 3499 804 3539; x_wconf 89' lang='lat' dir='ltr'><strong>ut</strong></span> <span class='ocrx_word' id='word_1_486' title='bbox 841 3488 954 3554; x_wconf 61' lang='lat' dir='ltr'><strong>ipse</strong></span> <span class='ocrx_word' id='word_1_487' title='bbox 992 3501 1113 3538; x_wconf 82' lang='lat' dir='ltr'><strong>eum</strong></span> <span class='ocrx_word' id='word_1_488' title='bbox 1148 3489 1319 3555; x_wconf 84' lang='lat' dir='ltr'><strong>copiis</strong></span> <span class='ocrx_word' id='word_1_489' title='bbox 1370 3490 1484 3542; x_wconf 86' lang='lat' dir='ltr'><strong>suis</strong></span> <span class='ocrx_word' id='word_1_490' title='bbox 1529 3491 1599 3543; x_wconf 88' lang='lat' dir='ltr'><strong>ad</strong></span> <span class='ocrx_word' id='word_1_491' title='bbox 1628 3492 1792 3544; x_wconf 89' lang='lat' dir='ltr'><strong>Oma-</strong></span> 
     </span>
    </p>
   </div>
   <div class='ocr_carea' id='block_1_68' title="bbox 233 3578 1790 3652">
    <p class='ocr_par' dir='ltr' id='par_1_68' title="bbox 233 3578 1790 3652">
     <span class='ocr_line' id='line_1_68' title="bbox 233 3578 1790 3652; baseline 0.001 -19"><span class='ocrx_word' id='word_1_492' title='bbox 233 3599 355 3634; x_wconf 88' lang='lat' dir='ltr'><strong>rmn</strong></span> <span class='ocrx_word' id='word_1_493' title='bbox 400 3578 570 3634; x_wconf 74' lang='lat' dir='ltr'><strong>Ebuol</strong></span> <span class='ocrx_word' id='word_1_494' title='bbox 615 3580 706 3632; x_wconf 81' lang='lat' dir='ltr'><strong>Asi</strong></span> <span class='ocrx_word' id='word_1_495' title='bbox 753 3579 1211 3647; x_wconf 84' lang='lat' dir='ltr'><strong>prolieisccretur,</strong></span> <span class='ocrx_word' id='word_1_496' title='bbox 1246 3595 1354 3648; x_wconf 90' lang='lat' dir='ltr'><strong>quo</strong></span> <span class='ocrx_word' id='word_1_497' title='bbox 1401 3581 1643 3636; x_wconf 88' lang='lat' dir='ltr'><strong>subsidio</strong></span> <span class='ocrx_word' id='word_1_498' title='bbox 1690 3583 1790 3652; x_wconf 87' lang='lat' dir='ltr'><strong>ipsi</strong></span> 
     </span>
    </p>
   </div>
   <div class='ocr_carea' id='block_1_69' title="bbox 235 3673 1789 3743">
    <p class='ocr_par' dir='ltr' id='par_1_69' title="bbox 235 3673 1789 3743">
     <span class='ocr_line' id='line_1_69' title="bbox 235 3673 1789 3743; baseline 0.001 -16"><span class='ocrx_word' id='word_1_499' title='bbox 235 3687 399 3729; x_wconf 81' lang='lat' dir='ltr'><strong>esset.</strong></span> <span class='ocrx_word' id='word_1_500' title='bbox 451 3673 732 3727; x_wconf 83' lang='lat' dir='ltr'><strong>Profectus</strong></span> <span class='ocrx_word' id='word_1_501' title='bbox 760 3673 920 3742; x_wconf 76' lang='lat'><strong>260</strong></span> <span class='ocrx_word' id='word_1_502' title='bbox 960 3690 1090 3743; x_wconf 80' lang='lat' dir='ltr'><strong>ergo</strong></span> <span class='ocrx_word' id='word_1_503' title='bbox 1134 3675 1336 3727; x_wconf 74' lang='lat' dir='ltr'><strong>Chalcd</strong></span> <span class='ocrx_word' id='word_1_504' title='bbox 1387 3675 1501 3728; x_wconf 85' lang='lat' dir='ltr'><strong>Ebn</strong></span> <span class='ocrx_word' id='word_1_505' title='bbox 1547 3674 1723 3728; x_wconf 84' lang='lat' dir='ltr'><strong>Walid</strong></span> <span class='ocrx_word' id='word_1_506' title='bbox 1761 3692 1789 3728; x_wconf 88' lang='lat' dir='ltr'><strong>a</strong></span> 
     </span>
    </p>
   </div>
   <div class='ocr_carea' id='block_1_70' title="bbox 235 3765 1789 3834">
    <p class='ocr_par' dir='ltr' id='par_1_70' title="bbox 235 3765 1789 3834">
     <span class='ocr_line' id='line_1_70' title="bbox 235 3765 1789 3834; baseline 0.001 -13"><span class='ocrx_word' id='word_1_507' title='bbox 235 3770 423 3821; x_wconf 81' lang='lat' dir='ltr'><strong>Iazrab</strong></span> <span class='ocrx_word' id='word_1_508' title='bbox 468 3782 560 3834; x_wconf 83' lang='lat' dir='ltr'><strong>per</strong></span> <span class='ocrx_word' id='word_1_509' title='bbox 617 3766 754 3818; x_wconf 68' lang='lat' dir='ltr'><strong>tiam</strong></span> <span class='ocrx_word' id='word_1_510' title='bbox 799 3769 996 3818; x_wconf 84' lang='lat' dir='ltr'><strong>deserti</strong></span> <span class='ocrx_word' id='word_1_511' title='bbox 1043 3767 1109 3818; x_wconf 89' lang='lat' dir='ltr'><strong>ad</strong></span> <span class='ocrx_word' id='word_1_512' title='bbox 1163 3765 1418 3820; x_wconf 84' lang='lat' dir='ltr'><strong>Omarum</strong></span> <span class='ocrx_word' id='word_1_513' title='bbox 1461 3768 1650 3834; x_wconf 55' lang='lat' dir='ltr'><strong>,Ebnol</strong></span> <span class='ocrx_word' id='word_1_514' title='bbox 1699 3770 1789 3822; x_wconf 74' lang='grc' dir='ltr'><strong>Αδὶ</strong></span> 
     </span>
    </p>
   </div>
   <div class='ocr_carea' id='block_1_71' title="bbox 236 3859 1793 3926">
    <p class='ocr_par' dir='ltr' id='par_1_71' title="bbox 236 3859 1793 3926">
     <span class='ocr_line' id='line_1_71' title="bbox 236 3859 1793 3926; baseline 0.004 -18"><span class='ocrx_word' id='word_1_515' title='bbox 236 3860 504 3926; x_wconf 66' lang='lat' dir='ltr'><strong>pervenit.</strong></span> <span class='ocrx_word' id='word_1_516' title='bbox 557 3859 737 3926; x_wconf 73' lang='lat' dir='ltr'><strong>Copize</strong></span> <span class='ocrx_word' id='word_1_517' title='bbox 773 3867 948 3910; x_wconf 86' lang='lat' dir='ltr'><strong>autem</strong></span> <span class='ocrx_word' id='word_1_518' title='bbox 989 3859 1216 3912; x_wconf 83' lang='lat' dir='ltr'><strong>Iieraelii</strong></span> <span class='ocrx_word' id='word_1_519' title='bbox 1267 3879 1324 3911; x_wconf 83' lang='lat' dir='ltr'><strong>se</strong></span> <span class='ocrx_word' id='word_1_520' title='bbox 1355 3859 1512 3913; x_wconf 81' lang='lat' dir='ltr'><strong>Gaze</strong></span> <span class='ocrx_word' id='word_1_521' title='bbox 1547 3865 1793 3915; x_wconf 76' lang='lat' dir='ltr'><strong>munive-</strong></span> 
     </span>
    </p>
   </div>
   <div class='ocr_carea' id='block_1_72' title="bbox 237 3949 1792 4017">
    <p class='ocr_par' dir='ltr' id='par_1_72' title="bbox 237 3949 1792 4017">
     <span class='ocr_line' id='line_1_72' title="bbox 237 3949 1792 4017; baseline 0.003 -18"><span class='ocrx_word' id='word_1_522' title='bbox 237 3963 381 4004; x_wconf 87' lang='lat' dir='ltr'><strong>rant.</strong></span> <span class='ocrx_word' id='word_1_523' title='bbox 423 3950 554 4003; x_wconf 88' lang='lat' dir='ltr'><strong>Cum</strong></span> <span class='ocrx_word' id='word_1_524' title='bbox 593 3964 721 4017; x_wconf 73' lang='lat' dir='ltr'><strong>ergo</strong></span> <span class='ocrx_word' id='word_1_525' title='bbox 769 3949 968 4001; x_wconf 69' lang='lat' dir='ltr'><strong>Gazam</strong></span> <span class='ocrx_word' id='word_1_526' title='bbox 1014 3951 1375 4003; x_wconf 80' lang='lat' dir='ltr'><strong>accessissent</strong></span> <span class='ocrx_word' id='word_1_527' title='bbox 1421 3953 1565 4005; x_wconf 84' lang='lat' dir='ltr'><strong>misit</strong></span> <span class='ocrx_word' id='word_1_528' title='bbox 1619 3951 1792 4005; x_wconf 79' lang='lat' dir='ltr'><strong>Patri-</strong></span> 
     </span>
    </p>
   </div>
   <div class='ocr_carea' id='block_1_73' title="bbox 237 4021 1793 4110">
    <p class='ocr_par' dir='ltr' id='par_1_73' title="bbox 237 4021 1793 4110">
     <span class='ocr_line' id='line_1_73' title="bbox 237 4021 1793 4110; baseline -0.001 -13"><span class='ocrx_word' id='word_1_529' title='bbox 237 4045 376 4108; x_wconf 84' lang='lat' dir='ltr'><strong>cius,</strong></span> <span class='ocrx_word' id='word_1_530' title='bbox 413 4021 672 4095; x_wconf 60' lang='lat' dir='ltr'><strong>exercitui</strong></span> <span class='ocrx_word' id='word_1_531' title='bbox 728 4042 956 4093; x_wconf 61' lang='lat' dir='ltr'><strong>Hei-aelii</strong></span> <span class='ocrx_word' id='word_1_532' title='bbox 995 4043 1306 4110; x_wconf 70' lang='lat' dir='ltr'><strong>praefectus,</strong></span> <span class='ocrx_word' id='word_1_533' title='bbox 1344 4045 1410 4095; x_wconf 88' lang='lat' dir='ltr'><strong>ad</strong></span> <span class='ocrx_word' id='word_1_534' title='bbox 1444 4043 1793 4096; x_wconf 70' lang='lat' dir='ltr'><strong>Mu‘slet‘nino-</strong></span> 
     </span>
    </p>
   </div>
   <div class='ocr_carea' id='block_1_74' title="bbox 238 4130 1793 4198">
    <p class='ocr_par' dir='ltr' id='par_1_74' title="bbox 238 4130 1793 4198">
     <span class='ocr_line' id='line_1_74' title="bbox 238 4130 1793 4198; baseline 0 -14"><span class='ocrx_word' id='word_1_535' title='bbox 238 4149 355 4185; x_wconf 84' lang='lat' dir='ltr'><strong>rum</strong></span> <span class='ocrx_word' id='word_1_536' title='bbox 393 4133 714 4190; x_wconf 76' lang='lat' dir='ltr'><strong>exercitum,</strong></span> <span class='ocrx_word' id='word_1_537' title='bbox 750 4145 946 4198; x_wconf 78' lang='lat' dir='ltr'><strong>rogans</strong></span> <span class='ocrx_word' id='word_1_538' title='bbox 977 4138 1036 4180; x_wconf 87' lang='lat' dir='ltr'><strong>ut</strong></span> <span class='ocrx_word' id='word_1_539' title='bbox 1078 4133 1141 4181; x_wconf 87' lang='lat' dir='ltr'><strong>ad</strong></span> <span class='ocrx_word' id='word_1_540' title='bbox 1181 4131 1354 4197; x_wconf 86' lang='lat' dir='ltr'><strong>ipsum</strong></span> <span class='ocrx_word' id='word_1_541' title='bbox 1397 4130 1586 4183; x_wconf 86' lang='lat' dir='ltr'><strong>ducem</strong></span> <span class='ocrx_word' id='word_1_542' title='bbox 1623 4149 1653 4184; x_wconf 90' lang='lat' dir='ltr'><strong>e</strong></span> <span class='ocrx_word' id='word_1_543' title='bbox 1680 4135 1793 4184; x_wconf 85' lang='lat' dir='ltr'><strong>suis</strong></span> 
     </span>
    </p>
   </div>
   <div class='ocr_carea' id='block_1_75' title="bbox 238 4204 1790 4290">
    <p class='ocr_par' dir='ltr' id='par_1_75' title="bbox 238 4204 1790 4290">
     <span class='ocr_line' id='line_1_75' title="bbox 238 4204 1790 4290; baseline 0.001 -16"><span class='ocrx_word' id='word_1_544' title='bbox 238 4225 545 4290; x_wconf 84' lang='lat' dir='ltr'><strong>quempiam</strong></span> <span class='ocrx_word' id='word_1_545' title='bbox 614 4223 892 4274; x_wconf 80' lang='lat' dir='ltr'><strong>mitterent</strong></span> <span class='ocrx_word' id='word_1_546' title='bbox 952 4204 1085 4289; x_wconf 34' lang='lat' dir='ltr'><strong>quo.</strong></span> <span class='ocrx_word' id='word_1_547' title='bbox 1132 4222 1467 4274; x_wconf 87' lang='lat' dir='ltr'><strong>internuntio</strong></span> <span class='ocrx_word' id='word_1_548' title='bbox 1523 4233 1790 4276; x_wconf 89' lang='lat' dir='ltr'><strong>uteretur.</strong></span> 
     </span>
    </p>
   </div>
   <div class='ocr_carea' id='block_1_76' title="bbox 1902 3022 3545 3093">
    <p class='ocr_par' dir='ltr' id='par_1_76' title="bbox 1902 3022 3545 3093">
     <span class='ocr_line' id='line_1_76' title="bbox 1902 3022 3545 3093; baseline 0.004 -18"><span class='ocrx_word' id='word_1_549' title='bbox 1902 3025 2092 3076; x_wconf 87' lang='lat' dir='ltr'><strong>tricius</strong></span> <span class='ocrx_word' id='word_1_550' title='bbox 2129 3040 2142 3076; x_wconf 94' lang='lat'>:</span> <span class='ocrx_word' id='word_1_551' title='bbox 2176 3022 2360 3077; x_wconf 81' lang='lat' dir='ltr'><strong>Satius</strong></span> <span class='ocrx_word' id='word_1_552' title='bbox 2389 3034 2470 3077; x_wconf 84' lang='lat' dir='ltr'><strong>est</strong></span> <span class='ocrx_word' id='word_1_553' title='bbox 2500 3023 2633 3075; x_wconf 82' lang='lat' dir='ltr'><strong>inibi</strong></span> <span class='ocrx_word' id='word_1_554' title='bbox 2677 3033 2734 3075; x_wconf 89' lang='lat' dir='ltr'><strong>ut</strong></span> <span class='ocrx_word' id='word_1_555' title='bbox 2763 3025 2947 3091; x_wconf 86' lang='lat' dir='ltr'><strong>plures</strong></span> <span class='ocrx_word' id='word_1_556' title='bbox 2980 3043 3143 3093; x_wconf 88' lang='lat' dir='ltr'><strong>quam</strong></span> <span class='ocrx_word' id='word_1_557' title='bbox 3191 3037 3248 3078; x_wconf 92' lang='lat' dir='ltr'><strong>ut</strong></span> <span class='ocrx_word' id='word_1_558' title='bbox 3297 3045 3462 3082; x_wconf 90' lang='lat' dir='ltr'><strong>unum</strong></span> <span class='ocrx_word' id='word_1_559' title='bbox 3539 3056 3545 3063; x_wconf 83' lang='lat'><strong>~</strong></span> 
     </span>
    </p>
   </div>
   <div class='ocr_carea' id='block_1_77' title="bbox 1901 3101 3464 3185">
    <p class='ocr_par' dir='ltr' id='par_1_77' title="bbox 1901 3101 3464 3185">
     <span class='ocr_line' id='line_1_77' title="bbox 1901 3101 3464 3185; baseline 0.004 -19"><span class='ocrx_word' id='word_1_560' title='bbox 1901 3113 2237 3168; x_wconf 70' lang='lat' dir='ltr'><strong>inlex-ficium.</strong></span> <span class='ocrx_word' id='word_1_561' title='bbox 2281 3113 2421 3167; x_wconf 74' lang='lat' dir='ltr'><strong>Misit</strong></span> <span class='ocrx_word' id='word_1_562' title='bbox 2451 3130 2578 3182; x_wconf 78' lang='lat' dir='ltr'><strong>ergo</strong></span> <span class='ocrx_word' id='word_1_563' title='bbox 2599 3115 2663 3167; x_wconf 87' lang='lat' dir='ltr'><strong>ad</strong></span> <span class='ocrx_word' id='word_1_564' title='bbox 2698 3115 2824 3167; x_wconf 90' lang='lat' dir='ltr'><strong>illos</strong></span> <span class='ocrx_word' id='word_1_565' title='bbox 2853 3101 3004 3183; x_wconf 85' lang='lat' dir='ltr'><strong>quos</strong></span> <span class='ocrx_word' id='word_1_566' title='bbox 3028 3117 3266 3185; x_wconf 89' lang='lat' dir='ltr'><strong>jnsserat</strong></span> <span class='ocrx_word' id='word_1_567' title='bbox 3293 3123 3464 3172; x_wconf 83' lang='lat' dir='ltr'><strong>inter-</strong></span> 
     </span>
    </p>
   </div>
   <div class='ocr_carea' id='block_1_78' title="bbox 1902 3203 3464 3275">
    <p class='ocr_par' dir='ltr' id='par_1_78' title="bbox 1902 3203 3464 3275">
     <span class='ocr_line' id='line_1_78' title="bbox 1902 3203 3464 3275; baseline 0.003 -17"><span class='ocrx_word' id='word_1_568' title='bbox 1902 3207 2059 3261; x_wconf 82' lang='lat' dir='ltr'><strong>ﬁcere</strong></span> <span class='ocrx_word' id='word_1_569' title='bbox 2088 3203 2250 3275; x_wconf 67' lang='grc'><strong>264</strong></span> <span class='ocrx_word' id='word_1_570' title='bbox 2282 3204 2562 3269; x_wconf 92' lang='lat' dir='ltr'><strong>Omarum,</strong></span> <span class='ocrx_word' id='word_1_571' title='bbox 2600 3219 2666 3258; x_wconf 87' lang='lat' dir='ltr'><strong>ne</strong></span> <span class='ocrx_word' id='word_1_572' title='bbox 2692 3205 2870 3273; x_wconf 91' lang='lat' dir='ltr'><strong>ipsum</strong></span> <span class='ocrx_word' id='word_1_573' title='bbox 2910 3216 3083 3260; x_wconf 84' lang='lat' dir='ltr'><strong>morte</strong></span> <span class='ocrx_word' id='word_1_574' title='bbox 3109 3209 3285 3261; x_wconf 87' lang='lat' dir='ltr'><strong>ullove</strong></span> <span class='ocrx_word' id='word_1_575' title='bbox 3319 3215 3464 3262; x_wconf 79' lang='lat' dir='ltr'><strong>malo</strong></span> 
     </span>
    </p>
   </div>
   <div class='ocr_carea' id='block_1_79' title="bbox 1899 3301 3459 3371">
    <p class='ocr_par' dir='ltr' id='par_1_79' title="bbox 1899 3301 3459 3371">
     <span class='ocr_line' id='line_1_79' title="bbox 1899 3301 3459 3371; baseline 0.002 -17"><span class='ocrx_word' id='word_1_576' title='bbox 1899 3301 2192 3364; x_wconf 71' lang='lat' dir='ltr'><strong>adicerent,</strong></span> <span class='ocrx_word' id='word_1_577' title='bbox 2229 3315 2453 3369; x_wconf 86' lang='lat' dir='ltr'><strong>sperans</strong></span> <span class='ocrx_word' id='word_1_578' title='bbox 2479 3314 2793 3364; x_wconf 72' lang='lat' dir='ltr'><strong>accessuros</strong></span> <span class='ocrx_word' id='word_1_579' title='bbox 2824 3304 3010 3354; x_wconf 80' lang='lat' dir='ltr'><strong>decent</strong></span> <span class='ocrx_word' id='word_1_580' title='bbox 3033 3303 3204 3371; x_wconf 88' lang='lat' dir='ltr'><strong>ipsius</strong></span> <span class='ocrx_word' id='word_1_581' title='bbox 3227 3306 3459 3357; x_wconf 71' lang='lat' dir='ltr'><strong>eamitt-s</strong></span> 
     </span>
    </p>
   </div>
   <div class='ocr_carea' id='block_1_80' title="bbox 1899 3391 3466 3463">
    <p class='ocr_par' dir='ltr' id='par_1_80' title="bbox 1899 3391 3466 3463">
     <span class='ocr_line' id='line_1_80' title="bbox 1899 3391 3466 3463; baseline 0.004 -18"><span class='ocrx_word' id='word_1_582' title='bbox 1899 3408 2008 3462; x_wconf 90' lang='lat' dir='ltr'><strong>quo</strong></span> <span class='ocrx_word' id='word_1_583' title='bbox 2068 3393 2214 3460; x_wconf 88' lang='lat' dir='ltr'><strong>ipsos</strong></span> <span class='ocrx_word' id='word_1_584' title='bbox 2265 3407 2296 3446; x_wconf 88' lang='lat' dir='ltr'><strong>e</strong></span> <span class='ocrx_word' id='word_1_585' title='bbox 2364 3391 2541 3445; x_wconf 88' lang='lat' dir='ltr'><strong>medio</strong></span> <span class='ocrx_word' id='word_1_586' title='bbox 2592 3393 2829 3445; x_wconf 86' lang='lat' dir='ltr'><strong>tolleret.</strong></span> <span class='ocrx_word' id='word_1_587' title='bbox 2890 3391 3054 3446; x_wconf 88' lang='lat' dir='ltr'><strong>Omar</strong></span> <span class='ocrx_word' id='word_1_588' title='bbox 3106 3410 3238 3463; x_wconf 82' lang='lat' dir='ltr'><strong>ergo</strong></span> <span class='ocrx_word' id='word_1_589' title='bbox 3309 3407 3466 3463; x_wconf 81' lang='lat' dir='ltr'><strong>porta</strong></span> 
     </span>
    </p>
   </div>
   <div class='ocr_carea' id='block_1_81' title="bbox 1899 3484 3465 3554">
    <p class='ocr_par' dir='ltr' id='par_1_81' title="bbox 1899 3484 3465 3554">
     <span class='ocr_line' id='line_1_81' title="bbox 1899 3484 3465 3554; baseline -0.001 -14"><span class='ocrx_word' id='word_1_590' title='bbox 1899 3501 2149 3554; x_wconf 77' lang='lat' dir='ltr'><strong>egressus</strong></span> <span class='ocrx_word' id='word_1_591' title='bbox 2189 3485 2350 3537; x_wconf 88' lang='lat' dir='ltr'><strong>sociis</strong></span> <span class='ocrx_word' id='word_1_592' title='bbox 2377 3485 2494 3536; x_wconf 88' lang='lat' dir='ltr'><strong>suis</strong></span> <span class='ocrx_word' id='word_1_593' title='bbox 2527 3484 2799 3552; x_wconf 90' lang='lat' dir='ltr'><strong>quomodo</strong></span> <span class='ocrx_word' id='word_1_594' title='bbox 2838 3498 2897 3536; x_wconf 88' lang='lat' dir='ltr'><strong>se</strong></span> <span class='ocrx_word' id='word_1_595' title='bbox 2930 3499 3015 3537; x_wconf 91' lang='lat' dir='ltr'><strong>res</strong></span> <span class='ocrx_word' id='word_1_596' title='bbox 3041 3485 3262 3540; x_wconf 82' lang='lat' dir='ltr'><strong>haberet</strong></span> <span class='ocrx_word' id='word_1_597' title='bbox 3338 3503 3465 3538; x_wconf 88' lang='lat' dir='ltr'><strong>nar-</strong></span> 
     </span>
    </p>
   </div>
   <div class='ocr_carea' id='block_1_82' title="bbox 1901 3573 3468 3643">
    <p class='ocr_par' dir='ltr' id='par_1_82' title="bbox 1901 3573 3468 3643">
     <span class='ocr_line' id='line_1_82' title="bbox 1901 3573 3468 3643; baseline 0 -15"><span class='ocrx_word' id='word_1_598' title='bbox 1901 3574 2207 3643; x_wconf 75' lang='lat' dir='ltr'><strong>ranszEgo</strong></span> <span class='ocrx_word' id='word_1_599' title='bbox 2255 3575 2473 3643; x_wconf 82' lang='lat' dir='ltr'><strong>(inquit)</strong></span> <span class='ocrx_word' id='word_1_600' title='bbox 2521 3589 2796 3640; x_wconf 85' lang='lat' dir='ltr'><strong>nunquam</strong></span> <span class='ocrx_word' id='word_1_601' title='bbox 2858 3573 2923 3625; x_wconf 88' lang='lat' dir='ltr'><strong>ad</strong></span> <span class='ocrx_word' id='word_1_602' title='bbox 2976 3574 3133 3626; x_wconf 85' lang='lat' dir='ltr'><strong>talem</strong></span> <span class='ocrx_word' id='word_1_603' title='bbox 3199 3586 3468 3628; x_wconf 82' lang='lat' dir='ltr'><strong>revertar.</strong></span> 
     </span>
    </p>
   </div>
   <div class='ocr_carea' id='block_1_83' title="bbox 1904 3665 3466 3733">
    <p class='ocr_par' dir='ltr' id='par_1_83' title="bbox 1904 3665 3466 3733">
     <span class='ocr_line' id='line_1_83' title="bbox 1904 3665 3466 3733; baseline -0.001 -14"><span class='ocrx_word' id='word_1_604' title='bbox 1904 3667 2061 3728; x_wconf 82' lang='lat' dir='ltr'><strong>Tum,</strong></span> <span class='ocrx_word' id='word_1_605' title='bbox 2096 3665 2236 3718; x_wconf 87' lang='lat' dir='ltr'><strong>Deus</strong></span> <span class='ocrx_word' id='word_1_606' title='bbox 2263 3667 2528 3717; x_wconf 76' lang='lat' dir='ltr'><strong>maximus</strong></span> <span class='ocrx_word' id='word_1_607' title='bbox 2561 3676 2664 3725; x_wconf 89' lang='lat' dir='ltr'><strong>est,</strong></span> <span class='ocrx_word' id='word_1_608' title='bbox 2721 3666 3061 3728; x_wconf 62' lang='lat' dir='ltr'><strong>exclamavd,</strong></span> <span class='ocrx_word' id='word_1_609' title='bbox 3094 3681 3156 3716; x_wconf 85' lang='lat' dir='ltr'><strong>ac</strong></span> <span class='ocrx_word' id='word_1_610' title='bbox 3198 3670 3466 3733; x_wconf 82' lang='lat' dir='ltr'><strong>prodeun-</strong></span> 
     </span>
    </p>
   </div>
   <div class='ocr_carea' id='block_1_84' title="bbox 1903 3757 3468 3825">
    <p class='ocr_par' dir='ltr' id='par_1_84' title="bbox 1903 3757 3468 3825">
     <span class='ocr_line' id='line_1_84' title="bbox 1903 3757 3468 3825; baseline 0.002 -16"><span class='ocrx_word' id='word_1_611' title='bbox 1903 3760 2045 3811; x_wconf 90' lang='lat' dir='ltr'><strong>tibus</strong></span> <span class='ocrx_word' id='word_1_612' title='bbox 2075 3761 2328 3810; x_wconf 69' lang='lat' dir='ltr'><strong>Romanis</strong></span> <span class='ocrx_word' id='word_1_613' title='bbox 2359 3758 2596 3825; x_wconf 67' lang='lat' dir='ltr'><strong>prmlinm</strong></span> <span class='ocrx_word' id='word_1_614' title='bbox 2634 3757 2772 3810; x_wconf 88' lang='lat' dir='ltr'><strong>inter</strong></span> <span class='ocrx_word' id='word_1_615' title='bbox 2805 3757 2948 3823; x_wconf 70' lang='lat' dir='ltr'><strong>ipsos</strong></span> <span class='ocrx_word' id='word_1_616' title='bbox 2983 3763 3333 3813; x_wconf 66' lang='lat' dir='ltr'><strong>eonnnissum</strong></span> <span class='ocrx_word' id='word_1_617' title='bbox 3358 3770 3468 3823; x_wconf 90' lang='lat' dir='ltr'><strong>est,</strong></span> 
     </span>
    </p>
   </div>
   <div class='ocr_carea' id='block_1_85' title="bbox 1903 3845 3465 3917">
    <p class='ocr_par' dir='ltr' id='par_1_85' title="bbox 1903 3845 3465 3917">
     <span class='ocr_line' id='line_1_85' title="bbox 1903 3845 3465 3917; baseline 0.001 -17"><span class='ocrx_word' id='word_1_618' title='bbox 1903 3851 1955 3907; x_wconf 78' lang='lat' dir='ltr'><strong>in</strong></span> <span class='ocrx_word' id='word_1_619' title='bbox 1988 3864 2090 3917; x_wconf 85' lang='lat' dir='ltr'><strong>qtlu</strong></span> <span class='ocrx_word' id='word_1_620' title='bbox 2122 3849 2292 3902; x_wconf 80' lang='lat' dir='ltr'><strong>versis</strong></span> <span class='ocrx_word' id='word_1_621' title='bbox 2345 3853 2396 3899; x_wconf 87' lang='lat' dir='ltr'><strong>in</strong></span> <span class='ocrx_word' id='word_1_622' title='bbox 2452 3850 2631 3916; x_wconf 80' lang='lat' dir='ltr'><strong>fugam</strong></span> <span class='ocrx_word' id='word_1_623' title='bbox 2688 3845 2945 3900; x_wconf 69' lang='lat' dir='ltr'><strong>Romanis</strong></span> <span class='ocrx_word' id='word_1_624' title='bbox 2996 3865 3465 3916; x_wconf 73' lang='lat' dir='ltr'><strong>uiagnameornm</strong></span> 
     </span>
    </p>
   </div>
   <div class='ocr_carea' id='block_1_86' title="bbox 1903 3928 3464 4007">
    <p class='ocr_par' dir='ltr' id='par_1_86' title="bbox 1903 3928 3464 4007">
     <span class='ocr_line' id='line_1_86' title="bbox 1903 3928 3464 4007; baseline 0.001 -14"><span class='ocrx_word' id='word_1_625' title='bbox 1903 3928 2141 4007; x_wconf 62' lang='lat' dir='ltr'><strong>strage-ni</strong></span> <span class='ocrx_word' id='word_1_626' title='bbox 2187 3939 2374 3999; x_wconf 88' lang='lat' dir='ltr'><strong>edidit,</strong></span> <span class='ocrx_word' id='word_1_627' title='bbox 2423 3953 2655 4005; x_wconf 89' lang='lat' dir='ltr'><strong>quorum</strong></span> <span class='ocrx_word' id='word_1_628' title='bbox 2714 3939 2941 4006; x_wconf 79' lang='lat' dir='ltr'><strong>vestigia</strong></span> <span class='ocrx_word' id='word_1_629' title='bbox 2988 3939 3218 3992; x_wconf 88' lang='lat' dir='ltr'><strong>insecuti</strong></span> <span class='ocrx_word' id='word_1_630' title='bbox 3273 3943 3464 3994; x_wconf 80' lang='lat' dir='ltr'><strong>Moslc-</strong></span> 
     </span>
    </p>
   </div>
   <div class='ocr_carea' id='block_1_87' title="bbox 1903 4027 3465 4099">
    <p class='ocr_par' dir='ltr' id='par_1_87' title="bbox 1903 4027 3465 4099">
     <span class='ocr_line' id='line_1_87' title="bbox 1903 4027 3465 4099; baseline 0.003 -16"><span class='ocrx_word' id='word_1_631' title='bbox 1903 4031 2031 4085; x_wconf 66' lang='lat' dir='ltr'><strong>mini</strong></span> <span class='ocrx_word' id='word_1_632' title='bbox 2086 4032 2231 4098; x_wconf 91' lang='lat' dir='ltr'><strong>ipsos</strong></span> <span class='ocrx_word' id='word_1_633' title='bbox 2279 4030 2560 4083; x_wconf 77' lang='lat' dir='ltr'><strong>Palaestina</strong></span> <span class='ocrx_word' id='word_1_634' title='bbox 2613 4039 2665 4082; x_wconf 88' lang='lat' dir='ltr'><strong>et</strong></span> <span class='ocrx_word' id='word_1_635' title='bbox 2695 4027 2953 4084; x_wconf 88' lang='lat' dir='ltr'><strong>Ordonno</strong></span> <span class='ocrx_word' id='word_1_636' title='bbox 3009 4030 3376 4099; x_wconf 77' lang='lat' dir='ltr'><strong>Hierosolyma</strong></span> <span class='ocrx_word' id='word_1_637' title='bbox 3412 4046 3465 4087; x_wconf 92' lang='lat' dir='ltr'><strong>et</strong></span> 
     </span>
    </p>
   </div>
   <div class='ocr_carea' id='block_1_88' title="bbox 1901 4119 3466 4191">
    <p class='ocr_par' dir='ltr' id='par_1_88' title="bbox 1901 4119 3466 4191">
     <span class='ocr_line' id='line_1_88' title="bbox 1901 4119 3466 4191; baseline 0.001 -15"><span class='ocrx_word' id='word_1_638' title='bbox 1901 4125 2202 4177; x_wconf 73' lang='lat' dir='ltr'><strong>Caesaream</strong></span> <span class='ocrx_word' id='word_1_639' title='bbox 2236 4122 2523 4188; x_wconf 65' lang='lat' dir='ltr'><strong>fugarunt;</strong></span> <span class='ocrx_word' id='word_1_640' title='bbox 2559 4123 2609 4174; x_wconf 91' lang='lat' dir='ltr'><strong>iu</strong></span> <span class='ocrx_word' id='word_1_641' title='bbox 2642 4125 2841 4191; x_wconf 88' lang='lat' dir='ltr'><strong>quibus</strong></span> <span class='ocrx_word' id='word_1_642' title='bbox 2875 4119 3085 4175; x_wconf 88' lang='lat' dir='ltr'><strong>cumse</strong></span> <span class='ocrx_word' id='word_1_643' title='bbox 3109 4127 3466 4178; x_wconf 76' lang='lat' dir='ltr'><strong>tnunivisscnt</strong></span> 
     </span>
    </p>
   </div>
   <div class='ocr_carea' id='block_1_89' title="bbox 1905 4213 3463 4281">
    <p class='ocr_par' dir='ltr' id='par_1_89' title="bbox 1905 4213 3463 4281">
     <span class='ocr_line' id='line_1_89' title="bbox 1905 4213 3463 4281; baseline 0.001 -14"><span class='ocrx_word' id='word_1_644' title='bbox 1905 4218 2150 4268; x_wconf 85' lang='lat' dir='ltr'><strong>homines</strong></span> <span class='ocrx_word' id='word_1_645' title='bbox 2187 4215 2307 4266; x_wconf 90' lang='lat' dir='ltr'><strong>illos</strong></span> <span class='ocrx_word' id='word_1_646' title='bbox 2363 4213 2719 4281; x_wconf 83' lang='lat' dir='ltr'><strong>reliquerunt,</strong></span> <span class='ocrx_word' id='word_1_647' title='bbox 2751 4215 2804 4266; x_wconf 92' lang='lat' dir='ltr'><strong>in</strong></span> <span class='ocrx_word' id='word_1_648' title='bbox 2836 4224 3018 4281; x_wconf 83' lang='lat' dir='ltr'><strong>partes</strong></span> <span class='ocrx_word' id='word_1_649' title='bbox 3064 4215 3304 4268; x_wconf 62' lang='lat' dir='ltr'><strong>Bathnim</strong></span> <span class='ocrx_word' id='word_1_650' title='bbox 3349 4228 3463 4280; x_wconf 81' lang='lat' dir='ltr'><strong>ten-</strong></span> 
     </span>
    </p>
   </div>
   <div class='ocr_carea' id='block_1_90' title="bbox 240 4303 3467 4382">
    <p class='ocr_par' dir='ltr' id='par_1_90' title="bbox 240 4303 3467 4382">
     <span class='ocr_line' id='line_1_90' title="bbox 240 4303 3467 4382; baseline -0.001 -16"><span class='ocrx_word' id='word_1_651' title='bbox 240 4313 385 4367; x_wconf 71' lang='lat' dir='ltr'><strong>Disit</strong></span> <span class='ocrx_word' id='word_1_652' title='bbox 438 4316 596 4382; x_wconf 82' lang='lat' dir='ltr'><strong>igitur</strong></span> <span class='ocrx_word' id='word_1_653' title='bbox 650 4313 833 4364; x_wconf 68' lang='lat' dir='ltr'><strong>Chalid</strong></span> <span class='ocrx_word' id='word_1_654' title='bbox 879 4310 1076 4365; x_wconf 86' lang='lat' dir='ltr'><strong>Omaro</strong></span> <span class='ocrx_word' id='word_1_655' title='bbox 1132 4311 1301 4364; x_wconf 85' lang='lat' dir='ltr'><strong>Ebnol</strong></span> <span class='ocrx_word' id='word_1_656' title='bbox 1354 4315 1444 4365; x_wconf 82' lang='lat' dir='ltr'><strong>Asi</strong></span> <span class='ocrx_word' id='word_1_657' title='bbox 1483 4313 1704 4366; x_wconf 82' lang='lat' dir='ltr'><strong>:Adeas</strong></span> <span class='ocrx_word' id='word_1_658' title='bbox 1735 4326 1786 4366; x_wconf 91' lang='lat' dir='ltr'><strong>tu</strong></span> <span class='ocrx_word' id='word_1_659' title='bbox 1825 4327 1868 4380; x_wconf 83' lang='grc' dir='ltr'><strong>ι)</strong></span> <span class='ocrx_word' id='word_1_660' title='bbox 1902 4307 2111 4369; x_wconf 78' lang='lat' dir='ltr'><strong>dentes,</strong></span> <span class='ocrx_word' id='word_1_661' title='bbox 2142 4319 2311 4372; x_wconf 72' lang='lat' dir='ltr'><strong>eaque</strong></span> <span class='ocrx_word' id='word_1_662' title='bbox 2351 4306 2414 4357; x_wconf 74' lang='lat' dir='ltr'><strong>de</strong></span> <span class='ocrx_word' id='word_1_663' title='bbox 2450 4320 2506 4357; x_wconf 72' lang='lat' dir='ltr'><strong>re</strong></span> <span class='ocrx_word' id='word_1_664' title='bbox 2542 4305 2750 4358; x_wconf 58' lang='lat'><strong>“1101115</strong></span> <span class='ocrx_word' id='word_1_665' title='bbox 2781 4303 2846 4356; x_wconf 74' lang='lat' dir='ltr'><strong>ad</strong></span> <span class='ocrx_word' id='word_1_666' title='bbox 2896 4304 3011 4355; x_wconf 73' lang='lat' dir='ltr'><strong>Mm</strong></span> <span class='ocrx_word' id='word_1_667' title='bbox 3043 4303 3268 4358; x_wconf 76' lang='lat' dir='ltr'><strong>Becrtlm</strong></span> <span class='ocrx_word' id='word_1_668' title='bbox 3325 4308 3467 4359; x_wconf 73' lang='lat' dir='ltr'><strong>seri-</strong></span> 
     </span>
    </p>
   </div>
   <div class='ocr_carea' id='block_1_91' title="bbox 240 4402 1794 4473">
    <p class='ocr_par' dir='ltr' id='par_1_91' title="bbox 240 4402 1794 4473">
     <span class='ocr_line' id='line_1_91' title="bbox 240 4402 1794 4473; baseline -0.002 -14"><span class='ocrx_word' id='word_1_669' title='bbox 240 4407 440 4473; x_wconf 86' lang='lat' dir='ltr'><strong>ipsum.</strong></span> <span class='ocrx_word' id='word_1_670' title='bbox 475 4404 755 4456; x_wconf 78' lang='lat' dir='ltr'><strong>Profectus</strong></span> <span class='ocrx_word' id='word_1_671' title='bbox 802 4403 962 4470; x_wconf 77' lang='lat' dir='ltr'><strong>igitur</strong></span> <span class='ocrx_word' id='word_1_672' title='bbox 1009 4402 1242 4455; x_wconf 87' lang='lat' dir='ltr'><strong>Omarns</strong></span> <span class='ocrx_word' id='word_1_673' title='bbox 1270 4415 1454 4470; x_wconf 86' lang='lat' dir='ltr'><strong>aperta</strong></span> <span class='ocrx_word' id='word_1_674' title='bbox 1512 4406 1613 4471; x_wconf 90' lang='lat' dir='ltr'><strong>ipsi</strong></span> <span class='ocrx_word' id='word_1_675' title='bbox 1639 4403 1794 4456; x_wconf 77' lang='lat' dir='ltr'><strong>Gaza:</strong></span> 
     </span>
    </p>
   </div>
   <div class='ocr_carea' id='block_1_92' title="bbox 241 4493 1789 4565">
    <p class='ocr_par' dir='ltr' id='par_1_92' title="bbox 241 4493 1789 4565">
     <span class='ocr_line' id='line_1_92' title="bbox 241 4493 1789 4565; baseline 0.001 -20"><span class='ocrx_word' id='word_1_676' title='bbox 241 4506 392 4563; x_wconf 88' lang='lat' dir='ltr'><strong>porta</strong></span> <span class='ocrx_word' id='word_1_677' title='bbox 430 4500 713 4562; x_wconf 79' lang='lat' dir='ltr'><strong>ingressus</strong></span> <span class='ocrx_word' id='word_1_678' title='bbox 737 4501 840 4554; x_wconf 88' lang='lat' dir='ltr'><strong>est,</strong></span> <span class='ocrx_word' id='word_1_679' title='bbox 869 4509 1026 4560; x_wconf 89' lang='lat' dir='ltr'><strong>quem</strong></span> <span class='ocrx_word' id='word_1_680' title='bbox 1061 4493 1356 4555; x_wconf 76' lang='lat' dir='ltr'><strong>Patricius,</strong></span> <span class='ocrx_word' id='word_1_681' title='bbox 1389 4496 1477 4546; x_wconf 78' lang='lat' dir='ltr'><strong>ubi</strong></span> <span class='ocrx_word' id='word_1_682' title='bbox 1511 4496 1576 4545; x_wconf 93' lang='lat' dir='ltr'><strong>ad</strong></span> <span class='ocrx_word' id='word_1_683' title='bbox 1615 4496 1789 4565; x_wconf 84' lang='lat' dir='ltr'><strong>ipsmn</strong></span> 
     </span>
    </p>
   </div>
   <div class='ocr_carea' id='block_1_93' title="bbox 243 4583 1798 4655">
    <p class='ocr_par' dir='ltr' id='par_1_93' title="bbox 243 4583 1798 4655">
     <span class='ocr_line' id='line_1_93' title="bbox 243 4583 1798 4655; baseline 0.001 -19"><span class='ocrx_word' id='word_1_684' title='bbox 243 4587 600 4655; x_wconf 87' lang='lat' dir='ltr'><strong>pervenisset,</strong></span> <span class='ocrx_word' id='word_1_685' title='bbox 650 4584 928 4644; x_wconf 86' lang='lat' dir='ltr'><strong>salutavit,</strong></span> <span class='ocrx_word' id='word_1_686' title='bbox 977 4585 1098 4633; x_wconf 85' lang='lat' dir='ltr'><strong>dein</strong></span> <span class='ocrx_word' id='word_1_687' title='bbox 1153 4583 1290 4634; x_wconf 62' lang='lat' dir='ltr'><strong>dixit</strong></span> <span class='ocrx_word' id='word_1_688' title='bbox 1337 4583 1438 4650; x_wconf 85' lang='lat' dir='ltr'><strong>ipsi</strong></span> <span class='ocrx_word' id='word_1_689' title='bbox 1477 4601 1491 4634; x_wconf 85' lang='grc'>;</span> <span class='ocrx_word' id='word_1_690' title='bbox 1532 4585 1672 4648; x_wconf 80' lang='lat' dir='ltr'><strong>Quid</strong></span> <span class='ocrx_word' id='word_1_691' title='bbox 1717 4598 1798 4637; x_wconf 81' lang='lat' dir='ltr'><strong>est</strong></span> 
     </span>
    </p>
   </div>
   <div class='ocr_carea' id='block_1_94' title="bbox 243 4673 1799 4742">
    <p class='ocr_par' dir='ltr' id='par_1_94' title="bbox 243 4673 1799 4742">
     <span class='ocr_line' id='line_1_94' title="bbox 243 4673 1799 4742; baseline 0.003 -21"><span class='ocrx_word' id='word_1_692' title='bbox 243 4677 384 4740; x_wconf 75' lang='lat' dir='ltr'><strong>quod</strong></span> <span class='ocrx_word' id='word_1_693' title='bbox 436 4690 529 4727; x_wconf 91' lang='lat' dir='ltr'><strong>vos</strong></span> <span class='ocrx_word' id='word_1_694' title='bbox 559 4674 610 4725; x_wconf 91' lang='lat' dir='ltr'><strong>in</strong></span> <span class='ocrx_word' id='word_1_695' title='bbox 661 4677 931 4739; x_wconf 72' lang='lat' dir='ltr'><strong>regionem</strong></span> <span class='ocrx_word' id='word_1_696' title='bbox 980 4684 1219 4724; x_wconf 84' lang='lat' dir='ltr'><strong>nostram</strong></span> <span class='ocrx_word' id='word_1_697' title='bbox 1272 4673 1528 4736; x_wconf 74' lang='lat' dir='ltr'><strong>adduxit,</strong></span> <span class='ocrx_word' id='word_1_698' title='bbox 1577 4685 1630 4727; x_wconf 91' lang='lat' dir='ltr'><strong>et</strong></span> <span class='ocrx_word' id='word_1_699' title='bbox 1667 4674 1799 4742; x_wconf 85' lang='lat' dir='ltr'><strong>quid</strong></span> 
     </span>
    </p>
   </div>
   <div class='ocr_carea' id='block_1_95' title="bbox 245 4761 1800 4829">
    <p class='ocr_par' dir='ltr' id='par_1_95' title="bbox 245 4761 1800 4829">
     <span class='ocr_line' id='line_1_95' title="bbox 245 4761 1800 4829; baseline -0.001 -12"><span class='ocrx_word' id='word_1_700' title='bbox 245 4767 462 4817; x_wconf 82' lang='lat' dir='ltr'><strong>tandem</strong></span> <span class='ocrx_word' id='word_1_701' title='bbox 495 4762 693 4816; x_wconf 82' lang='lat' dir='ltr'><strong>vultis?</strong></span> <span class='ocrx_word' id='word_1_702' title='bbox 723 4761 1019 4829; x_wconf 70' lang='lat' dir='ltr'><strong>Respondit</strong></span> <span class='ocrx_word' id='word_1_703' title='bbox 1059 4762 1226 4816; x_wconf 76' lang='lat' dir='ltr'><strong>Omar</strong></span> <span class='ocrx_word' id='word_1_704' title='bbox 1260 4763 1428 4816; x_wconf 79' lang='lat' dir='ltr'><strong>Elinol</strong></span> <span class='ocrx_word' id='word_1_705' title='bbox 1460 4765 1550 4817; x_wconf 81' lang='lat' dir='ltr'><strong>Asi</strong></span> <span class='ocrx_word' id='word_1_706' title='bbox 1585 4782 1598 4818; x_wconf 90' lang='lat'><strong>:</strong></span> <span class='ocrx_word' id='word_1_707' title='bbox 1627 4763 1800 4817; x_wconf 87' lang='lat' dir='ltr'><strong>Jussit</strong></span> 
     </span>
    </p>
   </div>
   <div class='ocr_carea' id='block_1_96' title="bbox 247 4855 1800 4921">
    <p class='ocr_par' dir='ltr' id='par_1_96' title="bbox 247 4855 1800 4921">
     <span class='ocr_line' id='line_1_96' title="bbox 247 4855 1800 4921; baseline -0.003 -12"><span class='ocrx_word' id='word_1_708' title='bbox 247 4872 348 4911; x_wconf 80' lang='lat' dir='ltr'><strong>nos</strong></span> <span class='ocrx_word' id='word_1_709' title='bbox 389 4857 650 4907; x_wconf 86' lang='lat' dir='ltr'><strong>Dominus</strong></span> <span class='ocrx_word' id='word_1_710' title='bbox 683 4863 870 4908; x_wconf 82' lang='lat' dir='ltr'><strong>noster</strong></span> <span class='ocrx_word' id='word_1_711' title='bbox 896 4867 993 4906; x_wconf 90' lang='lat' dir='ltr'><strong>vos</strong></span> <span class='ocrx_word' id='word_1_712' title='bbox 1025 4868 1360 4921; x_wconf 60' lang='lat' dir='ltr'><strong>oppugnare,</strong></span> <span class='ocrx_word' id='word_1_713' title='bbox 1410 4855 1512 4906; x_wconf 87' lang='lat' dir='ltr'><strong>nisi</strong></span> <span class='ocrx_word' id='word_1_714' title='bbox 1559 4857 1638 4906; x_wconf 90' lang='lat' dir='ltr'><strong>vel</strong></span> <span class='ocrx_word' id='word_1_715' title='bbox 1674 4857 1800 4907; x_wconf 80' lang='lat' dir='ltr'><strong>reli-</strong></span> 
     </span>
    </p>
   </div>
   <div class='ocr_carea' id='block_1_97' title="bbox 248 4945 1798 5014">
    <p class='ocr_par' dir='ltr' id='par_1_97' title="bbox 248 4945 1798 5014">
     <span class='ocr_line' id='line_1_97' title="bbox 248 4945 1798 5014; baseline -0.001 -15"><span class='ocrx_word' id='word_1_716' title='bbox 248 4950 459 5014; x_wconf 74' lang='lat' dir='ltr'><strong>gionem</strong></span> <span class='ocrx_word' id='word_1_717' title='bbox 500 4955 739 4999; x_wconf 86' lang='lat' dir='ltr'><strong>nosttam</strong></span> <span class='ocrx_word' id='word_1_718' title='bbox 777 4945 1181 5011; x_wconf 83' lang='lat' dir='ltr'><strong>atnplcctamini</strong></span> <span class='ocrx_word' id='word_1_719' title='bbox 1215 4959 1326 5012; x_wconf 90' lang='lat' dir='ltr'><strong>quo</strong></span> <span class='ocrx_word' id='word_1_720' title='bbox 1361 4945 1510 4998; x_wconf 86' lang='lat' dir='ltr'><strong>vobis</strong></span> <span class='ocrx_word' id='word_1_721' title='bbox 1559 4947 1629 4998; x_wconf 87' lang='lat' dir='ltr'><strong>sit</strong></span> <span class='ocrx_word' id='word_1_722' title='bbox 1654 4946 1798 5012; x_wconf 87' lang='lat' dir='ltr'><strong>quod</strong></span> 
     </span>
    </p>
   </div>
   <div class='ocr_carea' id='block_1_98' title="bbox 249 5033 1800 5101">
    <p class='ocr_par' dir='ltr' id='par_1_98' title="bbox 249 5033 1800 5101">
     <span class='ocr_line' id='line_1_98' title="bbox 249 5033 1800 5101; baseline -0.001 -15"><span class='ocrx_word' id='word_1_723' title='bbox 249 5039 422 5095; x_wconf 84' lang='lat' dir='ltr'><strong>nobis.</strong></span> <span class='ocrx_word' id='word_1_724' title='bbox 456 5045 508 5089; x_wconf 89' lang='lat' dir='ltr'><strong>et</strong></span> <span class='ocrx_word' id='word_1_725' title='bbox 539 5045 727 5088; x_wconf 87' lang='lat' dir='ltr'><strong>contra</strong></span> <span class='ocrx_word' id='word_1_726' title='bbox 754 5048 849 5086; x_wconf 87' lang='lat' dir='ltr'><strong>vos</strong></span> <span class='ocrx_word' id='word_1_727' title='bbox 883 5034 1026 5101; x_wconf 88' lang='lat' dir='ltr'><strong>quod</strong></span> <span class='ocrx_word' id='word_1_728' title='bbox 1054 5042 1245 5086; x_wconf 89' lang='lat' dir='ltr'><strong>contra</strong></span> <span class='ocrx_word' id='word_1_729' title='bbox 1283 5049 1400 5092; x_wconf 80' lang='lat' dir='ltr'><strong>nes,</strong></span> <span class='ocrx_word' id='word_1_730' title='bbox 1429 5034 1656 5100; x_wconf 88' lang='lat' dir='ltr'><strong>sitisque</strong></span> <span class='ocrx_word' id='word_1_731' title='bbox 1694 5033 1800 5085; x_wconf 80' lang='lat' dir='ltr'><strong>Ira-</strong></span> 
     </span>
    </p>
   </div>
   <div class='ocr_carea' id='block_1_99' title="bbox 251 5115 1798 5191">
    <p class='ocr_par' dir='ltr' id='par_1_99' title="bbox 251 5115 1798 5191">
     <span class='ocr_line' id='line_1_99' title="bbox 251 5115 1798 5191; baseline -0.001 -11"><span class='ocrx_word' id='word_1_732' title='bbox 251 5143 360 5183; x_wconf 91' lang='lat' dir='ltr'><strong>tres</strong></span> <span class='ocrx_word' id='word_1_733' title='bbox 399 5130 589 5191; x_wconf 90' lang='lat' dir='ltr'><strong>nostri,</strong></span> <span class='ocrx_word' id='word_1_734' title='bbox 619 5136 674 5179; x_wconf 92' lang='lat' dir='ltr'><strong>ut</strong></span> <span class='ocrx_word' id='word_1_735' title='bbox 703 5115 806 5179; x_wconf 77' lang='lat' dir='ltr'><strong>nec</strong></span> <span class='ocrx_word' id='word_1_736' title='bbox 833 5126 998 5178; x_wconf 86' lang='lat' dir='ltr'><strong>liceat</strong></span> <span class='ocrx_word' id='word_1_737' title='bbox 1031 5127 1187 5178; x_wconf 89' lang='lat' dir='ltr'><strong>nobis</strong></span> <span class='ocrx_word' id='word_1_738' title='bbox 1220 5126 1374 5179; x_wconf 85' lang='lat' dir='ltr'><strong>vobis</strong></span> <span class='ocrx_word' id='word_1_739' title='bbox 1420 5126 1676 5178; x_wconf 85' lang='lat' dir='ltr'><strong>damnum</strong></span> <span class='ocrx_word' id='word_1_740' title='bbox 1715 5128 1798 5178; x_wconf 87' lang='lat' dir='ltr'><strong>in-</strong></span> 
     </span>
    </p>
   </div>
   <div class='ocr_carea' id='block_1_100' title="bbox 251 5217 1799 5284">
    <p class='ocr_par' dir='ltr' id='par_1_100' title="bbox 251 5217 1799 5284">
     <span class='ocr_line' id='line_1_100' title="bbox 251 5217 1799 5284; baseline -0.004 -13"><span class='ocrx_word' id='word_1_741' title='bbox 251 5219 410 5284; x_wconf 81' lang='lat' dir='ltr'><strong>ferre,</strong></span> <span class='ocrx_word' id='word_1_742' title='bbox 442 5229 536 5273; x_wconf 89' lang='lat' dir='ltr'><strong>aut</strong></span> <span class='ocrx_word' id='word_1_743' title='bbox 571 5219 879 5272; x_wconf 88' lang='lat' dir='ltr'><strong>contrarios</strong></span> <span class='ocrx_word' id='word_1_744' title='bbox 927 5231 1047 5270; x_wconf 84' lang='lat' dir='ltr'><strong>esse</strong></span> <span class='ocrx_word' id='word_1_745' title='bbox 1073 5255 1087 5279; x_wconf 93' lang='lat'><strong>,</strong></span> <span class='ocrx_word' id='word_1_746' title='bbox 1118 5217 1199 5269; x_wconf 83' lang='lat' dir='ltr'><strong>vel</strong></span> <span class='ocrx_word' id='word_1_747' title='bbox 1236 5218 1280 5268; x_wconf 90' lang='lat' dir='ltr'><strong>si</strong></span> <span class='ocrx_word' id='word_1_748' title='bbox 1318 5220 1421 5268; x_wconf 88' lang='lat' dir='ltr'><strong>hoc</strong></span> <span class='ocrx_word' id='word_1_749' title='bbox 1456 5217 1660 5278; x_wconf 89' lang='lat' dir='ltr'><strong>nolitis,</strong></span> <span class='ocrx_word' id='word_1_750' title='bbox 1699 5219 1799 5266; x_wconf 82' lang='lat' dir='ltr'><strong>tri-</strong></span> 
     </span>
    </p>
   </div>
   <div class='ocr_carea' id='block_1_101' title="bbox 253 5307 1800 5378">
    <p class='ocr_par' dir='ltr' id='par_1_101' title="bbox 253 5307 1800 5378">
     <span class='ocr_line' id='line_1_101' title="bbox 253 5307 1800 5378; baseline -0.003 -15"><span class='ocrx_word' id='word_1_751' title='bbox 253 5313 462 5364; x_wconf 76' lang='lat' dir='ltr'><strong>butum?</strong></span> <span class='ocrx_word' id='word_1_752' title='bbox 490 5313 552 5364; x_wconf 87' lang='lat' dir='ltr'><strong>de</strong></span> <span class='ocrx_word' id='word_1_753' title='bbox 582 5325 689 5378; x_wconf 88' lang='lat' dir='ltr'><strong>quo</strong></span> <span class='ocrx_word' id='word_1_754' title='bbox 730 5311 866 5362; x_wconf 88' lang='lat' dir='ltr'><strong>inter</strong></span> <span class='ocrx_word' id='word_1_755' title='bbox 897 5321 996 5360; x_wconf 88' lang='lat' dir='ltr'><strong>nos</strong></span> <span class='ocrx_word' id='word_1_756' title='bbox 1024 5317 1077 5359; x_wconf 89' lang='lat' dir='ltr'><strong>et</strong></span> <span class='ocrx_word' id='word_1_757' title='bbox 1125 5323 1219 5359; x_wconf 87' lang='lat' dir='ltr'><strong>vos</strong></span> <span class='ocrx_word' id='word_1_758' title='bbox 1250 5307 1589 5369; x_wconf 72' lang='lat' dir='ltr'><strong>convenerit,</strong></span> <span class='ocrx_word' id='word_1_759' title='bbox 1645 5309 1800 5359; x_wconf 83' lang='lat' dir='ltr'><strong>nobis</strong></span> 
     </span>
    </p>
   </div>
   <div class='ocr_carea' id='block_1_102' title="bbox 235 5400 1801 5472">
    <p class='ocr_par' dir='ltr' id='par_1_102' title="bbox 235 5400 1801 5472">
     <span class='ocr_line' id='line_1_102' title="bbox 235 5400 1801 5472; baseline -0.001 -18"><span class='ocrx_word' id='word_1_760' title='bbox 235 5403 540 5472; x_wconf 74' lang='lat' dir='ltr'><strong>quotannis</strong></span> <span class='ocrx_word' id='word_1_761' title='bbox 573 5405 624 5454; x_wconf 89' lang='lat' dir='ltr'><strong>in</strong></span> <span class='ocrx_word' id='word_1_762' title='bbox 671 5410 986 5469; x_wconf 88' lang='lat' dir='ltr'><strong>perpetuum</strong></span> <span class='ocrx_word' id='word_1_763' title='bbox 1016 5400 1251 5468; x_wconf 86' lang='lat' dir='ltr'><strong>quandin</strong></span> <span class='ocrx_word' id='word_1_764' title='bbox 1304 5400 1626 5466; x_wconf 82' lang='lat' dir='ltr'><strong>superstites</strong></span> <span class='ocrx_word' id='word_1_765' title='bbox 1665 5403 1801 5452; x_wconf 81' lang='lat' dir='ltr'><strong>utri-</strong></span> 
     </span>
    </p>
   </div>
   <div class='ocr_carea' id='block_1_103' title="bbox 253 5491 1798 5561">
    <p class='ocr_par' dir='ltr' id='par_1_103' title="bbox 253 5491 1798 5561">
     <span class='ocr_line' id='line_1_103' title="bbox 253 5491 1798 5561; baseline -0.002 -15"><span class='ocrx_word' id='word_1_766' title='bbox 253 5510 356 5561; x_wconf 82' lang='lat' dir='ltr'><strong>que</strong></span> <span class='ocrx_word' id='word_1_767' title='bbox 403 5494 690 5556; x_wconf 74' lang='lat' dir='ltr'><strong>fuerimus,</strong></span> <span class='ocrx_word' id='word_1_768' title='bbox 737 5491 1021 5561; x_wconf 86' lang='lat' dir='ltr'><strong>pendatis;</strong></span> <span class='ocrx_word' id='word_1_769' title='bbox 1053 5505 1159 5560; x_wconf 91' lang='lat' dir='ltr'><strong>quo</strong></span> <span class='ocrx_word' id='word_1_770' title='bbox 1200 5507 1579 5558; x_wconf 54' lang='lat' dir='ltr'><strong>oppugnemus</strong></span> <span class='ocrx_word' id='word_1_771' title='bbox 1633 5493 1798 5544; x_wconf 82' lang='lat' dir='ltr'><strong>vestri</strong></span> 
     </span>
    </p>
   </div>
   <div class='ocr_carea' id='block_1_104' title="bbox 253 5579 1800 5654">
    <p class='ocr_par' dir='ltr' id='par_1_104' title="bbox 253 5579 1800 5654">
     <span class='ocr_line' id='line_1_104' title="bbox 253 5579 1800 5654; baseline 0 -19"><span class='ocrx_word' id='word_1_772' title='bbox 253 5596 414 5637; x_wconf 78' lang='lat' dir='ltr'><strong>causa</strong></span> <span class='ocrx_word' id='word_1_773' title='bbox 461 5600 650 5638; x_wconf 85' lang='lat' dir='ltr'><strong>omnes</strong></span> <span class='ocrx_word' id='word_1_774' title='bbox 696 5584 784 5654; x_wconf 92' lang='lat' dir='ltr'><strong>qui</strong></span> <span class='ocrx_word' id='word_1_775' title='bbox 821 5594 919 5634; x_wconf 88' lang='lat' dir='ltr'><strong>vos</strong></span> <span class='ocrx_word' id='word_1_776' title='bbox 942 5579 1189 5649; x_wconf 77' lang='lat' dir='ltr'><strong>aggressi</strong></span> <span class='ocrx_word' id='word_1_777' title='bbox 1235 5581 1459 5646; x_wconf 88' lang='lat' dir='ltr'><strong>l&#39;ucrint,</strong></span> <span class='ocrx_word' id='word_1_778' title='bbox 1504 5589 1598 5634; x_wconf 82' lang='lat' dir='ltr'><strong>aut</strong></span> <span class='ocrx_word' id='word_1_779' title='bbox 1646 5581 1800 5636; x_wconf 87' lang='lat' dir='ltr'><strong>vobis</strong></span> 
     </span>
    </p>
   </div>
   <div class='ocr_carea' id='block_1_105' title="bbox 1899 4395 3458 4465">
    <p class='ocr_par' dir='ltr' id='par_1_105' title="bbox 1899 4395 3458 4465">
     <span class='ocr_line' id='line_1_105' title="bbox 1899 4395 3458 4465; baseline 0.002 -17"><span class='ocrx_word' id='word_1_780' title='bbox 1899 4406 2160 4465; x_wconf 90' lang='lat' dir='ltr'><strong>pseruut:</strong></span> <span class='ocrx_word' id='word_1_781' title='bbox 2203 4406 2252 4448; x_wconf 87' lang='lat' dir='ltr'><strong>at</strong></span> <span class='ocrx_word' id='word_1_782' title='bbox 2286 4411 2405 4447; x_wconf 90' lang='lat' dir='ltr'><strong>eum</strong></span> <span class='ocrx_word' id='word_1_783' title='bbox 2445 4395 2509 4447; x_wconf 88' lang='lat' dir='ltr'><strong>ad</strong></span> <span class='ocrx_word' id='word_1_784' title='bbox 2547 4397 2716 4463; x_wconf 87' lang='lat' dir='ltr'><strong>ipsum</strong></span> <span class='ocrx_word' id='word_1_785' title='bbox 2755 4396 3032 4448; x_wconf 82' lang='lat' dir='ltr'><strong>adveniret</strong></span> <span class='ocrx_word' id='word_1_786' title='bbox 3072 4401 3312 4462; x_wconf 89' lang='lat' dir='ltr'><strong>nuntius,</strong></span> <span class='ocrx_word' id='word_1_787' title='bbox 3341 4399 3458 4464; x_wconf 83' lang='lat' dir='ltr'><strong>ipse</strong></span> 
     </span>
    </p>
   </div>
   <div class='ocr_carea' id='block_1_106' title="bbox 1898 4485 3463 4550">
    <p class='ocr_par' dir='ltr' id='par_1_106' title="bbox 1898 4485 3463 4550">
     <span class='ocr_line' id='line_1_106' title="bbox 1898 4485 3463 4550; baseline 0.002 -12"><span class='ocrx_word' id='word_1_788' title='bbox 1898 4489 2005 4538; x_wconf 87' lang='lat' dir='ltr'><strong>vita</strong></span> <span class='ocrx_word' id='word_1_789' title='bbox 2038 4495 2365 4550; x_wconf 81' lang='lat' dir='ltr'><strong>excesserat,</strong></span> <span class='ocrx_word' id='word_1_790' title='bbox 2403 4485 2603 4538; x_wconf 86' lang='lat' dir='ltr'><strong>Omaro</strong></span> <span class='ocrx_word' id='word_1_791' title='bbox 2656 4486 2810 4538; x_wconf 82' lang='lat' dir='ltr'><strong>Ebnil</strong></span> <span class='ocrx_word' id='word_1_792' title='bbox 2855 4488 3080 4539; x_wconf 77' lang='lat' dir='ltr'><strong>Chctabi</strong></span> <span class='ocrx_word' id='word_1_793' title='bbox 3139 4504 3463 4541; x_wconf 72' lang='lat' dir='ltr'><strong>sut-t-eSsore</strong></span> 
     </span>
    </p>
   </div>
   <div class='ocr_carea' id='block_1_107' title="bbox 1898 4577 3463 4645">
    <p class='ocr_par' dir='ltr' id='par_1_107' title="bbox 1898 4577 3463 4645">
     <span class='ocr_line' id='line_1_107' title="bbox 1898 4577 3463 4645; baseline -0.001 -14"><span class='ocrx_word' id='word_1_794' title='bbox 1898 4579 2216 4640; x_wconf 87' lang='lat' dir='ltr'><strong>constituto,</strong></span> <span class='ocrx_word' id='word_1_795' title='bbox 2269 4579 2384 4628; x_wconf 80' lang='lat' dir='ltr'><strong>Abu</strong></span> <span class='ocrx_word' id='word_1_796' title='bbox 2416 4577 2611 4630; x_wconf 81' lang='lat' dir='ltr'><strong>llecrus</strong></span> <span class='ocrx_word' id='word_1_797' title='bbox 2651 4577 2920 4644; x_wconf 87' lang='lat' dir='ltr'><strong>siquidem</strong></span> <span class='ocrx_word' id='word_1_798' title='bbox 2974 4590 3242 4645; x_wconf 78' lang='lat' dir='ltr'><strong>u-grotans</strong></span> <span class='ocrx_word' id='word_1_799' title='bbox 3297 4589 3463 4631; x_wconf 75' lang='lat' dir='ltr'><strong>testa-</strong></span> 
     </span>
    </p>
   </div>
   <div class='ocr_carea' id='block_1_108' title="bbox 1899 4667 3458 4736">
    <p class='ocr_par' dir='ltr' id='par_1_108' title="bbox 1899 4667 3458 4736">
     <span class='ocr_line' id='line_1_108' title="bbox 1899 4667 3458 4736; baseline -0.001 -14"><span class='ocrx_word' id='word_1_800' title='bbox 1899 4678 2077 4722; x_wconf 87' lang='lat' dir='ltr'><strong>mento</strong></span> <span class='ocrx_word' id='word_1_801' title='bbox 2107 4668 2362 4721; x_wconf 89' lang='lat' dir='ltr'><strong>Omarum</strong></span> <span class='ocrx_word' id='word_1_802' title='bbox 2394 4668 2548 4719; x_wconf 81' lang='lat' dir='ltr'><strong>Ebnil</strong></span> <span class='ocrx_word' id='word_1_803' title='bbox 2578 4667 2800 4720; x_wconf 77' lang='lat' dir='ltr'><strong>Chctabi</strong></span> <span class='ocrx_word' id='word_1_804' title='bbox 2834 4671 3155 4735; x_wconf 71' lang='lat' dir='ltr'><strong>designavit.</strong></span> <span class='ocrx_word' id='word_1_805' title='bbox 3187 4671 3458 4736; x_wconf 83' lang='lat' dir='ltr'><strong>Scriptum</strong></span> 
     </span>
    </p>
   </div>
   <div class='ocr_carea' id='block_1_109' title="bbox 1900 4761 3460 4813">
    <p class='ocr_par' dir='ltr' id='par_1_109' title="bbox 1900 4761 3460 4813">
     <span class='ocr_line' id='line_1_109' title="bbox 1900 4761 3460 4813; baseline 0.001 -2"><span class='ocrx_word' id='word_1_806' title='bbox 1900 4770 2076 4812; x_wconf 83' lang='lat' dir='ltr'><strong>autem</strong></span> <span class='ocrx_word' id='word_1_807' title='bbox 2102 4769 2217 4810; x_wconf 87' lang='lat' dir='ltr'><strong>erat</strong></span> <span class='ocrx_word' id='word_1_808' title='bbox 2243 4770 2618 4811; x_wconf 88' lang='lat' dir='ltr'><strong>testamentum</strong></span> <span class='ocrx_word' id='word_1_809' title='bbox 2654 4775 2811 4810; x_wconf 86' lang='lat' dir='ltr'><strong>manu</strong></span> <span class='ocrx_word' id='word_1_810' title='bbox 2839 4762 3089 4812; x_wconf 85' lang='lat' dir='ltr'><strong>Otbmani</strong></span> <span class='ocrx_word' id='word_1_811' title='bbox 3121 4761 3230 4811; x_wconf 58' lang='lat' dir='ltr'><strong>l&#39;an</strong></span> <span class='ocrx_word' id='word_1_812' title='bbox 3257 4761 3460 4813; x_wconf 78' lang='lat' dir='ltr'><strong>Atlani.</strong></span> 
     </span>
    </p>
   </div>
   <div class='ocr_carea' id='block_1_110' title="bbox 1900 4847 3461 4917">
    <p class='ocr_par' dir='ltr' id='par_1_110' title="bbox 1900 4847 3461 4917">
     <span class='ocr_line' id='line_1_110' title="bbox 1900 4847 3461 4917; baseline 0 -16"><span class='ocrx_word' id='word_1_813' title='bbox 1900 4847 2170 4902; x_wconf 83' lang='lat' dir='ltr'><strong>ObiitAbu</strong></span> <span class='ocrx_word' id='word_1_814' title='bbox 2197 4849 2324 4902; x_wconf 84' lang='lat' dir='ltr'><strong>Becr</strong></span> <span class='ocrx_word' id='word_1_815' title='bbox 2354 4849 2438 4901; x_wconf 89' lang='lat' dir='ltr'><strong>die</strong></span> <span class='ocrx_word' id='word_1_816' title='bbox 2466 4852 2766 4917; x_wconf 90' lang='lat' dir='ltr'><strong>peuultimo</strong></span> <span class='ocrx_word' id='word_1_817' title='bbox 2797 4851 2997 4902; x_wconf 89' lang='lat' dir='ltr'><strong>mensis</strong></span> <span class='ocrx_word' id='word_1_818' title='bbox 3023 4851 3250 4903; x_wconf 78' lang='lat' dir='ltr'><strong>Iomad;c</strong></span> <span class='ocrx_word' id='word_1_819' title='bbox 3280 4864 3461 4914; x_wconf 51' lang='grc' dir='ltr'><strong>μακιν-</strong></span> 
     </span>
    </p>
   </div>
   <div class='ocr_carea' id='block_1_111' title="bbox 1903 4939 3466 5008">
    <p class='ocr_par' dir='ltr' id='par_1_111' title="bbox 1903 4939 3466 5008">
     <span class='ocr_line' id='line_1_111' title="bbox 1903 4939 3466 5008; baseline -0.001 -16"><span class='ocrx_word' id='word_1_820' title='bbox 1903 4942 2088 5002; x_wconf 86' lang='lat' dir='ltr'><strong>rioris,</strong></span> <span class='ocrx_word' id='word_1_821' title='bbox 2118 4942 2244 4992; x_wconf 89' lang='lat' dir='ltr'><strong>anni</strong></span> <span class='ocrx_word' id='word_1_822' title='bbox 2294 4939 2464 4992; x_wconf 74' lang='lat' dir='ltr'><strong>lleira:</strong></span> <span class='ocrx_word' id='word_1_823' title='bbox 2496 4941 2689 4993; x_wconf 88' lang='lat' dir='ltr'><strong>decimi</strong></span> <span class='ocrx_word' id='word_1_824' title='bbox 2748 4943 2890 4992; x_wconf 87' lang='lat' dir='ltr'><strong>tertii</strong></span> <span class='ocrx_word' id='word_1_825' title='bbox 2929 4942 3147 4992; x_wconf 84' lang='lat' dir='ltr'><strong>:oravit</strong></span> <span class='ocrx_word' id='word_1_826' title='bbox 3198 4959 3297 5008; x_wconf 81' lang='lat' dir='ltr'><strong>pro</strong></span> <span class='ocrx_word' id='word_1_827' title='bbox 3346 4945 3466 5007; x_wconf 71' lang='lat' dir='ltr'><strong>ipso</strong></span> 
     </span>
    </p>
   </div>
   <div class='ocr_carea' id='block_1_112' title="bbox 1904 5031 3460 5099">
    <p class='ocr_par' dir='ltr' id='par_1_112' title="bbox 1904 5031 3460 5099">
     <span class='ocr_line' id='line_1_112' title="bbox 1904 5031 3460 5099; baseline -0.001 -14"><span class='ocrx_word' id='word_1_828' title='bbox 1904 5032 2067 5085; x_wconf 89' lang='lat' dir='ltr'><strong>Omar</strong></span> <span class='ocrx_word' id='word_1_829' title='bbox 2101 5031 2265 5084; x_wconf 82' lang='lat' dir='ltr'><strong>Ebnol</strong></span> <span class='ocrx_word' id='word_1_830' title='bbox 2305 5032 2563 5097; x_wconf 83' lang='lat' dir='ltr'><strong>Chetabi;</strong></span> <span class='ocrx_word' id='word_1_831' title='bbox 2617 5035 2860 5099; x_wconf 89' lang='lat' dir='ltr'><strong>sepultus</strong></span> <span class='ocrx_word' id='word_1_832' title='bbox 2904 5041 2985 5083; x_wconf 89' lang='lat' dir='ltr'><strong>cst</strong></span> <span class='ocrx_word' id='word_1_833' title='bbox 3017 5031 3068 5082; x_wconf 92' lang='lat' dir='ltr'><strong>in</strong></span> <span class='ocrx_word' id='word_1_834' title='bbox 3099 5034 3290 5085; x_wconf 90' lang='lat' dir='ltr'><strong>iisdem</strong></span> <span class='ocrx_word' id='word_1_835' title='bbox 3333 5049 3460 5085; x_wconf 48' lang='lat' dir='ltr'><strong>reor</strong></span> 
     </span>
    </p>
   </div>
   <div class='ocr_carea' id='block_1_113' title="bbox 1903 5122 3462 5192">
    <p class='ocr_par' dir='ltr' id='par_1_113' title="bbox 1903 5122 3462 5192">
     <span class='ocr_line' id='line_1_113' title="bbox 1903 5122 3462 5192; baseline -0.003 -14"><span class='ocrx_word' id='word_1_836' title='bbox 1903 5127 2003 5185; x_wconf 82' lang='lat' dir='ltr'><strong>bus</strong></span> <span class='ocrx_word' id='word_1_837' title='bbox 2041 5125 2237 5192; x_wconf 87' lang='lat' dir='ltr'><strong>quibus</strong></span> <span class='ocrx_word' id='word_1_838' title='bbox 2276 5123 2635 5176; x_wconf 75' lang='lat' dir='ltr'><strong>Mohammed.</strong></span> <span class='ocrx_word' id='word_1_839' title='bbox 2672 5122 2797 5173; x_wconf 81' lang='lat' dir='ltr'><strong>Fuit</strong></span> <span class='ocrx_word' id='word_1_840' title='bbox 2847 5123 3134 5175; x_wconf 84' lang='lat' dir='ltr'><strong>chalil&#39;atus</strong></span> <span class='ocrx_word' id='word_1_841' title='bbox 3160 5127 3334 5190; x_wconf 72' lang='lat' dir='ltr'><strong>ipsius</strong></span> <span class='ocrx_word' id='word_1_842' title='bbox 3372 5145 3462 5174; x_wconf 88' lang='lat' dir='ltr'><strong>an-</strong></span> 
     </span>
    </p>
   </div>
   <div class='ocr_carea' id='block_1_114' title="bbox 1905 5214 3460 5281">
    <p class='ocr_par' dir='ltr' id='par_1_114' title="bbox 1905 5214 3460 5281">
     <span class='ocr_line' id='line_1_114' title="bbox 1905 5214 3460 5281; baseline -0.001 -12"><span class='ocrx_word' id='word_1_843' title='bbox 1905 5233 2093 5269; x_wconf 81' lang='lat' dir='ltr'><strong>norum</strong></span> <span class='ocrx_word' id='word_1_844' title='bbox 2144 5217 2398 5278; x_wconf 89' lang='lat' dir='ltr'><strong>duorum,</strong></span> <span class='ocrx_word' id='word_1_845' title='bbox 2447 5216 2710 5267; x_wconf 89' lang='lat' dir='ltr'><strong>mensium</strong></span> <span class='ocrx_word' id='word_1_846' title='bbox 2766 5216 2952 5276; x_wconf 88' lang='lat' dir='ltr'><strong>trimn,</strong></span> <span class='ocrx_word' id='word_1_847' title='bbox 2996 5214 3210 5267; x_wconf 90' lang='lat' dir='ltr'><strong>dierum</strong></span> <span class='ocrx_word' id='word_1_848' title='bbox 3275 5221 3460 5281; x_wconf 69' lang='lat' dir='ltr'><strong>viginti</strong></span> 
     </span>
    </p>
   </div>
   <div class='ocr_carea' id='block_1_115' title="bbox 1905 5307 3463 5374">
    <p class='ocr_par' dir='ltr' id='par_1_115' title="bbox 1905 5307 3463 5374">
     <span class='ocr_line' id='line_1_115' title="bbox 1905 5307 3463 5374; baseline -0.003 -14"><span class='ocrx_word' id='word_1_849' title='bbox 1905 5311 2151 5361; x_wconf 89' lang='lat' dir='ltr'><strong>duorum.</strong></span> <span class='ocrx_word' id='word_1_850' title='bbox 2214 5309 2286 5359; x_wconf 62' lang='lat' dir='ltr'><strong>lio</strong></span> <span class='ocrx_word' id='word_1_851' title='bbox 2324 5322 2431 5374; x_wconf 90' lang='lat' dir='ltr'><strong>quo</strong></span> <span class='ocrx_word' id='word_1_852' title='bbox 2485 5316 2727 5358; x_wconf 86' lang='lat' dir='ltr'><strong>mortuus</strong></span> <span class='ocrx_word' id='word_1_853' title='bbox 2771 5315 2856 5359; x_wconf 88' lang='lat' dir='ltr'><strong>cst</strong></span> <span class='ocrx_word' id='word_1_854' title='bbox 2910 5307 2998 5358; x_wconf 89' lang='lat' dir='ltr'><strong>die</strong></span> <span class='ocrx_word' id='word_1_855' title='bbox 3045 5321 3309 5358; x_wconf 85' lang='lat' dir='ltr'><strong>annorum</strong></span> <span class='ocrx_word' id='word_1_856' title='bbox 3365 5308 3463 5356; x_wconf 77' lang='lat' dir='ltr'><strong>l&#39;u.t</strong></span> 
     </span>
    </p>
   </div>
   <div class='ocr_carea' id='block_1_116' title="bbox 1906 5395 3461 5464">
    <p class='ocr_par' dir='ltr' id='par_1_116' title="bbox 1906 5395 3461 5464">
     <span class='ocr_line' id='line_1_116' title="bbox 1906 5395 3461 5464; baseline -0.006 -12"><span class='ocrx_word' id='word_1_857' title='bbox 1906 5399 2186 5464; x_wconf 77' lang='lat' dir='ltr'><strong>sexaginta</strong></span> <span class='ocrx_word' id='word_1_858' title='bbox 2227 5398 2408 5448; x_wconf 88' lang='lat' dir='ltr'><strong>trium.</strong></span> <span class='ocrx_word' id='word_1_859' title='bbox 2449 5395 2568 5446; x_wconf 82' lang='lat' dir='ltr'><strong>Fuit</strong></span> <span class='ocrx_word' id='word_1_860' title='bbox 2619 5407 2799 5446; x_wconf 89' lang='lat' dir='ltr'><strong>autem</strong></span> <span class='ocrx_word' id='word_1_861' title='bbox 2841 5397 2958 5448; x_wconf 81' lang='lat' dir='ltr'><strong>Ahu</strong></span> <span class='ocrx_word' id='word_1_862' title='bbox 3019 5396 3216 5446; x_wconf 83' lang='lat' dir='ltr'><strong>Becrus</strong></span> <span class='ocrx_word' id='word_1_863' title='bbox 3268 5411 3461 5462; x_wconf 75' lang='lat' dir='ltr'><strong>procr—</strong></span> 
     </span>
    </p>
   </div>
   <div class='ocr_carea' id='block_1_117' title="bbox 1905 5485 3458 5554">
    <p class='ocr_par' dir='ltr' id='par_1_117' title="bbox 1905 5485 3458 5554">
     <span class='ocr_line' id='line_1_117' title="bbox 1905 5485 3458 5554; baseline -0.004 -12"><span class='ocrx_word' id='word_1_864' title='bbox 1905 5506 2019 5554; x_wconf 89' lang='lat' dir='ltr'><strong>rus,</strong></span> <span class='ocrx_word' id='word_1_865' title='bbox 2054 5490 2331 5549; x_wconf 84' lang='lat' dir='ltr'><strong>candidus,</strong></span> <span class='ocrx_word' id='word_1_866' title='bbox 2369 5490 2601 5542; x_wconf 86' lang='lat' dir='ltr'><strong>candore</strong></span> <span class='ocrx_word' id='word_1_867' title='bbox 2648 5497 2829 5540; x_wconf 89' lang='lat' dir='ltr'><strong>tamen</strong></span> <span class='ocrx_word' id='word_1_868' title='bbox 2866 5491 2932 5539; x_wconf 87' lang='lat' dir='ltr'><strong>ad</strong></span> <span class='ocrx_word' id='word_1_869' title='bbox 2981 5485 3297 5538; x_wconf 85' lang='lat' dir='ltr'><strong>ﬂavedinem</strong></span> <span class='ocrx_word' id='word_1_870' title='bbox 3338 5503 3458 5537; x_wconf 83' lang='lat' dir='ltr'><strong>ver-</strong></span> 
     </span>
    </p>
   </div>
   <div class='ocr_carea' id='block_1_118' title="bbox 1875 5577 3467 5659">
    <p class='ocr_par' dir='ltr' id='par_1_118' title="bbox 1875 5577 3467 5659">
     <span class='ocr_line' id='line_1_118' title="bbox 1875 5577 3467 5659; baseline -0.001 -24"><span class='ocrx_word' id='word_1_871' title='bbox 1875 5590 2084 5659; x_wconf 48' lang='lat' dir='ltr'><strong>lgente,</strong></span> <span class='ocrx_word' id='word_1_872' title='bbox 2117 5580 2472 5653; x_wconf 81' lang='lat' dir='ltr'><strong>macilentus,</strong></span> <span class='ocrx_word' id='word_1_873' title='bbox 2508 5578 2840 5651; x_wconf 67' lang='lat' dir='ltr'><strong>niystacibus</strong></span> <span class='ocrx_word' id='word_1_874' title='bbox 2889 5577 3048 5637; x_wconf 84' lang='lat' dir='ltr'><strong>raris.</strong></span> <span class='ocrx_word' id='word_1_875' title='bbox 3085 5577 3224 5631; x_wconf 79' lang='lat' dir='ltr'><strong>facie</strong></span> <span class='ocrx_word' id='word_1_876' title='bbox 3278 5592 3467 5633; x_wconf 77' lang='lat' dir='ltr'><strong>macra</strong></span> 
     </span>
    </p>
   </div>
  </div>
