4082 6450
680 248 698 303 l
711 246 819 305 095

1692 260 1839 319 EUT
1852 260 2053 320 YCil‘Il
2101 261 2633 352 ΑιιςχΑΝῡιιιΝι
2676 268 2891 331 PATR.

3749 274 3865 336 1096

672 356 1025 432 285-267
1070 364 1247 421 oculis
1318 369 1759 444 subsidentibus.
1808 375 2028 429 barbam
2075 391 2228 432 suam
2260 387 2303 442 Α
2335 382 2575 437 narravit
2618 383 2908 454 ipsisquid
2953 384 3053 440 sibi
3087 388 3402 459 contigisset
3441 389 3669 459 ejusque
3713 392 3869 443 histo-

673 448 838 502 hinna
866 459 919 504 et
964 457 1426 527 cctamo‘tingcrc
1473 462 1690 527 solitus,
1731 480 1853 519 raro
1898 475 2230 536 tcgmentum

669 534 771 588 tibi
842 539 1124 595 astrictum
1147 546 1438 603 ~retinens.
1483 551 1838 608 Consiliarius
1888 534 2059 622 ips—ius
2107 566 2228 612 erat

672 623 784 677 Abu
826 624 1045 684 Kahalm
1089 631 1344 689 Alsnidus
1381 634 1636 705 ianitoris
1689 657 1914 698 munere
1961 645 2062 714 ipsi
2106 646 2228 700 iun-

671 720 893 781 gebatur
915 734 1109 776 servus
1148 724 1318 790 ipsius
1348 725 1539 791 Sadid.
1768 776 1780 803 π

942 810 1252 878 ιΕΙιαΙὸῙαιιιε
1301 815 1488 870 Omari
1517 818 1672 874 Ebm’l
1703 821 1947 880 Cltetabt'.
2025 860 2029 864 ε

743 894 1079 954 Citalifatunt
1157 905 1388 961 obtinuit
1461 909 1625 965 Omar
1690 914 1937 985 (Ευιιο-Ιη
1975 896 2224 982 ΟΙιρίιιιιί,

667 986 778 1042 Ebn
811 990 1011 1057 Noiail,
1042 993 1160 1048 Ebn
1190 995 1520 1064 Abdil'azis,
1561 1001 1675 1057 Elin
1725 1003 1916 1077 Riyab.
1939 998 2054 1062 Ebn
2086 1009 2222 1073 Atla,

667 1080 778 1132 lern
819 1081 984 1148 Caab,
1017 1082 1104 1139 cui
1157 1077 1329 1142 mater
1357 1089 1459 1145 fuit
1501 1081 1748 1148 Cathima
1812 1096 1932 1149 tilia
1964 1096 2220 1153 Hashami

611 1171 614 1174 ’
665 1170 840 1225 ιο;ι›ιιε-ι
871 1172 1194 1247 ιιομγππ,
1226 1179 1342 1234 Ebn
1376 1182 1678 1250 Abtlillabi,
1719 1185 1835 1241 Ebn
1861 1185 2066 1254 Omari,
2102 1173 2218 1246 Ebn

666 1263 965 1335 Machzum)
993 1265 1081 1321 die
1111 1268 1298 1326 Martis
1343 1273 1534 1329 eodem
1581 1292 1690 1346 quo
1717 1288 1965 1334 mortuus
1993 1292 2076 1336 cst
2097 1284 2216 1337 Abu

665 1352 846 1419 Becr,‘
885 1357 1047 1427 idque
1098 1376 1242 1417 anno
1296 1364 1506 1436 imperii
1569 1368 1831 1424 Hcraclii-
1876 1373 2217 1442 imperatoris

665 1441 1041 1505 Romanorum
1073 1453 1290 1511 decimo
1339 1459 1523 1521 tertio.
1566 1459 1722 1514 initio
1777 1441 2064 1518 chalifatus
2097 1467 2216 1533 ejus

658 1539 987 1594 constitutus
1008 1549 1097 1595 est
1131 1541 1400 1613 Georgius
1451 1547 1761 1615 patriarcha
1780 1548 2210 1612 Alexandrinus;

661 1621 747 1692 qui
783 1619 1015 1694 quatuor
1035 1644 1208 1683 annos
1243 1631 1406 1692 sedit,
1462 1633 1586 1687 dciu
1639 1637 1823 1690 audito
1868 1636 2214 1693 Moslemiuos

661 1713 890 1771 devictis
931 1715 1192 1772 Romanis
1249 1719 1586 1777 Palaestinam
1631 1742 1930 1795 occupasse
1965 1729 2216 1784 eosdem-

663 1819 768 1872 que
793 1804 1352 1876 [ngptumtcndem
1404 1814 1540 1867 mari
1598 1830 1658 1870 se
1696 1817 2046 1872 committens
2095 1819 2220 1874 Ale-

664 1897 883 1950 xandria
918 1897 1256 1971 Palzcstiuam
1317 1902 1475 1973 fugit,
1504 1907 1810 1976 mansitque
1864 1919 1988 1977 post
2042 1911 2217 1979 ipsmu

659 1987 919 2048 cathedra
951 1988 1320 2048 Alexandrina
1380 1987 1587 2064 absque
1625 1999 1932 2066 patriarcha
1969 1999 2218 2070 Melchita

664 2094 828 2135 mnos
857 2083 1153 2152 nonaginta
1191 2094 1423 2154 septem.
1455 2085 1586 2141 Post
1639 2088 1814 2157 ipsius
1865 2105 1995 2145 vero
2036 2091 2215 2160 fugam

652 2171 993 2228 constitutus
1042 2182 1129 2230 est
1187 2176 1365 2246 Cyrus
1435 2169 1740 2248 patriarcha
1783 2181 2205 2244 Alexandrinus,

655 2265 743 2332 qui
766 2265 1036 2320 Maroitita
1075 2255 1209 2334 luit,
1239 2259 1649 2342 ejusdeni_cum
1704 2268 1952 2326 Heraclio
2002 2264 2218 2343 religio-

657 2355 765 2410 nis.
795 2354 922 2410 Fuit
974 2343 1156 2412 autem
1216 2360 1559 2436 Alexandriae
1627 2363 1930 2418 monachus
1987 2366 2209 2434 quidam

655 2450 871 2502 nomine
894 2437 1238 2525 Sophronius
1297 2452 1386 2521 qui
1429 2450 1554 2523 Cyri
1626 2454 1949 2523 patriarcha:
2006 2456 2216 2511 doctri-

654 2553 773 2592 nam
801 2540 1148 2608 improbavit.
1177 2526 1432 2599 Asseruit
1469 2545 1641 2616 Cyrus
1677 2561 1800 2602 esse
1844 2545 2072 2602 Domino
2108 2563 2216 2624 no-

654 2639 769 2686 stro
805 2626 1028 2687 Christo
1053 2644 1278 2713 naturas
1304 2627 1463 2702 duas,
1509 2638 1842 2712 voluntatem
1868 2654 2054 2705 unam,
2088 2656 2218 2711 ope-

653 2709 916 2776 rationem
945 2738 1132 2788 unatn,
1173 2709 1459 2792 personam
1487 2709 1678 2795 unam,
1722 2746 1844 2810 qua
1890 2741 1972 2784 est
2010 2732 2210 2788 Maroni

652 2813 940 2868 sententia.
959 2814 1124 2886 268
1137 2816 1414 2875 Accedens
1427 2834 1557 2890 ergo
1579 2819 1723 2890 Soph
1732 2822 1920 2877 ronius
1934 2826 1997 2877 ad
2011 2823 2208 2894 Cyrum

657 2907 1050 2974 patriarcbam,
1102 2924 1224 2964 cum
1289 2914 1414 2981 ipso
1469 2913 1838 2982 disputatione
1867 2915 2081 2978 habita.
2128 2915 2210 2979 Si.

652 2990 851 3064 inquit.
874 2996 954 3051 ita
983 3013 1070 3053 res
1102 2998 1326 3053 haberet
1351 3007 1624 3071 quomodo
1655 3012 1713 3056 tu
1755 3004 1978 3071 anseris,
2039 3015 2211 3060 esset-

612 3065 626 3077 ”
668 3099 775 3154 que
805 3085 1029 3141 Christo
1060 3088 1309 3144 voluntas
1337 3079 1465 3158 ulla,
1522 3091 1764 3161 operatio
1796 3108 1924 3162 una,
1958 3108 2207 3149 necessa-

650 3176 732 3231 rio
758 3187 901 3234 esset
926 3178 1030 3248 ipsi
1063 3188 1255 3238 natura
1279 3195 1428 3245 .una,
1481 3196 1589 3236 non
1643 3185 1764 3239 dua:
1798 3172 2019 3249 natura.
2055 3188 2201 3256 quod

647 3275 903 3340 asserunt
956 3265 1242 3324 Jacobitm.
1281 3268 1353 3325 At
1415 3285 1516 3325 nos
1579 3257 1814 3329 eliduas
1874 3274 2201 3338 voluntates.

649 3354 891 3425 duasque
922 3359 1288 3427 operationes.
1326 3369 1488 3430 prout
1517 3371 1652 3416 sunt
1675 3363 1774 3433 ipsi
1811 3363 1931 3418 dua:
1977 3373 2202 3428 naturae.

648 3440 1017 3514 attribuimus.
1045 3466 1168 3504 cum
1197 3451 1534 3522 imposribile
1586 3455 1678 3519 sit,
1738 3464 1798 3510 ut
1842 3458 1914 3511 sit
1953 3457 2203 3512 voluntas

648 3553 748 3592 una
782 3539 920 3595 duas
948 3540 1166 3597 habenti
1201 3553 1455 3599 naturas.
1489 3544 1545 3598 Si
1580 3541 1792 3600 unicam
1838 3547 2060 3603 haberet
2110 3565 2202 3604 vo-

611 3692 615 3695 ,
647 3628 931 3692 lunlatcm.
967 3638 1113 3684 certe
1136 3639 1190 3684 'et
1234 3631 1475 3687 unicam-
1503 3635 1725 3688 haberet
1752 3645 2022 3691 naturam.
2063 3637 2198 3693 Cum

647 3730 769 3783 ergo
802 3715 941 3771 duas
983 3716 1180 3772 habeat
1202 3728 1451 3786 naturas.
1504 3722 1844 3781 duasetiam
1897 3727 2057 3781 habet
2103 3744 2200 3781 vo-

611 3875 616 3881 ,
645 3814 899 3861 luntates.
929 3807 1029 3861 Cui
1060 3809 1233 3880 Cyrus
1262 3829 1278 3864 :
1314 3809 1448 3866 Tam
1497 3811 1815 3870 Theodorus
1843 3815 1944 3888 (al.
1977 3817 2198 3890 liorius]

645 3903 840 3965 inquit,
872 3896 1364 3965 patriarcba'Bom.
1399 3917 1560 3970 quam
1609 3900 1834 3973 Sergius
1887 3906 2190 3962 Constanti-

647 3986 1000 4053 quolitanus
1029 3989 1082 4040 in
1111 3989 1251 4042 hanc
1278 3993 1597 4044 sententiam
1638 3995 2036 4061 eouspirarunt.
2069 3996 2201 4052 Pro-

645 4077 816 4134 iectus
847 4094 977 4148 ergo
1035 4080 1378 4150 Sophronius
1422 4081 1971 4155 Constantinopolim.
2007 4103 2199 4144 oecur-

643 4169 781 4223 renti
804 4169 878 4223 ibi
911 4169 1016 4239 ipsi
1046 4169 1236 4240 Sergio
1289 4173 1611 4239 patriarcha:
1673 4178 1912 4230 narravit
1950 4180 2076 4246 quid
2117 4180 2199 4233 in-

643 4271 721 4311 ter
750 4271 891 4312 seac
925 4259 1124 4327 Cyrum
1174 4260 1537 4327 patriarcham
1571 4261 2000 4320 Alexandrinum
2031 4266 2200 4321 inter-

643 4347 922 4403 cessisset.
969 4348 1129 4414 Quod
1162 4351 1408 4403 'miratus
1458 4357 1542 4406 est
1601 4350 1826 4424 Sergius
1889 4358 2194 4430 patriarcha
2227 4373 2270 4427 ι)

642 4437 1272 4508 Constantinopolitanus
1327 4455 1343 4494 :
1413 4451 1469 4495 at
1511 4455 1652 4519 cum
1701 4455 1823 4511 post
1875 4447 2093 4503 biduum
2127 4453 2193 4507 ad

641 4531 817 4600 ipsum
843 4543 873 4582 a
903 4529 1047 4600 quo
1076 4530 1253 4584 delata
1283 4541 1469 4586 essent
1511 4529 1759 4598 munera.
1806 4547 2010 4594 mutata
2069 4557 2192 4595 sen-

641 4623 805 4676 =entia
825 4636 948 4688 sua,
975 4621 1240 4678 adversus
1268 4623 1574 4693 Sopltronio
1605 4624 1786 4682 factus
1805 4628 1861 4682 in
1915 4632 2035 4701 Cyri
2070 4648 2194 4687 seno

642 4712 864 4766 tentiam
905 4711 1058 4765 abiit.
1119 4710 1439 4767 Theodorus
1497 4715 1680 4768 etiam.
1730 4721 2034 4784 patriarcha
2087 4722 2195 4775 Ro-

641 4817 829 4856 manus
851 4816 1106 4872 perverse
1132 4804 1398 4867 sentiens,
1429 4805 1564 4874 ipsis
1613 4822 1894 4862 assensum
1942 4815 2190 4881 prtebuit,

639 4909 887 4950 asserens
944 4903 1196 4948 naturam
1263 4895 1435 4948 solam
1483 4894 1687 4971 Christi
1736 4900 2004 4970 duplicent
2046 4921 2187 4961 esse.

639 4979 1156 5066 Quodimprobans
1216 4987 1555 5055 Sophronins
1593 4988 1782 5045 :liaud
1843 4995 1937 5056 ita.
1994 4997 2188 5066 inquit,

638 5098 715 5133 res
747 5063 852 5134 est.
881 5077 1162 5149 Siquidem
1199 5081 1453 5148 qualibet
1510 5096 1615 5150 res,
1666 5082 1746 5155 [in
1787 5085 1928 5158 ipso]
1990 5063 2190 5158 duplex

638 5181 709 5235 351
748 5171 1009 5240 nisiquo'd
1033 5171 1099 5224 ad
1134 5186 1415 5243 personant
1449 5175 1697 5240 pertinet.
1726 5175 1850 5230 Dein
1886 5164 2139 5233 dixerunt
2173 5200 2186 5234 :

640 5261 736 5315 ,‘iee
767 5262 900 5313 duas
918 5262 1219 5313 voluntates
1237 5260 1488 5323 dicimus.
1510 5278 1607 5316 nec
1632 5264 1957 5320 voluntatem
1983 5285 2142 5323 unam
2169 5289 2182 5324 :

636 5351 945 5418 mansitque
975 5335 1244 5404 sententia
1275 5349 1530 5405 Ecclesia:
1558 5355 1716 5408 annis
1747 5355 1964 5412 circiter
2001 5358 2189 5431 269-

641 5443 789 5514 271
819 5443 1173 5512 quadraginta
1204 5455 1301 5496 sex
1337 5441 1601 5499 indecisa.
1655 5443 1786 5500 Dein
1847 5447 2188 5520 Sophronius

639 5533 1098 5610 CtﬂslanliltOpoli
1116 5533 1480 5606 Hierosolyma
1497 5538 1835 5607 perveniens,
1856 5544 2067 5599 obviam
2087 5549 2186 5616 ipsi

637 5628 788 5684 laetis
820 5618 1102 5682 monachis
1131 5626 1390 5697 urbisque
1414 5625 1927 5704 iiierosolymitana:
1963 5637 2184 5711 incolis,

2334 475 2471 525 riam
2535 475 2805 543 exposuit.
2867 474 3112 547 Cumque
3163 494 3269 532 non
3323 489 3468 536 esset
3493 478 3872 549 Hierosolymis

2333 565 2667 632 patriarcha,
2745 568 2956 640 muneri
3031 568 3375 638 patriarchaii
3443 568 3736 638 praefectus
3800 578 3874 620 est

2334 653 2672 721 Sophronius
2705 656 2776 710 ob
2803 656 2922 711 ﬁdei
2952 674 3063 713 sua:
3100 659 3467 714 sinceritatem
3503 675 3526 716 :
3553 660 3876 726 scripsitque

2328 744 2397 798 de
2437 746 2540 801 (ide
2571 744 2811 803 libellum
2838 763 2999 817 quem
3061 748 3116 804 in
3165 765 3352 807 omnes
3401 752 3651 822 regiones
3705 749 3878 813 misit,

2328 849 2720 906 acceptumque
2784 839 3092 900 habuerunt
3152 841 3365 915 [totius]
3420 843 3609 920 mundi
3666 840 3881 901 incolae.

2327 925 2510 995 ibique
2563 943 2707 983 anno
2749 928 3040 988 chali'i'atu‘s
3095 932 3276 990 Omari
3326 934 3482 989 Ebnil
3525 931 3748 987 Chetabi
3797 945 3884 984 sc-

2292 1084 2296 1089 ,
2323 1019 2524 1076 eundo.
2556 1021 2711 1076 Anno
2740 1024 3029 1079 chalil‘atus
3055 1025 3300 1095 ejusdem
3328 1025 3519 1093 quinto
3543 1023 3880 1079 constitutus

2321 1117 2404 1162 est
2451 1107 2799 1168 Macedonius
2851 1114 3159 1183 patriarcha
3211 1116 3580 1170 Antiochenus
3631 1114 3683 1167 in
3741 1112 3882 1166 urbe

2318 1196 2957 1271 ConstantinOpolitaua.
2987 1206 3078 1275 qui
3111 1203 3371 1258 Maronita
3405 1204 3525 1257 fuit.
3561 1201 3883 1257 Constantio
3912 1263 3914 1266 ν

2319 1288 2501 1358 nopoii
2539 1285 2634 1346 sci
2681 1307 2854 1347 annos
2894 1294 3172 1356 substitit.
3214 1294 3338 1349 dein
3369 1310 3408 1351 e.
3442 1293 3575 1348 vivis
3615 1292 3882 1355 excessit.

2317 1393 2610 1454 antequam
2658 1385 2999 1443 Antiochiam
3040 1390 3122 1441 vel
3169 1389 3451 1458 ingressus
3497 1377 3644 1440 esset
3669 1385 3756 1439 vel
3797 1381 3881 1438 vi-

2314 1475 2504 1530 disset.
3706 1556 3707 1559 η

2386 1567 2543 1621 Anno
2578 1567 2867 1623 chaliiatus
2897 1568 3080 1625 Omari
3109 1569 3270 1625 Ebnil
3302 1569 3524 1625 Cltctahi
3563 1577 3741 1633 sexto.
3779 1568 3887 1623 im-

2315 1657 2452 1727 perii
2487 1671 2614 1712 vero
2656 1657 2891 1714 ileraclii
2936 1658 3147 1715 decimo
3187 1670 3398 1724 octavo,
3433 1660 3762 1715 constitutus
3797 1664 3885 1710 est

2324 1747 2495 1819 S‘yrus
2525 1749 2833 1818 patriarcha
2868 1734 3529 1818 ConstantinOpolitanus.
3565 1751 3655 1820 qui
3683 1759 3736 1805 et
3769 1747 3885 1802 Ha-

2320 1839 2498 1893 rouita
2545 1839 2674 1893 fuit.
2699 1841 2888 1894 Annos
2913 1849 3039 1895 octo
3083 1840 3225 1896 sedit
3251 1841 3355 1918 (vel
3387 1841 3688 1896 secundum
3723 1839 3879 1893 aliud

2317 1928 2616 1998 exemplar,
2649 1928 2833 1999 duos).
2869 1944 3052 1986 verum
3079 1945 3110 1984 a
3142 1929 3371 1984 Martina
3411 1936 3582 1985 uxore
3618 1929 3880 1995 lleraelii,

2317 2035 2438 2090 quae
2467 2021 2774 2075 orthodoxa
2808 2019 2930 2081 fuit.
2958 2022 3014 2074 in
3039 2021 3288 2077 exsilium
3321 2023 3511 2088 pulsus
3540 2031 3647 2086 est,
3675 2035 3798 2091 qua
3826 2030 3880 2074 et

2318 2107 2448 2163 loco
2498 2109 2620 2177 eius
2682 2108 2910 2163 Paulum
2973 2109 3336 2179 patriarcham
3389 2108 3877 2180 Constantinopoli

2292 2196 2556 2270 'prtel‘ecit
2583 2217 2595 2254 :
2630 2199 2717 2254 hic
2742 2201 2904 2255 etiam
2939 2189 3202 2283 Maronita
3231 2203 3351 2269 fuit,
3389 2217 3558 2259 annos
3578 2218 3680 2283 sex
3713 2203 3880 2268 se-‘it.

2315 2291 2438 2345 dein
2471 2301 2720 2347 mortuus
2751 2301 2860 2359 est.
2889 2293 3016 2348 Post
3051 2294 3170 2364 eius
3198 2276 3405 2350 obitum
3441 2279 3680 2366 restituit
3704 2293 3880 2348 ﬂera-

2317 2383 2453 2438 clius
2480 2383 2698 2456 Syrum,
2723 2387 2816 2455 qui
2847 2401 2877 2440 a
2905 2386 3136 2459 coniuge
3167 2389 3335 2458 ipsius
3370 2391 3639 2459 relegatus
3675 2388 3877 2450 fuerat.

2317 2474 2610 2536 cathedrae.
2667 2490 2829 2545 quam
2891 2486 3095 2546 septem
3157 2493 3331 2535 annos
3381 2481 3701 2550 occupavit,
3744 2480 3874 2535 dein

2315 2582 2563 2626 mortuus
2589 2581 2693 2626 est.
2719 2570 3227 2631 Obsidiuue'autem
3256 2577 3539 2650 cinxerant
3568 2575 3875 2634 lloslcmini

2314 2657 2662 2717 Damascum.
2723 2661 2969 2734 Cumque
3028 2659 3313 2723 chalii'atui
3381 2671 3670 2739 pra-fectus
3722 2682 3877 2728 esset

2312 2750 2476 2833 Otuar
2507 2754 2691 2810 Ehno‘l
2728 2757 2932 2812 Chetab
2962 2746 3441 2829 scriptislitteris.
3477 2765 3637 2836 373
3668 2767 3894 2836 quibus,

2311 2841 2569 2900 Omarum
2593 2847 2764 2902 Ehnol
2792 2850 2886 2905 Asi
2913 2851 3230 2920 praefectura
3255 2854 3548 2921 abdicavit,
3576 2874 3696 2913 eam
3720 2858 3874 2914 Cha-

2314 2935 2433 2991 lcdo
2465 2938 2623 2993 Ebnil
2659 2939 2856 2996 Walidi
2897 2945 3188 3001 commisit.
3221 2945 3504 3004 lleraclius
3540 2951 3720 3004 autem
3755 2949 3874 3016 Rp-

2233 3041 2276 3097 ς
2313 3042 2603 3083 manorum
2637 3034 2950 3102 imperator,
2978 3037 3070 3105 qui
3109 3035 3368 3092 Damasco
3395 3037 3648 3096 llcmsum
3688 3057 3874 3097 reces-

2305 3129 2479 3182 serat,
2511 3121 2604 3175 ubi
2637 3107 2988 3182 MoSleminos
3016 3128 3186 3197 captis
3211 3129 3501 3185 Palaestina
3528 3141 3582 3187 et
3606 3134 3871 3188 Ordonno

2305 3206 2590 3265 Batbniam
2625 3215 2898 3281 profectos
2936 3233 3059 3271 esse
3095 3219 3411 3287 audivisset,
3446 3221 3642 3278 llemso
3673 3226 3870 3278 Antio-

2305 3299 2483 3353 chiam
2514 3303 2885 3372 descendens,
2919 3307 3167 3362 mandata
3203 3309 3363 3364 edixit
3385 3352 3400 3376 ,
3432 3319 3484 3364 ct
3524 3315 3868 3384 congregatis

2304 3390 2441 3446 Most
2471 3394 2741 3451 Arabibus
2763 3413 2794 3452 ο
2817 3397 2960 3454 tribu
2984 3398 3189 3464 Gasan.
3214 3400 3397 3469 letlan,
3420 3403 3569 3467 Calb.
3594 3389 3809 3485 Dachau
3831 3417 3892 3460 θ’

2303 3481 2638 3553 reliquisque
2680 3485 2771 3555 qui
2822 3487 2924 3542 sub
2947 3489 3174 3545 arbitrio
3197 3494 3369 3561 ipsius
3389 3503 3544 3572 erant
3566 3481 3863 3558 Arabibus.

2303 3573 2495 3627 ducem
2549 3575 2683 3645 ipsis
2731 3581 3030 3651 praposuit
3069 3597 3101 3637 e
3147 3584 3266 3640 suis
3308 3586 3598 3654 quemdam
3641 3591 3864 3649 neruiue

2303 3663 2624 3731 Mahanum.
2671 3683 2878 3740 eosque
2927 3669 3251 3744 Damascum
3299 3676 3486 3743 misit.
3539 3680 3760 3748 scriptis
3787 3682 3859 3735 ad

2262 3768 2266 3772 ‘
2305 3753 2622 3809 Mansurum
2665 3749 2979 3825 praefectum
3026 3776 3185 3832 suum
3222 3764 3417 3822 litteris
3454 3783 3565 3837 quo
3594 3771 3734 3826 datis
3766 3788 3862 3840 pe-

2300 3847 2490 3905 cuniis,
2508 3850 2658 3903 viros
2686 3849 2870 3921 (istos)
2910 3853 3015 3907 sibi
3051 3856 3330 3911 retineret.
3367 3859 3502 3914 Cum
3540 3870 3720 3917 autem
3748 3863 3860 3917 lia-

2301 3933 2408 3988 han
2457 3943 2511 3988 et
2555 3951 2678 4005 quae
2727 3953 2848 3993 cum
2899 3939 3017 4010 ipso
3056 3953 3244 3998 essent
3286 3948 3479 4017 copiae.
3527 3949 3850 4007 Damascum

2301 4028 2713 4094 pervenissent.
2756 4029 2891 4084 dixit
2924 4033 3061 4102 ipsis
3107 4033 3367 4101 Mansur:
3413 4037 3564 4093 ilaud
3598 4056 3736 4111 opus
3771 4055 3856 4097 est

2300 4115 2615 4184 imperatori
2649 4118 2848 4187 ingenti
2876 4121 2976 4174 hoc
3006 4116 3245 4200 exercitu
3275 4140 3291 4189 ;
3325 4126 3528 4181 Arabes
3554 4130 3699 4182 enim
3725 4145 3855 4200 gens

2299 4217 2430 4261 sunt
2466 4208 2756 4274 bellicosa,
2800 4218 2856 4263 et
2892 4211 2936 4263 si
2981 4213 3075 4280 qui
3105 4212 3312 4268 contra
3364 4215 3509 4285 ipsos
3552 4207 3854 4287 prodierint

2299 4312 2478 4367 pugna
2504 4299 2655 4368 ipsos
2681 4288 3018 4365 lacessitum.
3040 4304 3372 4361 exercitibus
3396 4320 3586 4362 eorum
3617 4319 3848 4378 stragem

2300 4386 2502 4455 illaturi
2533 4395 2693 4454 sunt;
2727 4387 2855 4444 huic
2883 4399 3065 4445 autem
3095 4395 3357 4448 exercitui
3391 4398 3576 4451 multis
3602 4415 3741 4470 opus
3771 4410 3851 4454 cst

2294 4477 2572 4546 pecuniis;
2601 4492 2666 4532 ac
2695 4477 2940 4534 Damasci
2965 4471 3070 4534 non
3097 4482 3218 4537 sunt
3245 4501 3383 4554 quas
3412 4487 3546 4557 ipsis
3570 4471 3850 4559 erogcntus

2296 4564 2462 4633 (quod
2501 4565 2567 4619 ad
2603 4566 2752 4635 ip’sos
2789 4567 3141 4648 diﬂ'crendos,
3177 4585 3261 4635 ac.
3296 4572 3422 4627 dolo
3457 4567 3598 4630 malo
3631 4579 3701 4630 ab
3737 4579 3848 4648 ipsa

2296 4649 2499 4705 factum
2527 4650 2810 4710 autumant
2838 4645 3108 4721 nonnulli.
3133 4675 3242 4728 quo
3270 4659 3536 4728 homines.
3566 4645 3845 4721 audientes

2293 4755 2402 4793 non
2441 4755 2564 4796 esse
2596 4744 2841 4798 Damasci
2874 4761 3011 4816 quas
3043 4747 3534 4822 ipsis'elargiretur
3563 4742 3840 4824 pecunias.

2293 4830 2711 4900 dissiparentur.
2736 4848 2799 4888 ac
2825 4834 3121 4894 Damascus
3145 4839 3474 4897 Mosleminis
3495 4846 3841 4911 traderetur.)

2291 4916 2391 4970 (Ini
2422 4916 2636 4984 Maban,
2663 4918 2840 4977 Trade
2887 4926 3045 4980 nobis
3073 4927 3295 5001 (inquit)
3316 4946 3436 4999 qua:
3453 4948 3619 5005 penes
3645 4946 3696 4991 te
3719 4949 3842 4993 sunt

2293 5011 2590 5074 pecunias.
2647 5028 2745 5066 nos
2790 5024 2966 5068 autem
3010 5019 3077 5071 ad
3125 5002 3511 5089 imperatorem
3535 5002 3842 5087 scribentes

2291 5102 2579 5154 certiorem
2623 5119 2744 5155 eum
2791 5103 3051 5168 faciemus
3090 5122 3197 5164 non
3242 5127 3362 5178 esse
3403 5113 3650 5173 Damasci
3690 5136 3838 5175 nam-

2294 5190 2442 5248 mos’,
2478 5196 2534 5240 ut
2565 5189 2612 5243 si
2645 5190 2744 5256 ipsi
2779 5191 3143 5268 2732275
3182 5201 3313 5256 viris
3343 5219 3483 5274 opus
3522 5205 3708 5275 fuerit,
3743 5216 3838 5265 al»

2291 5294 2470 5356 quant
2516 5281 2774 5356 pecunias
2840 5286 3153 5354 acquirendi
3219 5294 3482 5350 rationem
3550 5304 3837 5373 excogita,

2289 5385 2491 5439 easque
2539 5372 2604 5425 ad
2631 5374 2775 5428 illos
2814 5391 3146 5450 quocunque
3181 5387 3400 5442 tandem
3442 5372 3834 5467 ptodp'mittat.

2289 5461 2422 5515 Cum
2459 5473 2637 5517 autem
2681 5467 2979 5544 audivisset
3021 5471 3254 5543 Maban,
3300 5479 3508 5536 Arabes
3555 5461 3835 5540 iiberiade

2289 5567 2542 5622 egressos
2577 5552 2906 5612 Damascum'
2942 5564 3197 5631 tendere.
3234 5570 3473 5628 collectis
3511 5575 3688 5645 copiis
3721 5583 3832 5630 suis

2289 5645 2556 5699 Damasco
2593 5647 2874 5717 proiectus
2917 5654 3065 5710 bidui
3119 5658 3222 5714 iter
3265 5673 3519 5720 emensus
3557 5671 3674 5726 est.
3712 5665 3831 5721 dein
