4142 6454
385 309 404 370 f
419 311 518 375 097

376 509 563 566 Wadil'
595 514 802 569 Ramad
844 516 1043 573 dictum
1066 557 1084 586 ,
1127 510 1245 576 loc’o
1291 522 1377 575 cui
1408 537 1607 579 nomen
1641 525 1918 597 Aljaulan;

368 615 429 655 ac
463 603 621 672 vulgo
653 602 934 675 Yakusah,
989 610 1201 680 fuitque
1259 614 1455 667 vadum
1492 616 1631 672 inter
1660 618 1837 690 ipsum
1866 616 1941 675 et]

366 691 568 748 Arabes
602 693 774 750 instar
805 697 983 754 fossae.
1022 699 1099 754 lbi
1133 701 1300 771 igitur
1328 703 1522 761 diebus
1550 708 1755 778 aliqbot
1785 710 1917 766 sub-

366 779 638 849 stiterunt,
662 783 934 841 Arabibus
957 786 1087 855 ipsis
1113 803 1178 843 ex
1208 789 1434 849 adverso
1465 795 1678 864 positis.
1707 799 1774 853 At
1800 789 1922 869 pos‘

364 864 480 920 dies
511 868 718 937 aliquot
749 869 1038 929 Mansurus
1080 875 1399 944 praafectus,
1435 879 1699 940 Damasco
1737 864 1921 959 egres-

363 971 483 1019 sus.
514 959 726 1015 Mahani
752 964 1048 1019 exercitum
1080 969 1254 1037 petiit,
1290 974 1547 1041 pecunias
1577 990 1762 1031 secum
1790 977 1919 1032 al'fc-

362 1062 488 1104 rens
517 1065 653 1119 quas
694 1052 763 1106 ibi
807 1053 1130 1125 collegerat,
1176 1068 1232 1113 ut
1252 1062 1516 1119 militibus
1554 1065 1770 1122 easdem
1799 1068 1917 1124 dis-

360 1138 639 1194 tribueret.
720 1138 889 1196 Noctu
940 1153 1119 1201 autem
1188 1150 1256 1205 ad
1296 1155 1592 1208 exercitum
1651 1159 1916 1224 pervenit,

363 1228 549 1283 multis
580 1229 755 1299 ipsum
784 1248 814 1288 e
852 1232 1101 1293 Damasci
1150 1239 1342 1297 incolis
1380 1244 1772 1303 comitantibus
1819 1252 1912 1319 qui

363 1317 612 1375 lucernas
642 1334 938 1393 gestarent,
990 1342 1226 1397 cumque
1274 1332 1341 1385 ad
1371 1335 1666 1390 exercitum
1694 1317 1916 1410 propius

360 1411 745 1475 accessissent,
777 1425 1025 1485 tympana
1060 1419 1375 1487 pulsarent,
1408 1431 1464 1476 et
1493 1423 1739 1501 buccinis
1769 1428 1915 1485 clan-

356 1509 563 1575 gerent,
608 1516 671 1555 ac
698 1502 987 1559 clamorem
1032 1506 1272 1563 ederent.
1315 1510 1471 1575 Quod
1514 1514 1673 1568 etiam
1702 1530 1731 1570 a
1762 1517 1914 1575 Man-

355 1572 486 1643 suro
511 1592 647 1646 mala
672 1593 861 1650 fraude
886 1595 1109 1652 factum.
1145 1599 1376 1657 Romani
1407 1615 1588 1659 autem
1615 1606 1748 1664 visis
1771 1625 1914 1679 pone

349 1690 412 1731 se
462 1680 724 1746 lucernis,
790 1684 1081 1756 auditoque
1139 1697 1515 1758 tympanorum
1558 1704 1612 1749 et
1657 1698 1907 1754 tubarum

350 1769 602 1838 strepitu,
627 1773 885 1843 suspicati
910 1776 1118 1832 Arabes
1143 1792 1172 1831 a
1197 1786 1346 1851 tergo
1378 1779 1525 1851 ipsos
1547 1799 1901 1858 aggressuros

349 1871 414 1911 ac
462 1861 933 1931 circumdaturos,
981 1864 1037 1919 in
1090 1866 1270 1935 fugam
1318 1876 1566 1927 conversi
1611 1891 1803 1935 omnes
1846 1880 1899 1935 in

349 1955 645 2021 torrentem
674 1951 863 2019 istum,
889 1954 1096 2010 scilicet
1118 1955 1294 2013 Wadil
1320 1958 1547 2027 Remad,
1570 1967 1661 2034 qui
1687 1976 1900 2026 torrens

342 2044 427 2093 est
478 2039 634 2094 valde
668 2055 929 2111 magnus,
968 2045 1304 2116 incidentes,
1340 2051 1661 2121 perierunt;
1712 2061 1897 2126 paucis

340 2125 633 2182 admodum
682 2144 747 2184 ex
788 2132 921 2201 ipsis
960 2137 1333 2204 evadentibus,
1380 2156 1608 2210 quorum
1643 2125 1810 2216 aliqui
1840 2148 1893 2203 in

340 2213 458 2270 loca
501 2217 709 2273 diversa
740 2218 865 2291 fuga
897 2238 954 2278 se
986 2225 1407 2296 proripuerunt;
1441 2231 1533 2286 alii
1572 2213 1893 2293 Damascum

336 2307 546 2361 reversi
590 2318 756 2372 sunt;
784 2310 874 2365 alii
906 2310 1299 2387 Hierosolyma,
1328 2321 1417 2375 alii
1453 2319 1752 2379 Caesaream
1786 2325 1892 2381 Pa-

338 2395 563 2450 laestina:
586 2397 750 2469 276
776 2399 1050 2472 fugerunt.
1078 2404 1178 2471 Qui
1201 2416 1378 2465 autem
1405 2410 1724 2469 Damascum
1747 2419 1890 2473 abie-

337 2496 466 2543 runt
498 2501 528 2544 e
572 2488 855 2556 Romanis,
898 2494 1147 2552 timentes
1188 2513 1255 2554 ne
1294 2513 1324 2553 a
1364 2499 1703 2562 Mosleminis
1741 2508 1890 2564 obsi-

334 2578 499 2635 dione
565 2580 934 2652 cingerentur,
998 2586 1138 2643 cibis
1199 2597 1361 2659 atque
1411 2596 1686 2662 opsoniis,
1735 2605 1790 2652 et
1835 2598 1885 2652 id

238 2664 244 2670 ’
333 2682 507 2739 genus
547 2672 667 2728 aliis
706 2687 1041 2746 quaecunque
1079 2686 1373 2749 potuerunt
1430 2681 1575 2739 intro
1628 2691 1881 2760 receptis,

330 2762 395 2815 ad
432 2768 623 2830 portas
668 2763 909 2822 ballistas
936 2775 990 2821 et
1018 2769 1300 2833 machinas
1330 2781 1659 2845 statuerunt,
1686 2780 1883 2850 quibus

330 2852 534 2907 milites
570 2854 929 2922 praefecerunt
956 2873 973 2922 ;
1000 2857 1126 2913 dein
1160 2862 1224 2915 ad
1256 2862 1562 2920 Heraclium
1594 2868 1883 2940 imperato-

330 2956 441 2996 rem
480 2944 778 2999 scribentes
812 2960 969 3015 opem
1006 2949 1074 3004 ab
1110 2949 1228 3020 ipso
1262 2954 1555 3022 petierunt,
1596 2958 1881 3032 ipsumque

324 3036 615 3101 certiorem
645 3034 892 3090 fecerunt
923 3039 1050 3107 quid
1084 3038 1215 3109 ipsis
1248 3043 1449 3099 lecerat
1474 3047 1783 3119 Mansurus,
1814 3069 1877 3109 ac

325 3116 691 3194 quibus‘erga
740 3127 888 3195 ipsos
934 3128 1151 3183 insidiis
1192 3146 1323 3188 usus
1375 3136 1610 3193 virorum
1646 3152 1876 3213 stragem

323 3212 609 3267 edidisset.
651 3213 845 3269 Maban
881 3232 1008 3272 vero
1053 3218 1119 3274 ad
1156 3215 1462 3281 Heracliam
1496 3228 1876 3297 imperatorem

326 3304 507 3358 redire
539 3306 744 3361 veritus
766 3347 781 3373 ,
827 3323 896 3364 ne
927 3310 995 3365 ab
1042 3311 1160 3382 ipso
1194 3318 1629 3384 interficeretur,
1661 3321 1787 3393 fuga
1818 3340 1877 3381 se

322 3392 374 3444 in
407 3400 647 3447 montem
678 3393 810 3449 Sina
844 3398 1135 3468 recipiens,
1171 3403 1339 3457 vitam
1371 3392 1874 3466 monasticamiam-

323 3480 514 3549 plcxus
563 3492 672 3548 est,
718 3484 891 3539 a'scito
924 3487 1024 3540 sibi
1058 3489 1278 3545 nomine
1315 3494 1630 3552 Anastasio.
1670 3496 1874 3567 Estque

320 3570 434 3639 ipse
483 3579 676 3627 auctor
725 3575 993 3631 sermonis
1042 3593 1149 3647 quo
1195 3579 1468 3638 Psalmum
1521 3599 1552 3639 e
1600 3583 1871 3643 Davidicis

320 3670 534 3715 sextum
594 3663 977 3733 interpretatus
1024 3679 1126 3724 εει.
1176 3667 1278 3726 Ubi
1328 3682 1505 3727 autem
1550 3664 1868 3731 Damascum

320 3752 695 3818 pervenissent
732 3753 1059 3821 Moslemini,
1092 3771 1270 3814 castra
1311 3763 1493 3831 posuit
1521 3762 1723 3819 Chaled
1759 3766 1867 3820 Eb-

317 3840 423 3895 nol‘
478 3839 685 3907 Walid,
723 3844 788 3897 ad
834 3856 1041 3914 portam
1090 3846 1454 3916 Orientaletn,
1500 3853 1617 3907 Abu
1664 3851 1866 3909 Ob’aida

312 3931 482 3986 Ebnol
507 3931 715 3999 Jarahi,
748 3938 812 3988 ad
846 3948 1050 4005 portam
1084 3937 1285 4006 Jabiae;
1313 3944 1509 3997 Amrus
1542 3944 1713 3998 Ebnol
1744 3945 1861 4011 Asi,

314 4025 376 4075 ad
427 4034 635 4091 portam
679 4024 928 4091 Thontm;
971 4026 1135 4085 Yazid
1186 4030 1297 4086 Ebn
1350 4034 1449 4086 Abi
1498 4026 1739 4105 Sofyan,
1795 4036 1861 4090 ad

312 4123 523 4183 portam
555 4129 796 4183 parvam,
840 4132 1015 4187 usque
1064 4120 1130 4173 ad
1172 4131 1389 4190 portam
1431 4122 1615 4179 Cisan.
1662 4124 1859 4181 Urbem

309 4218 438 4271 ergo
468 4202 749 4258 obsidione
786 4205 1073 4260 cinxerunt
1105 4222 1197 4263 sex
1235 4211 1533 4275 mensibus,
1572 4216 1732 4268 unico
1762 4229 1859 4270 ex-

309 4302 465 4363 cepto
505 4294 591 4347 die
612 4334 626 4359 ,
674 4296 1063 4365 prodeuntibus
1095 4301 1333 4367 quotidie
1372 4300 1575 4358 Graecis
1604 4320 1633 4358 e
1664 4306 1855 4374 portis,

1786 329 2147 399 ANNAIES.

374 430 781 479 t-astrametatus
828 436 910 481 est
962 430 1027 483 ad
1086 432 1277 485 vadum
1330 433 1599 501 quoddam
1659 451 1912 508 magnum
1947 444 1990 501 Α
2024 446 2235 505 ritatcm

2277 454 2598 523 praestiisse
2634 466 2777 534 quod
2814 469 2878 523 ad
2927 474 3058 530 vitas
3089 490 3318 548 vestras,
3366 488 3581 545 domus.

2029 552 2154 607 que,
2184 556 2248 599 ac
2273 559 2422 631 opes,
2453 559 2507 606 et
2537 556 2797 614 ecclesias
2828 575 3055 633 vestras,
3084 584 3147 623 ne
3168 573 3472 642 dit'uantttt‘,
3500 587 3580 636 vet

2030 629 2416 707 inhabitentur,
2450 644 2542 699 sed
2569 650 2794 715 pacilice
2819 653 2970 709 vobis
2992 663 3377 719 concedantur.
3402 668 3575 733 Quam

2028 732 2151 774 cum
2208 724 2460 786 Mansuro
2518 737 2758 796 chartam
2812 746 3122 803 tradidisset
3175 754 3287 820 ipse
3338 759 3576 811 Cltalctln

2025 823 2240 878 portam
2291 821 2606 902 orientalem
2659 833 2985 901 adaperuit,
3056 840 3149 907 qui
3205 858 3333 913 ergo
3378 836 3569 903 urbem

2025 899 2309 970 ingressus
2340 914 2516 968 socios
2548 933 2677 976 suos
2724 922 3056 996 inclamans,
3102 930 3325 991 Gladios
3355 938 3576 1008 (inquit)

2027 998 2236 1052 vestros
2285 1001 2583 1060 recondito.
2665 1007 2899 1079 lngressi
2950 1027 3129 1073 autem
3184 998 3403 1079 Chaledi
3453 998 3571 1080 iihn

2024 1079 2243 1150 Waledi.
2273 1088 2474 1148 milites
2516 1096 2722 1166 urbem,
2765 1101 3229 1176 Deum;0ptimum
3274 1119 3569 1171 maximum

2022 1172 2178 1245 [voce
2205 1181 2338 1255 alta]
2368 1184 2735 1249 celebrarunt.
2760 1172 2963 1256 Milites,
2988 1172 3152 1273 igitur
3186 1208 3354 1264 Graeci
3382 1214 3470 1281 qui
3498 1216 3568 1267 ad

2020 1276 2203 1335 portas
2235 1279 2515 1334 constituti
2549 1281 2783 1352 fuerant,
2815 1303 2961 1357 cum,
2996 1296 3178 1349 audita
3205 1276 3569 1357 celebratione

2018 1357 2155 1422 ista,
2199 1378 2419 1423 nossent
2472 1371 2783 1433 Mansuram
2828 1392 3010 1448 aperta
3063 1397 3218 1454 porta
3262 1390 3467 1446 Arabes
3514 1393 3567 1447 in

2018 1451 2202 1508 urbem
2252 1458 2636 1531 intromisisse,
2683 1469 2915 1527 desertis
2955 1451 3128 1542 portis
3168 1478 3440 1547 ingerunt.
3480 1482 3567 1536 ln-

2014 1555 2233 1610 gressus
2266 1560 2347 1603 est
2381 1566 2513 1622 ergo
2540 1556 2657 1611 Abu
2689 1557 2931 1617 Obaidab
2960 1564 3132 1621 Ebnol
3164 1569 3342 1624 larahi
3376 1572 3564 1628 urbem

2014 1632 2192 1723 gladio
2236 1639 2427 1697 stricto
2470 1644 2536 1698 ad
2591 1660 2801 1715 portam
2850 1653 3044 1723 labiae;
3104 1659 3243 1716 iazid
3295 1663 3407 1718 Ebn
3458 1665 3589 1720 Abi.

1938 1766 1982 1821 Β
2012 1722 2235 1794 Sofyan,
2275 1732 2455 1800 gladio
2492 1738 2655 1794 etiam
2698 1745 2909 1812 stricto,
2952 1722 3106 1816 porta
3154 1768 3355 1823 parva;
3399 1755 3561 1811 Omar

2009 1813 2182 1872 Ebnol
2224 1821 2350 1889 Asi,
2387 1826 2567 1895 gladio
2598 1833 2823 1898 stricto,
2868 1813 3021 1907 porta
3064 1813 3285 1899 Thomas
3310 1813 3457 1901 :yubi
3491 1848 3561 1901 ad

2009 1914 2220 1979 tempus
2286 1917 2399 1970 acri
2445 1934 2619 1991 pugna
2667 1923 2980 1992 dimicavit,
3027 1946 3166 1987 cassa
3215 1950 3279 1988 ex
3331 1947 3560 2006 utroque

2005 2001 2245 2057 exercitu
2276 2004 2343 2059 ad
2375 2016 2585 2076 portam
2619 2013 2839 2071 Thomas
2867 2035 3054 2090 magna
3089 2025 3365 2082 hominum
3393 2001 3559 2101 260

2004 2090 2374 2160 multitudine,
2411 2113 2512 2153 nec
2542 2101 2821 2160 desierunt
2861 2108 3297 2172 Mohammedani

2001 2190 2056 2234 et
2104 2187 2344 2251 captivos
2409 2188 2605 2246 facere.
2674 2192 3045 2255 Occurrerunt
3111 2216 3288 2261 autem
3350 2187 3555 2268 Chaled

2001 2270 2194 2329 Ebnol’
2232 2275 2433 2346 Walid,
2468 2281 2586 2337 Abu
2622 2285 2860 2342 Obaidab
2882 2328 2898 2354 ,
2942 2291 3110 2349 Ebnol
3140 2295 3349 2368 Jarahl,
3391 2301 3553 2361 Yazid

2000 2364 2111 2421 Ebn
2142 2367 2245 2423 Abi
2282 2368 2505 2442 Sofyan,
2535 2383 2587 2428 et
2616 2375 2815 2434 Amrus
2846 2380 3033 2439 Ebnol’
3064 2388 3179 2451 Asi,
3214 2364 3360 2461 [loco
3381 2394 3548 2470 dicto]

1998 2456 2063 2511 Al
2106 2456 2384 2529 Ziyanain.
2441 2463 2673 2534 Fuitque
2725 2469 2778 2523 in
2835 2487 2997 2527 manu
3051 2456 3287 2552 Mansuri
3337 2456 3551 2542 libellus

1995 2562 2292 2618 expansus.
2323 2550 2574 2611 Narravit
2604 2571 2733 2627 ergo
2766 2561 2875 2617 illis
2908 2550 3109 2622 Cbaled
3146 2569 3318 2627 Ebnol
3343 2572 3546 2644 Walid,

2005 2652 2165 2705 quam
2209 2639 2607 2717 [Damascenis]
2641 2652 2990 2710 securitatem
3031 2665 3415 2721 concessisset.
3458 2668 3547 2725 Di-

1980 2740 2256 2803 cauteque
2292 2732 2497 2792 Yazido
2523 2737 2636 2795 Ebn
2675 2741 2775 2797 Abi
2806 2744 3008 2817 Sofyan
3042 2769 3055 2804 :
3089 2752 3203 2809 Hoc
3232 2760 3544 2818 securitatis

1989 2820 2254 2894 [pactum]
2291 2833 2467 2880 ratum
2512 2844 2619 2884 non
2665 2831 2959 2903 habemus;
2996 2844 3388 2909 responderunt
3418 2852 3537 2907 Abu

1987 2912 2229 2969 Obaidab
2277 2928 2331 2973 et
2370 2920 2535 2975 Omar
2576 2922 2763 2980 Ebnol‘
2802 2928 2940 2983 Asi:
2982 2930 3092 2987 Nos
3136 2936 3313 3003 ipsum
3361 2952 3539 2998 ratum

1992 3002 2291 3069 habemus,
2331 3010 2633 3066 comitibus
2678 3015 2795 3070 suis
2845 3002 3214 3079 exclamantes
3255 3045 3267 3081 :
3320 3030 3540 3088 Gladios

1905 3093 1948 3151 (ζ
1984 3090 2298 3160 recondite;
2330 3094 2582 3153 Yazadus
2612 3115 2741 3158 vero
2778 3107 2940 3162 sociis
2973 3110 3089 3165 suis
3117 3128 3131 3165 :
3167 3113 3242 3169 Ne
3273 3121 3539 3175 reconda-

1983 3179 2074 3237 tis.
2116 3183 2258 3239 Dixit
2289 3186 2490 3244 Amrus
2524 3189 2694 3247 Ebnol
2740 3195 2880 3251 Asi:
2921 3198 3337 3264 Consentiamus
3377 3211 3536 3267 dedi-

1945 3272 2130 3328 tione
2177 3285 2391 3346 captam
2442 3295 2564 3336 esse
2626 3284 2847 3351 urbem;
2902 3291 3045 3357 quod
3097 3309 3219 3349 cutn
3278 3302 3533 3356 omnibus

1979 3363 2249 3433 placeret,
2310 3371 2448 3427 dixit
2504 3373 2613 3428 illis
2671 3374 2933 3433 Mansur:
2992 3380 3108 3437 Hoc
3163 3388 3295 3442 inihi
3346 3394 3528 3449 statim

1980 3464 2234 3514 testatum
2283 3460 2489 3517 facite:
2532 3464 2825 3537 libelioque
2873 3484 3004 3538 ergo
3042 3474 3360 3547 inscriptum
3403 3492 3526 3540 est:

1974 3550 2180 3607 Testati
2226 3561 2388 3616 sunt,
2437 3556 2555 3610 Abu
2595 3556 2836 3613 Obaidab
2882 3560 3051 3618 Ebnol
3102 3568 3306 3636 larahi,
3362 3572 3529 3631 Yazid

1977 3641 2089 3697 Ebn
2118 3643 2221 3698 Abi
2247 3643 2475 3715 Sofyan,
2505 3648 2705 3703 Amrus
2734 3648 2906 3707 Ebnol
2932 3655 3045 3719 Asi,
3075 3666 3129 3712 et
3153 3657 3384 3727 Sariabil
3409 3665 3526 3722 Ebu

1972 3730 2191 3801 Hajanaa
2238 3752 2252 3790 :
2311 3737 2629 3807 accepitque
2694 3739 2915 3798 Mansur
2974 3746 3236 3805 libellum.
3294 3753 3522 3812 Militum

1970 3832 2147 3878 autem
2174 3823 2479 3882 Grmcorum
2503 3840 2770 3901 quotquot
2790 3847 3099 3902 evaserunt,
3123 3842 3188 3894 ad
3211 3841 3519 3905 lleraclinm

1968 3915 2379 3986 imperatorem,
2427 3922 2770 3981 Antiochiam
2820 3942 3186 3989 accesserunt.
3233 3936 3516 3998 Heraclius

1967 4014 2142 4059 autem
2186 4008 2480 4075 imperator
2522 4013 2706 4069 audito
2744 4027 2955 4085 captam
3002 4035 3122 4077 esse
3147 4024 3511 4086 Damascum:

1966 4090 2096 4150 Vale
2122 4094 2392 4168 (inquit)o
2426 4098 2602 4169 Syria,
2628 4102 2680 4156 id
2711 4114 2812 4171 est,
2855 4087 3003 4173 vale,
3038 4109 3297 4169 Damasce
3326 4116 3512 4187 Syriae,

1963 4182 2486 4255 Constantinopolim
2527 4205 2693 4259 usque
2727 4194 3000 4261 profectus
3039 4209 3142 4263 est,
3178 4204 3336 4275 idque
3366 4182 3513 4265 anno

1963 4274 2251 4332 chalifatus
2282 4274 2464 4332 Otnari
2500 4278 2652 4335 Ebnil
2703 4284 2929 4341 Chetabi
2965 4292 3158 4358 tertio;
3199 4293 3509 4355 Mansuram

310 4396 597 4451 pugnaque
640 4398 735 4438 eos
781 4365 1192 4442 ‘acessenubils.
1243 4390 1357 4455 Qua
1399 4391 1464 4446 de
1510 4408 1568 4447 re
1607 4365 1728 4448 θέω
1760 4365 1856 4464 pel}
1883 4377 2140 4466 Dautem
2184 4365 2435 4466 Damasci
2478 4371 2788 4466 praefectum
2829 4378 2899 4432 ob
2943 4382 3081 4435 mala
3127 4384 3299 4453 ipsius
3346 4392 3509 4460 facta,

309 4472 515 4526 litteras
558 4473 816 4529 Omarum
864 4476 1035 4530 Ebnol
1078 4476 1307 4535 Chetabi
1360 4483 1643 4537 certiorem
1694 4484 1857 4541 fecis-

306 4571 453 4627 sent,
488 4563 575 4617 ille
620 4564 899 4634 rescriptis
930 4566 1123 4622 litteris
1142 4568 1443 4625 ‘Chaledum
1481 4571 1648 4627 Ebnal
1680 4574 1855 4630 Walid

308 4654 537 4721 imperio
568 4652 861 4722 abdicavit,
910 4658 1073 4713 rebus
1126 4660 1241 4714 Abu
1292 4660 1550 4717 Obaidam
1583 4664 1697 4719 Ebn
1730 4666 1852 4723 Jar-

308 4746 421 4795 rahi
457 4744 781 4811 pracﬁciens.

372 4834 507 4887 Cum
572 4851 699 4889 vero
761 4838 1042 4894 obsidione
1098 4851 1443 4898 arctarentur
1506 4846 1847 4914 Damasceni,

303 4926 575 4991 prolectus
616 4926 836 4980 Mansur
879 4926 1123 4985 Damasci
1155 4934 1521 5004 277—279
1564 4939 1845 5006 praefectus

304 5016 365 5067 ad
400 5025 604 5081 portam
643 5015 980 5082 orientalem,
1010 5020 1301 5077 Chaledum
1334 5022 1448 5078 Ebn
1480 5024 1653 5080 Walid
1682 5044 1843 5098 roga-

302 5103 401 5167 vit,
442 5093 497 5155 ut
522 5103 620 5156 sibi
665 5104 906 5173 suisque,
954 5114 1007 5159 et
1049 5108 1138 5175 qui
1182 5124 1301 5163 cum
1358 5113 1474 5181 ipso
1498 5126 1701 5179 essent,
1748 5132 1847 5171 nec

302 5210 410 5248 non
446 5194 689 5249 Damasci
733 5196 947 5259 incolis,
982 5201 1219 5267 exceptis
1258 5200 1538 5270 Romanis,
1575 5208 1841 5259 securita-

303 5292 407 5336 tem
444 5286 778 5343 concederct,
810 5287 898 5354 qui
936 5287 1036 5355 ipsi
1088 5287 1329 5345 Damasci
1357 5303 1538 5360 portas
1587 5297 1838 5364 aperiret.

301 5374 396 5427 Cui
450 5374 503 5426 in
552 5389 614 5427 co
636 5376 777 5442 quod
832 5378 986 5443 petiit
1040 5393 1287 5433 annuens
1337 5380 1540 5435 Cbaled
1570 5424 1583 5449 ,
1633 5386 1839 5441 litteras

302 5464 612 5517 securitatis
648 5464 745 5531 ipsi
781 5466 1114 5534 perscripsit,
1149 5483 1379 5535 quarum
1413 5472 1515 5524 hoc
1548 5483 1630 5527 est
1660 5490 1839 5527 exent-

303 5554 416 5619 plar
441 5571 451 5605 :
478 5552 709 5606 Libellus
734 5554 832 5606 iste
857 5552 1059 5624 [datus]
1084 5566 1164 5609 est
1190 5572 1218 5609 a
1243 5556 1476 5613 Chaledo
1502 5560 1612 5615 Ebn
1636 5563 1835 5625 Walid,

1960 4459 2216 4529 quodque
2250 4461 2451 4519 Graecis
2489 4464 2543 4517 in
2578 4480 2743 4520 causa
2778 4467 2876 4521 fuit
2920 4479 2980 4523 ut
3021 4475 3416 4547 occiderentur,
3460 4459 3514 4540 et

1958 4551 2309 4622 ρει-283
2371 4553 2835 4611 Mobammedanis
2896 4570 3082 4615 contra
3151 4566 3296 4633 ipsos
3350 4584 3505 4639 opem

1959 4646 2194 4708 tulisset,
2213 4645 2557 4699 anathemate
2582 4653 2963 4714 percusserunt
2984 4669 3171 4710 omnes
3189 4659 3505 4724 patriarchm

1954 4748 2007 4791 et
2046 4738 2284 4806 episcopi
2327 4751 2422 4804 per
2469 4738 2783 4794 universum
2825 4751 3089 4796 terrarum
3133 4748 3338 4801 orbem.
3376 4749 3501 4804 Post

1954 4828 2071 4881 dies
2128 4836 2304 4880 autem
2358 4837 2561 4896 septem
2622 4834 2868 4897 pervenit
2916 4836 2979 4885 ad
3031 4832 3285 4889 Omarunt
3344 4841 3495 4894 Ebnil

1953 4917 2179 4969 Chetabi
2213 4917 2469 4983 nuntius,
2514 4920 2798 4974 certiorem
2843 4922 3015 4989 ipsum
3054 4923 3254 4980 iaciens
3287 4939 3494 4994 captam

1950 5022 2070 5061 esse
2100 5008 2447 5062 Damascum.
2472 5007 2699 5079 Scripsit
2727 5027 2854 5079 ergo
2888 5014 3049 5066 Omar
3078 5014 3244 5068 Ehnnl
3274 5018 3493 5073 Chetabi

1949 5101 2013 5153 ad
2046 5101 2268 5153 Atnrum
2309 5100 2478 5154 Ebnol
2508 5103 2618 5163 Asi,
2654 5112 2710 5155 ut
2745 5107 3039 5157 exercitum
3072 5122 3226 5160 suum
3255 5110 3491 5165 Palaesti-

1950 5207 2072 5245 natn
2124 5192 2447 5255 abduceret;
2478 5192 2804 5261 scripsitque
2848 5193 3097 5248 Yazidum
3126 5196 3235 5249 Ehn
3266 5202 3363 5254 Abi
3390 5202 3487 5257 So-

1948 5282 2071 5351 fyan
2114 5266 2375 5334 Damasco
2400 5282 2633 5347 pt‘aliici;
2674 5283 2989 5349 Scrjabilum
3034 5288 3202 5341 filium
3241 5292 3482 5355 Hasanzc,

1945 5372 2232 5427 Oroddano
2275 5373 2501 5442 [regioni
2542 5373 2851 5443 Jordanis];
2888 5377 3008 5428 Abtt
3076 5376 3293 5435 Obaidze
3318 5382 3477 5435 Ebnol

1946 5466 2141 5528 Iarahi,
2177 5465 2395 5520 Hamso.

2015 5556 2291 5610 Profectus
2314 5564 2393 5609 cst
2417 5571 2542 5622 ergo
2560 5556 2755 5609 Amrus
2781 5556 2943 5611 Ebnol
2972 5559 3082 5622 Δεῖ,
3110 5561 3477 5626 Palaestinam;

306 5643 452 5699 urbis
479 5642 725 5695 Damasci
758 5642 981 5707 incolis;
1019 5644 1236 5714 [Notum
1270 5647 1361 5719 sit]
1394 5665 1476 5705 nte
1508 5652 1656 5709 vobis
1688 5668 1838 5710 sccu-
1942 5648 2191 5718 Sarjubil.
2243 5646 2587 5701 Uroddanum
2620 5663 2633 5711 ;
2664 5646 2785 5701 Abu
2821 5648 3246 5753 Οωῑίίαῖηεξὺιιυί
3284 5651 3478 5714 lumbi.

511 5731 550 5753 ῃ
570 5751 576 5753 Α
596 5747 665 5753 __
686 5746 709 5753 Α
725 5748 739 5753 ,
822 5730 859 5753 rt
875 5750 901 5753 _
974 5734 1097 5753 Πνῐ

510 5731 778 5796 Pnaoc,
821 5730 934 5790 Gtt.
972 5734 1118 5795 CXI.

3052 5740 3122 5798 35
