4082 6468
302 198 426 263 llDi

1709 192 2065 254 ANNALES.

3358 196 3482 258 1102

298 312 504 364 functus
534 316 696 362 esset.
750 307 872 361 Post
913 316 1140 362 mortem
1191 312 1368 359 autem
1410 304 1578 373 ipsius
1623 319 1686 357 cx
1737 319 1842 372 quo
1871 309 1913 365 Λ
1945 315 2050 369 set,
2085 305 2156 358 ita
2200 305 2287 359 ille
2323 305 2421 374 ipsi
2465 306 2726 375 scripsit:
2770 308 2936 362 Servo
2978 309 3101 370 Dei,
3150 309 3344 361 Unam
3376 314 3427 365 is“.
3455 333 3486 366 ιι

301 399 527 453 decessit
555 407 868 452 manserunt
890 396 1259 466 Hierosolyma
1287 395 1490 462 absque
1539 394 1840 462 patriarcha

295 505 462 542 annos
513 489 694 558 viginti
747 503 960 542 novem.
1013 486 1179 540 Jussit
1236 495 1411 538 autem
1463 483 1624 539 Omar
1675 479 1844 538 Ebnol

295 582 386 634 Asi
414 581 616 648 paratis
640 580 808 648 copiis
833 579 1121 648 ngyptum
1151 576 1450 646 proﬁcisci;
1487 576 1843 646 praecepitque

297 673 343 725 ei
374 684 428 723 ut
459 672 502 723 xi
533 688 652 724 cum
692 672 756 724 ad
797 672 970 740 ipsum
1001 667 1346 737 pervenirent
1372 667 1562 721 littera:
1595 667 1762 735 ipsius
1793 666 1844 719 in

297 763 496 816 ditione
524 762 691 832 Syriae
720 771 884 824 esset,
919 759 1234 814 subsisteret
1267 774 1363 814 nec
1407 758 1629 812 ulterius
1657 769 1844 823 perge-

299 865 406 918 ret;
440 855 519 906 sin
577 854 642 906 ad
674 853 845 920 ipsum
897 851 1261 919 perferrentur
1300 860 1586 920 postquam
1627 847 1843 918 Egypti

299 946 429 997 lines
458 945 734 1012 ingressus
767 951 929 1006 esset,
963 942 1391 1012 progrederetur.
1425 941 1561 994 Tum
1592 952 1845 993 reversus

298 1044 380 1088 est
409 1037 571 1085 Omar
599 1031 765 1086 Ebnol
793 1033 1010 1088 Chetabi
1044 1034 1112 1087 ab
1146 1031 1530 1100 Hierosolymis
1559 1029 1845 1083 Medinam.

299 1124 412 1176 Abu
447 1124 604 1192 292
647 1123 884 1178 Obaidah
916 1134 1092 1177 autem
1128 1122 1291 1176 Ebnol
1332 1121 1506 1175 larahi
1547 1120 1844 1180 liamsum;

298 1213 420 1266 dein
451 1213 645 1265 llamso
673 1213 1026 1267 Keuasrinum
1063 1211 1337 1282 profectus
1371 1221 1476 1264 est.
1512 1209 1847 1280 Scripsitque

300 1301 364 1354 ad
400 1302 566 1369 ipsum
601 1301 884 1355 licnasrini
929 1301 1206 1369 patricius,
1256 1301 1358 1354 sibi
1404 1299 1564 1354 unius
1599 1297 1720 1352 anni
1767 1298 1849 1350 in-

300 1395 486 1447 ducias
520 1404 726 1461 petens,
775 1407 878 1460 quo
907 1391 972 1444 ad
1010 1390 1316 1446 lieraclium
1346 1391 1726 1461 imperatorem
1757 1403 1847 1442 ac-

300 1483 548 1538 cederent
581 1485 841 1546 homines,
867 1493 1028 1552 utque
1058 1483 1149 1552 qui
1181 1482 1252 1536 ibi
1288 1491 1565 1536 manerent
1595 1481 1647 1535 in
1678 1480 1850 1535 foedus

299 1587 349 1628 et
397 1586 604 1644 paetum
654 1578 1043 1645 reciperentur.
1078 1575 1175 1630 Cui
1225 1588 1348 1627 eum
1401 1573 1682 1626 annuisset
1729 1573 1846 1626 Abu

1946 394 2191 454 Cbetabi,
2227 395 2461 450 ﬁdelium
2507 394 2861 461 imperatori;
2903 398 3044 466 quod
3091 412 3229 466 aegre
3267 397 3488 470 [primo]

1947 488 2067 540 tulit.
2113 485 2276 541 Omar
2325 487 2497 542 Ebnol
2551 487 2795 552 Cbetabi,
2855 505 3026 557 neque
3071 491 3306 558 agnovit.
3359 493 3490 545 Dein

1946 580 2082 632 dixit
2114 595 2127 630 :
2165 577 2275 647 Ego
2305 592 2425 632 sum
2460 593 2649 633 servus
2684 579 2800 642 Dei,
2832 593 2929 648 ego
2962 577 3122 633 Omar
3158 581 3322 634 Ebnol
3357 583 3490 636 (Ihe-

1950 669 2080 731 tabi,
2108 684 2205 737 ego
2238 669 2465 722 ﬁdelium
2498 672 2830 738 imperator;
2855 685 3035 724 verum
3064 673 3195 725 dixit
3225 675 3286 727 Al
3323 675 3488 742 Mogi-

1948 759 2043 811 rah
2079 759 2190 813 Ebn
2237 757 2479 814 Shaabaz.
2519 761 2830 830 Appel'latus
2850 773 2931 818 est
2961 763 3122 833 296
3163 780 3287 832 ergo
3330 765 3494 819 Omar

1951 850 2120 903 Ebnol
2172 847 2393 902 Chetabi
2440 850 2644 903 Amirol
2691 852 2998 916 Mutnenin,
3053 869 3147 906 seu
3208 854 3492 922 imperator

1953 938 2184 993 ﬁdelium
2226 947 2428 1006 :atque
2465 952 2528 991 ex
2564 952 2628 991 eo
2666 946 2905 1007 tempore
2934 939 3177 1010 insigniti
3214 949 3339 996 sunt
3368 942 3494 994 cha~

1951 1028 2057 1083 lifa:
2081 1028 2258 1092 titulo,
2291 1027 2496 1082 Amirol
2529 1027 2824 1083 Mumenin.

1916 1176 1928 1188 ,
2021 1119 2307 1187 Yazdejird
2353 1128 2529 1175 autem
2577 1121 2864 1176 Persarum
2914 1136 3006 1175 rex
3069 1123 3254 1178 auditu
3300 1124 3498 1177 certior

1952 1211 2122 1265 factus
2170 1210 2234 1266 de
2274 1211 2504 1265 adventu
2551 1210 2707 1266 Saadi
2755 1212 2864 1267 Ebn
2902 1212 3000 1266 Abi
3044 1213 3316 1284 \qukasi,
3348 1214 3499 1266 fanti-

1950 1302 2076 1356 liam
2108 1317 2262 1357 suam
2296 1316 2358 1355 ac
2387 1302 2671 1357 thesauros
2702 1302 2758 1356 in
2787 1302 3272 1372 Sinam’deportari
3302 1303 3456 1370 jussit
3483 1322 3497 1368 ;

1951 1394 2124 1465 copiis
2154 1408 2378 1449 numero
2409 1394 2614 1462 paucis,
2661 1409 2724 1447 ac
2762 1393 3107 1450 facultatibus
3154 1396 3380 1450 modicis
3416 1413 3498 1451 re-

1954 1485 2138 1550 tentis;
2174 1484 2536 1554 praefectoque
2563 1482 2627 1536 Al
2664 1481 2962 1554 Madayeno
2996 1484 3245 1540 Chorado
3274 1486 3336 1539 Al
3366 1486 3497 1541 Uzdi

1952 1574 2119 1629 fratre
2148 1573 2409 1638 Rostami,
2446 1574 2761 1629 Rostamum
2796 1575 2940 1628 misit
2973 1584 3337 1647 Oppugnatum
3369 1577 3501 1629 Saa-

301 1665 570 1730 Obaidah,
610 1667 816 1735 rogavit
848 1667 1100 1734 patricius
1136 1667 1248 1720 Abu
1281 1663 1539 1720 Obaidam
1569 1672 1628 1718 ut
1647 1663 1850 1718 colunt-
1887 1658 1926 1711 Β
1954 1670 2078 1724 dum
2116 1667 2229 1722 Ebn
2271 1668 2370 1723 Abi
2405 1667 2680 1722 Wakkasi.
2722 1668 2817 1722 llle
2860 1682 2990 1738 ergo
3028 1669 3271 1723 Kadesim
3319 1670 3496 1723 sedem

302 1774 420 1810 nam
486 1766 748 1811 statueret
805 1758 945 1812 inter
1000 1757 1214 1811 Gra>cos
1270 1767 1324 1811 et
1377 1754 1852 1810 Mohammedanos

300 1856 560 1911 erectam,
588 1863 749 1917 quam
803 1863 974 1918 neque
1013 1849 1242 1902 transire
1285 1846 1742 1902 Mohammedanis
1787 1847 1853 1901 ad

299 1938 519 1993 Graecos
581 1939 782 2002 liceret,
841 1955 943 1992 nec
988 1939 1188 1993 Grtncis
1243 1939 1307 1992 ad
1358 1939 1852 2000 Mohammedanos,

299 2044 402 2096 qua
475 2029 526 2081 in
597 2031 846 2082 columna
911 2029 1137 2099 eﬂigicm
1211 2030 1444 2085 lleraclii
1517 2029 1854 2099 imperatoris

304 2118 550 2190 [throno]
594 2123 738 2188 regio
769 2120 1050 2175 insidentis
1081 2123 1394 2190 pinxerant.
1429 2119 1579 2186 Quod
1612 2130 1665 2174 et
1697 2135 1855 2175 accc-

277 2222 452 2280 ‘ptum
491 2213 675 2264 habuit
722 2212 833 2265 Abu
863 2209 1100 2265 Obaidae.
1145 2211 1278 2264 Dum
1317 2219 1495 2264 autem
1530 2211 1682 2277 cquis
1723 2224 1856 2263 con-

305 2304 518 2357 sccusis
547 2320 574 2355 c
607 2301 1061 2356 Mohammcdanis
1093 2301 1306 2370 quidam
1339 2300 1610 2370 equitandi
1655 2310 1770 2354 arte
1803 2313 1860 2354 se

303 2403 634 2452 exercerent,
665 2407 788 2444 erce
825 2392 937 2444 Ahu
977 2391 1203 2445 llandali
1243 2389 1353 2443 Elin
1388 2390 1537 2442 Amri
1573 2390 1727 2460 pleno
1763 2387 1860 2442 itit-

306 2493 429 2550 pe:u
464 2497 600 2548 equo
632 2497 727 2534 suo
764 2492 967 2541 vectus,
1001 2497 1162 2534 manu
1198 2482 1402 2534 hastam
1443 2487 1629 2534 tenens
1654 2479 1858 2533 colum-

308 2589 431 2625 nam
475 2574 626 2626 istam
660 2581 817 2640 atque
852 2574 1073 2641 efﬁgiem
1111 2572 1346 2634 transiit,
1383 2570 1690 2639 ferrumque
1716 2571 1858 2639 quod

309 2666 373 2717 ad
410 2663 714 2716 inferiorem
763 2664 928 2717 hasne
961 2678 1068 2731 sua;
1113 2673 1316 2730 partem
1359 2671 1526 2727 esset,
1561 2661 1718 2714 oculo
1747 2659 1861 2714 elli-

309 2756 435 2823 gici,
471 2756 612 2807 haud
649 2755 772 2807 data
816 2769 996 2821 opera.
1031 2753 1254 2823 inﬁgens
1287 2752 1390 2822 ipsi
1423 2753 1638 2807 oculum
1675 2748 1865 2804 conto-

313 2845 411 2898 dit.
460 2844 725 2897 Patricius
774 2858 900 2911 ergo
951 2840 1230 2895 licnasrini
1279 2848 1541 2895 accedens
1592 2839 1725 2892 dixit
1767 2837 1862 2892 Abi

314 2936 529 2989 Ohaida:
577 2952 587 2986 :
625 2933 888 2986 Fraudem
923 2932 1076 2986 nobis
1131 2931 1357 2996 fecistis,
1403 2945 1438 2984 0
1467 2929 1623 2984 turba
1669 2929 1863 2984 Mosle-

317 3041 549 3092 morum,
582 3026 780 3079 violata
817 3038 966 3092 pace,
994 3031 1158 3092 atque
1187 3021 1422 3076 induciis
1448 3037 1568 3091 qua:
1597 3021 1735 3076 inter
1767 3036 1864 3077 nos

313 3125 469 3169 erant
513 3116 724 3169 solutis.
777 3115 996 3168 Dicente
1045 3113 1157 3166 Abu
1189 3111 1428 3168 Obainab
1459 3131 1473 3166 :
1507 3111 1571 3165 Et
1608 3113 1863 3180 quisnam

317 3208 490 3276 ipsum
522 3208 784 3260 violavit?
815 3205 1111 3275 Respondit
1144 3202 1410 3259 Patricius
1440 3222 1452 3258 :
1486 3202 1577 3256 lile
1607 3202 1698 3272 qui
1725 3202 1866 3272 regis

317 3302 487 3353 nostri
516 3301 728 3353 oculum
783 3298 1027 3373 conﬁxit.
1062 3295 1203 3349 Dixit
1250 3295 1366 3348 Abu
1406 3292 1645 3349 Obaidalt
1681 3312 1692 3346 :
1730 3292 1865 3357 Quid

316 3407 444 3461 ergo
479 3393 678 3446 vultis?
706 3390 1123 3461 Responderunt
1159 3408 1170 3442 :
1210 3387 1324 3442 Non
1354 3389 1511 3441 aliter
1542 3386 1869 3457 placabimur

317 3499 476 3551 quam
530 3486 574 3537 si
622 3485 764 3551 regis
818 3483 981 3537 vestri
1035 3481 1224 3536 oculus
1266 3487 1506 3535 eruatur.
1559 3477 1700 3532 Dixit
1751 3477 1870 3531 Abu

319 3578 557 3636 Obaidah
588 3595 600 3630 :
638 3579 884 3630 Statuam
917 3586 1087 3627 meam
1112 3571 1293 3640 ponite
1319 3571 1436 3626 loco
1458 3569 1649 3635 istius;
1680 3567 1872 3624 deinde

323 3668 675 3742 293—295
726 3666 852 3731 quid
902 3663 1056 3718 vobis
1102 3663 1321 3716 libuerit
1369 3675 1433 3714 ac
1490 3660 1661 3714 visum
1711 3657 1873 3713 fuerit

321 3766 503 3820 facile.
547 3757 957 3824 Responderunt
994 3772 1006 3808 :
1045 3752 1159 3807 Non
1199 3753 1306 3805 alia
1352 3751 1509 3805 nobis
1552 3752 1725 3820 imago
1764 3748 1875 3816 pla-

325 3858 470 3909 ctsbit
497 3867 657 3922 quam
703 3849 844 3916 regis
892 3846 1057 3900 vestri
1088 3843 1328 3907 maximi,
1361 3841 1413 3895 in
1458 3855 1566 3909 quo
1607 3847 1877 3893 annuente

329 3947 464 4015 ipsis
518 3944 631 3996 Abu
692 3938 895 3996 Obaida
947 3953 1070 3992 cum
1122 3935 1377 3990 fecissent
1426 3931 1595 3987 (ἓνωεὶ
1641 3938 1876 3984 statuam

329 4036 510 4092 Ornari
566 4033 722 4086 Ebnil
777 4029 997 4084 Chetabi
1053 4027 1316 4081 accedens
1362 4040 1427 4078 ex
1472 4023 1606 4092 ipsis
1659 4020 1878 4092 quidam

332 4130 485 4181 hasta
528 4124 738 4178 oculum
773 4122 874 4190 ipsi
911 4120 1154 4174 conﬁxit.
1190 4118 1327 4171 Tum
1362 4115 1627 4170 Patricius
1659 4130 1674 4168 :
1706 4112 1879 4176 Nunc,

335 4215 530 4282 inquit,
557 4215 703 4280 juste
746 4211 1026 4265 nobiscum
1058 4207 1268 4276 egistis.
1299 4204 1458 4258 Anno
1499 4203 1664 4273 igitur
1691 4208 1880 4257 exacto

1957 1761 2120 1832 ﬁgens
2153 1761 2221 1814 ibi
2267 1761 2583 1830 permansit,
2620 1762 2788 1815 donec
2823 1759 3176 1815 occideretur.
3214 1761 3365 1825 Quod
3413 1763 3502 1814 ubi

1955 1849 2270 1918 Yazdejirdo
2310 1850 2616 1904 nuntiatum
2655 1860 2818 1912 esset,
2849 1850 3157 1920 videretque
3191 1865 3349 1920 quam
3378 1866 3502 1918 erga

1955 1942 2130 2012 ipsum
2174 1943 2373 2012 obliqui
2413 1944 2595 1998 essent
2638 1947 2868 2013 populus
2915 1953 3073 2013 atque
3104 1945 3368 1999 exercitus
3396 1945 3503 2007 sui,

1956 2048 2224 2102 quamque
2253 2035 2604 2103 immorigerl,
2641 2049 2701 2088 ac
2732 2035 2957 2104 periisse
2987 2037 3258 2092 exercitus
3282 2038 3362 2092 sui
3401 2039 3506 2106 pri-

1955 2125 2179 2190 marius,
2230 2134 2394 2193 atque
2453 2124 2595 2178 inter
2641 2124 2789 2193 ipsos
2841 2125 3166 2180 discordiam
3220 2141 3357 2193 esse,
3397 2143 3506 2197 pro

1961 2224 2108 2270 certo
2161 2212 2350 2268 habuit
2393 2224 2536 2268 retro
2587 2213 2664 2267 ire
2713 2228 2937 2284 regnum
2988 2230 3167 2270 suum.
3229 2214 3405 2279 Quare
3452 2216 3505 2270 in

1963 2306 2196 2358 Pcrsiam
2231 2302 2504 2369 profectus
2533 2302 2654 2356 inde
2682 2301 2860 2356 llleran
2895 2319 3085 2358 versus
3119 2320 3210 2372 per
3237 2306 3377 2360 viam
3410 2305 3505 2360 Se-

1957 2389 2153 2460 jestani
2204 2392 2462 2460 perrexit,
2510 2392 2682 2445 donec
2734 2392 2807 2444 ibi
2861 2393 3292 2458 interﬁceretur;
3339 2409 3509 2464 neque

1966 2497 2198 2551 unquam
2221 2481 2480 2535 bellorum
2509 2491 2562 2536 et
2583 2481 2980 2536 dissensionum
3005 2499 3196 2567 expers
3222 2484 3320 2538 fuit
3344 2502 3511 2555 usque

1962 2572 2088 2627 dum
2145 2573 2501 2627 occideretur.
2547 2571 2808 2640 Regnavit
2858 2584 3035 2627 autem
3081 2590 3250 2630 annos
3305 2579 3508 2646 viginti.

1963 2663 2124 2714 Otuar
2159 2671 2341 2715 autem
2369 2661 2594 2716 Chelahi
2625 2661 2765 2715 ﬁlius
2805 2661 2890 2714 ubi
2924 2660 3188 2716 Medinam
3227 2668 3506 2732 pervenis-

1964 2762 2063 2813 sct,
2100 2751 2314 2820 scriptis
2355 2752 2549 2807 litteris
2592 2749 2846 2806 Omarum
2878 2752 3047 2806 Ebnol
3084 2755 3174 2809 Asi
3203 2755 3510 2810 'Paltcstinze

1945 2843 2284 2913 'pra-fectura
2320 2842 2610 2907 abdicavit,
2636 2842 2847 2911 jussum
2876 2845 3114 2899 collectis
3144 2847 3310 2915 copiis
3342 2848 3507 2917 Aigy-

1967 2944 2114 3001 ptum
2179 2932 2422 2988 tendere.
2479 2931 2759 2985 Moawiam
2821 2948 2945 2986 vero
2996 2934 3108 2987 Ebn
3161 2936 3258 2989 Abi
3311 2937 3508 3007 Sofyan

1967 3022 2254 3087 Askelano,
2315 3023 2695 3088 Cassaretefet
2746 3023 3040 3079 Palmstinaa
3089 3027 3362 3095 prazfecit,
3419 3031 3510 3098 qui

1966 3115 2263 3168 Caesaream
2304 3121 2356 3167 et
2384 3114 2707 3167 Askelanum
2748 3114 2923 3183 gladio
2965 3118 3128 3186 cepit,
3178 3119 3335 3187 idque
3372 3137 3514 3174 anno

1968 3204 2250 3258 chalifatus
2291 3202 2472 3257 Omari
2520 3203 2676 3257 Ebnil
2712 3206 2935 3259 Chetabi
2976 3209 3220 3275 septimo.
3260 3211 3390 3264 Tum
3421 3228 3513 3265 ac-

1968 3293 2176 3348 cedenti
2213 3293 2476 3347 Othmano
2508 3292 2659 3348 Ebnil
2689 3295 2914 3363 Aphano
2944 3297 3008 3349 ad
3041 3297 3291 3353 Omarum
3328 3303 3514 3372 297-
3558 3342 3560 3344 τ

1969 3384 2131 3453 299
2168 3383 2320 3437 Ebnil
2355 3383 2600 3448 Chetabi,
2636 3399 2758 3438 cum
2805 3386 3029 3440 dixisset
3063 3387 3246 3452 Omar,
3296 3394 3517 3461 scriptis

1969 3476 2035 3529 ad
2070 3475 2292 3529 Amrum
2345 3474 2516 3529 Ebnol
2549 3474 2639 3528 Asi
2681 3476 2876 3531 litteris
2922 3477 3093 3545 ipsum
3146 3478 3424 3535 Palmstina
3465 3496 3520 3536 et

1971 3567 2212 3622 Cmsarea
2249 3565 2578 3630 abdicatum,
2609 3565 2899 3636 Egyptum
2930 3569 3076 3622 adire
3105 3572 3261 3639 jussi,
3296 3573 3516 3629 Moawia

1973 3654 2090 3711 Ebn
2135 3656 2235 3710 Abi
2278 3655 2474 3726 Sofyan
2510 3656 2804 3711 Palaestinae
2849 3667 2902 3712 et
2953 3660 3208 3715 Cmsarea:
3249 3665 3520 3731 prmfecto.

1974 3746 2298 3810 0thmanus,
2351 3745 2504 3800 Nosti
2559 3746 2802 3816 (inquit),
2846 3763 2879 3802 ο
2928 3749 3225 3818 imperator
3267 3754 3520 3820 ﬁdelium,

1976 3836 2232 3891 Omarum
2270 3835 2527 3889 audacem
2555 3843 2691 3901 esse,
2721 3851 2784 3890 ac
2819 3839 3168 3908 praecipitem,
3203 3843 3522 3913 imperiique

1979 3939 2267 3992 amantem,
2297 3933 2477 3980 metuo
2505 3942 2633 3996 ergo
2662 3941 2729 3981 ne
2756 3928 3034 3996 profectus
3067 3931 3185 3986 sine
3220 3932 3285 3987 iis
3325 3935 3525 4002 quibus

1979 4019 2246 4073 conﬁdere
2276 4018 2474 4088 possit,
2506 4018 2587 4072 vel
2633 4018 2752 4073 sine
2778 4020 2970 4089 c’opiis,
3004 4020 3314 4076 Moslemios
3349 4027 3528 4093 perdi-

1983 4107 2111 4164 tioni
2138 4115 2386 4176 exponat,
2410 4109 2866 4177 opportunitatem
2894 4124 3137 4184 sperans,
3157 4126 3274 4179 quae
3301 4116 3524 4174 nesciat,

1982 4213 2078 4266 pro
2119 4198 2237 4267 ipso
2285 4211 2352 4250 an
2393 4204 2580 4250 contra
2631 4196 2805 4265 ipsum
2856 4196 3037 4252 faciat.
3093 4200 3351 4255 Poenituit
3399 4219 3527 4272 ergo

337 4320 520 4374 pacem
568 4311 617 4356 et
663 4300 838 4354 foedus
883 4300 1257 4352 observarunt.
1294 4293 1447 4362 Cepit
1488 4300 1667 4347 autem
1712 4290 1881 4359 Aiyad
1917 4310 1957 4366 υ
1987 4288 2240 4343 Omarum
2268 4285 2704 4352 EhnolChetabi,
2728 4288 2869 4356 quod
2899 4288 2966 4341 ad
2991 4291 3209 4343 Amrqu
3239 4292 3406 4345 Ebnol
3435 4296 3525 4346 Asi

337 4397 445 4448 Ebe
494 4392 723 4454 Canam,
764 4387 1227 4457 Mesopotamiam,
1277 4383 1515 4438 Raltkam
1565 4392 1616 4437 et
1654 4381 1880 4446 Roham,

339 4483 627 4538 securitate
677 4481 808 4549 ipsis
847 4489 898 4533 et
945 4493 1075 4546 pace
1123 4484 1298 4545 pacta.
1348 4472 1654 4543 Almogirah
1706 4480 1882 4525 autem

341 4575 719 4641 Aderbijanum
749 4571 924 4640 gladio
950 4567 1296 4637 expugnavit.
1326 4565 1540 4621 Primus
1579 4572 1755 4618 autem
1782 4563 1884 4617 luit

344 4664 650 4733 Almogirah
706 4661 798 4730 qui
849 4660 1104 4713 Omarum
1157 4656 1329 4710 Ebnil‘
1380 4656 1626 4719 Chetabi,
1677 4652 1882 4707 Antirol

348 4754 657 4816 Mumenin,
715 4766 809 4805 seu
875 4751 1251 4818 imperatorem
1302 4746 1537 4800 ﬁdelium
1580 4745 1884 4814 appellavit.

350 4846 601 4900 llomines
647 4840 908 4910 siquidem
959 4847 1166 4893 mortuo
1217 4835 1592 4890 Mahummede
1632 4836 1748 4888 Abu
1791 4832 1890 4887 Be-

350 4954 524 5003 crum,
566 4934 849 4996 Chalifam,
893 4947 989 4985 seu
1027 4929 1283 4983 vicarium
1331 4927 1505 4981 nuntii
1547 4927 1638 4979 Dei
1689 4927 1890 4981 vocita-

353 5032 502 5084 bant.
532 5027 771 5093 Cumque
809 5023 875 5077 ad
908 5023 1078 5091 ipsum
1117 5020 1413 5075 scriberent
1447 5018 1617 5088 ipsius
1655 5016 1887 5086 praefecti

352 5122 589 5175 scribere
635 5117 880 5173 solebant
923 5131 938 5168 :
974 5113 1187 5168 Vicario
1233 5111 1409 5165 nuntii
1461 5109 1575 5172 Dei,
1623 5125 1651 5162 a
1679 5107 1743 5160 N.
1781 5119 1886 5160 etc.

353 5215 487 5266 Cum
515 5224 643 5280 ergo
669 5208 948 5277 imperium
987 5204 1309 5258 obtinuisset
1339 5200 1503 5255 Omar
1535 5197 1720 5252 Ebnol‘
1751 5197 1890 5250 Che-

357 5303 679 5369 tabi,ipsum
723 5298 980 5352 vicarium
1023 5294 1210 5350 vicarii
1255 5292 1427 5346 nuntii
1471 5292 1564 5343 Dei
1608 5289 1892 5356 insignive-

362 5404 484 5449 runt
515 5409 530 5445 :
567 5401 619 5446 et
654 5406 775 5445 cum
807 5389 871 5441 ad
897 5390 1070 5456 ipsum
1116 5387 1325 5438 litteras
1350 5385 1559 5445 darent,
1590 5381 1894 5435 scribebant

362 5486 592 5557 praelecti
621 5485 787 5551 ipsius
813 5503 824 5535 :
846 5480 1060 5534 Vicario
1089 5477 1276 5530 vicarii
1309 5477 1480 5528 nuntii
1514 5472 1604 5526 Dei
1637 5487 1664 5523 a
1696 5469 1757 5523 N.
1789 5477 1893 5524 etc.

364 5583 426 5629 At
453 5590 572 5631 cum
601 5573 663 5628 Al
694 5571 948 5639 Magiram
978 5569 1094 5625 Ebn
1125 5565 1351 5623 Shaabse
1380 5563 1591 5621 Basore:
1623 5560 1896 5631 praefecis-

1991 4378 2321 4448 scripsisset,
2354 4377 2472 4446 ejus
2502 4376 2644 4445 quod
2686 4377 2896 4431 dixerat
2929 4375 3227 4432 Othmanus
3264 4390 3528 4434 metuens.

1990 4468 2223 4523 Rursum
2268 4481 2397 4538 ergo
2435 4467 2500 4521 ad
2544 4467 2717 4536 ipsum
2761 4467 3055 4522 scribens:
3099 4468 3155 4520 Si
3191 4473 3532 4537 pervenerint

1990 4560 2207 4630 (inquit)
2258 4560 2321 4612 ad
2369 4566 2421 4612 te
2456 4559 2645 4613 litterae
2674 4558 2790 4612 ista:
2817 4566 3105 4627 antequam
3133 4559 3346 4629 Egypti
3375 4562 3469 4614 diti
3497 4585 3534 4604 =-

1991 4666 2114 4704 nem
2162 4652 2439 4720 ingressus
2483 4649 2670 4712 fueris,
2721 4663 2785 4702 eo
2825 4649 2965 4703 unde
2999 4649 3272 4718 profectus
3317 4666 3396 4715 es,
3446 4667 3533 4705 rc-

1992 4744 2121 4797 deas
2148 4759 2163 4807 ;
2193 4743 2335 4810 quod
2369 4741 2412 4795 si
2451 4741 2730 4809 ingressus
2760 4737 2947 4805 fueris,
2972 4753 3132 4808 perge
3162 4755 3267 4808 qua
3294 4741 3531 4808 cmpisti.

1994 4833 2268 4888 Assccutis
2320 4840 2495 4884 autem
2551 4830 2746 4884 litteris
2789 4830 3036 4894 Amrum,
3115 4843 3205 4882 nm
3259 4829 3534 4900 Raphachi

1995 4934 2162 4984 esset,
2190 4932 2435 4975 metuens
2476 4919 2564 4974 ille
2603 4935 2669 4973 ne
2711 4919 2757 4973 si
2788 4928 3035 4989 acceptas
3059 4932 3154 4972 eas
3185 4919 3420 4986 aperiret
3457 4925 3537 4972 in-

1996 5013 2202 5068 veniret
2243 5013 2298 5065 in
2347 5011 2476 5080 ipsis
2518 5006 2884 5080 [mandatum]
2928 4997 3210 5073 redeundi,
3259 5009 3462 5062 litteras
3507 5027 3533 5059 ει

1999 5105 2190 5158 nuntio
2237 5101 2483 5170 accipere
2525 5113 2781 5162 renuens,
2830 5097 3114 5166 ipsumque
3153 5098 3434 5165 repellens,
3471 5113 3534 5148 cn

1998 5209 2106 5262 quo
2128 5202 2242 5249 erat
2271 5199 2412 5246 statu
2446 5190 2704 5260 perrexit,
2729 5188 2897 5242 donec
2919 5190 2970 5241 in
3002 5189 3120 5243 vico
3139 5189 3367 5258 quodam
3398 5190 3537 5242 inter

2000 5283 2310 5352 Raphacum
2341 5290 2393 5335 et
2425 5282 2672 5333 Arishum
2706 5287 2881 5332 castra
2909 5286 3150 5345 poneret.
3179 5277 3248 5330 De
3281 5291 3385 5343 quo
3414 5291 3532 5329 cum

2003 5377 2336 5440 interrogans
2382 5381 2696 5438 responsum
2740 5367 2952 5420 tulisset
2979 5384 2994 5420 ;
3023 5365 3113 5420 Est
3151 5367 3235 5419 hic
3269 5383 3298 5418 e
3336 5366 3539 5419 ditione

2004 5464 2252 5534 Egypti;
2286 5462 2546 5515 accersito
2572 5459 2764 5511 nuntio
2793 5457 2999 5510 litteras
3029 5458 3094 5508 ab
3129 5459 3246 5523 ipso
3272 5466 3540 5523 acceptas,

2007 5573 2110 5613 una
2146 5570 2267 5611 cum
2303 5554 2366 5608 iis
2395 5552 2485 5625 qui
2519 5565 2702 5606 secum
2739 5549 2960 5603 aderant
2993 5545 3338 5600 Moslcntinis.
3377 5547 3544 5615 perle-
