4082 6500
624 367 760 426 1103

625 565 769 616 tione
818 559 1031 629 ASgypti
1073 558 1237 614 esse?
1279 567 1332 612 et
1375 558 1827 628 respondentibus
1859 574 1872 611 :
1909 556 2044 620 lino,
2078 554 2184 607 lm-

624 661 838 720 perator
873 653 1097 720 (inquit)
1143 651 1378 705 fidelium
1423 649 1606 718 jussit,
1637 649 1998 719 praecepitque
2025 647 2186 717 300

625 753 682 796 ιιι
715 743 758 797 si
791 750 1208 811 assequerentur
1236 756 1320 795 me
1354 741 1550 794 littera:
1591 741 1763 811 ipsius
1801 740 2038 794 nondum
2076 753 2184 792 ter-

626 849 738 886 ram
770 831 1141 901 Egyptiacam
1193 831 1524 902 ingressum,
1576 839 1907 894 rcverterer;
1957 827 2103 898 quod
2141 828 2184 883 si

626 935 745 990 eam
776 921 886 990 jam
938 923 1266 989 ingressum,
1312 935 1586 990 pergerem
1617 937 1632 975 τ
1671 919 1875 990 pergite
1903 934 2028 987 ergo
2062 934 2183 974 cum

629 1010 1004 1066 benedictione
1053 1011 1145 1064 Dei
1207 1020 1260 1064 et
1325 1010 1528 1064 auxilio
1593 1010 1789 1080 ipsius.
1849 1009 2049 1064 Ferunt
2097 1008 2184 1062 alii

628 1105 869 1166 Amrnm,
900 1118 1021 1156 cum
1075 1102 1126 1155 in
1173 1101 1459 1156 Palaestina
1503 1108 1670 1166 esset,
1717 1099 2006 1172 Egyptutn
2062 1114 2185 1155 cum

628 1193 919 1248 coinitibus
941 1192 1054 1247 suis
1082 1191 1383 1261 profectum
1418 1205 1539 1246 esse
1559 1205 1667 1244 non
1695 1191 1978 1258 impetrata
2007 1188 2188 1252 venia,

643 1283 1039 1353 scripsisseque
1086 1283 1154 1337 ad
1206 1283 1380 1351 ipsum
1434 1281 1691 1336 Otnarum
1747 1280 1916 1336 Ebnol
1960 1281 2185 1335 Clietabi

628 1390 748 1430 cum
782 1374 956 1429 adhuc
986 1375 1121 1428 citra
1159 1375 1414 1429 Arisltum
1448 1382 1634 1433 esset:
1672 1377 1850 1444 ipsum
1882 1389 2006 1427 vero
2039 1374 2186 1427 litte-

632 1479 717 1519 ras
749 1465 891 1532 apud
930 1478 989 1518 se
1039 1473 1278 1518 retentas
1322 1477 1430 1517 non
1473 1463 1666 1534 legisse
1709 1462 1883 1518 donec
1934 1464 2189 1519 Arishum

633 1553 966 1622 perveniret;
1020 1566 1084 1606 ac
1125 1559 1237 1605 tum
1287 1564 1378 1605 cas
1423 1550 1660 1620 legisse;
1708 1548 1763 1603 in
1813 1550 2011 1620 quibus
2058 1553 2192 1604 scri-

632 1651 778 1712 ptum
814 1644 913 1696 fuit
950 1659 965 1695 :
999 1643 1081 1697 Ab
1131 1640 1331 1697 Omaro
1366 1640 1534 1695 Ebuol
1581 1640 1806 1695 Cbetabi
1857 1642 1922 1695 ad
1965 1642 2189 1695 Amrum

635 1735 799 1788 tibnul
834 1735 948 1788 Asi.
993 1732 1088 1789 llis
1121 1734 1458 1804 praemissis:
1502 1733 1783 1788 Profectus
1825 1747 1884 1788 es
1936 1743 1990 1787 tu
2029 1733 2191 1804 Egy~

1573 359 1928 420 riUTYCllll
1972 357 2508 419 ALEXANDRINI
2545 359 2787 421 PATR.‘

3589 70 4028 333 ηη

3701 362 3822 429 iiM

629 476 723 536 git,
755 471 1003 538 dixitque
1043 469 1108 522 iis
1141 484 1153 522 :
1187 467 1268 522 Au
1313 481 1416 539 non
1450 467 1621 522 noritis
1649 467 1824 522 vicum
1865 466 2009 520 hunc
2043 481 2072 519 e
2097 465 2176 519 di-
2205 470 2245 524 Α
2275 467 2410 521 dixit
2443 466 2575 536 ipsis
2610 486 2623 522 :
2656 467 2902 545 Pervenit
2937 469 3001 524 ad
3034 469 3238 525 Arabes
3266 471 3558 538 auxilium,
3608 490 3826 544 cumque

2290 558 2426 610 haud
2466 559 2637 612 simus
2667 559 2739 613 iis"
2762 561 3157 631 oppugnandis,
3209 565 3386 616 securi
3421 579 3544 619 esse
3574 581 3682 619 non
3715 583 3830 636 pes-

2288 663 2499 712 sumus,
2526 662 2592 701 ne
2619 662 2797 725 arcem
2818 650 3095 720 capientes
3119 665 3217 706 nos
3249 654 3552 720 trucident;
3585 661 3833 724 quociria

2295 739 2587 794 obstructis
2622 739 2766 794 arcis
2814 744 3003 810 portis,
3050 759 3228 814 pugna
3277 745 3428 813 ipsos
3460 746 3836 808 laccssamus;

2291 839 2454 898 atque
2490 845 2555 886 ex
2584 845 2708 885 arce
2762 831 2814 884 in
2851 832 3078 888 insulam
3119 837 3321 904 egressi
3349 835 3423 890 ibi
3455 837 3838 902 subsistamus,

2291 920 2452 974 fluvio
2486 936 2584 976 nos
2617 922 2944 977 munientes.
2979 924 3192 994 Egressi
3222 942 3352 997 ergo
3384 926 3556 983 Graeci
3587 945 3694 982 una
3721 945 3840 983 cum
3915 925 3918 928 ’
3979 966 3988 979 .

2290 1012 2620 1066 Mukaukaso
2674 1025 2725 1068 et
2779 1024 2920 1071 metu
3002 1019 3298 1083 primorum
3345 1020 3722 1090 Copbtitarum
3784 1036 3845 1073 ex

2291 1115 2441 1174 porta
2478 1108 2699 1160 australi
2724 1146 2738 1170 ,
2765 1108 3060 1162 comitante
3088 1098 3368 1165 hominum
3407 1113 3569 1167 turba
3596 1113 3688 1181 qui
3713 1127 3844 1167 cum

2290 1197 2559 1251 Arabibus
2597 1185 2914 1268 pugnarent,
2933 1201 3245 1256 conscensis
3278 1203 3508 1257 navibus
3529 1204 3582 1258 in
3609 1204 3848 1259 insulam

2293 1298 2554 1343 venerunt
2581 1303 2646 1344 eo
2677 1290 2798 1344 loco
2833 1290 2922 1345 ubi
2945 1300 3050 1362 est
3081 1291 3238 1347 bodie
3273 1291 3677 1358 Exclusorium,
3710 1309 3843 1365 pon-

2291 1389 2510 1449 temque
2562 1381 3031 1438 rescideruut:eo
3073 1393 3250 1438 autem
3301 1393 3548 1452 tempore
3580 1385 3689 1440 fuit
3738 1403 3850 1455 quo

2292 1471 2498 1524 auctior
2531 1469 2643 1524 fluit
2671 1468 2845 1526 Nilus.
2864 1473 2998 1526 Tum
3021 1472 3308 1528 ilokaukas
3337 1474 3403 1528 ad
3426 1475 3652 1528 Amrum
3677 1476 3851 1530 Επιηοί

2295 1561 2409 1624 Asi,
2441 1575 2504 1616 ac
2537 1562 2708 1630 ipsius
2745 1565 2972 1619 comites
3002 1565 3219 1620 mittens
3254 1582 3268 1621 :
3323 1564 3430 1620 Vos
3462 1566 3686 1636 (inquit)
3715 1583 3852 1635 gens

2293 1653 2427 1707 estis
2447 1653 2537 1722 qui
2572 1654 2842 1724 regionem
2867 1665 3106 1711 nostram
3134 1657 3388 1724 ingressi,
3421 1673 3596 1727 pugna
3625 1659 3731 1711 nos‘
3759 1674 3853 1712 urs-

2295 1742 2444 1796 sistis
2470 1741 2670 1812 diuque
2692 1745 2744 1797 itt
2779 1752 2922 1800 terra
2946 1755 3133 1801 nostra
3157 1747 3500 1802 substitislis.
3518 1747 3641 1803 lam
3666 1759 3851 1803 autem

634 1837 782 1897 ptum
812 1842 934 1882 cum
983 1829 1050 1882 iis
1088 1828 1178 1898 qui
1209 1835 1384 1882 tecum
1431 1835 1556 1881 sunt
1589 1844 1603 1879 :
1636 1828 1689 1880 in
1724 1843 1830 1896 qua
1879 1824 2195 1895 magna'est
2232 1821 2268 1874 Β
2303 1831 2472 1884 cinxit
2499 1844 2597 1886 vos
2627 1831 2782 1887 Nilus
2824 1833 2948 1896 iste,
2995 1832 3228 1904 factique
3263 1836 3396 1891 esus
3449 1839 3698 1905 Protinus
3722 1852 3852 1905 cap-

629 1938 660 1976 e
708 1919 1071 1973 Romanorum
1112 1919 1284 1988 copiis
1332 1918 1642 1981 multitudo,
1703 1934 1827 1972 cum
1869 1927 2058 1972 terunt
2095 1918 2190 1970 lio-

634 2012 806 2066 mines
837 2011 945 2064 sint
990 2023 1218 2063 numero
1263 2009 1441 2078 pauci.
1480 2007 1535 2063 Si
1581 2023 1711 2078 ergo
1760 2009 1995 2062 nondum
2026 2007 2193 2077 Αἰαν-

634 2110 780 2170 ptum
805 2100 1070 2170 attigeris,
1111 2097 1198 2153 fac
1230 2100 1445 2154 redeas.
1489 2098 1698 2154 Dixisse
1729 2113 1855 2170 ergo
1894 2099 2142 2154 Omarutn
2175 2116 2189 2152 :

634 2193 891 2253 Quzrnam
945 2199 1030 2244 est
1086 2190 1201 2244 haec
1251 2187 1436 2243 terra?
1480 2185 1726 2259 Cumque
1758 2190 2189 2258 responderent:

629 2280 894 2354 Egyptus
932 2299 946 2335 :
996 2279 1297 2350 profectum
1337 2279 1665 2348 perrexisse.
1706 2279 1810 2333 Alii
1844 2288 2022 2333 autem
2065 2281 2192 2332 Aiu-

637 2389 749 2426 rum
781 2388 900 2426 cum
929 2372 1167 2426 exercitu
1201 2371 1477 2438 suojuxta
1515 2368 1820 2426 Caesaream
1852 2369 2041 2430 fuisse,
2087 2383 2189 2421 una

632 2478 749 2518 cum
777 2463 986 2516 cieteris
1023 2477 1144 2531 qua:
1176 2461 1252 2516 ibi
1285 2467 1469 2514 essent
1498 2459 1671 2527 copiis
1706 2459 1872 2528 ipsam
1909 2457 2194 2536 obsidione

631 2557 937 2624 cingentes;
1001 2563 1164 2621 atque
1221 2548 1480 2621 Cunarum
1541 2547 1714 2604 Ebnol
1771 2548 2038 2610 Clictabi,
2101 2550 2194 2618 qui

631 2644 799 2701 Jabim
834 2655 950 2698 tum
1003 2643 1122 2707 fuit,
1174 2640 1315 2695 clam
1350 2640 1419 2695 ad
1471 2640 1648 2708 ipsum
1699 2637 1907 2692 litteras
1957 2637 2198 2694 misisse.

605 2739 814 2806 .lpsum
857 2747 985 2800 ergo
1032 2731 1322 2802 {Egyptum
1373 2727 1736 2791 contendisse,
1791 2741 1923 2782 esse
1968 2727 2191 2796 jubente

635 2830 860 2883 comites
901 2828 1073 2897 ipsius
1123 2827 1396 2896 profectos
1430 2837 1551 2878 esse
1595 2820 1772 2875 instar
1811 2835 2000 2875 eorum
2043 2821 2134 2890 qui
2167 2837 2196 2874 a

637 2923 751 2974 loco
800 2919 863 2973 ad
919 2920 1096 2972 locum
1142 2915 1509 2988 propinquum
1563 2912 2020 2983 proficiscuntur,
2075 2911 2197 2964 dein

616 3009 796 3062 'nuctu
851 3007 954 3060 iter
1000 3005 1215 3060 fecisse.
1260 3003 1505 3072 Cumque
1539 3001 1652 3071 jatn
1708 2999 1920 3068 longius
1973 2997 2197 3068 profecti

636 3108 836 3162 rssent,
869 3111 1007 3165 (egre
1038 3095 1226 3148 tulisse
1252 3092 1545 3162 praefectos
1571 3093 1849 3146 exercitus
1883 3090 2014 3144 illud
2053 3089 2195 3158 quod

2298 1916 2414 1970 livi.
2440 1915 2634 1971 Mittite
2663 1933 2792 1988 ergo
2821 1920 2886 1974 ad
2917 1934 3018 1975 nos
3064 1920 3285 1976 nomine
3334 1930 3516 1978 vestro
3550 1923 3792 1994 aliquem
3823 1939 3852 1977 a

2299 2019 2406 2072 quo
2454 2005 2581 2072 quid
2634 2006 2828 2062 dicatis
2881 2008 3197 2073 audiamus;
3239 2008 3422 2065 forsan
3487 2025 3554 2066 eo
3608 2012 3853 2067 recident

2299 2097 2440 2149 inter
2473 2092 2570 2151 nos
2602 2107 2655 2152 et
2701 2113 2800 2151 vos
2848 2113 2934 2154 res
2971 2115 3081 2169 quo
3122 2102 3335 2170 utrique
3371 2103 3637 2167 velimus;
3687 2115 3852 2174 atque

2301 2186 2387 2240 isti
2416 2186 2555 2240 inter
2593 2201 2691 2241 nos
2730 2189 3019 2244 certamini
3053 2189 3174 2245 linis
3209 2191 3537 2261 imponetur.
3560 2191 3694 2247 Cum
3719 2209 3854 2264 ergo

2300 2278 2362 2327 ad
2389 2279 2609 2330 Auirum
2648 2278 2818 2331 Ebnol
2853 2278 2945 2335 Asi
2977 2282 3684 2349 pervenissent,Mokaukasi
3707 2300 3854 2338 nun-

2298 2362 2376 2425 tii,
2436 2363 2581 2418 misit
2637 2364 2724 2418 ille
2771 2379 2890 2419 cum
2945 2367 3079 2435 ipsis
3133 2369 3356 2423 Abadali
3404 2371 3571 2424 Ebnul
3627 2370 3853 2436 Same-ti,

2301 2451 2440 2514 (erat
2468 2463 2646 2506 autem
2677 2453 2895 2507 Abadalt
2921 2454 3102 2527 Niger)
3125 2459 3217 2526 qui
3249 2458 3337 2512 ubi
3371 2460 3436 2512 ad
3469 2459 3855 2516 Mnkaukasnm

2302 2541 2582 2609 ingressus
2603 2554 2767 2604 esset,
2817 2545 2907 2598 illo
2943 2561 3104 2616 prope
3136 2548 3236 2602 sibi
3269 2549 3459 2605 sedere
3492 2550 3649 2620 jussu
3670 2569 3688 2607 :
3713 2553 3855 2616 Quid

2303 2639 2406 2695 cst,
2432 2632 2628 2700 inquit,
2655 2633 2799 2702 quod
2828 2651 2855 2688 a
2892 2638 3047 2692 nobis
3080 2639 3281 2695 vultis?
3310 2642 3488 2698 indica
3517 2644 3700 2698 nobis.
3755 2643 3855 2699 Cui

2302 2722 2525 2777 Abadab
2572 2741 2587 2778 ε
2635 2723 2750 2779 Non
2809 2735 2893 2781 est
2945 2729 3167 2799 (inquit)
3219 2730 3364 2788 inter
3418 2749 3519 2789 nos
3571 2749 3635 2789 ac
3672 2735 3858 2805 305-

2301 2812 2458 2881 307
2493 2827 2584 2869 vos
2609 2815 2712 2869 nisi
2749 2830 2780 2870 e
2815 2817 2989 2872 tribus
3028 2820 3190 2876 rebus
3231 2837 3359 2888 una,
3418 2839 3649 2893 quarum
3681 2841 3855 2880 utram

2305 2904 2475 2957 mavis
2500 2905 2672 2975 elige;
2726 2910 2798 2962 ita
2833 2910 2977 2964 enim
3003 2911 3135 2966 mibi
3167 2913 3220 2966 in
3252 2914 3520 2971 mandatis
3546 2917 3697 2971 dedit
3723 2918 3852 2978 dux.

2305 3002 2465 3059 atque
2493 2993 2635 3050 idem
2667 2997 2781 3066 ipse
2812 2999 2880 3054 ab
2912 2999 3240 3072 imperatore
3271 3006 3510 3061 fidelium
3542 3008 3856 3077 mandatum

2306 3085 2545 3154 accepit;
2592 3103 2803 3157 nempe,
2849 3101 2907 3145 ut
2956 3095 3037 3148 vel
3093 3095 3403 3166 religionem
3437 3107 3676 3153 nostram
3733 3101 3858 3154 isla-

638 3190 867 3249 iecisset,
911 3202 968 3242 se
1008 3189 1074 3240 ab
1114 3187 1231 3255 ipso
1264 3183 1612 3254 θοι-303
1643 3184 1899 3252 deceptos
1932 3181 2197 3235 videntes.
2228 3166 2274 3228 Β
2309 3176 2548 3256 initicatn
2584 3181 3007 3250 amplectamini,
3035 3192 3200 3256 atque
3230 3188 3300 3242 ita
3333 3189 3526 3244 fratres
3551 3192 3708 3246 nobis
3735 3207 3856 3247 eva-

637 3278 817 3346 l-Zoque
866 3276 1082 3346 cognito
1121 3274 1186 3328 ad
1238 3275 1496 3326 Otnarum
1537 3271 1708 3324 Elinol
1754 3271 1974 3325 Clietabi
2023 3269 2198 3339 ipsum

637 3368 914 3422 detulisse.
943 3364 1042 3430 Qui
1083 3364 1148 3418 ad
1182 3365 1359 3433 ipsum
1399 3361 1622 3431 scripsit
1658 3363 1822 3414 Amro
1877 3359 2052 3414 Ebnol
2083 3360 2199 3422 Asi,

641 3461 723 3513 liis
767 3457 1100 3526 praemissis:
1155 3454 1417 3522 Det-episti
1454 3467 1548 3507 eos
1595 3453 1684 3521 qui
1727 3461 1901 3506 tecum
1948 3460 2122 3515 sunt;
2157 3450 2200 3503 si

634 3562 762 3616 ergo
805 3544 1148 3616 pervenerint
1196 3545 1260 3598 ad
1312 3553 1368 3597 te
1417 3545 1852 3609 litterze‘noslrzt',
1892 3551 2200 3610 antequam
2264 3546 2268 3551 ’

638 3638 924 3708 :Egyptum
975 3638 1252 3705 ingressus
1303 3633 1494 3695 fueris,
1540 3641 1813 3687 revertere
1859 3649 1872 3688 :
1924 3635 2008 3686 sin
2057 3642 2201 3703 post-

634 3744 794 3799 quam
830 3743 946 3782 eam
992 3729 1276 3795 ingressus
1325 3726 1494 3779 fueris
1526 3725 1590 3778 ad
1626 3733 1679 3778 te
1717 3723 1933 3793 perlatae
1979 3722 2199 3784 fuerint,

637 3834 844 3888 pergas,
880 3819 1129 3884 sciasque
1168 3833 1249 3867 me
1279 3831 1431 3883 opem
1469 3815 1562 3868 tibi
1589 3816 1848 3867 laturum.

709 3910 987 3964 Profeczus
1034 3919 1164 3972 ergo
1212 3904 1502 3956 l’liarmain
1555 3917 1746 3970 usque,
1808 3917 2047 3957 mensem
2103 3903 2199 3957 tibi

634 3997 896 4062 substitit,
944 3995 1120 4049 donec
1157 3994 1331 4063 ipsam
1365 3992 1646 4046 obsidione
1678 3993 1914 4045 cinctam
1957 4000 2198 4059 caperet.

640 4090 766 4143 Dein
801 4089 1032 4141 Mesrmn
1069 4085 1368 4156 prolectus,
1400 4083 1490 4138 ubi
1522 4083 1752 4135 Roinani
1786 4096 1910 4136 arce
1939 4097 1998 4136 se
2025 4082 2201 4135 muni-

639 4187 843 4237 verant,
888 4190 1048 4246 quam
1086 4173 1249 4227 etiam
1295 4172 1438 4228 vallo
1485 4171 1727 4240 undique
1779 4173 2083 4235 cinxerant,
2146 4170 2201 4223 in

636 4267 780 4339 quod
835 4269 1018 4320 clavos
1087 4263 1295 4318 ferreos
1354 4263 1734 4330 coniecerant;
1791 4275 1970 4315 arcem
2033 4263 2196 4315 istam

642 4369 846 4431 septeni
897 4357 1180 4410 mensibus
1227 4354 1561 4416 obsidentes,
1625 4353 1860 4420 graviter
1911 4353 2059 4421 ipsos
2101 4366 2197 4420 op-

645 4456 976 4520 pugnarunt.
1029 4447 1096 4500 At
1149 4459 1272 4499 cum
1317 4442 1628 4497 differretur
1681 4441 1799 4509 ejus
1850 4441 2196 4510 expugnatio,

647 4541 868 4609 scriptis
903 4537 1099 4590 litteris
1131 4537 1198 4588 ab
1238 4534 1435 4588 Omaru
1466 4547 1619 4600 opetn
1657 4533 1847 4600 petiit,
1892 4533 1981 4600 qui
2011 4541 2065 4586 ει
2099 4532 2202 4601 ipsi

658 4635 711 4686 in
771 4630 1028 4683 auxilium
1074 4636 1265 4693 quater
1302 4624 1446 4677 mille
1496 4625 1643 4678 viros
1686 4625 1851 4688 misit,
1907 4632 1958 4677 et
2007 4625 2205 4692 quibus

641 4734 788 4775 erant
844 4717 1110 4774 Allobair
1150 4714 1320 4768 Ebnol
1353 4716 1558 4778 Arami,
1613 4705 1833 4768 Abadalt
1888 4713 2056 4767 Ebnol
2104 4714 2205 4768 Sa-

641 4815 791 4877 meti,
854 4823 903 4865 et
963 4810 1270 4862 Mosallcma
1319 4809 1438 4862 Ebn
1497 4806 1826 4871 illokalladi;
1877 4806 2207 4874 fueruntque

639 4906 802 4955 Amro
839 4914 996 4953 antea
1031 4910 1267 4968 quatuor
1308 4900 1547 4951 virorum
1597 4896 1798 4959 millia,
1848 4895 1982 4949 adeo
2015 4896 2203 4963 utjam

636 5010 801 5046 octies
843 4995 987 5044 mille
1039 4989 1336 5043 evaserint.
1388 4988 1684 5066 I’rzefeetus
1726 4997 1905 5041 autem
1954 4987 2201 5056 vectigali

639 5084 878 5152 xligypti,
931 5083 1144 5134 nomine
1200 5079 1431 5134 lleraclii
1470 5080 1835 5146 imperatoris,
1883 5077 1984 5129 fuit
2021 5080 2201 5130 Almo-

640 5176 860 5238 kaukas,
909 5175 998 5242 qui
1036 5185 1086 5226 et
1113 5171 1358 5226 Jacobita
1394 5171 1515 5232 fuit,
1568 5169 1786 5223 Graecos
1817 5169 1940 5223 odio
1972 5171 2199 5229 habens,

641 5268 740 5317 nisi
775 5267 913 5332 quod
961 5264 1282 5317 sententiam
1333 5277 1484 5316 suam
1527 5259 1880 5314 Jacobiticam
1921 5261 2093 5328 palam
2124 5260 2200 5312 fa-

641 5373 757 5409 cere
791 5357 890 5423 ipsi
928 5357 1100 5407 visum
1135 5371 1238 5406 non
1272 5361 1438 5415 esset,
1472 5368 1538 5404 ne
1571 5353 1638 5404 ab
1671 5353 1800 5419 ipsis
1830 5352 2194 5408 occideretur.

645 5447 782 5509 Quin
815 5455 867 5497 et
915 5445 1130 5514 Aigypti
1166 5444 1404 5498 redditus
1435 5443 1734 5497 detinuerat
1766 5458 1825 5495 ex
1857 5457 1960 5510 quo
1995 5443 2201 5496 obsedit

643 5537 801 5589 Ccsra
833 5537 1380 5604 ConstantinOpolim,
1431 5535 1565 5588 adeo
1607 5542 1663 5587 ut
1697 5536 1910 5586 timeret
1941 5537 1991 5586 in
2028 5533 2196 5587 llera-

644 5625 726 5677 elii
757 5627 1097 5694 imperatoris
1139 5643 1330 5678 manus
1388 5625 1625 5679 incidere
1678 5639 1745 5677 ne
1803 5623 1976 5692 ipsum
2027 5631 2198 5678 morte

645 5716 911 5773 multaret.
969 5720 1098 5773 Dolo
1139 5718 1299 5788 304
1346 5719 1509 5787 igitur
1558 5731 1684 5787 erga
1722 5717 2000 5771 Romanos
2041 5730 2191 5784 usus,

2303 3268 2467 3330 datis.
2499 3269 2748 3353 idemque
2771 3290 2867 3344 pro
2895 3277 3050 3332 vobis
3080 3287 3132 3332 et
3162 3294 3258 3348 pro
3299 3282 3476 3346 nobis,
3509 3282 3646 3336 idem
3671 3293 3854 3338 contra

2305 3372 2404 3412 vos
2432 3374 2496 3414 ac
2523 3370 2710 3418 contra
2744 3380 2843 3421 nos
2872 3365 3058 3430 faciat;
3086 3367 3212 3445 [hoc
3236 3370 3418 3442 pacto]
3444 3387 3472 3426 a
3501 3388 3679 3444 pugna
3706 3375 3855 3430 vobis

2304 3448 2584 3505 inferenda
2633 3454 2974 3520 desistcmus,
3036 3474 3211 3529 neque
3263 3461 3520 3515 damnum
3563 3464 3722 3517 vobis
3775 3467 3852 3518 in-
3933 3505 3936 3510 -

2305 3539 2455 3606 ferri,
2490 3545 2571 3596 vel
2611 3554 2668 3598 ut
2691 3547 2812 3615 quis
2835 3547 2889 3602 in
2930 3565 3026 3605 vos
3061 3551 3343 3606 inrursum
3379 3553 3543 3608 faciat
3577 3556 3852 3624 permitte-

2306 3625 2448 3683 nlus.
2482 3628 2634 3695 Quod
2659 3635 2702 3688 si
2737 3634 3012 3700 abnuatis,
3061 3638 3326 3693 tributum
3367 3643 3542 3706 nobis,
3583 3644 3726 3710 quod
3755 3659 3852 3697 no-

2304 3713 2387 3768 bis
2431 3717 2607 3770 visum
2647 3718 2829 3786 fuerit,
2881 3725 3174 3791 quotannis
3217 3725 3466 3795 pendatis
3518 3741 3851 3796 perpetuum,

2303 3798 2561 3873 quamdiu
2614 3812 2827 3881 utrique
2876 3815 3213 3883 superfuluri
3266 3832 3479 3880 sumus,
3541 3829 3703 3888 atque
3755 3820 3851 3874 hoc

2303 3910 2461 3965 paeto
2493 3914 2587 3953 vos
2611 3904 2678 3954 ab
2703 3903 2968 3963 omnibus.
2991 3905 3085 3975 qui
3124 3921 3219 3960 vos
3256 3909 3501 3977 aggressi
3534 3909 3848 3969 fuerint.vel

2304 3990 2394 4055 qui
2430 3992 2574 4058 quod
2609 3993 2659 4045 in
2689 3995 2925 4064 aliquam
2967 3998 3204 4067 regionis
3259 4008 3454 4054 vestrae
3486 4009 3718 4069 partem,
3776 4004 3848 4056 Vel

2304 4079 2440 4133 vitas
2472 4083 2552 4134 vel
2593 4081 2879 4140 facultates
2923 4099 3128 4143 vestras
3172 4087 3430 4143 damnum
3471 4091 3731 4154 intulerit.
3759 4094 3845 4147 de-

2305 4169 2617 4242 fendetnus,
2649 4185 2810 4245 atque
2842 4177 2942 4233 hoc
2965 4179 3117 4234 vobis
3144 4183 3442 4249 praestituri
3475 4198 3687 4250 sumus,
3728 4200 3846 4238 cuni

2305 4263 2360 4315 in
2397 4262 2569 4319 foedus
2599 4281 2629 4318 a
2666 4267 2822 4322 nobis
2856 4271 3058 4341 recepti
3112 4269 3345 4335 fueritis,
3390 4282 3551 4343 atque
3601 4278 3665 4329 ad
3715 4276 3846 4330 idem

2306 4363 2460 4423 pacto
2487 4358 2639 4412 vobis
2671 4359 2913 4414 obstricti
2943 4363 3169 4418 erimus.
3223 4361 3280 4417 Si
3312 4365 3415 4419 hoc
3444 4366 3713 4432 abnuatis,
3744 4383 3844 4421 non

2232 4489 2275 4545 Β
2305 4456 2549 4515 superest
2582 4450 2722 4504 inter
2773 4466 2871 4506 nos
2920 4459 2972 4506 et
3014 4468 3108 4508 vos
3142 4461 3338 4524 prater
3365 4457 3529 4525 gladii
3571 4459 3842 4526 judicium,

2311 4535 2482 4590 donec
2535 4538 2614 4591 vel
2672 4541 2735 4592 ad
2790 4555 2954 4594 unum
3009 4556 3197 4597 omnes
3237 4545 3555 4609 moriamur,
3597 4548 3677 4601 vel
3727 4546 3842 4600 illud

2309 4623 2450 4690 quod
2487 4624 2734 4679 volumus
2758 4640 3176 4696 consequamur.
3207 4628 3305 4682 Cui
3346 4631 3710 4686 Almokaukas
3744 4631 3841 4686 :Ut

2312 4713 2620 4782 religionem
2656 4725 2888 4768 vestram
2917 4716 3330 4784 amplectamur,
3382 4720 3482 4774 hoc
3515 4736 3602 4792 res
3624 4731 3710 4776 est
3735 4737 3840 4790 qua

2309 4800 2421 4852 tieri
2455 4801 2658 4869 nequit.
2688 4799 2839 4865 Quod
2867 4805 2930 4856 ad
2979 4803 3155 4858 fmdus
3185 4815 3388 4869 autem,
3427 4808 3560 4862 illud
3615 4812 3750 4876 quod
3781 4812 3838 4863 ad

2310 4904 2392 4942 me
2422 4900 2473 4943 et
2500 4893 2725 4946 comites
2764 4907 2908 4946 meos
2951 4893 3233 4962 Ceplititas
3260 4935 3275 4961 ,
3323 4911 3608 4967 acceptum
3638 4901 3795 4954 habeo
3824 4917 3835 4952 :

2307 4983 2605 5033 abnuerunt
2638 4991 2815 5034 autem
2848 4983 3016 5036 Graeci
3067 4984 3256 5039 foederi
3299 4987 3538 5043 ineundo
3573 5005 3834 5043 assensum

2308 5073 2560 5138 przebere,
2580 5073 2840 5126 dicentes:
2864 5072 3139 5142 Nunquam
3169 5077 3269 5130 hoc
3302 5078 3585 5134 faciemus.
3617 5080 3720 5135 lloc
3747 5096 3834 5133 au-

2307 5172 2410 5216 tem
2437 5163 2560 5215 fecit
2592 5166 2651 5214 Al
2675 5164 2961 5219 Mokaukas
2982 5165 3168 5221 fraude
3199 5185 3260 5222 ac
3284 5171 3429 5235 dolo,
3455 5181 3510 5225 ut
3541 5173 3612 5224 ita
3639 5173 3834 5226 Gracos

2304 5270 2364 5305 ex
2401 5270 2521 5307 arce
2545 5255 2796 5308 educeret
2824 5272 2836 5308 :
2867 5255 3028 5324 308
3074 5260 3196 5311 dein
3231 5275 3415 5327 pacem
3450 5263 3723 5330 amplexus
3744 5271 3832 5321 est.

2305 5361 2408 5411 quo
2453 5360 2582 5414 apes
2618 5361 2752 5413 quas
2799 5360 3163 5422 occupaverat
3207 5350 3307 5403 sibi
3358 5352 3537 5406 salvas
3571 5354 3830 5406 retineret.

2303 5436 2568 5491 Reversus
2602 5452 2728 5504 ergo
2762 5438 2980 5491 Abadali
3015 5437 3182 5493 Ebnol
3221 5440 3424 5495 Sameti
3458 5445 3622 5496 Amro
3646 5442 3831 5496 indica-

2304 5531 2376 5579 vit
2413 5526 2539 5595 quid
2582 5527 2780 5580 factum
2826 5541 2989 5582 esset.
3043 5528 3172 5582 Dein
3226 5529 3656 5585 Moliauunedani
3699 5540 3830 5586 certo

2298 5620 2406 5686 jam
2466 5618 2699 5671 scientes
2754 5632 2953 5685 paucos
3011 5631 3216 5672 tantum
3273 5622 3327 5674 in
3384 5636 3510 5676 arce
3538 5637 3825 5691 superesse,

2301 5710 2470 5778 ipsam
2500 5724 2672 5778 pugna
2712 5712 2948 5780 aggressl
2985 5725 3044 5766 ea
3071 5723 3218 5781 parte
3247 5727 3351 5782 qua
3389 5729 3531 5769 nunc
3573 5726 3653 5772 est
3681 5712 3843 5770 Sukol.

2859 5814 4028 6500 -Δ
