4082 6472
185 436 318 500 ῙῙῖὶ5

176 647 321 692 runt.
379 635 513 691 Tum
542 638 811 691 AlZabair
847 638 989 690 scala
1026 638 1176 690 lateri
1205 640 1345 694 areis
1375 640 1612 705 admota,
1665 658 1724 696 ea

177 743 295 796 quae
322 727 497 782 forum
530 729 674 783 istud
707 728 923 794 respicit
965 716 1134 796 parte,
1182 733 1444 796 ascendit,
1483 749 1588 785 non
1617 734 1729 784 ani-

175 801 642 872 madvertentibus
677 818 807 883 ipsis
844 817 1016 870 donec
1042 828 1306 886 occupato
1337 821 1479 874 arcis
1515 818 1727 890 fastigio

172 907 502 961 exclamaret
530 926 544 960 :
575 907 730 960 Allah
763 907 958 970 Achar,
988 923 1104 972 seu,
1133 909 1272 964 Deus
1302 912 1567 964 maximus
1593 920 1677 965 est
1710 931 1723 966 :

172 1011 294 1049 cum
373 999 574 1050 scalam
631 999 882 1052 certatim
935 999 1322 1053 scandentibus
1391 999 1726 1061 hominibus,

173 1086 344 1142 Graeci
371 1102 398 1140 a
429 1102 603 1154 pugna
635 1087 987 1151 desistentes.
1051 1088 1373 1144 conscensis
1417 1088 1646 1154 navigiis
1673 1087 1726 1140 in

174 1174 408 1228 insulam
435 1171 501 1229 ad
533 1176 716 1230 socios
762 1191 892 1232 suos
949 1192 1009 1230 se
1063 1184 1387 1252 receperunt
1414 1192 1427 1228 :
1457 1185 1622 1245 atque
1655 1176 1728 1228 ita

173 1267 625 1334 llahommedani,
660 1287 786 1325 arce
814 1281 994 1340 capta,
1039 1271 1270 1334 credere,
1316 1270 1541 1335 vincire,
1583 1269 1728 1324 diri-

171 1373 315 1426 pere.
363 1358 532 1414 ϐιωθὶ
579 1361 767 1430 igitur,
814 1361 932 1414 viso
967 1359 1098 1428 qu'd
1141 1359 1343 1414 fecerat
1371 1358 1727 1414 AlMukaukas

171 1463 404 1518 eumque
428 1489 444 1513 ,
499 1450 633 1519 ipsis
664 1449 855 1503 fraude
880 1464 945 1503 ex
975 1464 1113 1506 arce
1153 1448 1428 1514 abductis,
1480 1450 1726 1503 eamdem

173 1537 638 1591 Mahommedanis
690 1537 1002 1601 tradidisse,
1037 1579 1040 1582 .
1074 1551 1140 1593 ex
1191 1545 1346 1606 parte
1396 1538 1569 1608 ipsius
1619 1554 1729 1594 me-

168 1635 388 1683 tuentes
421 1629 630 1697 navi—gia
667 1628 1125 1694 conscenderunt,
1164 1630 1409 1699 atquein
1437 1629 1629 1683 Ceram
1677 1630 1728 1684 ol

165 1715 402 1770 Shoraik
453 1715 732 1790 [Shoraiki
761 1713 941 1791 vinea]
998 1735 1058 1775 se
1112 1717 1165 1773 in
1199 1719 1474 1775 exercitus
1511 1719 1728 1773 modum

170 1821 610 1876 composuerunt.
663 1799 1022 1867 Alllokaukas
1075 1808 1252 1865 autem
1289 1795 1425 1866 cum
1498 1811 1727 1864 Amrum

1558 445 1922 509 ANNALES.

179 546 397 600 llamam
431 547 631 617 [forum
658 548 864 618 Balnei]
904 547 1165 602 machinis
1201 563 1260 601 ac
1297 549 1522 606 ballistis
1557 555 1725 620 petie-
1756 571 1799 625 Α
1831 558 1970 622 quod
2017 557 2067 609 in
2126 555 2307 625 fugam
2365 556 2504 610 versi
2561 567 2898 611 recesserunt
2957 556 3126 609 Graeci

3246 448 3371 507 nos

3186 573 3198 609 ε
3249 559 3369 609 tlcitt

1833 647 2071 700 Salstano
2221 646 2433 700 obviam
2467 646 2594 701 facti
2617 647 2979 700 novemdecim
3000 647 3192 701 diebus
3215 649 3372 699 dimi-

1829 743 2022 788 earunt
2047 777 2060 801 ,
2097 736 2292 792 deinde
2315 744 2368 791 et
2399 739 2462 791 ad
2497 738 2748 806 Ceryaun
2779 738 2882 792 sibi
2912 730 3140 793 invicem
3186 753 3365 790 oecur-

1833 832 2012 878 rentes
2045 813 2193 894 gravi
2237 829 2416 895 prmlio
2446 830 2832 894 conﬂixerunt,
2883 830 3024 884 unde
3086 831 3137 883 iu
3194 830 3371 897 fugam

1831 914 2076 967 conversi
2102 913 2274 969 Graeci
2309 917 2690 972 Alexandriam
2740 932 2799 972 se
2843 910 3180 985 receperunt.
3215 929 3373 984 θυμω

1834 1003 1884 1055 in
1917 1002 2033 1070 ipsa
2061 1018 2120 1058 se
2146 1004 2519 1058 muniverunt.
2569 1007 2724 1061 Unde
2764 1007 3016 1061 leoninos
3045 1010 3254 1060 animos
3285 1024 3372 1058 su-

1833 1099 2043 1146 mentes
2071 1092 2300 1156 Arabes,
2333 1093 2730 1149 Alexandrinos
2755 1111 2928 1164 pugna
2963 1096 3372 1157 lacessiverunt,

1835 1189 1997 1247 atque
2033 1181 2146 1235 acri
2195 1183 2686 1253 eertamineipsos
2740 1187 2976 1254 aggressi
3014 1195 3160 1238 sunt.
3207 1186 3374 1239 Graeci

1832 1280 2024 1325 autem.
2049 1273 2286 1341 quotidie
2306 1291 2335 1329 e
2361 1276 2528 1343 portis
2567 1276 2769 1344 egressi
2796 1278 3139 1336 dimicarunt,
3164 1279 3295 1329 adeo
3319 1286 3376 1329 ut

1831 1377 1893 1417 ex
1923 1371 2153 1434 utroque
2178 1368 2421 1420 exercitu
2447 1381 2639 1436 magna
2663 1368 2933 1422 occideret
2955 1368 3258 1421 multitudo.
3286 1368 3377 1421 Die

1833 1458 2009 1525 autem
2034 1453 2264 1519 quodam
2289 1454 2487 1507 acriter
2506 1455 2640 1508 adeo
2663 1466 2929 1515 certatum
2954 1464 3056 1519 cst,
3095 1465 3148 1508 ιιι
3177 1458 3377 1509 Arabes

1831 1547 2017 1606 aperta
2046 1553 2169 1594 arce
2219 1540 2587 1594 Alexandrina
2631 1543 2771 1596 intra
2825 1545 2997 1612 ipsam
3051 1546 3196 1622 gravi
3256 1559 3377 1596 eum

1833 1627 1966 1696 ipsis
2000 1643 2177 1698 pugna
2230 1629 2609 1697 conﬂixerint;
2640 1632 2765 1686 dein
2820 1633 2872 1684 in
2908 1635 3053 1701 ipsos
3108 1635 3377 1687 irruentes

1831 1717 2024 1782 Graeci,
2046 1721 2253 1774 easteris
2276 1721 2466 1788 pulsis,
2490 1722 2710 1776 Amrnm
2737 1722 2907 1775 Ebnol
2942 1725 3053 1785 Asi,
3080 1723 3374 1776 Muslemah

1835 1804 2004 1860 Ebnol
2064 1806 2381 1864 Mocltalledi
2437 1820 2490 1864 et
2554 1810 2886 1865 Wardanutn
2945 1813 3087 1864 Atnri
3143 1828 3375 1869 servum.

171 1897 234 1953 de
282 1898 489 1956 laedere
533 1902 673 1964 inter
713 1905 862 1972 ipsos
909 1905 1191 1973 pangendo
1212 1903 1472 1968 adiisset,
1503 1905 1571 1958 de
1623 1902 1727 1957 hoc
1759 1909 1799 1966 Β
1832 1910 1953 1956 cum
2001 1896 2106 1950 alio
2150 1899 2408 1966 quodam,
2457 1901 2696 1969 captivos
2744 1908 3024 1967 ceperunt,
3081 1903 3377 1955 nescientes

170 1989 312 2045 inter
354 1992 502 2062 ipsos
527 1995 803 2058 convenit,
839 2002 896 2049 ut
927 1996 1180 2049 omnibus
1209 1994 1540 2050 Mesrnmum
1573 2008 1600 2046 a
1626 2009 1719 2048 su-

171 2083 366 2146 periori
399 2086 516 2153 ejus
548 2081 702 2156 parte
732 2102 902 2154 usque
937 2087 1001 2140 ad
1055 2085 1368 2142 interiorem
1430 2086 1720 2140 incolenti-

170 2170 291 2235 bus,
325 2172 878 2244 imponerenturduo
919 2175 1066 2230 aurei
1096 2191 1123 2228 a
1177 2175 1407 2244 singulis
1451 2174 1718 2244 pendendi

170 2265 276 2312 tam
307 2261 582 2318 nobilibus
609 2278 768 2332 quam
793 2264 1033 2333 plebeiis,
1081 2265 1327 2319 videlicet
1361 2273 1626 2335 quotquot
1655 2264 1744 2318 ad‘

171 2358 383 2406 :etatem
411 2355 816 2422 pervenissent;
843 2363 896 2409 at
925 2370 1026 2409 nec
1047 2371 1077 2410 a
1112 2356 1266 2410 senio
1300 2355 1586 2418 conlectis,
1619 2369 1720 2411 nec

173 2443 358 2509 pueris
416 2445 825 2501 minorennibus
880 2447 970 2513 qui
1031 2460 1204 2502 annos
1257 2447 1558 2515 pubertatis
1614 2462 1721 2501 non

171 2532 500 2600 attigissent,
535 2535 885 2607 309.311
929 2551 1026 2591 nec
1060 2551 1088 2589 a
1120 2536 1440 2590 mulieribus
1487 2539 1725 2606 postula-

171 2632 319 2675 retur
343 2624 668 2694 quidquam.
710 2627 1002 2682 Numerum
1061 2628 1221 2685 etiam
1260 2628 1501 2689 inierunt
1529 2644 1718 2684 eorum

172 2729 200 2767 e
223 2714 494 2784 Cophtitis
526 2717 845 2786 praesertim,
869 2721 957 2788 qui
991 2719 1193 2774 tributo
1211 2721 1489 2788 pendendo
1509 2719 1724 2777 obnoxii

169 2818 387 2873 essent;
447 2807 775 2880 fueruntque
822 2813 911 2880 qui
951 2811 1216 2864 numerati
1261 2817 1409 2873 sunt,
1469 2811 1715 2866 homines

171 2900 348 2954 sexies
405 2899 603 2956 millies
664 2902 832 2964 mille,
891 2918 1120 2970 quorum
1176 2917 1371 2956 census
1414 2901 1709 2957 duodecies

171 2991 366 3045 millies
405 2993 930 3065 aiireorum‘millia;
961 2995 1112 3048 binos
1149 3003 1326 3050 autem
1382 3008 1575 3048 aureos
1605 2995 1727 3050 istis

171 3079 453 3146 imposuit,
520 3097 620 3152 pro
664 3083 785 3139 illis
830 3084 1231 3140 immunitatem
1288 3085 1420 3150 ipsis
1457 3084 1728 3153 pollicitus

170 3169 271 3226 ﬁde
306 3173 485 3227 llrma.

1827 1986 2046 2040 interim
2071 1989 2291 2056 quinam
2322 2001 2524 2045 essent.
2556 1991 2765 2056 Quibus
2789 1990 3056 2046 Patricius
3084 2010 3094 2043 :
3129 1990 3269 2051 Jam,
3299 1993 3376 2042 in-

1822 2079 1961 2146 quit,
2020 2080 2074 2132 in
2133 2081 2384 2136 manibus
2440 2083 2646 2137 nostris
2679 2083 2877 2151 captivi
2935 2084 3099 2147 estis;
3150 2083 3374 2136 indicate

1823 2168 1980 2224 nobis
2015 2171 2142 2239 quid
2176 2182 2261 2226 est
2287 2174 2429 2240 quod
2475 2177 2502 2226 a
2549 2174 2704 2228 nobis
2735 2175 2934 2228 velitis.
2984 2173 3079 2227 Cui
3131 2175 3330 2226 Amrus
3361 2193 3372 2226 :

1783 2300 1792 2306 -
1822 2259 2167 2329 313—315
2202 2261 2333 2327 Hoc,
2365 2263 2464 2334 vel,
2501 2272 2562 2317 ut
2587 2264 2892 2330 religionem
2915 2272 3147 2316 nostram
3180 2264 3371 2332 ample

1823 2350 2066 2413 ctamini,
2102 2353 2183 2406 vel
2219 2339 2375 2407 nobis
2425 2355 2680 2408 tributum
2735 2356 3014 2423 pendatis;
3072 2358 3205 2411 alias
3233 2372 3373 2409 nntt-

1825 2453 1985 2508 quam
2032 2456 2127 2497 vos
2157 2457 2465 2514 Oppugnare
2499 2446 2836 2506 deststemus,
2874 2448 3040 2500 donec
3083 2450 3166 2500 vel
3223 2462 3322 2501 nos
3350 2461 3376 2500 e

1827 2531 2004 2584 medio
2060 2532 2287 2596 tollatis,
2347 2535 2430 2588 vel
2482 2537 2584 2603 ipsi
2634 2538 2849 2605 penitus
2901 2539 3187 2592 tollamini.
3239 2539 3374 2592 Dixit

1825 2631 1955 2690 ergo
2011 2635 2040 2673 e
2085 2620 2284 2679 Graecis
2339 2623 2557 2692 quidam
2606 2626 2879 2679 Patricio:
2932 2626 3186 2693 Suspicor
3240 2627 3379 2679 hunc

1827 2710 2008 2778 populi
2043 2712 2422 2780 imperatorem
2457 2728 2598 2779 esse,
2634 2717 2830 2769 collum
2882 2733 3007 2784 ergo
3044 2718 3140 2785 ipsi
3195 2722 3379 2785 praeci-

1827 2798 1966 2865 das;
2006 2785 2169 2856 Amro
2198 2802 2404 2856 scilicet
2445 2803 2615 2857 Ehnol
2664 2805 2779 2858 Asi.
2816 2805 3124 2860 Wardauus
3175 2815 3374 2868 autem,

1829 2889 1953 2955 quid
2011 2893 2214 2945 diceret
2267 2893 2673 2958 animadverso,
2724 2910 2846 2948 cum
2903 2911 3075 2964 gitece
3143 2897 3378 2958 calleret“,

1831 2978 1931 3046 ipsi
1971 2979 2018 3032 vi
2060 2991 2288 3036 attracto
2333 2984 2621 3051 colaphum
2688 2984 2907 3048 inﬂixit,
2959 2986 3187 3040 dicens:
3242 2986 3377 3053 Quid

1833 3068 1926 3122 tibi
1959 3078 2015 3121 ut
2057 3069 2170 3125 hate
2207 3072 2449 3140 loquaris
2481 3074 2623 3128 inter
2657 3075 2952 3144 principes,
3003 3092 3124 3129 eum
3173 3093 3277 3131 non
3311 3079 3382 3132 sit

1835 3158 1889 3211 in
1919 3160 2172 3214 exercitu
2208 3161 2300 3230 qui
2347 3171 2398 3217 te
2431 3162 2656 3218 inferior
2708 3165 2800 3228 sit,
2854 3165 2934 3217 vel
2968 3167 3175 3229 minor;
3219 3168 3378 3220 alium
3426 3162 3431 3167 ’

236 3262 374 3318 Tum
405 3242 714 3320 ad'Amrum
740 3265 909 3321 Ebnol
935 3265 1022 3322 Asi
1050 3267 1309 3321 accedens
1326 3265 1718 3322 AlMol‘tauk‘as:
1754 3243 1797 3298 θ
1830 3251 1972 3320 Ιοίιυῑ
2013 3252 2162 3318 Sine;
2189 3261 2244 3308 ῑυ
2266 3271 2374 3323 PNe
2405 3256 2605 3310 νῖιίιειῑθ
2640 3265 2729 3310 ῑυ³
2755 3265 2806 3311 ιο
2834 3259 3045 3313 comma
3079 3258 3220 3312 θίκίι
3253 3273 3380 3328 ergo

171 3353 308 3409 Nihil
348 3355 567 3427 (inquit)
609 3358 739 3411 mihi
794 3366 875 3412 est
933 3373 1054 3411 cum
1121 3355 1344 3420 Grmcis,
1411 3371 1584 3424 neque
1629 3353 1749 3424 εει-β

171 3445 290 3499 dem
319 3447 604 3501 mihicum
634 3449 739 3502 illis
774 3447 981 3518 religio,
1031 3462 1203 3515 neque
1248 3448 1552 3502 communis
1600 3462 1724 3501 sen-

171 3537 363 3590 tentia.
395 3536 590 3590 Vernm
627 3547 771 3590 metu
814 3552 881 3591 ne
947 3537 1014 3590 ab
1070 3537 1204 3615 ipsis
1243 3546 1414 3591 morte
1443 3537 1721 3600 multarer,

174 3625 492 3697 religionem
522 3635 783 3682 et-meam
815 3627 878 3680 de
911 3627 1150 3695 ipsorum
1203 3627 1459 3708 opinione
1505 3637 1723 3682 sentcn-

175 3717 297 3770 tiam
335 3717 528 3782 celavi,
564 3732 627 3771 ae
658 3717 793 3770 clam
826 3717 1006 3771 habui.
1042 3718 1378 3772 Peto-autem
1409 3733 1436 3771 a
1462 3726 1513 3772 te
1539 3726 1595 3770 ut
1626 3720 1722 3772 tria

176 3809 302 3863 mihi
337 3810 611 3879 postulata
647 3809 936 3863 concedas.
975 3808 1230 3872 Quaenam
1263 3810 1458 3878 (inquit
1506 3809 1722 3875 Amrus)

174 3910 298 3952 sunt
325 3899 472 3952 ista?
505 3897 803 3966 Respondit
836 3916 848 3951 :
881 3898 957 3952 Ne
985 3913 1067 3953 me
1101 3913 1130 3952 a
1186 3899 1418 3965 Captitis
1466 3914 1722 3967 separes:

174 3990 262 4042 sed
291 3989 442 4043 mein
462 4005 646 4043 eorum
675 4005 900 4044 numero
923 3991 1141 4052 habeas,
1164 3990 1407 4059 idemque
1429 3989 1555 4043 mihi
1583 3990 1724 4059 quod

175 4077 276 4132 illis
325 4080 594 4147 imponas,
627 4079 895 4146 siquidem
951 4093 1076 4133 cum
1111 4079 1243 4147 ipsis
1302 4094 1508 4143 assero,
1561 4089 1723 4148 atque

177 4167 279 4222 illis
312 4170 364 4224 in
396 4171 479 4228 iis,
508 4182 626 4238 qum
652 4169 716 4221 ad
745 4184 830 4222 me
861 4166 1302 4235 spectant,ﬁdem
1328 4166 1520 4225 habeo.
1554 4166 1722 4221 Porro

177 4240 403 4329 Coptitee
433 4262 609 4314 fmdus
640 4260 786 4328 quod
839 4274 961 4312 cum
997 4259 1132 4327 ipsis
1165 4258 1331 4311 iniisti
1368 4273 1431 4312 ac
1478 4259 1723 4327 pepigisti

176 4348 509 4403 observaturi
555 4359 701 4403 sunt.
749 4349 1086 4410 Secundum,
1123 4355 1180 4399 ιιι
1235 4347 1280 4400 si
1317 4347 1545 4415 posthac
1586 4362 1615 4400 a
1675 4357 1726 4402 te

181 4442 429 4507 petieriut
489 4439 682 4503 Graeci,
715 4436 720 4440 ”
749 4448 807 4491 ιιι
845 4454 965 4492 cum
1027 4439 1134 4492 illis
1183 4451 1368 4506 pacem
1406 4437 1596 4502 facias,
1657 4453 1725 4491 ne

179 4529 304 4583 illud
336 4531 504 4583 facias
539 4529 712 4583 donec
748 4529 892 4597 ipsos
921 4525 1321 4596 disperdideris,
1343 4528 1465 4581 etin
1498 4526 1727 4581 sentitu-

181 4632 280 4674 tem
321 4623 588 4691 redegeris
619 4638 630 4673 :
666 4617 926 4689 siquidem
958 4620 1060 4673 hoc
1087 4619 1231 4687 digni
1281 4628 1427 4672 sunt.
1455 4618 1720 4682 Tertium,

181 4719 236 4761 ιιι
288 4712 331 4762 si
404 4711 626 4774 moriar,
656 4708 867 4775 iubeas.
900 4709 1045 4776 ipsos
1099 4723 1183 4760 me
1237 4707 1287 4760 iu
1353 4707 1580 4761 ecclesia
1630 4709 1725 4763 Abi

181 4796 406 4852 Joannis
437 4798 777 4851 Alexandriae
809 4799 1060 4865 sepelire.
1096 4799 1268 4865 Atque
1319 4799 1430 4850 haec
1460 4800 1729 4852 concessit

181 4892 226 4942 ei
260 4893 456 4943 Amrus
488 4897 588 4943 hoc
625 4901 806 4958 pacto,
840 4899 894 4941 ut
929 4890 978 4940 in
1032 4904 1090 4941 se
1145 4888 1488 4956 susciperent
1536 4899 1760 4956 pontes.

183 4978 316 5033 duos
343 4980 682 5043 reﬁciendos,
740 4994 802 5031 ac
863 4979 1163 5031 diversoria
1219 4980 1351 5046 ipsis
1383 4987 1436 5031 et
1471 4980 1734 5046 hospitia,

184 5082 233 5122 et
263 5073 377 5124 fora
415 5086 477 5123 ac
533 5081 726 5140 pontes
785 5072 986 5139 ubique
1025 5070 1183 5138 312
1237 5075 1376 5123 inter
1414 5071 1727 5124 Phastatum

184 5174 232 5214 et
263 5163 643 5217 Alexandriam
694 5171 946 5231 pararent
982 5180 995 5214 :
1031 5163 1172 5228 quod
1207 5169 1259 5215 et
1307 5161 1573 5227 fecerunt,
1607 5178 1730 5230 pr0~

187 5254 473 5308 ιιιιιιιιιίιιιιδ
526 5255 857 5320 Ceptitaruin
913 5248 1238 5319 printeribus
1291 5256 1354 5304 ad
1417 5253 1552 5304 viam
1627 5254 1732 5304 illis

191 5330 508 5408 parandam;
545 5355 863 5412 pontesque,
896 5359 959 5396 ac
993 5344 1106 5397 fora
1158 5351 1211 5398 et
1256 5343 1551 5396 diversoria
1599 5343 1732 5409 ipsis

189 5439 426 5490 curanda
460 5456 472 5490 :
507 5437 635 5506 quin
666 5445 717 5489 et
750 5437 1010 5489 auxilium
1057 5436 1188 5504 ipsis
1232 5436 1466 5488 tulerunt
1500 5435 1730 5504 Coptitze

194 5543 515 5597 quacunque
574 5530 626 5581 in
689 5546 745 5582 re
811 5532 1100 5582 voluerunt
1158 5527 1220 5579 ad
1284 5526 1500 5580 Graecos
1565 5543 1734 5595 oppu-

195 5619 454 5683 gnandos.
517 5619 797 5674 Profectus
859 5630 942 5674 est
1001 5634 1130 5688 ergo
1188 5633 1309 5672 cum
1365 5618 1477 5670 suis
1535 5619 1730 5670 Amrus

196 5707 361 5764 donec
389 5712 591 5766 Grtecis
622 5712 881 5766 universis
904 5711 958 5763 in
990 5712 1214 5765 Ceramo
1275 5708 1505 5762 Shoraih
1537 5722 1729 5762 oecur-

199 5809 377 5860 reret:
418 5804 506 5858 ubi
545 5820 634 5866 per
662 5803 898 5858 triduum
953 5820 1125 5869 pugna
1177 5803 1554 5860 dcccrtaruut:
1614 5807 1730 5870 νυξὶ

1830 3339 1970 3407 apud
2001 3355 2060 3395 se
2091 3341 2390 3398 Patricius:
2423 3344 2478 3399 Si
2511 3355 2655 3400 esset
2677 3346 2765 3399 ille
2790 3350 3085 3417 imperator
3112 3349 3377 3418 ipsorum,

1830 3432 1948 3485 fieri
1983 3447 2089 3487 non
2126 3444 2308 3502 posset
2337 3445 2396 3489 ut
2437 3435 2524 3490 hic
2559 3437 2734 3507 ipsum
2768 3439 2870 3492 hoc
2920 3441 3081 3496 modo
3119 3441 3377 3507 traheret,

1831 3536 1894 3576 ac
1925 3522 2175 3593 colaphis
2205 3525 2458 3581 caederet.
2489 3525 2634 3580 Dixit
2665 3527 2959 3583 Muslemah
2992 3529 3104 3586 Ebn
3139 3531 3382 3587 Mochal-
3416 3550 3418 3552 ·

1827 3612 1974 3668 lcdi:
2016 3614 2074 3668 in
2126 3617 2305 3670 animo
2347 3617 2533 3673 habuit
2584 3621 2876 3688 imperator
2932 3629 3116 3676 noster
3167 3641 3196 3676 ει
3229 3624 3408 3679 vobis.

1828 3693 2508 3775 Opptig'nandisrecedere,
2569 3716 2730 3779 atque
2761 3711 2906 3765 hunc
2940 3713 2990 3765 in
3047 3716 3204 3768 linem
3241 3717 3382 3768 seti-

1827 3796 1933 3866 psit
1980 3798 2044 3852 ad
2102 3798 2276 3866 ipsum
2332 3799 2626 3867 imperator
2681 3800 2938 3866 fidelium,
2995 3802 3158 3856 Omar
3212 3805 3378 3856 Elmul

1827 3887 2087 3951 Chetabi;
2128 3888 2290 3958 idque
2323 3891 2466 3958 quod
2498 3901 2761 3944 statuerat
2792 3893 2975 3946 decem
3011 3908 3038 3946 e
3070 3895 3182 3947 suis
3215 3897 3381 3948 duces

1827 3978 1890 4030 ad
1923 3994 2016 4031 vos
2075 3978 2306 4044 mittere,
2363 3994 2392 4033 e
2441 3981 2729 4050 praecipuis
2791 3981 2998 4036 scilicet
3046 3998 3232 4036 cerutn
3291 3991 3378 4051 qui

1828 4069 2062 4123 consilio
2104 4071 2386 4138 pollerent,
2439 4088 2545 4141 quo
2581 4073 2720 4126 inter
2752 4070 2849 4127 vos
2881 4083 2933 4127 et
2986 4075 3130 4142 ipsos
3181 4092 3382 4129 conve-

1829 4158 1967 4210 niret
2001 4158 2067 4212 de
2101 4174 2158 4213 re
2187 4160 2391 4229 aliqua,
2415 4175 2533 4228 qua;
2565 4161 2809 4230 utrisque
2837 4170 2986 4230 grata
3029 4172 3194 4226 esset,
3227 4166 3383 4218 adeo-

1829 4265 1932 4315 que
1960 4265 1989 4302 a
2020 4250 2172 4304 vobis
2197 4261 2612 4307 reverteremur.
2647 4251 2704 4307 Si
2733 4269 2864 4323 ergo
2913 4255 3015 4308 hoc
3049 4257 3202 4308 vobis
3248 4259 3382 4310 arri-

1829 4339 1975 4404 deat,
2022 4340 2278 4396 dimittite
2313 4358 2411 4397 nos
2447 4357 2555 4410 quo
2588 4346 2653 4397 ad
2705 4345 3083 4412 imperatorem
3135 4357 3376 4400 nostrum

1840 4438 2163 4492 accedentes
2198 4439 2483 4493 certiorem
2519 4440 2696 4509 ipsum
2753 4440 3014 4496 faciamus
3049 4454 3248 4511 quanta
3284 4461 3381 4497 nos

1763 4543 1955 4618 Dcum
2019 4528 2357 4583 humanitate
2411 4532 2803 4596 tractaveritis,
2857 4543 3140 4602 nnttatque
3177 4535 3241 4587 ad
3291 4552 3382 4588 vos

1834 4619 2238 4684 decemduccs,
2272 4627 2433 4689 atque
2465 4623 2540 4674 ita
2572 4623 2876 4691 composito
2903 4625 3041 4677 inter
3076 4630 3258 4678 noset
3290 4641 3382 4677 vos

1837 4711 2075 4779 negotio,
2108 4711 2271 4781 316
2296 4727 2360 4765 eo
2394 4711 2554 4766 modo
2583 4713 2673 4781 qui
2727 4715 2976 4782 utrisque
3006 4723 3190 4783 gratus
3228 4717 3316 4776 sit,
3354 4731 3381 4766 a

1836 4804 1990 4855 vobis
2022 4804 2361 4857 recedamus.
2392 4802 2558 4856 liatus
2586 4802 2856 4858 Patricius
2889 4821 3074 4858 verum
3099 4821 3213 4858 esse
3239 4808 3381 4872 quod

1838 4895 2068 4954 dixerat,
2121 4895 2538 4962 dimisitipsos,
2571 4909 2796 4963 sperans
2845 4911 3162 4948 accessuros
3220 4898 3384 4947 duces

1835 4984 2017 5036 decem
2052 4999 2188 5052 quos
2219 4984 2468 5039 occidere
2526 4994 2727 5051 posset,
2778 4994 2958 5054 atque
2994 4988 3060 5037 ita
3094 4987 3298 5036 Arabes
3331 4986 3382 5036 iu

1837 5083 2150 5142 potestatem
2204 5091 2358 5128 suam
2392 5076 2676 5143 redigere:
2714 5074 2862 5128 abire
2893 5089 3020 5141 ergo
3077 5075 3221 5139 ipsos
3267 5090 3382 5140 per-

1837 5165 2004 5217 misit.
2042 5166 2121 5216 Illi
2156 5181 2281 5217 vero
2317 5165 2401 5219 tibi
2440 5165 2644 5232 egressi
2679 5173 2884 5227 essent,
2921 5163 3054 5215 dixit
3087 5163 3380 5216 Moslemah

1837 5257 2001 5306 Amro
2035 5253 2188 5306 Ehnil
2229 5256 2359 5307 Asi:
2417 5253 2559 5306 lleus
2593 5255 2756 5305 Amre
2795 5255 2807 5304 l
2842 5253 3092 5304 liberavit
3143 5261 3193 5304 te
3225 5253 3380 5302 War-

1837 5343 1960 5396 dani
2022 5344 2305 5412 colaplms.
2377 5343 2505 5397 Dein
2570 5343 2732 5395 Deum
2798 5340 3089 5392 maximum
3150 5339 3382 5391 celi-bra—

1835 5442 1979 5489 runt.

1905 5527 2112 5580 Nurunt
2147 5542 2272 5592 ergo
2309 5525 2535 5579 Romani
2567 5528 2790 5578 Amrum
2825 5522 2988 5575 fuisse
3018 5520 3102 5585 qui
3141 5519 3382 5587 Captivus

1839 5617 2015 5671 fuerat
2047 5633 2058 5668 :
2095 5619 2449 5686 pmnituitque
2485 5618 2604 5669 illos
2640 5616 2784 5682 quod
2824 5617 2994 5682 ipsum
3031 5610 3380 5662 dimisisscnt.

1838 5709 1974 5762 Tum
2009 5709 2388 5760 accedentibus
2442 5709 2574 5774 ipsis
2608 5723 2667 5760 ac
2702 5707 2970 5757 llomanos
3004 5702 3239 5754 clamore
3263 5717 3381 5750 υνυ-

1851 5802 2098 5855 cantilius
2138 5800 2280 5857 arari
2333 5799 2630 5854 certamine
2662 5803 2952 5852 nuanatum
2986 5799 3098 5850 cst:
3159 5789 3381 5845 Romani
