4082 6488
647 528 777 593 1107

1594 540 1951 605 EUTYCIIII
1994 545 2514 607 ALEXANURINI
2557 551 2772 615 PATR.

3536 448 3825 455 ﬂ“.

3681 550 3798 615 NB

641 651 820 695 autem
876 642 930 696 In
963 643 1135 712 fugam
1182 649 1453 713 conversi,
1492 648 1593 704 .alii
1652 653 1716 725 ad
1773 670 1919 708 mare
1947 670 2005 708 se
2038 657 2173 708 reri.
2203 661 2242 713 Α
2277 658 2417 712 mina
2467 658 2721 715 Phustato
2774 663 3085 716 Kolzamum
3138 658 3472 722 deferebant.
3519 676 3644 730 qua:
3686 662 3799 711 dein

639 736 851 802 pientes
912 732 1124 809 navigia
1175 743 1633 809 conscenderunt,
1679 746 1766 800 alii
1824 763 1917 817 per
1971 757 2165 803 terram

641 825 907 890 abierunt,
940 840 1002 883 ac
1028 826 1253 897 ingressi
1288 841 1416 885 sunt
1442 833 1735 890 ﬂoslemini
1765 836 2166 897 Alexandriam.

640 920 922 981 postquam
954 915 1006 968 in
1056 914 1223 985 ipsius
1248 918 1534 975 obsidione
1584 937 1792 977 menses
1840 925 2169 992 quatuorde-

639 1005 741 1055 eam
778 1003 1212 1073 insumpsissent.
1262 1008 1538 1079 Captaque
1562 1012 1667 1080 jam
1699 1013 1832 1085 urbe
1862 1022 2017 1089 atque
2051 1016 2169 1081 fuga

640 1089 862 1160 dilapsis
915 1094 1005 1162 qui
1052 1110 1082 1151 e
1131 1096 1391 1153 Romanis
1442 1098 1710 1166 fugerant,
1771 1105 2044 1175 profectus
2090 1115 2171 1158 cst

637 1182 835 1238 Amrus
861 1184 1030 1240 Ebnol
1052 1186 1144 1242 Asi
1174 1204 1268 1245 eos
1294 1191 1384 1261 qui
1412 1207 1507 1261 per
1529 1201 1725 1247 terram
1758 1188 2007 1263 fugerant
2028 1210 2171 1264 quaa-

638 1276 823 1329 silum.
863 1275 941 1329 illi
972 1287 1149 1331 autem
1183 1294 1246 1333 ex
1303 1280 1433 1347 ipsis
1462 1284 1553 1350 qui
1605 1298 1699 1351 per
1746 1298 1891 1338 mare
1929 1284 2171 1353 fugerant

637 1360 1017 1418 Alexandriam
1050 1369 1268 1430 reversi,
1302 1368 1644 1425 Mosieminos
1669 1372 1761 1440 qui
1790 1373 1843 1425 in
1878 1386 1939 1425 ea
1973 1371 2167 1441 reperti

638 1462 765 1519 sunt
797 1454 1133 1511 occiderunt.
1172 1458 1447 1525 Cumque,
1498 1473 1562 1512 eo
1594 1460 1777 1513 audito
1807 1474 2053 1513 reversus
2084 1476 2171 1513 es-

640 1553 720 1594 set
748 1543 945 1598 Amrus
968 1548 1086 1617 acri
1122 1548 1295 1614 ipsmn
1341 1562 1515 1617 pugna
1559 1550 1708 1615 juxta
1742 1564 1918 1603 arcem
1945 1564 2171 1617 excepe-

640 1630 799 1696 runt;
835 1648 936 1701 qua
963 1616 1028 1689 ab
1073 1636 1190 1703 ipso
1245 1646 1399 1706 capta
1428 1616 1661 1691 rursum
1692 1638 1757 1692 ad
1793 1653 1957 1694 naves
1983 1616 2172 1694 confu-

638 1732 831 1787 gerunt
882 1725 1125 1779 Romani.
1152 1724 1379 1795 Scripsit
1408 1741 1535 1797 ergo
1567 1726 1760 1782 Amrus
1795 1726 1961 1782 Ebnoi
1987 1730 2071 1781 Asi
2106 1728 2171 1781 ad

638 1812 889 1865 timaru-n
935 1812 1087 1869 Ebnil
1121 1816 1385 1870 Cbetabi:
1422 1815 1619 1872 Urbem
1669 1818 1783 1885 cepi
1816 1817 1869 1871 in
1910 1824 2013 1885 qua
2047 1817 2171 1885 quid

638 1902 706 1954 sit
736 1917 842 1955 non
887 1902 1210 1969 describam,
1258 1904 1363 1960 uisi
1412 1907 1554 1975 quod
1603 1906 1655 1959 in
1709 1907 1823 1975 ipsa
1881 1908 2168 1974 repererim

2278 762 2371 817 per
2421 763 2567 802 mare
2600 738 2819 802 Salsum
2877 750 3137 804 Medinam
3192 748 3592 811 deferebantur.
3659 742 3804 818 Cepit

2276 835 2434 888 etiam
2467 836 2664 891 Amrus
2725 836 2895 890 Ebnol
2952 838 3043 891 Asi
3099 836 3355 907 Tripolim
3414 838 3801 907 occidentalem

2284 936 2426 975 anno
2460 921 2630 977 Heirm
2680 924 2937 979 vicesimo
2986 926 3243 988 secundo,
3300 940 3545 979 necnon
3596 926 3803 993 imperii

2278 1008 2503 1064 lleraclii
2532 1011 2787 1066 vicesimo
2814 1010 3074 1076 secundo,
3111 1014 3398 1069 chalifatus
3418 1014 3604 1067 Omari
3638 1012 3805 1065 Ehnol

2276 1096 2497 1153 Cbetabi
2530 1100 2756 1154 decimo.
2778 1101 3157 1169 Exstruxitque
3178 1102 3373 1157 Amrus
3401 1104 3652 1157 Phustati
3680 1112 3809 1155 tem-

2279 1186 2421 1256 plum
2455 1204 2725 1256 magnum.
2762 1191 2927 1244 Porro
2959 1191 3275 1245 interfectus
3306 1203 3389 1247 est
3432 1192 3597 1247 Omar
3646 1191 3811 1245 Ebool

2279 1276 2506 1332 Chetabi
2555 1279 2799 1342 Mediam,
2846 1281 3198 1335 interficiente
3236 1282 3410 1349 ipsum
3457 1284 3571 1335 Abu
3628 1281 3813 1335 Latna:

2277 1384 2434 1423 servo
2482 1370 2703 1439 Mogira:
2761 1372 2876 1425 Ehn
2925 1370 3168 1425 Shaabaa.
3220 1371 3363 1425 Obiit
3414 1372 3502 1424 die
3526 1373 3609 1424 flii
3646 1372 3815 1440 Hojja

2278 1460 2539 1512 vicesimo
2591 1460 2842 1529 septimo.
2905 1475 3045 1513 anno
3095 1459 3271 1514 lieirze
3323 1460 3580 1512 vicesimo
3631 1460 3813 1518 tertio,

2284 1564 2380 1601 nec
2415 1564 2517 1602 non
2554 1549 2762 1618 imperii
2795 1548 3024 1604 lieraelii
3061 1552 3314 1604 vicesimo
3346 1551 3510 1601 tertio
3557 1564 3687 1601 cum
3721 1564 3817 1599 an.

2279 1653 2466 1691 norum
2503 1646 2643 1692 esset
2672 1640 2947 1706 sexaginta
2977 1638 3159 1703 trium,
3194 1650 3433 1707 tempore
3461 1636 3815 1705 321-323

2278 1730 2537 1783 orationis
2567 1728 2864 1783 matutinae.
2908 1727 3025 1782 Jam
3051 1738 3230 1782 autem
3280 1729 3335 1782 in
3372 1728 3667 1781 consilium
3722 1742 3815 1779 ro-

2276 1820 2477 1872 eandos
2505 1818 2593 1888 [de
2639 1833 2953 1872 successore
2984 1817 3252 1893 eligendo]
3288 1826 3552 1871 statuerat
3579 1832 3677 1869 sex
3712 1815 3820 1867 llo-

2281 1908 2399 1961 ham
2452 1908 2695 1973 comites,
2720 1908 3041 1962 Othmanum
3071 1907 3182 1960 Ebn
3212 1908 3383 1967 Ali‘an.
3410 1908 3545 1960 Alim
3578 1906 3698 1958 Ebn
3721 1904 3815 1957 Abi

638 1992 833 2056 palatia
882 2003 1068 2059 quater
1102 1994 1279 2059 n'iilie;
1315 1995 1499 2050 balnea
1524 2004 1713 2064 quater
1750 1997 1929 2059 mille;
1961 1996 2172 2050 Judaro-
2210 1982 2249 2035 Β
2279 1997 2481 2063 Taiebi,
2513 1995 2737 2051 Talbum
2770 1998 3027 2050 Allobair
3076 1997 3240 2049 Ebnol
3288 1999 3472 2055 Aram,
3508 1992 3816 2046 Abdorrah-

638 2098 753 2132 llllll
808 2082 900 2149 qui
938 2083 1197 2137 tributum
1224 2074 1806 2155 solvuntquadraginta
1828 2085 2176 2156 317-319

638 2171 826 2236 millia,
875 2172 1053 2226 cireos
1092 2174 1271 2242 regios
1316 2176 1759 2243 quadringentos,
1816 2176 2038 2230 olitores
2081 2176 2172 2244 qui

636 2261 780 2313 olera
805 2261 1036 2315 vendunt
1059 2262 1343 2317 duodecies
1378 2266 1541 2321 mille.
1572 2266 1746 2333 ipsam
1796 2280 1922 2320 vero
1954 2266 2005 2318 vi
2033 2266 2171 2333 cepi,

639 2350 789 2401 nullo
822 2351 957 2402 inito
1010 2362 1188 2420 pacto.
1228 2352 1523 2407 Certiorem
1581 2356 1740 2417 etiam
1798 2355 1991 2423 ipsum
2029 2353 2173 2417 fecit,

641 2453 863 2505 poscere
897 2439 1247 2496 Mosleminos
1278 2445 1449 2512 ipsam
1498 2444 1600 2497 sibi
1656 2444 2022 2498 dividendam.
2074 2444 2171 2498 Cui

643 2528 944 2583 rescribens
976 2528 1139 2583 Omar
1167 2530 1355 2584 Ebnot’
1387 2533 1631 2596 Chetabi,
1680 2534 1970 2587 consilium
2004 2532 2172 2601 ipsius

640 2616 982 2683 improbavit,
1023 2618 1290 2686 iussitque
1331 2636 1399 2674 ne
1432 2622 1602 2690 ipsam
1638 2622 1743 2675 illis
1789 2620 2169 2693 [spoliandam]

641 2707 969 2765 permitteret
1004 2717 1098 2761 aut
1126 2708 1414 2773 divideret,
1444 2726 1632 2764 verum
1670 2712 1893 2781 vectigal
1927 2711 2093 2781 ipsius
2118 2712 2172 2764 in

640 2797 755 2864 ipsa
785 2796 1117 2853 Mosiemiuis
1160 2800 1509 2871 relinqueret,
1541 2816 1645 2870 quo
1678 2800 1922 2857 subsidio
1953 2802 2089 2870 ipsis
2120 2802 2171 2854 in

638 2889 1008 2956 oppugnandis
1061 2890 1309 2961 hostibus
1351 2902 1520 2947 esset.
1572 2893 1699 2945 Eam
1748 2907 1876 2961 ergo
1924 2900 2032 2960 Quo
2063 2903 2174 2945 erat

639 2987 780 3030 statu
810 2958 1147 3033 confirmavit
1176 2982 1398 3045 Amrus,
1427 2984 1830 3050 numeratisque
1861 2983 2052 3038 incolis
2087 2984 2176 3033 tri-

645 3071 826 3123 butum
866 3071 993 3139 ipsis
1042 3072 1315 3139 imposuit.
1356 3073 1521 3127 Porro
1551 3074 1810 3143 [Egyptus
1842 3074 2089 3126 universa
2123 3072 2173 3124 in

644 3161 816 3215 t'tcdus
851 3172 1058 3232 recepta
1113 3163 1235 3226 fuit,
1282 3164 1487 3218 tributo
1537 3165 1784 3218 binorum
1832 3177 2114 3218 aureorum
2145 3178 2175 3217 a

639 3252 867 3322 singulis
925 3254 1245 3321 pendendo;
1300 3270 1473 3324 neque
1529 3256 1761 3322 cuipiam
1816 3254 2043 3321 amplius
2078 3268 2176 3323 pro

641 3344 815 3412 capite
842 3359 942 3398 suo
966 3345 1278 3400 solvendum
1341 3305 1719 3414 imponebartnr
1766 3305 2032 3413 (nisi‘ubi
2080 3305 2176 3396 λά·
2208 3305 2251 3365 C

636 3435 895 3499 jlceretur
948 3434 1175 3503 aliquid,
1222 3451 1380 3505 etque
1435 3437 1801 3505 imponeretur
1838 3435 2044 3489 ratione
2075 3444 2176 3490 ter—

642 3540 817 3577 rarum
848 3533 899 3579 et
929 3524 1140 3594 frugum
1168 3540 1299 3593 quas
1324 3524 2179 3594 haberet).exceptisAlexandriae

646 3616 873 3670 incolis:
912 3617 987 3669 illi
1031 3616 1177 3671 enim
1226 3616 1450 3683 vectigal
1503 3632 1565 3671 ac
1598 3617 1856 3673 tributum
1912 3617 1977 3670 ad
2032 3616 2180 3668 atbi-

645 3706 803 3759 irium
839 3705 955 3773 ejus
985 3705 1074 3773 qui
1119 3706 1685 3775 ipsisprwﬁciebatur
1720 3706 2045 3774 pendebant.
2079 3704 2180 3760 Ca-

645 3808 730 3863 pta
759 3803 841 3850 est
864 3796 1136 3864 siquidem
1172 3796 1497 3850 Alexandria
1528 3797 1602 3859 vi,
1636 3799 1755 3851 sine
1788 3796 2053 3866 promisso
2084 3805 2177 3849 aut

645 3892 815 3955 pactis
845 3887 1145 3949 conventis,
1175 3888 1324 3941 nullo
1350 3901 1472 3941 cum
1510 3888 1642 3957 ipsis
1690 3890 1826 3943 inito
1853 3888 2053 3942 ftedere
2088 3896 2178 3940 aut

644 3979 960 4045 sponsione.
1022 3977 1189 4047 Capta
1256 3987 1432 4034 autem
1481 3988 1564 4034 est
1616 3981 1702 4034 die
1760 3978 1982 4041 Veneris
2032 3992 2179 4031 meu-

640 4071 716 4123 sis
768 4069 1067 4122 Moharram
1126 4068 1425 4132 novilunio,
1474 4084 1617 4125 anno
1687 4070 1859 4126 Heirze
1902 4070 2177 4131 vicesimo,

644 4173 743 4212 nec
777 4174 884 4213 non
934 4159 1143 4227 imperii
1172 4160 1399 4215 iieraclii
1454 4160 1733 4224 vicesimo,
1768 4161 1858 4228 qui
1892 4158 2181 4215 chalifatus

641 4249 824 4302 Omari
878 4249 1047 4303 Ebnol
1099 4248 1322 4304 Cbetabi
1375 4261 1598 4306 octavus
1649 4252 1770 4305 fuit.
1821 4250 1990 4304 Porro
2038 4248 2182 4303 misit

638 4346 839 4397 Amrus
877 4340 1050 4395 Ebnol
1078 4342 1195 4402 Asi,
1228 4340 1464 4397 Bokbam
1520 4342 1634 4398 Ebn
1666 4342 1869 4411 Napbei
1926 4340 2180 4394 Zawilam

643 4447 832 4503 usque,
867 4442 1028 4500 atque
1071 4432 1141 4485 ita
1178 4431 1438 4501 quidquid
1490 4433 1629 4486 inter
1664 4431 1890 4485 Barkam
1929 4439 1981 4485 et
2009 4429 2183 4483 Zawio

640 4524 742 4575 tam
768 4528 850 4576 est
898 4535 1063 4589 penes
1115 4519 1421 4575 Moslemios
1474 4520 1597 4584 fuit,
1627 4535 1690 4576 ac
1748 4530 1874 4575 tunc
1922 4519 2178 4587 temporis

2282 2100 2404 2139 man
2459 2086 2571 2140 Ebn
2624 2085 2756 2150 Orfi,
2817 2084 3077 2138 AIZahari
3125 2094 3179 2139 et
3216 2084 3446 2137 Saadutn
3512 2083 3632 2137 Ebn
3700 2081 3816 2135 Abii

2282 2178 2537 2233 Wakkas.
2575 2177 2759 2231 Oravit
2807 2191 2906 2243 pro
2934 2192 2999 2230 eo
3047 2175 3212 2230 Saltib
3260 2175 3525 2229 Aliittmi:
3570 2173 3818 2240 sepultus

2279 2279 2363 2324 est
2392 2267 2573 2321 eadem
2598 2267 2755 2319 domo
2785 2266 2837 2318 in
2862 2279 2966 2332 qua
2994 2266 3234 2334 sepultus
3265 2262 3816 2318 fuerattlahommed.

2278 2358 2576 2414 Chalifatus
2608 2356 2777 2424 ipsius
2807 2371 3069 2409 annorum
3116 2365 3232 2409 erat
3261 2355 3468 2416 decem,
3501 2360 3572 2416 tet
3629 2368 3817 2406 novem

2281 2445 2567 2499 mensium.
2616 2443 2811 2497 Novies
2845 2444 3135 2497 chalifatus
3181 2444 3263 2497 sui
3298 2454 3537 2509 tempore
3591 2457 3817 2510 peregre

2279 2533 2551 2603 religionis
2572 2547 2700 2601 ergo
2719 2533 3090 2601 peregrinatus
3113 2542 3215 2585 est.
3239 2530 3441 2585 Fuscus
3460 2543 3599 2593 erat,
3625 2544 3815 2588 scaeva,

2279 2625 2483 2684 calvus,
2514 2635 2678 2695 caput
2701 2631 2754 2677 et
2786 2624 3003 2677 barbam
3052 2622 3214 2675 hinna
3247 2622 3488 2688 tingens:
3518 2620 3819 2688 spiculata-

2282 2730 2399 2768 rum
2447 2716 2548 2783 ipsi
2577 2715 2863 2785 praefectus
2892 2713 2991 2765 fuit
3018 2711 3276 2765 Abdaiiah
3315 2709 3429 2763 Ehn
3459 2711 3692 2773 Abbasi,
3736 2709 3817 2777 ja-

2283 2808 2426 2859 nitor
2454 2803 2619 2859 Barba
2652 2819 2839 2857 servus
2862 2804 3052 2872 ipsius.

2554 2894 2847 2961 Chalifalus
2892 2892 3139 2947 O'hmam'
3184 2893 3293 2945 Efm
3342 2893 3535 2961 Aﬂ'am‘.

2350 2985 2405 3038 ln
2440 2983 2755 3038 clialilatttm
2802 2984 3059 3039 suffectus
3103 2994 3184 3037 est
3223 2985 3450 3036 Otbman
3497 2982 3610 3035 Ebn
3647 2979 3815 3033 ΑΠ’ληί

2282 3078 2396 3133 Ebn
2429 3079 2549 3132 Ahil
2572 3077 2687 3141 Asi,
2714 3076 2827 3131 Ebn
2849 3078 3094 3141 Omtnim,
3124 3077 3237 3131 Ebn
3261 3077 3627 3131 Abdishentsi.
3654 3074 3818 3127 Mater

2283 3167 2385 3234 ipsi
2424 3166 2524 3219 fuit
2555 3165 2835 3219 Ommaiab
2868 3166 2968 3218 filia
2997 3165 3241 3229 Cubarat,
3268 3164 3379 3219 Ebn
3415 3163 3619 3226 Rabiae,
3646 3162 3818 3215 tribus

2285 3265 2406 3323 post
2446 3253 2628 3309 Omari
2669 3254 2873 3307 obitum
2900 3254 3089 3308 diebus
3116 3254 3329 3307 liniente
3362 3251 3442 3306 Dii
3467 3251 3642 3317 llojja.
3674 3251 3817 3303 Fui:-

2282 3360 2386 3411 que
2432 3342 2692 3414 [initium]
2738 3340 3024 3397 chalifatus
3069 3343 3185 3409 ejus
3238 3341 3564 3395 novilunium
3623 3339 3817 3393 mensis

2284 3433 2582 3487 Moharratu
2615 3432 2739 3485 anni
2772 3430 2943 3485 iieirze
2964 3430 3220 3485 vicesimo
3243 3438 3459 3499 quarto,
3488 3429 3651 3497 idque
3681 3440 3816 3480 anno

2284 3523 2491 3594 imperii
2527 3523 2757 3575 Heraciti
2795 3522 3134 3590 imperatoris
3163 3522 3530 3573 Romanorum
3565 3519 3815 3572 vicesimo

2280 3624 2496 3684 quarto.
2527 3611 2851 3673 Chaljfatum
2882 3611 3113 3664 obtinuit
3137 3614 3295 3664 annis
3323 3610 3631 3673 duodecim.
3667 3610 3814 3660 Anno

2282 3705 2573 3758 chalifatus
2604 3702 2723 3767 ejus
2766 3702 2924 3755 tertio
2955 3700 3287 3754 constitutus
3337 3710 3423 3755 est
3475 3699 3688 3752 laribus
3732 3710 3815 3765 pa-

2284 3794 2520 3848 triarcha
2550 3791 2943 3855 Antiochenus,
2975 3791 3067 3858 qui
3110 3790 3364 3844 Maronita
3402 3790 3520 3844 fuit.
3560 3788 3815 3841 Constan-

2284 3881 2511 3949 tinopoli
2548 3886 2724 3932 autem
2760 3877 2830 3947 [ei
2855 3876 3089 3946 muneri]
3114 3878 3395 3945 przrfectus
3424 3886 3525 3937 est,
3551 3876 3715 3945 325
3732 3873 3812 3925 ubi

2284 3974 2525 4044 quinque
2557 3984 2729 4023 annos
2763 3971 3027 4031 Substitit,
3064 3984 3234 4038 neque
3266 3968 3604 4022 Antiochiam
3641 3980 3813 4035 perve-

2286 4063 2384 4115 nit.
2416 4062 2659 4115 Mortuus
2690 4070 2863 4114 autem
2895 4068 2975 4115 est
3012 4060 3502 4127 ConstantinOpoii,
3531 4060 3714 4125 ibique
3737 4073 3813 4111 se-

2286 4153 2482 4221 pultus.
2515 4154 2671 4206 Anno
2707 4152 2995 4205 chalifatus
3022 4152 3263 4219 ejusdem
3294 4151 3506 4204 decimo
3536 4151 3715 4203 factus
3743 4156 3815 4200 est

2284 4243 2551 4297 Macarius
2583 4242 2887 4311 patriarcha
2917 4242 3307 4304 Antiochenus,
3359 4241 3450 4310 qui
3477 4247 3531 4294 et
3557 4239 3812 4293 Haronita

2286 4334 2407 4387 fuit.
2464 4330 2564 4386 Hic
2609 4332 2772 4386 etiam
2803 4330 3270 4400 Constantinopoli
3304 4340 3540 4392 creatus,
3584 4344 3712 4383 cum
3748 4326 3811 4379 ibi

2282 4430 2407 4477 octo
2436 4435 2610 4475 annos
2638 4421 3045 4490 permansisset,
3075 4436 3247 4490 neque
3272 4416 3610 4473 Antiochiam
3638 4432 3811 4471 acres-

2286 4519 2467 4581 sisset,
2502 4523 2747 4569 mortuus
2794 4521 2899 4577 est,
2941 4513 3122 4583 ibique
3174 4513 3435 4582 sepultus.
3468 4510 3620 4563 Anno
3658 4506 3813 4561 chali-

639 4612 799 4682 320
831 4624 933 4663 non
968 4610 1371 4679 lngrediebatur
1400 4609 1624 4664 Barkam
1654 4611 1745 4679 qui
1783 4611 2039 4665 tributum
2070 4608 2179 4664 eti-
2205 4618 2256 4677 ι)
2286 4606 2425 4659 fatus
2445 4605 2683 4675 ejusdem
2704 4617 2846 4658 nono
2862 4604 3185 4657 constitutus
3205 4613 3286 4655 est
3303 4598 3493 4653 Petrus
3521 4595 3810 4665 patriarcha

640 4708 811 4765 geret,
845 4710 1025 4749 verum
1063 4704 1300 4763 tempore
1349 4699 1653 4767 praestituto
1683 4699 1947 4751 tributum
2003 4698 2179 4750 mitte-

641 4788 789 4840 bant.
824 4786 1117 4863 Occupavit
1147 4795 1328 4841 autem
1362 4788 1605 4843 homines
1656 4790 1934 4841 calamitas
1990 4802 2179 4855 magna

638 4878 864 4931 Medium
897 4892 1004 4945 prae
1058 4892 1283 4932 annona:
1329 4880 1573 4934 caritate.
1608 4879 1835 4948 Scripsit
1862 4893 1990 4948 ergo
2020 4878 2183 4933 Outar

640 4968 811 5022 Ebnol
841 4967 1064 5022 Cbetabi
1094 4970 1157 5023 ad
1188 4970 1411 5025 Amrum
1449 4970 1621 5025 Ebnol
1653 4971 1742 5025 Δεῖ
1775 4970 2060 5024 certiorem
2100 4966 2182 5036 ip-

641 5068 758 5105 sum
795 5052 1001 5109 faciens
1027 5064 1227 5123 quanta
1255 5066 1629 5125 premerentur
1662 5058 1909 5111 homines
1937 5057 2181 5126 angustia

640 5156 704 5193 ac
740 5156 971 5197 annona:
999 5144 1247 5202 caritate.
1286 5146 1540 5215 Misitque
1572 5147 1770 5201 Amrus
1821 5146 2057 5201 camelos
2085 5148 2183 5200 tri-

640 5235 747 5287 tico
778 5244 1021 5297 onustos,
1049 5251 1279 5303 quorum
1325 5237 1482 5304 primi
1516 5237 1779 5290 Medinam
1818 5238 2177 5306 pertigerunt,

640 5324 763 5376 dum
797 5325 969 5378 ultimi
1004 5325 1177 5379 adhuc
1210 5326 1262 5379 in
1318 5325 1553 5396 ἐξεγριο
1596 5334 1798 5393 essent,
1847 5329 1985 5381 serie
2013 5329 2183 5382 conti-

642 5430 768 5468 nua.
802 5414 1026 5485 Scripsit
1062 5431 1186 5485 ergo
1214 5419 1378 5471 Omar
1405 5418 1575 5472 Ebnol
1609 5418 1832 5473 Chetabi
1867 5419 1931 5472 ad
1958 5420 2180 5471 Amrnnt

645 5505 812 5557 Ebnol
846 5506 936 5559 Asi
972 5515 1030 5559 ut
1075 5506 1383 5561 fodiendum
1424 5517 1641 5561 curaret
1697 5508 1903 5561 alveum
1933 5508 2020 5572 qui
2054 5506 2185 5560 K0!-

642 5608 852 5647 zamum
888 5595 1235 5664 pet'tingvret,
1269 5611 1377 5664 quo
1420 5596 1630 5651 facilius
1662 5608 2036 5666 apportarvtur
2069 5598 2184 5650 fru-

643 5694 905 5738 mentum.
938 5684 1097 5738 Fodit
1130 5701 1260 5755 ergo
1294 5688 1491 5742 Amrus
1521 5688 1717 5743 flumen
1750 5689 1875 5743 illud
1908 5690 2052 5758 quod
2087 5689 2184 5743 sub

644 5784 802 5841 ponte
828 5785 929 5837 est,
962 5777 1103 5844 quod
1141 5776 1361 5831 Flumen
1386 5777 1718 5845 imperatoris
1746 5780 1977 5835 fidelium
2006 5782 2183 5849 appel-

644 5865 783 5917 latur
817 5879 826 5891 ο
888 5878 978 5924 per
1007 5866 1144 5934 quod
1180 5871 1341 5921 naves
1373 5868 1636 5935 triticum,
1671 5868 1928 5923 hordeum
1960 5878 2011 5923 et
2038 5869 2186 5938 legu-

2281 4694 2942 4763 Constantinopolitanus,
2974 4691 3065 4761 qui
3096 4702 3150 4745 et
3179 4690 3439 4744 Maronita
3474 4689 3610 4744 fuit:
3652 4697 3811 4738 annos

2284 4801 2373 4839 sex
2403 4786 2562 4848 sedit,
2598 4784 2723 4838 dein
2754 4790 2998 4837 mortuus
3032 4790 3133 4836 est.
3176 4780 3331 4833 Anno
3361 4778 3647 4833 chalifatus
3680 4776 3811 4843 ejus-

2284 4878 2404 4929 dem
2436 4884 2631 4943 quarto
2660 4883 2876 4929 creatus
2908 4882 2989 4927 est
3032 4871 3223 4925 Petrus
3259 4869 3559 4939 patriarcha
3600 4869 3811 4920 Alexan-

2282 4969 2501 5029 drinus;
2532 4964 2791 5018 Maronita
2826 4963 2957 5026 fuit;
2988 4977 3109 5013 cum
3144 4975 3315 5015 annos
3352 4974 3538 5017 novem
3572 4959 3809 5020 sedisset,

2286 5065 2529 5111 mortuus
2563 5065 2665 5111 est.
2724 5056 2879 5108 Anno
2921 5053 3161 5121 ejusdem
3206 5061 3397 5105 octavo
3447 5060 3690 5103 moxtnus
3742 5055 3810 5101 est

2286 5148 2557 5201 Honorius
2589 5145 2891 5213 patriarcha
2925 5144 3222 5205 Romanus,
3269 5141 3359 5210 qui
3398 5140 3559 5194 etiam
3592 5138 3807 5193 Maronis

2284 5240 2584 5293 doctrinam
2624 5237 2904 5308 amplexus
2940 5234 3066 5295 fuit,
3105 5243 3263 5301 atque
3310 5246 3405 5301 per
3434 5232 3610 5297 ipsum
3656 5228 3806 5282 divisa

2284 5339 2367 5383 est
2402 5328 2648 5383 Ecclesiae
2678 5326 2965 5381 sententia.
3003 5324 3132 5377 Post
3176 5323 3344 5392 ipsius
3387 5322 3593 5374 obitum
3624 5320 3805 5372 electus

2287 5430 2369 5473 est
2398 5416 2615 5485 quidam
2654 5416 2869 5470 nomine
2900 5414 3215 5474 Severinus.
3259 5411 3348 5480 qui
3386 5411 3571 5463 Romae
3604 5409 3805 5474 patriar-

2287 5512 2383 5565 cha
2425 5509 2769 5569 constitutus,
2805 5506 2895 5559 ubi
2936 5520 3029 5559 sex
3066 5517 3278 5557 menses
3311 5501 3805 5563 sedissrt,mortnus

2288 5606 2388 5651 est.
2425 5597 2547 5650 Post
2584 5610 2746 5665 quem
2792 5596 2998 5648 electus
3038 5606 3123 5648 est
3173 5596 3253 5645 vir
3295 5598 3579 5659 praestans.
3612 5586 3803 5641 nomine

2286 5687 2543 5749 Joannes,
2574 5687 2639 5739 ad
2683 5699 2841 5753 quem
2880 5698 3002 5737 cum
3042 5682 3217 5734 delata
3269 5690 3410 5734 esset
3466 5679 3624 5731 istius
3678 5672 3801 5728 dubii

2289 5791 2486 5836 causa,
2534 5778 2832 5844 imperante
2883 5781 3011 5829 tunc
3055 5771 3315 5837 temporis
3359 5762 3799 5831 Constantinopoli

2292 5870 2536 5927 licraclio
2574 5884 2694 5923 cum
2732 5867 2894 5922 fratre
2927 5881 3025 5922 suo
3051 5863 3430 5925 Constantino,
3466 5860 3683 5925 scripsit
3710 5859 3798 5924 ipse

3656 5957 3962 6488 ,Α
