4142 6454
273 380 408 452 1100

1645 369 2010 429 ANNALES.

3382 365 3505 427 llltl

273 507 336 560 ad
373 493 816 562 illos-epistoiam
853 493 918 543 in
937 503 1042 558 qua
1069 486 1220 540 dubii
1253 484 1416 538 istius
1440 498 1656 537 causam
1706 482 1837 552 [ex-
1869 491 1910 544 Α
1945 481 2061 548 pori
2108 479 2320 532 Domini
2378 479 2551 532 nostri
2602 478 2804 533 Christi
2854 494 2959 532 non
2992 479 3162 531 fuisse
3207 479 3508 530 voluntates

275 586 501 662 posuit,]
559 584 865 652 apologiam
924 581 1088 633 edens
1141 591 1236 644 pro
1287 574 1682 642 pra~decessore
1741 588 1839 625 suo

275 680 513 737 lloimrio
545 673 855 744 patriarcha
895 670 1160 723 Romano.
1212 665 1464 734 Epistolas
1510 674 1688 718 autem
1739 665 1841 715 itii-

275 779 406 830 tium
463 771 531 821 ita
592 783 650 821 se
699 762 934 816 habuit:
974 759 1016 810 Α
1063 757 1269 810 Joanne
1320 771 1476 825 papa,
1535 756 1839 823 patriarcha

285 863 547 919 Romano,
600 855 667 906 ad
726 848 1030 902 lleraciium
1078 855 1131 899 et
1178 845 1593 899 Constantinum
1646 843 1840 894 fratres

280 956 637 1016 impnra=orcs
697 939 1090 1010 325-327
1151 938 1352 1005 quibus
1403 935 1714 989 concredita
1761 941 1842 985 est

281 1039 517 1094 lim-lesia
565 1034 765 1087 Christi
823 1031 915 1083 Dei
965 1029 1113 1094 veri,
1171 1027 1327 1095 cujus
1373 1027 1460 1079 lux
1509 1026 1564 1077 in
1604 1025 1841 1077 tenebris

276 1127 592 1197 splenduit;
650 1123 741 1190 qui
795 1136 889 1175 nos
938 1137 965 1173 a
1018 1128 1285 1188 potestate
1336 1117 1677 1168 tenebrarum
1725 1115 1844 1167 luce

280 1237 378 1275 ειιιι
434 1218 569 1270 mira
620 1214 888 1274 liberavit,
942 1213 1060 1265 luce
1097 1225 1219 1264 vera
1258 1208 1342 1259 cui
1388 1206 1550 1258 nullae
1599 1204 1842 1258 admistze

287 1319 413 1366 sunt
455 1303 725 1368 tenebrae;
775 1305 866 1372 qui
925 1302 1183 1370 sanguine
1251 1300 1433 1351 crucis
1493 1310 1602 1348 smn
1655 1310 1838 1363 pacem

287 1399 416 1453 fecit
453 1398 590 1449 inter
620 1395 814 1447 cmlum
854 1399 905 1442 et
939 1399 1174 1449 terram;
1230 1386 1318 1453 qui
1356 1382 1610 1436 Ecclesiae
1650 1380 1840 1433 facient

290 1503 506 1553 semper
538 1488 796 1538 intuetur.
831 1480 927 1532 Ille
963 1489 1047 1531 est
1094 1477 1185 1543 qui
1220 1475 1374 1528 vobis
1430 1473 1566 1525 hanc
1617 1473 1840 1539 gratiam

291 1574 436 1631 fecit,
478 1589 509 1626 0
544 1572 918 1637 imperatores,
955 1574 1012 1616 ut
1053 1564 1336 1631 opiniones
1371 1562 1604 1630 optimas
1639 1575 1699 1612 ac
1747 1574 1843 1611 no-

289 1664 584 1717 bilissimas
619 1662 670 1712 in
709 1658 952 1712 Ecclesia
986 1654 1401 1724 proﬁteremini,
1436 1653 1842 1720 fidemque'pcr-

287 1753 637 1806 fectissimam
704 1763 766 1802 ac
828 1748 928 1816 ipsi
995 1747 1292 1812 proximam
1363 1742 1837 1810 amplcctercmini.

1947 573 2085 626 duas
2141 571 2447 625 contrarias
2496 586 2671 637 neque
2732 570 3127 622 contradixisse
3178 570 3504 622 voluntatem

1947 662 2254 715 intellectus
2305 661 2476 728 ipsius
2533 660 2796 712 voluntati
2848 658 3200 728 329331
3241 657 3506 726 corporis,

1948 767 2123 817 neque
2157 753 2327 804 fuisse
2361 761 2639 819 peccatum
2683 751 2755 804 illi
2816 751 2905 818 qui
2961 752 3128 811 venit,
3187 762 3240 804 ut
3297 753 3504 805 tolleret

1947 851 2224 910 peccatum
2257 843 2440 894 mundi
2474 843 2670 907 (absit!
2731 843 2844 895 fieri
2885 856 2992 895 non
3049 843 3266 909 potest).
3323 842 3507 909 Neque

1954 932 2117 986 fuisse
2151 932 2382 985 Domino
2415 941 2599 984 nostro
2635 932 2858 984 Christo
2888 940 3170 998 peccatum
3206 930 3286 984 vei
3317 947 3505 989 unum,

1947 1039 2123 1092 neque
2155 1025 2208 1077 in
2241 1025 2416 1092 ipsius
2472 1023 2782 1084 nativitate,
2836 1039 3009 1089 neque
3056 1034 3506 1090 temperamento.

1947 1111 2147 1166 Verum
2179 1114 2410 1166 dicimus
2443 1111 2664 1181 (inquit)
2699 1128 2760 1166 ac
2809 1111 3128 1165 confitemur
3175 1115 3504 1166 voluntatem

1949 1218 2114 1256 unam
2169 1217 2275 1271 qua
2326 1202 2654 1271 dirigeretur
2697 1203 2870 1272 ipsius
2922 1204 3232 1256 humanitas
3275 1213 3504 1256 sancta:

1947 1309 2054 1345 non
2110 1285 2292 1345 autem
2328 1295 2624 1347 asscrimus
2673 1294 2982 1346 voluntates
3017 1296 3153 1345 duas
3181 1295 3504 1352 contrarias,

1946 1401 2066 1453 qua:
2118 1384 2418 1437 intellectui
2478 1385 2647 1450 ipsius
2708 1394 2759 1435 et
2814 1383 3029 1450 corpori
3098 1381 3321 1436 fuerint.
3400 1381 3506 1432 lloc

1946 1476 2165 1542 Scripsit
2196 1474 2470 1527 Honorius
2503 1474 2811 1541 patriarcha
2839 1473 3120 1525 Romanus
3156 1474 3218 1524 ad
3257 1473 3503 1540 Sergium

1947 1565 2307 1633 patriarcham
2347 1563 3033 1630 Constantinopolitamim.
3101 1563 3207 1616 Nos
3240 1563 3504 1630 Siquidem

1947 1657 2270 1710 confitemur
2319 1655 2454 1708 duas
2503 1655 2811 1708 voluntates
2841 1655 3172 1714 contrarias,
3209 1655 3504 1706 intellectus

1949 1757 2001 1801 et
2033 1746 2278 1814 corporis
2310 1763 2322 1798 :
2361 1745 2503 1814 quod
2535 1746 2924 1799 transferentes
2974 1743 3217 1797 nonnulli
3268 1744 3331 1794 ad
3382 1759 3504 1794 seu.

287 1841 499 1896 Accidit
536 1841 618 1894 hic
653 1853 739 1892 res
781 1853 898 1904 qna:
951 1835 1261 1889 necessario
1311 1832 1580 1886 narunt“!
1634 1840 1737 1892 est.
1788 1839 1846 1883 υῐ
1877 1814 1916 1867 Β
1948 1839 2143 1892 tentias
2203 1853 2333 1890 suas
2380 1837 2570 1899 falsas,
2622 1846 2879 1904 putarunt
2939 1833 3236 1887 Honorium
3282 1836 3486 1900 patriar

291 1933 460 1996 ipsam
502 1928 801 1994 intelligant
836 1926 924 1992 qui
967 1925 1276 1992 aequitatem
1327 1923 1533 1982 COillil.
1587 1931 1748 1990 atque
1791 1922 1841 1973 in

293 2020 459 2087 ipsam
492 2017 795 2084 inquirunt,
830 2030 938 2083 quo
973 2015 1170 2067 veritas
1196 2000 1694 2082 superiorevadat;
1722 2024 1842 2062 cum

293 2113 356 2160 ad
412 2125 494 2161 me
549 2107 851 2175 pervenerit
909 2120 1152 2173 quamam
1189 2104 1297 2158 sint
1336 2102 1477 2172 apud
1535 2100 1843 2155 Occidentis

271 2193 453 2244 .etiam
517 2191 719 2243 incolas
779 2189 1153 2255 discrepantia
1218 2199 1270 2242 et
1329 2189 1512 2250 dubia,
1553 2199 1714 2258 atque
1770 2189 1835 2240 ad

274 2298 378 2337 inc
437 2282 700 2348 perlatum
758 2280 827 2334 sit
885 2281 1015 2332 illud
1069 2294 1171 2331 una
1236 2294 1359 2333 cum
1422 2279 1606 2333 fraris
1671 2279 1838 2332 nostri

276 2374 488 2442 i‘yrrhi
524 2375 836 2440 patriarcha:
863 2370 1473 2440 CoustantinOpolitani,
1501 2372 1839 2439 aliorumque

277 2467 309 2520 li
339 2465 509 2516 tteiis.
565 2461 793 2516 Necesse
828 2472 907 2514 est
963 2476 1092 2529 ergo
1142 2471 1196 2513 ut
1226 2463 1523 2529 explicetur
1575 2477 1659 2516 res
1712 2464 1835 2524 ista,

280 2568 400 2622 quo
460 2563 566 2606 tota
622 2553 983 2621 diguoscatur.
1042 2550 1255 2604 Initium
1302 2552 1467 2620 ipsius
1516 2553 1595 2606 sic
1636 2567 1693 2606 se
1741 2553 1838 2605 ha-

284 2648 416 2709 lct,
461 2645 598 2710 quod
652 2653 772 2696 ante
817 2658 981 2697 annos
1037 2645 1249 2696 circiter
1293 2644 1583 2697 octodecim
1628 2645 1838 2698 dicatur

286 2738 465 2804 Cyrus
515 2737 813 2802 patriarcha
867 2735 1259 2788 Alexandrinus
1321 2733 1556 2788 Maronis
1616 2745 1833 2788 senten-

293 2829 418 2878 tiam
467 2826 796 2898 amplexus]:
847 2823 1130 2886 videlicet,
1185 2823 1409 2876 Domino
1450 2823 1665 2877 Christo
1719 2838 1837 2878 esse

294 2925 518 2968 naturas
579 2916 733 2973 duas,
793 2914 1119 2966 voluntatem
1178 2929 1360 2979 uuam,
1431 2924 1591 2982 atque
1643 2929 1837 2983 opera-

295 3015 497 3063 tiosem
536 3026 714 3062 unam.
778 3008 927 3073 Quod
981 3027 1099 3061 cum
1143 3011 1438 3064 audivisset
1499 3011 1837 3079 Sophronius

293 3104 384 3168 qui
429 3102 733 3168 patriarcha
800 3102 1319 3170 Hierosolymitanus
1371 3101 1491 3165 fuit,
1552 3117 1671 3156 cum
1722 3103 1837 3170 ipso
1872 3125 1912 3182 ο

294 3192 578 3259 disputans
628 3193 956 3256 argumentis
1009 3191 1180 3258 ipsum
1218 3193 1362 3244 vicit.
1401 3192 1536 3245 Tum
1594 3193 1835 3260 Sophro-

291 3283 419 3335 nius
442 3283 505 3333 ad
537 3283 776 3349 Sergium
804 3283 1157 3349 patriarcham
1179 3284 1835 3351 Constantinopolitanuin

297 3377 596 3443 profectus,
649 3390 768 3426 cum
829 3375 1003 3441 ipsum
1067 3375 1204 3427 idem
1265 3391 1385 3428 cum
1441 3377 1584 3443 Cyro
1643 3376 1837 3431 docere

299 3467 582 3534 reperiret,
618 3476 777 3532 atque
823 3466 1019 3528 dicere,
1055 3465 1349 3522 Honorium
1403 3468 1562 3520 etiam
1601 3470 1836 3536 patriar-

298 3558 453 3611 cham
517 3557 816 3609 Romanum
884 3558 1020 3609 idem
1075 3557 1339 3611 aﬂirmare
1396 3557 1560 3627 328
1597 3575 1625 3612 a
1691 3558 1836 3614 Con-

298 3650 647 3714 stantinopoli
706 3649 1074 3716 Hierosolyma
1137 3665 1384 3704 reversus
1433 3661 1537 3706 est.
1593 3652 1837 3720 Cumque

297 3741 600 3803 patriarcha
652 3749 796 3792 esset
853 3741 996 3805 (cum
1049 3739 1340 3807 siquidem,
1384 3752 1600 3810 propter
1647 3744 1834 3798 ortho-

295 3824 510 3877 doxiam
537 3823 707 3892 ipsius
739 3833 1039 3892 acceptum,
1069 3821 1452 3892 Hierosolymis
1484 3821 1842 3890 patriarcham
1876 3821 1888 3830 ’

295 3915 672 3980 praefecerunt,
729 3913 880 3966 urbis
932 3913 1048 3981 ejus
1101 3912 1344 3981 incolae),
1383 3913 1576 3966 librum
1629 3913 1693 3967 de
1742 3913 1844 3967 fide

296 4003 532 4072 scripsit,
572 4019 729 4071 quem
764 4005 926 4056 totius
975 4005 1158 4057 mundi
1207 4005 1394 4071 incolae
1432 4013 1712 4072 acceptum
1749 4004 1845 4059 ha-

297 4093 551 4148 buerunt.
611 4092 722 4147 Hoc
756 4109 878 4146 cum
931 4094 1178 4147 scivisset
1222 4091 1492 4147 Honorius
1538 4097 1842 4164 patriarcha

297 4168 595 4247 Romanus,
632 4199 731 4238 nec
769 4197 873 4236 non
911 4181 1157 4252 Sergium
1186 4184 1546 4248 patriarcham
1578 4185 1842 4240 Constan-

299 4274 722 4344 tinopolitanum
749 4275 889 4329 falso
913 4273 1113 4328 dixisse
1140 4275 1316 4342 ipsum
1354 4274 1672 4328 Maronitam
1701 4291 1840 4340 esse,

295 4363 491 4419 librum
527 4364 743 4432 scripsit
777 4363 828 4416 in
865 4378 970 4431 quo
1003 4365 1212 4426 asserit,
1253 4363 1538 4418 Dominum
1593 4373 1838 4420 nostrum

1945 1933 2100 1982 cham
2146 1929 2444 1983 Romanum
2493 1928 2797 1981 asseruisse
2855 1926 3192 1979 voluntatem
3249 1940 3406 1977 unam
3455 1925 3505 1976 in

1945 2019 2156 2072 Domini
2211 2018 2380 2073 nostri
2435 2017 2636 2071 Christi
2691 2017 2973 2071 divinitate
3019 2024 3072 2069 et
3125 2016 3504 2066 humanitate:

1944 2108 2088 2175 quod
2128 2109 2220 2176 qui
2252 2117 2563 2169 autumant,
2603 2124 2851 2176 rogarem
2900 2123 3022 2173 ego,
3075 2107 3127 2159 in
3166 2121 3268 2173 qua
3315 2115 3505 2175 natura

1943 2193 2130 2247 dicunt
2163 2211 2321 2248 unam
2356 2210 2476 2250 esse
2524 2196 2749 2249 Christo
2783 2196 2889 2248 Deo
2938 2197 3316 2250 voluntatem?
3360 2195 3412 2247 Si
3453 2196 3505 2246 in

1944 2286 2230 2338 divinitate
2281 2294 2531 2348 tantum,
2589 2295 2700 2338 tum
2757 2301 2862 2337 non
2914 2296 2997 2338 cst
3059 2289 3110 2338 in
3170 2284 3505 2336 humanitate

1947 2374 2119 2442 ipsius
2167 2374 2438 2439 voluntas,
2490 2389 2551 2427 ac
2587 2375 2813 2441 proinde
2877 2390 2984 2427 non
3038 2384 3120 2426 est
3166 2376 3329 2427 homo
3384 2389 3505 2443 per.

1947 2463 2140 2519 fectus.
2201 2463 2298 2518 Sin
2353 2463 2590 2518 dixerint
2636 2464 2688 2517 in
2747 2464 3083 2517 humanitate
3130 2465 3329 2518 Christi
3389 2477 3506 2515 csse

1948 2556 2084 2608 hanc
2109 2555 2465 2616 voluntatem,
2493 2553 2728 2610 dicimus
2747 2555 2878 2623 ipsis
2906 2555 3341 2619 :Quomodocrit
3369 2553 3507 2605 Deus

1945 2645 2250 2714 perfectus?
2304 2643 2532 2710 Quodsi,
2563 2646 2776 2701 duabus
2803 2647 3010 2700 naturis
3036 2663 3155 2700 esse
3176 2647 3503 2700 voluntatem

1946 2753 2139 2803 unam;
2183 2740 2282 2793 hoc
2312 2748 2394 2793 est
2425 2740 2568 2808 quod
2605 2740 2720 2794 ﬁeri
2755 2757 2861 2794 non
2915 2750 3108 2810 potest.
3148 2741 3340 2795 Verum
3372 2758 3504 2793 eon-

1947 2829 2161 2882 fitemur
2193 2829 2626 2884 incarnationem
2661 2830 2864 2884 Christi
2897 2832 3082 2897 unius,
3132 2831 3358 2901 ideoque
3405 2846 3504 2882 nec

1948 2931 2207 2985 negamus
2232 2916 2370 2972 duas
2396 2919 2701 2970 voluntates
2732 2934 2850 2985 quin
2879 2927 3006 2970 sunt
3032 2919 3241 2969 duabus
3269 2918 3499 2974 naturis,

1947 3019 2012 3056 ne,
2042 3005 2408 3073 proprietates
2449 3006 2689 3073 ipsarum
2719 3020 3156 3071 corrumpamus.
3193 3003 3389 3055 Verum
3422 3005 3503 3056 di-

1947 3095 2119 3150 cimus
2157 3096 2374 3163 utrique
2408 3096 2639 3165 duarurn
2676 3103 2991 3148 naturarum
3025 3094 3181 3162 332
3214 3093 3415 3147 Christi
3449 3093 3500 3146 in

1945 3186 2325 3240 incarnatione
2373 3201 2618 3256 persona:
2655 3185 2838 3247 unius,
2874 3201 2994 3239 esse
3030 3188 3402 3248 voluntatem;
3448 3195 3501 3235 at

1945 3290 2052 3329 non
2103 3293 2223 3331 esse
2254 3278 2389 3330 duas
2429 3291 2706 3344 personas,
2751 3275 3207 3345 quen'iadmodum
3257 3273 3501 3344 [asserit]

1945 3366 2626 3438 Nestoriusbtaiedictus.
2683 3366 2784 3430 Qui
2835 3375 3016 3418 autem
3069 3374 3320 3419 asserunt
3365 3365 3501 3418 duas

1942 3473 2060 3512 esse
2139 3468 2366 3512 naturas
2445 3467 2499 3509 et
2577 3458 2906 3511 voluntatem
2981 3472 3144 3510 unam
3227 3456 3495 3509 divinitati

1941 3547 2145 3601 Christi
2180 3559 2231 3601 et
2261 3547 2588 3602 humanitati
2623 3548 2812 3615 ipsius,
2844 3562 2943 3601 nec
2993 3563 3098 3600 non
3127 3547 3496 3614 operationem

1948 3652 2138 3703 unam,
2175 3649 2359 3692 errant
2388 3639 2465 3693 illi
2490 3639 2660 3693 instar
2691 3636 2932 3695 Maronis
2961 3637 3235 3692 maledicti
3266 3655 3279 3691 :
3313 3647 3365 3691 ct
3404 3637 3494 3704 qui

1945 3729 2118 3793 aiunt,
2173 3745 2330 3782 unam
2375 3739 2646 3792 naturam,
2680 3730 3012 3782 voluntatem
3047 3744 3205 3780 unatn
3265 3735 3318 3780 et
3371 3741 3494 3792 ope-

1941 3820 2204 3874 rationem
2255 3834 2436 3884 unam,
2478 3827 2702 3887 peccant
2761 3820 2930 3873 instar
2979 3818 3226 3886 Eutychii
3279 3827 3330 3868 et
3377 3816 3498 3869 Dio-

1941 3911 2083 3965 scori
2105 3920 2156 3964 et
2173 3909 2359 3965 Severi
2376 3909 2757 3964 haereticorum
2780 3926 2791 3961 :
2812 3917 2974 3976 atque
2999 3911 3111 3961 lucc
3128 3914 3209 3961 est
3232 3907 3497 3960 sententia

1943 3997 2338 4079 Jacobitarum.
2378 3997 2576 4052 Verum
2625 3998 2873 4052 doctrina
2909 4013 3036 4051 sana
3069 4007 3121 4050 et
3148 3996 3347 4049 veritas
3386 4011 3498 4047 ma-

1942 4091 2136 4146 nifesta
2157 4091 2247 4144 illa
2267 4099 2348 4145 est
2365 4105 2525 4160 quam
2548 4091 2889 4160 protulerunt.
2912 4089 3182 4152 doctores,
3217 4087 3494 4142 videlicet:

1941 4185 2076 4240 Esse
2125 4181 2359 4238 Domino
2414 4193 2602 4236 nostro
2648 4181 2867 4236 Christo
2911 4181 3047 4234 duas
3088 4191 3331 4242 naturas,
3362 4167 3496 4232 duas

1943 4273 2270 4336 voluntates,
2323 4275 2670 4342 operationes
2699 4270 2837 4325 duas
2866 4278 2920 4323 et
2958 4285 3243 4338 personam
3295 4284 3492 4323 unam:

1942 4378 2063 4418 cum
2096 4363 2430 4432 impossibile
2467 4363 2540 4417 sit
2568 4376 2626 4416 ut
2655 4361 2724 4416 sit
2755 4360 2966 4431 duabus
3001 4362 3212 4416 naturis
3243 4361 3495 4414 voluntas

295 4454 591 4513 Christum,
625 4453 713 4521 qui
741 4461 825 4506 est
865 4453 1112 4522 princeps
1147 4454 1286 4516 vitaz,
1328 4463 1506 4507 natum
1551 4468 1672 4509 esse
1715 4455 1832 4510 sine
1865 4465 1907 4519 ι)
1937 4468 2080 4509 una:
2110 4454 2255 4524 quod
2282 4453 2501 4508 siunam
2528 4454 2750 4507 haberet
2776 4451 3125 4516 voluntatem,
3149 4467 3306 4508 unam
3330 4451 3491 4504 etiam

292 4551 536 4613 peccato.
565 4541 839 4612 Siquidem
863 4541 1094 4597 Verbum
1120 4558 1212 4611 per
1234 4544 1377 4610 quod
1403 4543 1615 4598 fuerunt
1635 4545 1838 4612 omnia,

291 4651 412 4688 cum
437 4650 466 4688 e
493 4633 629 4687 caalo
655 4633 1024 4698 descenderet,
1059 4633 1420 4701 assumpsisse
1445 4635 1510 4688 de
1539 4633 1703 4689 Maria
1731 4637 1841 4688 vir-

292 4728 413 4796 gine
443 4739 660 4792 corpus,
702 4739 765 4779 ac
801 4732 989 4776 natura
1041 4724 1194 4777 nobis
1241 4725 1414 4778 simile
1445 4723 1646 4780 factum
1681 4741 1836 4791 esse,

294 4823 835 4887 nequaquam‘autem
869 4817 1144 4868 voluntate
1187 4816 1413 4882 peccati.
1455 4817 1653 4875 Dicere
1691 4817 1834 4872 enim

294 4907 540 4969 Paulum,
595 4906 867 4974 accepisse
897 4904 1071 4971 ipsum
1128 4905 1535 4960 similitudinem
1587 4917 1831 4962 nostrum

297 5009 632 5064 peccatorum
657 5014 670 5059 ;
699 5011 888 5061 nempe
908 5010 1105 5064 corpus
1129 4996 1243 5050 sine
1267 5005 1487 5064 peccato
1511 5014 1632 5051 cum
1660 5001 1836 5051 anima

295 5088 566 5150 rationali,
601 5085 972 5146 intellectuali,
1001 5097 1162 5154 atque
1203 5087 1274 5140 ita
1310 5104 1469 5141 unam
1507 5091 1834 5144 voluntatem

295 5179 394 5244 ipsi
426 5180 598 5232 visum
631 5172 749 5231 esse
779 5191 1079 5238 assumere,
1125 5193 1243 5243 quae
1290 5180 1612 5233 humanitati
1671 5183 1838 5249 ipsius

294 5279 454 5331 esset,
485 5270 587 5322 non
619 5269 760 5322 sicut
811 5283 908 5322 nos
944 5270 1148 5322 scimus
1191 5270 1348 5324 nobis
1390 5286 1508 5324 esse
1557 5273 1691 5326 duas
1742 5288 1836 5324 vo-

295 5361 526 5412 luntates
578 5357 919 5419 contrarias,
979 5374 1204 5425 quarum
1277 5360 1608 5413 voluntatum
1666 5364 1835 5413 altera

296 5449 531 5516 plantata
559 5449 625 5501 sit
664 5449 716 5503 in
755 5449 1048 5513 intellectu,
1081 5451 1252 5504 altera
1298 5451 1348 5504 in
1401 5468 1647 5520 corpore,
1696 5455 1836 5506 sint.

294 5555 399 5607 que
455 5543 593 5592 inter
645 5555 704 5594 se
755 5542 1076 5605 contrarize;
1149 5542 1292 5609 quod
1349 5544 1598 5596 universo
1652 5544 1833 5612 generi

295 5627 528 5683 humano
574 5628 874 5698 contingit,
928 5647 1050 5682 cum
1092 5629 1194 5683 sub
1244 5641 1463 5697 peccato
1497 5633 1588 5692 sit,
1637 5646 1730 5684 nec
1767 5631 1836 5684 sit

295 5723 557 5792 quispiam
594 5738 620 5777 a
672 5729 892 5792 peccato
928 5723 1235 5779 rebellionis
1284 5721 1537 5779 immunis
1567 5739 1580 5778 :
1617 5736 1668 5779 at
1716 5740 1835 5779 cor-

1943 4545 2170 4600 baberet
2195 4553 2477 4609 naturam;
2503 4560 2622 4599 cum
2650 4554 2830 4600 autem
2861 4546 2999 4601 duas
3030 4544 3221 4597 habeat
3242 4552 3495 4601 naturas.

1941 4638 2078 4692 duas
2117 4636 2277 4691 etiam
2319 4636 2484 4690 habet
2538 4637 2863 4692 voluntates.
2910 4633 3184 4705 Rogamus
3235 4648 3365 4701 ergo
3401 4647 3496 4684 vo.

1944 4737 2000 4780 ut
2046 4726 2286 4796 jubeatis
2339 4727 2590 4782 comburi
2628 4729 2874 4781 chartam
2920 4740 3042 4794 quae
3085 4722 3382 4776 calumnias
3443 4720 3492 4770 in

1943 4819 2174 4873 Leonem
2211 4819 2571 4886 patriarcham
2607 4816 2908 4870 Romanum
2950 4814 3214 4876 continet,
3250 4826 3346 4864 nec
3385 4825 3492 4862 non

1942 4912 1994 4964 in
2030 4912 2321 4966 concilium
2353 4911 2815 4971 Cbalcedonense,
2865 4923 2933 4962 ne
2979 4894 3188 4977 legatur
3222 4913 3273 4957 et
3303 4903 3370 4956 ab
3413 4905 3494 4956 in-

1942 5002 2157 5057 tellectu
2190 5002 2369 5056 minus
2408 5000 2719 5056 valentibus
2744 4999 3021 5068 probetur,
3059 4997 3322 5062 fidemque
3348 4993 3492 5063 ipso-

1940 5109 2060 5147 rum
2093 5101 2411 5164 corrumpat
2447 5110 2462 5148 :
2528 5105 2903 5160 rogamusque.
2924 5089 3208 5143 Dominum
3247 5099 3490 5140 nostrum

1939 5185 2220 5238 Christum
2255 5196 2311 5237 ut
2361 5199 2458 5238 vos
2516 5199 2640 5238 eum
2706 5181 3118 5244 misericordia,
3174 5178 3488 5237 clcnufntia,

1940 5285 2100 5340 atque
2134 5275 2335 5327 auxilio
2388 5273 2668 5343 respiciat,
2720 5272 3021 5340 subdatque
3055 5269 3280 5338 imperio
3310 5277 3486 5320 vestro

1937 5375 2122 5429 gentes
2145 5363 2383 5430 potentia
2419 5363 2592 5431 ipsius
2627 5360 3004 5429 insuperabili.
3037 5358 3327 5426 Epistolam
3352 5356 3490 5408 hanc

1939 5467 2061 5503 cum
2117 5454 2439 5507 absolvisset
2499 5450 2734 5505 Joannes
2804 5451 3108 5519 patriarcha
3173 5449 3490 5507 ltouiauus,

1913 5543 2110 5611 ipsam
2143 5545 2287 5598 misit
2332 5559 2429 5613 per
2475 5544 2651 5596 virum
2689 5550 3053 5611 pra‘slantcm,
3107 5539 3320 5590 nomine
3367 5537 3494 5588 [iar-

1944 5637 2134 5698 sicatn,
2180 5629 2435 5688 Ecclesia:
2488 5633 2742 5686 Romanu:
2793 5632 3260 5689 archidiaconinn,
3300 5629 3387 5693 qui
3428 5627 3491 5679 ad

1939 5723 2241 5782 llcraci'um
2287 5724 2634 5797 333-335
2685 5733 2735 5779 ct
2801 5721 3217 5778 Constantinum
3267 5720 3489 5787 impera-
