4142 6466
515 322 682 388 ““ῙῙῘῙ
1505 329 1871 393 EUTYCIHI
1910 334 2439 395 ALEXANDRINI
2475 338 2688 400 PATB.
3631 334 3757 400 illi!

552 448 698 491 tores
726 436 1023 504 perferens,
1052 438 1257 493 invenit
1278 439 1700 495 Constantinum
1725 442 1864 496 diem
1894 443 2118 507 obiissc,
2148 458 2190 510 Α
2221 448 2365 503 scias
2398 449 2556 503 ﬁdem
2588 465 2767 505 veram
2813 448 3163 502 οτιιιυάοηη,
3215 448 3446 502 fructum
3503 462 3622 501 esse
3668 464 3755 514 ρ..

557 540 657 580 nec
695 541 799 579 non
867 526 1172 582 Heracliam
1209 544 1238 583 a
1298 531 1644 596 consiliariis,
1681 534 1793 601 qui
1831 534 1884 586 in
1937 536 2131 602 ipsum-

2239 538 2431 602 'adisi,
2487 540 2693 608 tibique
2744 540 3052 595 incumbere
3105 546 3163 591 ιιι
3232 539 3399 607 ipsam
3457 536 3657 591 lucaris
3699 550 3761 590 ac

554 616 815 685 impetum
866 616 1130 701 fecerant,
1172 622 1450 685 occisum;
1492 622 1635 691 quod
1684 624 1893 678 scilicet
1936 625 2109 703 ipsum

557 720 655 774 pro
682 706 1025 777 inauspicato
1055 709 1337 776 haberent,
1381 727 1505 767 cum
1548 712 1815 783 Egyptus
1861 720 1916 767 et
1964 713 2117 783 Syria

559 796 697 865 ipsis
736 794 739 797 ’
772 808 971 865 ereptae
1032 809 1236 865 essent,
1292 804 1544 872 quodque
1605 805 1870 860 Maronita
1927 812 2113 865 esset;

563 887 818 956 ipsosque
849 890 1075 958 imperio
1102 882 1411 961 prazl‘ecisse
1434 893 1615 948 fratris
1637 895 1753 963 ejus
1777 894 2118 948 Constantini

560 976 830 1032 demortui
880 979 1070 1045 tilium,
1106 996 1263 1051 quem
1318 990 1373 1065 et
1425 983 1493 1038 de
1555 985 1770 1039 nomine
1821 983 1987 1053 patris
2039 982 2124 1036 sui

564 1068 980 1124 Constantinum
1012 1074 1375 1141 appellarunt.

636 1158 759 1212 Fuit
788 1168 965 1215 autem
1005 1163 1394 1219 Constantinus
1427 1165 1529 1219 iste
1562 1165 1854 1234 imperator
1878 1166 2019 1233 pius,
2037 1156 2124 1215 cui

567 1263 687 1301 cum
721 1248 941 1303 Barsika
982 1253 1209 1307 nuntius
1244 1252 1530 1321 epistolam
1572 1268 1692 1321 qua:
1723 1267 1750 1305 a
1787 1252 1996 1307 Joanne
2032 1266 2128 1319 pa-

564 1341 800 1393 triarcha
833 1340 1081 1397 Romano
1114 1342 1181 1397 ad
1212 1346 1592 1412 imperatorem
1649 1343 1814 1396 missa
1868 1343 1966 1396 iuit
2020 1351 2130 1395 trn-

567 1426 816 1494 didisset,
854 1429 970 1497 ipse
1029 1438 1305 1499 acceptam
1371 1431 1620 1500 perlegit,
1691 1445 1753 1486 ac
1808 1431 2129 1502 patriarcha:

570 1519 909 1574 intellectum
944 1520 1197 1585 miratus,
1232 1522 1461 1589 rescribi
1491 1522 1657 1591 jussit
1682 1535 2028 1591 responsum,
2065 1520 2129 1574 ad

572 1610 716 1664 hunc
749 1610 968 1665 modum
1000 1627 1014 1665 :
1048 1611 1394 1682 Accepimus,
1436 1618 1622 1667 sancte
1650 1612 1942 1675 excellens,
1977 1626 2133 1663 man-

568 1700 750 1752 datnm
805 1711 979 1754 tuum.
1026 1700 1137 1757 Nos
1182 1712 1361 1757 autem
1408 1702 1730 1756 conﬁtemur
1758 1716 1821 1754 ac
1860 1700 2133 1754 credimus

2227 646 2561 701 propugncs,
2596 631 3160 699 camqueJtominibus
3186 639 3366 683 notam
3400 630 3582 685 facias.
3606 626 3760 682 Chri-

2223 734 2368 778 stum
2396 734 2575 777 atttem
2610 723 2895 779 Dominum
2932 738 3217 793 precamur
3245 730 3302 775 ut
3330 721 3430 791 tibi
3458 723 3508 775 in
3541 722 3640 774 hoc
3667 732 3763 787 pro

2229 814 2473 867 bonitate
2511 827 2610 868 sua
2657 812 2916 865 auxilium
2976 812 3132 866 ferat.
3174 810 3459 881 Epistolam
3501 810 3639 863 hanc
3668 808 3763 861 ob-

2227 905 2502 972 signatam
2543 904 2686 958 misit
2718 903 3035 958 Theodorus
3066 905 3366 972 patriarcha
3411 901 3475 955 ad
3511 903 3766 954 Constan-

2229 994 2398 1049 tinum
2440 997 2844 1063 imperatorem,
2891 994 2957 1047 ad
3007 994 3209 1047 litteras
3241 1008 3373 1062 quas
3400 991 3466 1045 ad
3506 988 3765 1044 Joannem

2231 1084 2596 1153 patriarcham
2648 1084 2951 1135 Romanum
2990 1080 3231 1138 miserat,
3274 1093 3612 1146 responsum.
3641 1076 3769 1140 Quae

2233 1175 2323 1230 uhi
2358 1174 2431 1239 ad
2461 1171 2883 1228 Constantinum
2917 1168 3159 1239 pervenit
3198 1168 3376 1221 dolore
3424 1166 3644 1220 allectus
3690 1172 3771 1218 est

2232 1265 2305 1319 ob
2350 1236 2577 1316 Joannis
2627 1269 2883 1319 mortem,
2932 1258 3135 1328 apertis
3176 1265 3351 1311 autem
3409 1256 3599 1309 litteris
3636 1255 3771 1307 mire

2241 1357 2441 1423 placuit
2476 1355 2577 1423 ipsi
2612 1353 2827 1407 bonitas
2862 1350 3108 1420 responsi
3156 1348 3297 1416 quod
3339 1346 3437 1414 ipsi
3471 1345 3768 1399 reddiderat

2238 1445 2557 1499 Theodorus
2583 1442 2889 1513 patriarcha
2918 1441 3030 1493 \ii-e
3051 1437 3297 1501 Joannis,
3329 1438 3417 1504 qui
3452 1441 3576 1488 ante
3603 1434 3772 1500 ipsum

2236 1535 2572 1599 decesserat;
2623 1532 2893 1604 jnssitque
2944 1528 3108 1584 scribi
3152 1540 3490 1596 reSponsum.
3536 1524 3601 1577 At
3653 1537 3774 1575 cum

2239 1626 2467 1682 Romam
2508 1624 2814 1694 perveniret
2846 1622 3071 1676 nuntius
3108 1616 3480 1687 imperatoris,
3527 1612 3794 1673 Theodosi

2240 1734 2356 1772 rum
2408 1718 2575 1772 etiam
2626 1722 2892 1769 mortuum
2945 1710 3170 1773 invenit,
3230 1715 3347 1775 post
3393 1709 3547 1774 quem
3598 1702 3779 1757 Roma:

573 1802 796 1846 naturas
830 1792 988 1857 duas,
1028 1794 1337 1848 voluntates
1385 1792 1543 1857 duas,
1590 1802 1749 1862 atque
1783 1792 2128 1861 operationes

2239 1808 2525 1878 praefectus
2557 1813 2639 1861 est
2683 1803 2959 1857 Martinus.

571 1882 709 1935 duas
740 1882 964 1937 Domino
991 1881 1209 1938 Christo
1238 1898 1385 1947 esse,
1436 1897 1498 1939 ac
1528 1898 1812 1952 personam
1848 1896 2033 1945 unam,
2080 1891 2132 1935 et

575 1973 667 2043 qni
708 1974 790 2029 his
821 1974 1214 2029 contradixerit
1251 1974 1795 2029 anathematizamus.
1844 1972 2131 2027 Credimus

574 2067 737 2121 etiam
798 2065 933 2121 illud
983 2066 1126 2137 quod
1184 2075 1538 2123 asseruerunt
1595 2066 1837 2136 episcopi
1890 2064 2128 2120 sexcenti

576 2155 797 2225 triginta
845 2155 938 2225 qui
989 2154 1042 2209 in
1094 2154 1229 2210 urbe
1277 2155 1709 2211 Cb‘alcedonensi
1742 2162 2130 2219 convenerunt,

577 2256 630 2301 et
664 2243 1004 2300 anathemate
1033 2244 1359 2301 devovemus
1408 2246 1534 2302 illos
1582 2246 1673 2317 qui
1726 2246 1856 2301 illud
1906 2246 2134 2300 anathe-

578 2345 721 2389 mate
742 2337 1028 2391 devovent.
1058 2337 1232 2406 Atque
1264 2337 1395 2391 illud
1416 2336 1558 2407 quod
1596 2338 1660 2391 de
1691 2336 1873 2389 charta
1905 2334 2128 2390 combu-

580 2427 770 2492 renda,
806 2428 860 2495 in
896 2442 1001 2497 qua
1035 2428 1324 2483 calumniae
1354 2438 1537 2482 essent
1569 2429 1618 2479 in
1648 2425 1879 2481 Leonem
1911 2424 2137 2494 patriar—

581 2519 739 2572 cham
775 2518 1078 2573 Romanum
1110 2528 1383 2585 sanctum,
1418 2529 1471 2573 et
1502 2520 1554 2572 in
1594 2518 1881 2573 concilium
1913 2516 2136 2571 Chalce-

584 2612 843 2675 donense,
873 2616 1050 2664 ratum
1084 2611 1400 2676 habuimus,
1446 2619 1500 2664 et
1530 2609 1702 2678 ipsam
1753 2609 1875 2679 igni.
1918 2608 2142 2663 tradidi-

587 2718 724 2769 mus.
760 2699 870 2755 Nos
922 2710 1102 2757 autem
1139 2701 1446 2757 doctrinam
1501 2713 1672 2765 tuam,
1724 2716 1847 2770 qute
1894 2701 2143 2756 doctrina

587 2807 713 2848 vera
742 2802 844 2857 est,
878 2792 1103 2849 ﬁrmiter
1135 2798 1433 2855 retinemus
1468 2814 1480 2849 :
1508 2809 1872 2865 rogamusque
1902 2806 1961 2848 ut
1989 2794 2147 2848 nobis

586 2888 770 2942 pacem
825 2876 1099 2943 preceris,
1144 2883 1305 2942 atque
1354 2874 1517 2945 336
1575 2877 1641 2929 ab
1687 2876 1938 2930 omnibus
1988 2875 2142 2929 malis

589 2963 886 3019 incolumes
912 2978 1212 3019 serventur.
1250 2964 1468 3020 Barsiha
1498 2967 1677 3031 igitur,
1714 2966 1948 3035 acceptis
1978 2967 2141 3034 impe-

2308 1899 2478 1954 Porro
2523 1906 2767 1965 tempore
2813 1891 3059 1946 Otitmani
3093 1889 3207 1943 Ebn
3245 1887 3416 1941 Aliqui
3458 1888 3600 1937 misit
3638 1882 3772 1935 Coti-

2238 1990 2517 2046 stantinus
2569 1987 2865 2055 imperator
2933 1995 3147 2037 servum
3197 1980 3479 2047 quemdam
3520 1974 3781 2027 nomine

2236 2079 2537 2149 Manuelem
2586 2075 2928 2139 eunuchum,
2987 2086 3113 2143 cum
3157 2068 3397 2124 exercitu
3452 2064 3653 2134 ingenti
3687 2079 3784 2132 per

2239 2184 2407 2231 mare,
2445 2167 2537 2237 qui
2578 2165 2954 2221 Alexandriam
2987 2163 3147 2229 cepit.
3180 2156 3408 2225 Fuitqne
3441 2170 3507 2210 eo
3530 2164 3773 2223 tempore

2240 2264 2292 2317 in
2337 2260 2568 2330 [Egypto
2603 2258 2799 2312 Anu-us
2846 2253 3015 2309 Ebnol
3056 2251 3171 2305 Asi.
3205 2251 3403 2304 Contra
3438 2248 3613 2315 ipsum
3643 2258 3773 2311 ergo

2241 2350 2517 2420 prolectus
2556 2348 2753 2400 Amrus
2792 2359 2897 2397 una
2931 2358 3049 2395 eum
3100 2338 3259 2394 Mesri
3312 2337 3505 2391 incolis
3548 2332 3778 2402 Ceptitis

2246 2444 2498 2511 aliisque.
2551 2438 2843 2492 comitante
2876 2431 3037 2503 3&0
3074 2430 3235 2484 etiam
3281 2424 3654 2480 Ariiokatikaso
3688 2422 3784 2490 qui

2243 2533 2390 2604 ipsos
2418 2530 2639 2600 opibus,
2673 2524 2927 2594 hospitio,
2973 2529 3026 2575 et
3064 2520 3258 2573 viatico
3292 2516 3572 2579 instruxit,
3602 2528 3784 2583 pugna

2242 2625 2389 2694 ipsos
2427 2619 2575 2691 gravi
2601 2615 2814 2685 excepit
2840 2614 2903 2668 ad
2936 2622 3144 2682 portam
3175 2606 3549 2667 Alexandriae;
3577 2618 3693 2672 qua:
3725 2611 3787 2657 et

2241 2730 2336 2786 per
2365 2713 2482 2767 dies
2513 2710 2715 2778 aliquot
2741 2706 3050 2761 continuata
3070 2711 3183 2765 est;
3213 2701 3333 2756 dein
3364 2700 3418 2753 in
3449 2696 3625 2765 iugata
3649 2711 3783 2749 eou-

2243 2820 2433 2862 versus
2457 2811 2537 2856 est
2563 2796 3068 2855 Manuelennuchus
3089 2808 3210 2848 cum
3245 2790 3496 2845 omnibus
3534 2788 3622 2857 qui
3655 2802 3779 2840 cum

2246 2900 2363 2969 ipso
2386 2898 2596 2950 fuerant
2617 2888 2894 2950 Romanis,
2915 2883 3335 2955 qniconscensis
3366 2880 3593 2933 navibus
3638 2878 3789 2931 Con-

2245 2968 2648 3053 stantinOpolim
2680 2980 2875 3034 reversi
2922 2984 3067 3030 sunt.
3100 2974 3293 3027 Diebus
3333 2970 3495 3027 etiam
3528 2968 3787 3023 Otltmani

591 3054 790 3108 ratoris
812 3054 1153 3110 Constantini
1189 3056 1402 3116 litteris.
1436 3071 1557 3110 cum
1580 3055 1648 3110 iis
1672 3056 1944 3124 proiectus
1966 3065 2049 3110 est
2074 3056 2141 3110 ad
2169 3088 2210 3141 ο
2247 3082 2359 3135 Eb“
2379 3074 2552 3130 Amm
2574 3081 2738 3140 capue
2757 3078 2882 3125 ευιιι
2907 3066 3107 3126 Africa,
3130 3062 3377 3117 Armenia
3398 3070 3452 3115 et
3470 3059 3777 3114 Chorasatt.

588 3141 852 3198 Joannem
882 3146 1247 3215 patriarcham
1280 3144 1605 3214 Romanum,
1639 3146 1705 3201 ad
1749 3145 1906 3214 cuius
1934 3145 2140 3199 litteras

591 3250 912 3304 responsum
936 3236 1310 3293 continebant.
1348 3240 1415 3291 At
1445 3252 1568 3292 cum
1600 3236 1824 3290 Romam
1853 3235 2144 3305 appelleret

594 3327 801 3381 invenit
831 3327 1095 3383 Joannem
1130 3329 1494 3398 patriarcham
1532 3338 1803 3383 mortuum
1830 3343 1969 3382 esse.
2021 3328 2145 3381 l‘ost

593 3432 750 3486 quem
780 3418 917 3471 sedit
944 3420 1025 3471 vir
1048 3420 1265 3488 quidam
1286 3417 1533 3488 egregius
1560 3417 1778 3471 nemine
1805 3415 2142 3477 Theodorus,

593 3512 658 3566 ad
692 3528 850 3581 quem
906 3511 1169 3568 accedens
1222 3512 1461 3574 Barsika,
1518 3513 1801 3565 certiorem
1855 3527 1976 3564 eum
2025 3510 2149 3563 fecit

594 3604 724 3670 quid
758 3602 857 3672 ipsi
892 3602 1122 3658 dixisset
1151 3603 1471 3672 imperator,
1508 3614 1779 3671 quamque
1809 3600 2145 3655 orthodoxus

594 3702 777 3758 esset,
834 3708 1048 3763 unaque
1095 3693 1197 3763 ipsi
1266 3694 1475 3747 litteras
1529 3692 1749 3745 tradidit
1804 3691 2145 3759 imperatoris

593 3783 933 3837 Constantini
969 3784 1033 3838 ad
1079 3784 1360 3852 epistolam
1401 3783 1644 3847 Joannis,
1675 3797 1835 3852 quam
1884 3782 1949 3835 ad
1981 3783 2149 3849 impe-

596 3887 808 3929 ratores
859 3876 1177 3943 scripserat,
1227 3874 1597 3941 responsorias
1652 3892 1665 3924 :
1720 3889 1853 3942 quas
1900 3882 2147 3940 acceptas

598 3969 729 4037 legit
760 3966 1077 4021 Theodorus
1112 3966 1444 4035 patriarcha.
1483 3976 1534 4019 et
1567 3965 1939 4020 orthodoxiam
1974 3965 2147 4033 ipsius

599 4062 827 4111 miratus
874 4071 1194 4125 responsum
1245 4056 1310 4109 ad
1363 4055 1505 4124 ipsas
1553 4058 1654 4108 hoc
1700 4058 1857 4109 modo
1884 4055 2143 4118 scripsit:

596 4147 675 4200 Ad
702 4147 1118 4201 Constantinum
1158 4146 1533 4214 imperatorem
1579 4145 1699 4198 iidei
1736 4145 1961 4198 sincerae
2004 4144 2150 4213 [pro-

598 4238 631 4290 [ι
654 4235 883 4306 ssorem]
913 4236 1130 4289 unicum
1155 4252 1169 4289 :
1197 4251 1223 4288 a
1246 4235 1529 4289 Theodoro
1555 4234 1859 4303 patriarcha
1884 4232 2146 4287 Romano.

598 4328 947 4382 Cratilicatus
976 4336 1059 4383 est
1086 4326 1243 4381 nobis
1277 4326 1535 4379 Dominus
1588 4325 1728 4379 Deus
1776 4326 2113 4390 omnipotens
2133 4362 2147 4386 ,

2245 3168 2461 3225 Praefuit
2494 3166 2774 3224 Damasco,
2811 3158 3024 3212 nomine
3047 3153 3349 3214 Othtuanis,
3381 3150 3629 3204 Moawias
3666 3145 3785 3199 Ειιιι

2247 3263 2360 3330 Aby
2392 3259 2615 3329 Sofyan.
2645 3251 2902 3307 Moawias
2932 3250 3032 3303 iste
3054 3261 3175 3299 cum
3204 3243 3357 3313 Cypri
3383 3241 3576 3295 incolis
3611 3237 3793 3293 ite-ins

2248 3352 2446 3423 pepigit
2494 3361 2635 3400 anno
2683 3343 2855 3398 Heine
2887 3339 3142 3394 vitesimo
3189 3341 3400 3396 octavo,
3446 3330 3606 3399 idque
3644 3343 3795 3401 sunt)

2247 3442 2536 3497 chalii‘atus
2572 3434 3084 3519 Otluuani‘quarto,
3129 3426 3335 3480 tributo
3385 3433 3673 3476 aureorum
3701 3433 3795 3471 sr-

2247 3535 2383 3601 pties
2412 3528 2559 3583 mille
2594 3510 2953 3580 ducentorum
2988 3510 3274 3587 quOtannis
3304 3514 3372 3567 ab
3416 3511 3545 3581 ipsis
3581 3510 3789 3576 inper-

2252 3597 2469 3690 petuum
2496 3613 2827 3670 Mosleminis
2860 3608 3163 3677 pandendo.
3198 3620 3261 3662 ac
3291 3612 3441 3658 tanto
3486 3602 3647 3690 etiam
3677 3597 3791 3652 Ro-

2253 3680 2535 3768 iuanorum
2568 3692 2907 3777 imperatori.
2930 3699 3101 3756 Porro
3127 3693 3342 3765 collegit
3376 3680 3795 3748 Olhmanniko-

2252 3818 2463 3861 rannm.
2491 3802 2649 3864 longa
2694 3796 2893 3865 longis,
2927 3792 3106 3847 brevia
3140 3786 3392 3843 brevibus
3413 3795 3745 3849 componens
3773 3795 3787 3831 :

2250 3904 2413 3963 atque
2463 3893 2563 3945 hoc
2596 3889 2748 3941 libris
2779 3896 2984 3953 septem
3030 3881 3175 3941 fecit,
3207 3876 3424 3931 abolitis
3453 3872 3665 3926 caeteris
3694 3886 3792 3923 an-

2250 3961 2526 4035 noileirm
2563 3977 2836 4032 tricesimo
2868 3970 3125 4026 secundo.
3172 3967 3300 4022 Dein
3352 3961 3793 4018 discordantibus

2248 4088 2369 4125 cum
2418 4072 2535 4139 ipso
2573 4066 2881 4121 hominibus
2912 4059 3229 4115 interfectus
3260 4065 3343 4111 est
3389 4055 3616 4106 Othtuan
3671 4047 3785 4101 Ebn

2250 4133 2456 4214 Aﬂani:
2493 4154 2891 4210 Interiecerunt
2934 4152 3105 4218 ipsum
3153 4142 3485 4201 Mahommed
3529 4141 3642 4195 Ebn
3683 4133 3783 4190 ΑΙιὶ

2252 4250 2405 4304 Βεειί
2435 4248 2656 4300 Ammar
2684 4242 2797 4295 Ebn
2828 4238 3041 4299 Yascri,
3069 4244 3121 4290 et
3151 4236 3367 4289 Canana
3398 4230 3510 4284 Ebn
3546 4227 3789 4290 Dashari,

2249 4341 2337 4393 die
2378 4336 2461 4391 Dii
2494 4334 2661 4402 Hajja:
2714 4338 2903 4385 octavo
2953 4327 3055 4395 (vel
3092 4324 3385 4379 secundum
3428 4321 3571 4375 aliud
3611 4333 3793 4372 exem-

598 4420 687 4485 qui
726 4418 1018 4472 Ecclesiam
1053 4432 1201 4471 suam
1234 4416 1602 4469 moderamine
1639 4415 2015 4468 misericordiae
2041 4429 2151 4467 suae
2187 4425 2227 4477 ι)
2258 4432 2393 4499 plan
2417 4427 2627 4481 decimo
2647 4421 2895 4488 octavo);
2925 4434 3064 4471 anno
3089 4415 3259 4471 ῃρίνρε
3286 4415 3558 4468 uicesimo
3581 4412 3789 4480 quinto.

602 4507 820 4577 respicit
866 4509 917 4560 in
961 4508 1158 4570 pietate
1192 4512 1326 4570 tha,
1375 4504 1629 4571 deditque
1686 4504 1842 4558 nobis
1890 4504 2064 4558 locum
2104 4513 2154 4558 te

600 4595 905 4666 alloquendi
941 4608 1064 4648 cum
1098 4592 1291 4663 gaudio
1330 4601 1383 4646 et
1432 4591 1724 4655 hilaritate,
1770 4606 1878 4660 quo
1930 4590 2151 4658 gratiam

604 4690 742 4742 hanc
792 4686 967 4755 palam
1021 4684 1303 4741 iaciamus.
1358 4681 1463 4735 Vos
1510 4682 1775 4749 siquidem
1833 4688 2151 4750 p0testatem

604 4789 840 4834 vestram
875 4774 1162 4843 accepistis
1198 4775 1313 4828 vice
1344 4772 1719 4842 apostolorum
1755 4780 2063 4828 sanctorum
2095 4778 2154 4821 nt

604 4870 762 4923 tidem
795 4867 1153 4921 orthodoxam
1185 4866 1556 4935 prepugnetis,
1602 4874 1656 4917 et
1702 4863 2015 4932 religionem
2059 4878 2153 4915 ve-

606 4975 718 5013 ram
752 4956 1109 5013 manilestetis
1136 4970 1289 5009 anon
1321 4968 1381 5009 ut
1411 4954 1709 5015 iieraclius,
1746 4956 1837 5021 qui
1867 4951 1936 5006 ob
1968 4951 2152 5004 inlide-

606 5053 806 5104 litatem
839 5063 994 5103 suam
1020 5048 1270 5116 quodque
1300 5046 1579 5099 veritatem
1613 5045 1935 5107 deseruerit.
1957 5044 2152 5111 dignus

607 5157 713 5196 non
745 5148 825 5201 est
859 5138 947 5207 qui
984 5153 1074 5193 rex
1101 5136 1431 5206 appelletur;
1465 5150 1560 5190 nec
1595 5145 1650 5189 ut
1685 5135 1927 5203 Sergius,
1972 5132 2152 5186 110ηο-

606 5234 743 5294 rius,
777 5229 994 5292 Paulus,
1030 5237 1085 5282 et
1120 5228 1314 5282 Petrus
1345 5227 1667 5295 patriarcha:
1696 5224 2152 5289 Constantinopo—

606 5320 779 5381 litani,
840 5319 997 5388 337
1029 5319 1190 5388 339
1239 5319 1333 5387 qui
1392 5316 1603 5370 veritati
1660 5314 2101 5369 contradixerunt
2134 5349 2149 5375 ,

588 5421 769 5480 atque
799 5412 1138 5464 anathemate
1169 5412 1310 5481 digiti
1349 5418 1507 5472 sunt,
1552 5409 1752 5479 quique
1789 5409 1855 5463 de
1895 5408 2149 5463 Ecclesiae

607 5502 775 5570 gradu
822 5501 1145 5567 dejieiantur
1189 5502 1257 5555 ob
1296 5491 1688 5555 sententiarum
1736 5514 1954 5553 suarum
2006 5498 2150 5551 falsi-

612 5601 795 5654 tatem,
832 5606 1033 5660 eosque
1066 5606 1204 5661 quos
1247 5592 1301 5645 in
1345 5590 1620 5644 hominum
1651 5589 1906 5660 [animas]
1949 5590 2144 5655 injecc-

612 5690 737 5737 runt
786 5683 1096 5755 scrupulos.
1143 5680 1221 5737 Τιι
1271 5690 1486 5748 autem,
1538 5679 1979 5751 praestantissime
2032 5695 2140 5747 rex,

2256 4529 2427 4575 annos
2456 4522 2567 4565 tum
2592 4522 2772 4563 natum
2810 4507 3085 4573 octoginta
3122 4504 3292 4567 duos;
3327 4517 3418 4570 per
3447 4500 3680 4566 triduum
3711 4500 3793 4550 in-

2255 4605 2501 4674 sepultus
2543 4600 2761 4673 mansit.
2814 4598 2936 4651 Fuit
2990 4591 3251 4665 [statura]
3309 4592 3605 4660 quadratze,
3657 4588 3794 4643 facie

2260 4695 2485 4765 pulchra
2507 4733 2521 4756 ,
2552 4691 2755 4754 fuscus,
2796 4688 2959 4741 barba
2986 4686 3159 4752 ampla
3193 4698 3352 4751 quam
3378 4681 3628 4749 plicabat,
3661 4682 3795 4731 den-

2258 4800 2338 4840 tes
2376 4797 2511 4837 auro
2545 4777 2969 4847 constringebat.
3011 4773 3307 4828 Plurimum
3370 4786 3491 4824 cum
3520 4784 3585 4821 eo
3623 4768 3795 4836 potuit

2251 4870 2596 4946 351-343
2631 4868 2861 4929 Merwan
2888 4868 3001 4919 Ebn
3030 4862 3264 4927 Hacem;
3299 4860 3539 4927 sepultus
3575 4866 3659 4946 est
3688 4855 3793 4908 Me-

2255 4943 2396 5014 dinae
2426 4960 2546 5012 loco
2579 4956 2725 5010 dicto
2764 4953 2910 5009 lasar
2948 4950 3169 5006 Caucab
3210 4947 3371 5019 [pons
3402 4944 3591 5015 stellae]
3628 4960 3642 4997 :
3690 4943 3791 5000 Sa-

2256 5051 2480 5103 t’ellitum
2528 5048 2778 5118 princeps
2827 5045 2926 5114 ipsi
2985 5043 3087 5097 fuit
3124 5039 3388 5095 Abdallah
3433 5036 3546 5090 Ebn
3608 5032 3792 5089 Phabd

2257 5141 2598 5203 Adavvensis.
2623 5138 2859 5200 Janitor,
2903 5134 3219 5197 Hamdanus
3246 5129 3419 5199 ipsius
3443 5142 3655 5182 servus.

2560 5228 2859 5295 Chalifattts
2890 5225 3002 5281 Alis
3028 5221 3140 5277 Ebn
3165 5221 3263 5274 Abi
3293 5219 3483 5272 Taiebt'.

2322 5319 2650 5375 Cbalil‘atum
2702 5329 2822 5388 post
2850 5316 3176 5370 Olhmanum
3216 5311 3445 5366 obtinuit
3475 5307 3555 5360 Ali
3581 5299 3693 5361 Ebn
3722 5302 3796 5357 Ab

2248 5410 2455 5473 Talebi,
2509 5409 2643 5478 (Ebn
2676 5408 2832 5485 Alrd‘il
2872 5404 3161 5467 Motallabi,
3193 5400 3306 5454 Ebu
3340 5398 3612 5462 llasbcmi,
3664 5394 3793 5455 Ebni

2249 5502 2407 5554 Ahdil
2459 5498 2738 5565 Manaphi;
2774 5498 2859 5549 cui
2901 5506 3069 5548 mater
3109 5492 3398 5546 Phatemab
3458 5491 3567 5542 tilia
3614 5488 3791 5549 Asadi,

2250 5594 2363 5645 Ebn
2433 5590 2709 5652 llasbcmi,
2774 5588 2886 5642 Ebn
2947 5585 3101 5639 Abdil
3160 5582 3431 5651 Manaphi)
3482 5594 3665 5634 mense
3714 5576 3791 5632 Dii

2250 5681 2411 5752 llajja:
2438 5681 2561 5736 anni
2604 5677 2779 5735 lleirze
2806 5678 3063 5735 trieesimi
3089 5677 3286 5743 quinti,
3319 5675 3476 5735 idque
3510 5686 3653 5732 anno
3691 5671 3791 5727 iut-
