4142 6440
279 324 410 409 ιιίδ

1695 344 2053 409 ANNALES.

2753 264 2780 270 ---
2811 264 3076 273 ..—__......._.__.
3097 269 3102 272 .
3141 259 3220 273 ειν.-.
3251 267 3254 270 .
3299 263 3306 266 .

3361 338 3489 401 1H4

274 458 403 524 perii
432 454 767 510 Constantini
805 455 896 508 filii
936 452 1280 508 Commmini
1315 461 1527 521 quarto.
1563 452 1812 508 Profecto
1854 460 1901 518 Α
1933 459 2090 512 istius
2141 455 2423 511 sententiae
2471 471 2589 523 qua:
2617 451 2873 508 Ecclesiae
2915 451 3183 506 contraria
3236 459 3403 513 esset,
3440 460 3494 504 et

274 558 335 598 co
365 543 580 597 Basram
613 542 710 596 fuit
736 544 974 614 praelium
998 542 1198 596 Cameli
1227 558 1241 607 ;
1265 541 1456 596 deinde
1481 556 1602 596 cum
1633 541 1823 597 Cufam
1890 556 1908 574 ⁸

273 643 456 702 petens
478 634 530 686 in
565 634 773 702 Syriam
807 629 1072 698 tenderet,
1097 632 1444 696 commissum
1471 640 1552 685 est
1585 632 1824 703 praelium

271 725 635 778 Choruziense
666 725 717 776 in
759 724 1085 777 Nabrawan.
1142 720 1275 776 Dein
1304 721 1489 776 Cufain
1525 723 1700 785 rediit,
1732 723 1822 777 tibi

273 811 447 878 ipsum
477 811 747 866 interfecit
775 811 1180 865 Ahdorraliman
1219 811 1334 865 Ehn
1375 811 1609 864 Milhami
1647 812 1826 865 Alma-

271 901 562 965 zadiensis,
594 901 778 954 decem
827 908 952 954 ante
999 899 1206 953 finitum
1262 916 1503 956 mensem
1565 898 1828 952 itaiiiada-

274 1005 398 1042 num
431 990 643 1051 diebus,
677 1003 818 1042 anno
853 989 1030 1042 Heira:
1053 989 1499 1059 quadragesimo.
1531 988 1658 1040 Erat
1704 1002 1825 1040 cum

271 1079 612 1132 occideretur
642 1093 908 1132 annorum
943 1081 1222 1147 sexaginta
1272 1080 1461 1134 trium.
1505 1077 1693 1131 Oravit
1731 1090 1827 1138 pro

275 1169 389 1233 ipso
420 1168 562 1222 filius
585 1169 756 1238 ipsius
793 1169 992 1224 Hasan.
1029 1169 1150 1223 Fuit
1181 1170 1471 1222 chalifatus
1501 1169 1671 1236 ipsius
1731 1182 1830 1220 an-

273 1271 467 1308 norum
520 1269 754 1326 quatuor
785 1267 838 1312 et
876 1260 1060 1312 decem
1114 1259 1403 1310 mensium.
1447 1257 1658 1311 Fuscus
1706 1255 1826 1319 fuit,

270 1348 828 1416 vt-ntrejprmninente,
851 1348 1015 1402 barba
1036 1346 1301 1415 promissa
1321 1347 1455 1402 adeo
1473 1355 1715 1401 uttotum
1730 1345 1830 1414 ipsi

273 1447 461 1505 pectus
485 1438 742 1505 operiret.
771 1436 1038 1490 Canitiem
1062 1451 1213 1490 suam
1237 1451 1342 1489 non
1370 1434 1831 1502 mutabat.Sepul-

274 1535 356 1580 tus
384 1527 537 1581 estin
566 1527 851 1596 Garriyan,
879 1527 960 1580 vel
981 1526 1274 1581 secundum
1301 1526 1589 1580 noonullos
1613 1527 1666 1576 in
1689 1522 1830 1576 Tha-

272 1618 434 1670 wiah.
461 1617 877 1672 Controversum
912 1618 1053 1671 enim
1077 1629 1160 1673 est
1189 1619 1254 1672 de
1280 1620 1399 1671 loco
1426 1617 1723 1686 sepultura:
1748 1615 1831 1681 ip-

273 1707 409 1761 sius.
433 1707 736 1760 Satellitum
759 1708 857 1776 ipsi
880 1707 1168 1777 pmfectus
1201 1707 1363 1778 344
1387 1707 1484 1760 fuit
1503 1705 1688 1759 Maaka
1714 1703 1829 1757 Ebn

1931 548 2058 619 quid
2107 547 2320 602 initium
2379 547 2479 615 ipsi
2531 545 2793 602 dederat:
2830 554 2890 598 ut
2926 542 3233 597 incencilio
3274 539 3492 593 Patrum

1927 629 2235 705 sanctorum
2267 640 2548 691 anathema
2597 620 2870 690 diceretur
2901 634 2953 688 in
2985 632 3135 687 illum
3179 632 3271 700 qui
3311 645 3375 683 eo
3411 629 3496 682 di»-

1928 741 2067 791 gntts
2097 735 2258 779 esset.
2308 724 2646 778 Perveniens'
2674 733 2852 776 autem
2895 722 3104 788 legatus
3153 717 3494 800 imperatoris

1930 814 2176 876 Romam,
2219 813 2477 883 Diyanuin
2522 813 2724 867 ohiissc
2771 811 2994 880 reperit.
3025 808 3089 861 Et
3130 807 3490 878 patriarcham

1933 914 2053 972 post
2085 904 2256 971 ipsum
2309 899 2493 957 Romae
2526 906 2873 956 constitutum
2907 901 3320 969 esseAgahium
3362 916 3375 950 :
3407 895 3493 948 cui

1935 1009 2056 1047 cum
2087 993 2294 1048 litteras
2323 994 2658 1052 tradidisset,
2683 993 2844 1062 348
2873 992 2960 1045 ille
2987 1001 3246 1059 quotquot
3272 987 3496 1040 aderant

1933 1080 2216 1147 episcopos
2244 1078 2582 1140 convocavit,
2608 1080 2698 1146 qui
2733 1091 2957 1142 numero
2980 1085 3134 1130 erant
3162 1083 3377 1128 centum
3410 1073 3488 1123 vi-

1933 1167 2068 1235 ginti
2095 1177 2346 1238 quatuor,
2388 1181 2509 1219 cum
2552 1165 2725 1219 tribus
2756 1164 3023 1226 diaconis,
3069 1177 3132 1215 cx
3180 1163 3245 1214 iis
3284 1160 3371 1227 qni
3426 1161 3490 1210 ad

1930 1259 2100 1311 altare
2122 1257 2299 1324 ipsius
2330 1256 2812 1321 communicarent,
2859 1269 3066 1323 eosque
3111 1268 3218 1306 una
3251 1267 3372 1303 eum
3411 1254 3492 1303 Ie»-

1932 1346 2071 1414 gatis
2104 1344 2451 1412 imperatoris
2485 1344 2650 1397 misit.
2688 1343 2819 1396 Cum
2855 1358 2986 1410 ergo
3028 1341 3493 1406 Constantinopoo

1933 1435 2024 1487 lim
2074 1434 2442 1500 pervenissent
2481 1433 2740 1500 i-piscOpi,
2771 1433 2836 1486 ad
2868 1433 3282 1487 Censtautinum
3325 1430 3491 1495 impe-

1933 1530 2163 1576 ratorem
2206 1523 2461 1592 ingrcssi,
2514 1521 2615 1590 ipsi
2667 1522 2897 1575 salutem
2935 1525 3012 1572 'ac
3063 1520 3492 1573 benedictionem

1932 1613 2262 1682 comprecati
2320 1621 2468 1667 sunt.
2518 1612 2905 1666 Constantinus
2963 1621 3142 1664 autem
3200 1613 3494 1675 imperator

1933 1707 2217 1775 episcopos
2251 1713 2463 1760 centum
2499 1705 2776 1774 sexaginta
2807 1713 2928 1759 octo
2958 1703 3301 1766 convocavit,
3338 1703 3406 1753 ita
3441 1711 3493 1752 ut

284 1796 403 1848 Kisi
434 1796 499 1847 Al
522 1795 861 1864 Zabajensis.
901 1797 1133 1862 Janitor,
1169 1796 1388 1850 Kanhar
1414 1812 1608 1851 servus
1636 1795 1829 1863 ipsius.
1866 1779 1905 1833 Β
1930 1798 2042 1866 jam
2076 1810 2298 1850 numero
2326 1804 2512 1849 essent
2540 1795 2760 1849 ducenti
2798 1794 3086 1862 nonaginta
3120 1792 3249 1853 duo,
3278 1800 3332 1843 at
3361 1789 3498 1858 reje-

569 1884 864 1948 Clialifatus
904 1884 1140 1939 Moawim
1171 1886 1268 1938 Abi
1306 1886 1528 1955 Sofyan.

341 1967 627 2024 Profectus
688 1970 943 2026 Moawias
983 1971 1100 2027 Ehn
1156 1974 1256 2027 Abi
1311 1972 1509 2046 Sofyan
1572 1973 1834 2031 Damasco

274 2057 534 2124 Erakuin,
557 2060 626 2113 ibi
653 2062 1252 2130 praastitisjuramentis
1271 2065 1465 2120 chalifa
1489 2067 1832 2120 renuntiatus

270 2159 384 2216 est;
421 2165 620 2204 nomen
653 2151 752 2219 ipsi
786 2150 888 2204 fuit
919 2151 1089 2205 Saclir
1116 2152 1229 2207 Ehn
1258 2153 1421 2208 Harhi
1453 2155 1565 2209 Ehn
1597 2153 1827 2210 0mmiae

272 2239 384 2291 lihn
436 2243 571 2294 Aluli
613 2241 862 2306 Sliemsi;
905 2250 1077 2295 mater
1105 2243 1276 2310 ipsius
1309 2244 1491 2298 llcnda
1540 2246 1646 2300 tilia
1679 2246 1830 2301 Atbaa

275 2323 386 2377 lihn
444 2325 669 2394 Rabia‘,
704 2325 814 2380 Ebn
859 2329 973 2379 Ahd
1048 2326 1284 2382 Shainsi.
1348 2328 1702 2397 inauguratus
1757 2342 1841 2385 est

274 2429 463 2468 mense
507 2415 692 2470 Habiti:
731 2417 948 2484 prioris,
996 2426 1139 2470 anno
1190 2417 1360 2472 Heirae
1426 2422 1863 2491 quadragesimo

274 2507 472 2574 primo,
501 2508 588 2575 qui
633 2509 732 2562 fuit
757 2509 964 2576 imperii
989 2506 1335 2564 Constantini
1373 2511 1464 2564 filii
1493 2512 1838 2569 Constantini

272 2596 612 2663 imperatoris
661 2595 1026 2651 Romanorum
1072 2599 1356 2667 decimus;
1404 2601 1622 2670 prefuit
1664 2617 1838 2658 annos

272 2688 642 2742 novcmdecim
688 2696 739 2742 et
766 2689 1000 2758 quinc'jue
1039 2704 1275 2745 menses.
1330 2691 1486 2747 Anno
1522 2690 1834 2748 Chalifatus

271 2780 392 2844 ejus
437 2781 674 2832 secundo
721 2779 1045 2833 constitutus
1084 2789 1165 2834 est
1201 2778 1468 2851 Georgius
1520 2784 1830 2851 patriarcha

278 2868 913 2939 Coustantinopolitanus
945 2887 957 2923 :
989 2871 1080 2938 qui
1110 2884 1284 2926 annos
1308 2870 1492 2925 decem
1517 2871 1683 2936 sedit,
1707 2871 1833 2926 dein

274 2969 524 3012 mortuus
544 2969 646 3014 est.
670 2958 798 3028 Ejus
813 2957 1143 3028 praefectum
1166 2972 1309 3013 anno
1327 2958 1568 3017 secundo
1584 2959 1687 3013 fuit
1707 2974 1835 3013 con—

272 3050 462 3102 cilium
491 3057 727 3116 sextum,
758 3049 963 3118 fuitque
1006 3057 1116 3105 tum
1143 3049 1331 3103 Romae
1361 3049 1674 3116 patriarcha
1694 3047 1836 3102 Mar-

274 3142 442 3198 tinus.
497 3138 803 3196 Occidentis
847 3149 1029 3198 autem
1080 3139 1365 3207 prtefectus
1419 3139 1639 3194 nomine
1688 3140 1834 3195 Con-

281 3230 510 3289 stantini
543 3230 887 3301 imperatoris
903 3241 1022 3286 erat
1043 3232 1261 3302 quidam
1297 3231 1516 3288 nomine
1541 3231 1833 3294 Constans,

275 3325 364 3392 qui
426 3338 549 3379 cum
594 3321 858 3376 Maronita
902 3335 1070 3388 esset,
1127 3323 1416 3395 Martinam
1470 3323 1832 3393 patriarchatn

274 3414 577 3479 llomanum
594 3413 758 3482 jussit
779 3414 1018 3469 eamdem
1041 3414 1283 3485 proﬁteri
1314 3414 1660 3479 sententiam;
1682 3428 1837 3467 cum--

273 3520 380 3575 quc
405 3505 592 3568 nollet.
625 3505 802 3577 ipsum
833 3506 902 3560 ad
938 3502 1126 3560 urbem
1158 3507 1451 3576 quamdam
1487 3505 1834 3575 longinquam

276 3599 551 3670 relegavit.
625 3593 754 3651 Erat
814 3607 989 3661 autem
1045 3607 1177 3655 tunc
1229 3598 1486 3667 temporis
1540 3598 1838 3650 monachus

275 3689 493 3754 quidam
512 3695 729 3744 sanctus
765 3689 982 3742 nomine
1008 3687 1290 3755 Max-imus,
1316 3687 1402 3740 cui
1425 3687 1533 3741 duo
1554 3696 1707 3740 erant
1729 3686 1840 3740 dis-

276 3769 464 3850 cipuli.
486 3779 581 3837 llic
595 3782 658 3836 ad
677 3783 1025 3836 Constantem
1051 3780 1356 3840 praefectum
1384 3779 1647 3832 accedens
1664 3779 1839 3846 ipsum

277 3879 346 3931 ob
375 3875 655 3932 sententiae
705 3888 815 3927 sua:
841 3883 891 3927 et
918 3873 1095 3926 cultus
1124 3873 1457 3940 pravitatem,
1491 3867 1840 3939 345-357

281 3967 689 4023 helerodoxiani
718 3974 877 4031 atque
900 3977 1112 4031 gravem
1138 3961 1502 4019 infidelitatem
1538 3961 1835 4026 redarguit.

283 4057 454 4112 Jussit
485 4071 611 4126 ergo
645 4056 914 4109 Constans
937 4053 1166 4106 Maximo
1195 4067 1393 4110 manus
1428 4066 1489 4104 ac
1526 4051 1688 4119 pedes
1723 4065 1840 4102 am-

280 4146 481 4214 putari,
518 4145 856 4214 linguamque
890 4144 1120 4207 extrahi,
1161 4152 1320 4210 atque
1352 4144 1526 4210 ipsum
1571 4144 1621 4195 in
1665 4145 1840 4207 locum

281 4238 631 4305 longinquum
681 4236 962 4302 ablegavit.
1011 4231 1182 4286 Jnssit
1225 4234 1386 4286 etiam
1441 4233 1837 4300 discipulorum

281 4326 451 4394 ipsius
497 4325 723 4376 alterum
763 4322 1042 4392 prehendi,
1076 4321 1324 4391 idemque
1366 4321 1468 4389 ipsi
1509 4321 1621 4376 fieri
1656 4336 1671 4374 :
1705 4321 1840 4373 alter

1937 1888 2037 1940 ctis
2071 1887 2244 1940 tribus
2291 1886 2557 1949 diaetmis,
2588 1885 2678 1952 qui
2716 1885 2782 1937 ab
2813 1885 3017 1953 Agabio
3047 1881 3348 1950 patriarcha
3390 1879 3498 1930 [to-

1936 1991 2099 2030 mano
2139 1976 2293 2029 missi
2336 1975 2573 2036 fuerant.
2626 1983 2947 2028 manserunt
2998 1973 3232 2040 episc0pi
3281 1973 3498 2024 ducenti

1935 2067 2206 2134 octoginta
2243 2080 2433 2135 novem
2464 2082 2478 2118 :
2510 2073 2675 2131 atque
2707 2064 2780 2116 ita
2814 2064 2867 2116 in
2920 2063 3183 2131 diptycho
3211 2077 3498 2116 recensen-

1940 2166 2042 2210 tur.
2075 2146 2318 2222 Sonitate
2343 2169 2474 2222 ergo
2515 2154 2700 2207 auxilii
2729 2152 2926 2214 divini,
2959 2167 3020 2206 ac
3065 2151 3500 2205 mansuetudinis

1889 2241 1895 2247 ’
1937 2240 2277 2295 Constantini
2304 2239 2643 2308 imperatoris
2671 2240 2841 2294 fidelis
2857 2239 3194 2307 prtestantia,
3215 2251 3492 2311 peractum

1939 2339 2021 2387 est
2050 2335 2153 2387 hoc
2180 2332 2449 2402 negotium
2480 2347 2591 2400 quo
2629 2331 2685 2385 in
2717 2331 2879 2385 unius
2919 2330 3217 2385 voluntatis
3256 2339 3494 2385 asserto-

1941 2439 2028 2477 res
2079 2430 2344 2486 statutum
2377 2429 2483 2486 est,
2513 2436 2650 2489 quos
2690 2421 3031 2476 anathemate
3061 2427 3449 2490 percusserunt
3484 2436 3497 2471 :

1940 2513 2147 2583 fuitque
2205 2510 2363 2579 hujus
2399 2510 2614 2565 concilii
2654 2511 2793 2564 sexti
2842 2523 3042 2578 praeses
3098 2509 3362 2577 Georgius
3410 2525 3504 2577 pa-

1941 2606 2176 2660 triarcha
2212 2602 2866 2670 Constantinopolitanus,
2915 2608 2970 2655 ct
3005 2601 3363 2667 Thc0phanes
3404 2615 3495 2668 pa-

1940 2681 2174 2749 triarcha
2211 2694 2581 2746 Antioclienus
2609 2710 2623 2744 :
2659 2702 2843 2760 utpote
2865 2693 2957 2760 qui
2999 2691 3049 2743 in
3081 2693 3196 2758 ipso
3226 2694 3328 2744 hoc
3374 2706 3502 2743 con-

1937 2786 2062 2837 cilio
2086 2784 2387 2851 patriarcha
2419 2783 2764 2835 renuntiatus
2800 2788 2906 2846 est,
2941 2796 3061 2833 cum
3091 2779 3383 2842 Macarius,
3406 2781 3496 2848 qui

1907 2882 2062 2929 ante
2103 2873 2276 2941 ipsum
2339 2871 2462 2937 fuit,
2508 2871 2560 2924 in
2595 2885 2658 2925 eo
2688 2871 3034 2926 anathemate
3067 2887 3353 2951 percussus
3386 2881 3488 2925 est.

1940 2963 2278 3018 Alexandriae
2324 2965 2504 3016 autem
2536 2970 2589 3016 et
2621 2961 3009 3033 Hierosolymis
3037 2963 3342 3031 patriarcha
3373 2970 3502 3016 tunc

1944 3056 2197 3124 temporis
2225 3067 2334 3108 non
2358 3052 2477 3119 fuit,
2506 3060 2736 3124 utraque
2771 3053 2896 3107 sede
2925 3063 3173 3107 vacante.
3199 3053 3498 3104 Anathoma

1947 3162 2074 3214 ergo
2091 3146 2345 3200 dixerunt
2363 3145 2415 3198 in
2438 3142 2753 3210 Macarium,
2790 3143 3156 3197 Macedonium
3181 3154 3234 3195 et
3250 3139 3502 3208 Chazjmn

1939 3237 2274 3306 patriarchas
2319 3235 2684 3300 Antiochenos
2715 3273 2730 3297 ,
2787 3233 3232 3302 Stephannmqne
3288 3231 3502 3285 Macarii

1937 3327 2258 3405 discipulum
2282 3346 2297 3394 ;
2341 3342 2441 3381 nec
2485 3342 2588 3379 non
2605 3325 2924 3396 Cyrrutn,et
2945 3327 3151 3379 Petrum
3173 3323 3506 3392 patriarchas

1938 3418 2351 3480 Alexandrinos,
2397 3415 2751 3487 359-351
2809 3424 2866 3468 et.
2921 3413 3221 3467 Honorium
3271 3411 3501 3481 patriar-

1939 3512 2094 3563 cliatn
2140 3508 2464 3573 Romanum,
2510 3506 2963 3575 Theodorumque
3017 3505 3264 3565 Paulum,
3297 3512 3350 3555 ct
3405 3501 3506 3555 Pes

1943 3617 2080 3657 trum
2111 3600 2447 3670 patriarchas
2477 3597 3115 3665 Constantinopolitanos
3150 3613 3163 3646 :
3203 3594 3498 3660 quinetiam

1943 3695 1996 3760 in
2023 3690 2388 3751 Theodorum,
2421 3688 2614 3741 Parani
2663 3687 3000 3757 episcopum.
3039 3695 3092 3738 et
3137 3683 3500 3738 llochronium

1945 3783 2036 3850 qui
2071 3778 2254 3832 Simon
2302 3777 2930 3848 Maguscoguominatus
2954 3783 3059 3830 est.

2013 3867 2134 3923 Fuit
2207 3869 2294 3922 hic
2357 3869 2624 3936 siquidem
2713 3866 2970 3920 sacerdos
3045 3865 3214 3934 Syrus
3293 3863 3508 3917 hetero-

1945 3964 2142 4025 doxus,
2199 3963 2288 4030 qui
2322 3963 2624 4014 autumavit
2655 3959 2930 4014 Christum
2958 3953 3058 4026 ipsi
3093 3960 3144 4010 in
3181 3971 3375 4011 somno
3399 3971 3498 4023 ap-

1951 4062 2225 4123 parentem
2255 4051 2553 4116 indicasse,
2583 4056 2810 4104 istorum
2858 4050 2946 4118 qui
2982 4063 3142 4102 unam
3169 4047 3500 4114 voluntatem

1953 4150 2263 4200 assererent
2287 4158 2465 4198 veram
2496 4157 2615 4197 esse
2661 4142 3013 4195 sententiam.
3052 4138 3510 4204 Constantinopo-

1950 4235 2039 4287 lim
2087 4249 2214 4304 ergo
2266 4232 2533 4288 accedens
2570 4242 2856 4310 postquam
2903 4237 3094 4293 contra
3147 4225 3514 4290 heterodoxos

1950 4330 2212 4374 statutum
2245 4327 2387 4374 esset
2412 4318 2716 4378 decretum,
2753 4315 2872 4368 haec.
2897 4328 3125 4368 narrans
3161 4321 3387 4370 conatus
3423 4318 3509 4376 est

281 4418 459 4484 flagris
485 4431 653 4468 caesus
677 4423 759 4468 est
784 4429 797 4464 :
825 4413 946 4466 dein
975 4422 1260 4480 utrumque
1292 4414 1343 4466 in
1375 4413 1551 4467 locum
1577 4413 1644 4465 ab
1669 4411 1839 4464 altero
1877 4426 1918 4479 υ
1953 4410 2093 4463 tueri
2146 4407 2472 4464 sententiam
2544 4405 3060 4460 Monothelitaruin;
3103 4417 3270 4468 quare
3330 4401 3505 4467 ipsum

283 4505 438 4572 longe
483 4512 748 4556 remotum
791 4503 1014 4570 expulit.
1061 4501 1306 4571 Cumque
1349 4501 1579 4556 Martino
1614 4502 1842 4571 patriar-

282 4599 417 4660 chae,
450 4611 512 4650 ac
557 4597 788 4657 Maximo
818 4587 1206 4664 discipulisqhe
1250 4595 1422 4664 ipsius
1470 4594 1678 4648 duobus
1734 4593 1839 4646 hoc

286 4688 494 4744 fecisset
550 4687 839 4752 Constans,
898 4686 1082 4750 Romae
1143 4685 1500 4754 patriarcham
1553 4683 1839 4737 constituit

286 4782 457 4837 virum
501 4779 781 4848 quemdam
829 4778 1082 4834 eximium
1135 4777 1350 4830 nomine
1387 4775 1671 4844 Diyanum.
1705 4772 1840 4825 Cum

287 4881 464 4931 autem
506 4870 701 4926 certior
745 4868 916 4922 factus
945 4877 1088 4921 esset
1112 4867 1500 4921 Constantinus
1545 4867 1840 4932 imperator

286 4955 457 5011 fidelis
513 4956 579 5009 de
603 4958 748 5008 ohitu
772 4955 1038 5008 Theodori
1069 4954 1384 5022 patriarcha;
1411 4952 1656 5014 Romani,
1679 4951 1836 5019 quid-

284 5062 389 5119 que
422 5041 638 5100 fecisSet
669 5046 935 5099 Constans
966 5043 1195 5096 Martino
1223 5044 1540 5112 patriarchae
1572 5040 1838 5093 Maximo-

287 5155 388 5206 que
424 5139 687 5191 monacho
731 5147 780 5190 et
813 5137 980 5204 ipsius
1024 5135 1326 5203 discipulis,
1373 5132 1837 5199 constitutumque

287 5245 406 5283 esse
452 5229 709 5296 Diyanum
767 5226 1122 5296 patriarcham
1173 5225 1493 5286 Romanum,
1528 5240 1665 5291 mgre
1718 5225 1829 5276 haec

288 5319 426 5381 tulit,
458 5318 780 5385 scripsitque
806 5317 870 5367 ad
911 5317 1085 5383 ipsum
1118 5315 1322 5368 litteras
1349 5331 1472 5367 cum
1523 5316 1835 5381 diplomate,

287 5421 482 5477 rogans
520 5418 577 5460 ut
610 5422 639 5459 e
666 5405 1141 5474 prmstantissimis,
1183 5406 1274 5472 qui
1327 5404 1394 5457 ad
1441 5409 1612 5457 altare
1662 5404 1835 5472 ipsius

289 5495 789 5568 [communicarent]
843 5498 1109 5564 episcopis
1156 5496 1219 5547 ad
1268 5496 1440 5562 ipsum
1479 5496 1736 5559 mitteret,
1774 5494 1837 5545 fi-

289 5585 406 5638 dum
439 5587 537 5654 ipsi
571 5587 770 5639 faciens
798 5602 861 5639 ne
894 5587 1108 5639 timeret
1131 5585 1445 5653 quidquam,
1473 5600 1655 5637 verum
1689 5583 1838 5654 [esse

291 5672 414 5733 hocl
461 5691 567 5733 ouo
621 5676 783 5730 sciret
838 5676 1484 5745 Constantinuscausam
1540 5683 1830 5737 nrmtcxtus

1955 4501 2298 4554 anathemate
2337 4498 2666 4552 devoverunt
2712 4511 2816 4549 una
2850 4511 2969 4551 cum
3026 4494 3192 4547 sociis
3243 4494 3414 4561 ipsius
3454 4500 3508 4544 et

1951 4589 2272 4642 sententiam
2306 4587 2420 4653 ejus
2455 4585 2646 4637 falsam
2698 4582 3025 4650 reiecerunt,
3053 4579 3502 4646 appellaruntqno

1955 4681 2130 4747 ipsum
2201 4679 2446 4731 homines
2495 4676 2768 4729 Simonem
2825 4673 3060 4746 Magum.
3107 4671 3351 4736 Cumque
3393 4667 3502 4733 jam

1954 4771 2301 4823 anathemate
2341 4766 2728 4820 Monotlielitas
2769 4764 2999 4819 feriendi
3037 4763 3194 4814 finem
3231 4760 3501 4820 fecissent,

1954 4861 2339 4924 consederunt,
2401 4869 2457 4911 ut
2509 4857 2628 4911 ﬁdei
2674 4855 2984 4925 Symbolum
3037 4861 3265 4915 rectum,
3317 4851 3503 4900 ortho-

1949 4953 2177 5015 doxum,
2221 4950 2516 5007 sincerum,
2546 4946 2880 5014 inculpatum
2933 4943 3031 5010 ipsi
3083 4947 3505 5007 componerent;

1951 5040 2315 5105 dixeruntque
2347 5054 2359 5089 :
2393 5036 2675 5089 Credimus
2701 5048 2858 5085 unam
2883 5048 2909 5081 e
2931 5028 3226 5098 [personis]
3268 5027 3505 5083 Trinita-

1955 5131 2023 5181 tis
2051 5143 2170 5181 csse
2205 5126 2396 5178 Filium
2431 5124 2646 5179 unicum
2677 5127 2765 5192 qui
2799 5132 2877 5175 est
2909 5121 3135 5174 Verbum
3181 5119 3463 5186 antiquum
3489 5158 3501 5180 ,

1944 5229 2224 5280 aeternum,
2246 5217 2386 5269 Patri
2406 5215 2642 5283 arqualis,
2674 5214 2813 5266 llens
2838 5214 2885 5263 in
2914 5226 3140 5278 persona
3171 5225 3274 5260 una
3326 5217 3377 5259 et
3407 5208 3501 5272 hy-

1948 5310 2151 5379 postasi
2183 5323 2283 5360 Una
2313 5324 2328 5372 ;
2357 5308 2444 5374 qui
2472 5305 2781 5373 agnoscitur
2806 5303 3070 5370 perfectus
3109 5315 3226 5351 esse
3255 5297 3394 5363 quod
3438 5295 3498 5358 ηιξ

1950 5402 2340 5453 humanitatem
2370 5413 2544 5457 suam,
2584 5406 2637 5449 et
2669 5394 2937 5460 perfectus
2982 5390 3124 5460 quod
3159 5391 3222 5441 ad
3249 5386 3501 5438 divinita-

1950 5505 2081 5552 tem,
2111 5493 2162 5544 in
2198 5507 2256 5543 ca
2294 5489 2591 5543 substantia
2633 5502 2750 5552 qua:
2783 5494 2858 5536 est
2901 5484 3155 5535 Dominus
3199 5488 3378 5530 noster
3415 5475 3504 5529 .lo.

1949 5602 2042 5636 sus
2079 5581 2346 5643 Christus,
2377 5579 2511 5630 duas
2543 5577 2746 5630 habetis
2789 5586 3008 5627 naturas
3036 5559 3299 5638 perfectas
3326 5606 3339 5628 ,
3368 5565 3501 5622 duas

1945 5673 2310 5734 ODt‘l'ﬂliOflf‘S.
2367 5676 2418 5722 et
2472 5667 2604 5721 duas
2654 5666 2954 5718 voluntates
2996 5661 3047 5714 in
3093 5671 3320 5725 persona
3368 5668 3492 5718 una.
