4142 6444
636 310 753 321 ...ιι-μς,

600 386 734 452 1115

1562 385 1926 445 EUTYCIIH
1962 388 2000 443 Α
2013 384 2491 447 LEXANDRINI
2528 392 2743 451 PATR.

3662 388 3794 449 lilii

596 498 844 565 idemque
868 497 1094 567 professi
1128 506 1253 551 sunt
1278 512 1398 551 eum
1420 498 1654 550 concilio
1690 496 2142 562 Chﬂlt‘CdOﬂCﬂSi,
2173 499 2219 556 Α
2254 509 2422 563 stros,
2469 510 2520 555 et
2562 503 2777 556 dolores
2816 510 3033 556 nostros
3074 502 3342 569 suscepit;
3392 500 3546 567 cujus
3578 500 3795 551 vulnere

594 588 840 641 videlicet
876 587 1039 639 Deum
1088 585 1285 639 Filium
1316 588 1520 639 ultimis
1564 586 1900 653 temporibus
1931 603 2143 639 assum-
2176 596 2188 606 '

593 678 769 745 psisse
794 693 855 729 ex
892 675 1131 745 Virgine.
1170 676 1393 728 Domina
1415 674 1577 744 352
1611 675 1770 728 Maria
1802 685 1989 728 saneta
2020 693 2143 730 cor-

594 782 695 836 pus
720 768 1013 821 humanum
1048 784 1166 820 cum
1205 769 1381 820 anima
1428 767 1671 820 rationali
1703 805 1717 827 ,
1767 766 2091 819 intellectiva
2123 785 2136 821 :

593 856 753 922 idque
803 873 865 911 ex
917 857 1291 910 misericordia
1350 855 1439 908 Dei
1494 855 1545 908 in
1596 856 1840 907 homines
1890 856 2138 923 propitii:

596 963 768 1015 neque
822 950 922 1002 hoc
976 956 1133 1017 pacto
1162 948 1453 1015 contigisse
1484 946 1585 1015 ipsi
1614 946 2005 1008 conl‘us’onent,
2040 962 2138 1000 nec

590 1038 1014 1104 corruptionem,
1040 1051 1138 1089 nec
1178 1035 1592 1104 separationem,
1636 1049 1737 1088 nec
1774 1034 2139 1100 divisionem;

592 1128 683 1180 sed
716 1142 835 1180 esse
859 1127 1032 1191 ipsum
1059 1142 1221 1179 unum
1261 1126 1568 1185 facientem,
1598 1139 1718 1193 qum
1751 1124 2021 1178 hominem
2061 1124 2141 1176 l‘a-

591 1233 714 1270 cere
756 1218 929 1279 decet,
962 1218 1013 1270 in
1058 1227 1245 1269 natura
1290 1216 1481 1284 ipsius,
1514 1225 1566 1268 ct
1624 1230 1741 1283 qua:
1783 1215 1943 1266 Deum
1993 1213 2139 1267 face-

590 1324 647 1363 re
694 1306 848 1361 decet
882 1309 935 1361 in
970 1316 1159 1360 natura
1214 1307 1417 1375 ipsius,
1469 1307 1671 1373 quiest
1722 1304 1891 1356 Filius
1925 1305 2138 1366 unicus,

535 1391 539 1396 ’
593 1398 823 1452 Verbum
852 1398 1264 1466 sempiternum,
1300 1398 1724 1464 incorporatum,
1760 1396 1902 1463 quod
1954 1410 2136 1448 revera

589 1492 789 1545 factum
823 1499 908 1544 est
938 1505 1065 1543 caro
1091 1528 1105 1551 ,
1151 1490 1292 1543 sicut
1325 1488 1452 1543 dicit
1487 1487 1829 1551 Evangeliuni
1854 1496 2134 1539 sanctum:

587 1580 657 1630 ita
704 1578 919 1631 interim
964 1586 1020 1631 ut
1070 1592 1175 1631 non
1211 1577 1425 1631 recedat
1475 1590 1503 1627 a
1548 1575 1714 1643 gloria
1769 1589 1866 1627 sua
1913 1584 2136 1635 teterna,

590 1683 767 1735 utrque
796 1669 966 1737 ipsam
994 1676 1191 1730 mutet,
1230 1682 1414 1720 verum
1447 1666 1518 1720 sit
1556 1682 1675 1719 cum
1703 1664 1911 1719 duabus
1941 1679 2135 1732 opera-

589 1759 846 1829 tionibus,
879 1759 1089 1813 duabus
1118 1758 1509 1821 voluntatibus,
1540 1767 1592 1812 et
1636 1757 1849 1810 duabus
1902 1757 2137 1815 naturis.

590 1848 734 1903 Deus
761 1860 812 1903 et
848 1850 1033 1915 homo,
1079 1850 1278 1918 quibus
1327 1850 1601 1919 perlicitur
1631 1863 1807 1902 sermo
1851 1862 2052 1899 verus:
2088 1855 2147 1898 ειο
2173 1830 2212 1885 Β

592 1951 884 2009 utramque
925 1952 1174 1995 naturam
1206 1940 1414 2005 operari
1466 1955 1586 1994 cum
1640 1939 2017 1994 comtnnnioite
2059 1937 2139 1990 al'.

588 2034 780 2093 terius,
828 2032 1041 2085 duabus
1088 2030 1460 2083 voluntatibus
1498 2030 1714 2083 minime
1746 2030 1890 2081 inter
1931 2043 1987 2080 se
2018 2042 2138 2081 con-

590 2123 793 2182 trariis,
819 2129 913 2173 aut
944 2122 1333 2190 pugnantibus,
1360 2122 1527 2173 altera
1561 2119 1703 2172 aliud
1735 2118 2139 2187 amplectente;

588 2228 778 2266 verum
818 2228 1036 2267 manere
1067 2214 1396 2266 voluntatem
1442 2211 1731 2264 humanam
1776 2211 1827 2262 in
1873 2208 2144 2263 voluntate

590 2304 776 2357 divina
811 2305 1203 2372 omnipotente.
1254 2301 1410 2368 Quod
1444 2302 1548 2356 nisi
1580 2300 1813 2356 Verbum
1847 2298 1965 2357 Dei.
2018 2313 2142 2353 cum

591 2392 967 2451 descenderet,
1000 2390 1393 2458 assumpsisset
1427 2389 1699 2441 hominem
1740 2386 1979 2455 undique
2018 2400 2143 2451 pera

589 2478 812 2543 fectum,
850 2480 1041 2533 luisset
1100 2480 1247 2533 salus
1278 2487 1463 2531 nostra
1511 2478 1691 2543 imago
1743 2486 1795 2530 et
1838 2478 2142 2546 phantasia.

591 2568 875 2630 Quomodo
928 2577 1103 2618 autem
1146 2565 1467 2618 conveniret
1525 2565 1937 2617 beneticentiam
2007 2578 2147 2631 prte-

591 2657 773 2718 s'anti,
818 2656 906 2722 qui
943 2663 1027 2708 est
1072 2654 1315 2708 medicus
1355 2654 1611 2722 sapiens,
1638 2668 1821 2706 revera
1862 2652 2145 2706 sanitatem

594 2751 727 2801 dans
763 2742 1078 2815 (serundnni
1128 2746 1256 2799 illud
1311 2748 1455 2815 quod
1514 2745 1645 2799 dicit
1705 2744 1992 2798 Malacltias
2023 2760 2147 2812 ιιι-ι)⁴

593 2838 750 2906 pheta
780 2837 1025 2890 :(lrietur
1050 2835 1138 2887 Sol
1164 2837 1405 2900 iustitiae,
1439 2834 1596 2903 cujus
1634 2849 1825 2888 nomen
1857 2833 2145 2892 timebunt,

594 2928 686 2995 qui
719 2928 934 2997 Sattnbit
960 2927 1125 2994 ipsos.
1162 2923 1503 2993 gestabitque
1531 2926 1677 2993 ipsos
1697 2924 1797 2977 alis
1819 2922 1978 2989 suis).
2014 2921 2149 2974 illud

593 3033 871 3072 assumere
923 3019 975 3070 in
1002 3033 1107 3085 quo
1143 3030 1406 3070 creatura:
1446 3018 1747 3084 antiquitus
1783 3012 2144 3084 353-355

594 3126 731 3162 noxa
754 3111 873 3175 luit,
904 3121 957 3164 ιιι
981 3121 1119 3165 esset
1141 3122 1416 3179 peccatum
1452 3110 1679 3177 primum
1716 3110 1768 3161 in
1809 3108 2020 3159 homine
2049 3121 2140 3174 pc-

595 3215 691 3252 nes
719 3201 1026 3264 arbitrium,
1074 3201 1436 3261 voluntatem,
1474 3212 1524 3252 et
1568 3207 1887 3266 potestatem
1938 3212 2089 3251 suam
2125 3198 2147 3250 ?

594 3290 668 3342 At:
691 3290 960 3357 quomodo
990 3306 1094 3342 non
1128 3299 1269 3344 esset
1303 3291 1402 3343 hoc
1432 3288 1845 3343 necessarium?
1875 3287 2011 3341 Cum
2049 3286 2152 3338 do-

593 3380 769 3431 cuerit
798 3394 894 3432 nos
928 3379 1210 3441 Dominus,
1238 3379 1442 3445 quiest
1476 3380 1527 3431 in
1569 3377 1691 3430 sinu
1735 3376 1932 3437 Patris,
1976 3374 2147 3428 Filius

594 3471 687 3537 qtti
729 3470 879 3522 solus
934 3480 1017 3523 est
1073 3471 1227 3533 liber,
1274 3486 1377 3521 non
1434 3482 1645 3530 servus,
1676 3483 1861 3520 verum
1913 3467 2153 3533 seipsum

598 3572 813 3611 servum
850 3558 975 3608 fecit
1010 3567 1231 3625 propter
1268 3559 1498 3609 salutem
1533 3564 1773 3610 nostram
1798 3597 1812 3620 ,
1843 3557 2155 3622 dederitque

599 3646 760 3699 nobis
800 3647 1086 3698 victoriam
1129 3647 1180 3697 in
1209 3646 1328 3698 illos
1358 3646 1451 3714 qui
1488 3645 1769 3713 'oquentes
1799 3646 1977 3697 dicant
2011 3644 2155 3695 Adae

598 3747 745 3786 mum
788 3734 1094 3815 necessario
1124 3748 1393 3801 peccasse;
1422 3749 1484 3786 ac
1518 3734 1684 3788 fuisse
1718 3744 1995 3803 peccatum
2035 3733 2151 3787 absr

598 3838 703 3891 que
775 3824 1050 3877 voluntate
1128 3824 1341 3892 ipsius,
1412 3839 1583 3893 neque
1633 3825 1800 3877 fuisse
1851 3825 1902 3876 in
1960 3834 2153 3876 natura

598 3914 768 3982 ipsius
801 3923 1120 3981 potestatem
1160 3914 1407 3974 liberam,
1433 3929 1537 3981 qua
1568 3929 1596 3966 a
1630 3914 1780 3981 lapsu
1805 3928 1996 3966 cavere
2020 3926 2146 3981 pos-

600 4012 701 4056 set.
750 4004 868 4067 Quo
914 4005 1153 4069 ipsomm
1191 4004 1337 4057 dicto
1382 4003 1587 4056 crimen
1634 4013 1687 4058 et
1740 4003 2010 4057 defectum
2059 4003 2155 4053 int-

600 4093 827 4161 pingunt
859 4092 1143 4153 Creatori,
1192 4092 1281 4159 qtti
1326 4092 1482 4159 longe
1525 4107 1687 4159 supra
1721 4092 1834 4145 haec
1862 4101 1967 4153 est,
1995 4102 2155 4160 atquc

602 4182 865 4235 Adatnum
904 4183 954 4233 in
989 4183 1261 4248 peccando
1296 4190 1582 4235 excusant.
1627 4180 1744 4235 Jam
1795 4196 1921 4235 vero
1951 4182 1999 4235 vi
2032 4196 2157 4235 sen-

604 4272 782 4324 tentia:
807 4286 994 4325 eorum
1021 4272 1293 4340 prmcipue
1320 4274 1410 4340 qui
1449 4273 1549 4325 hoc
1580 4281 1852 4333 asserunt,
1880 4272 2155 4325 omnium-

602 4376 711 4430 que
741 4363 829 4429 qui
891 4362 955 4413 iis
999 4376 1285 4415 assensum
1336 4361 1575 4429 prtebent
1606 4403 1620 4427 ,
1664 4361 1978 4415 necessario
2004 4375 2153 4414 como

2243 606 2433 645 omnes
2482 594 2657 645 sanati
2701 608 2908 646 sumus.
2938 591 3060 645 Fuit
3092 592 3233 645 enim
3264 602 3320 643 ιιι
3347 593 3464 644 ovis
3488 607 3605 658 qure
3634 590 3791 643 ducta

2243 694 2326 735 est
2362 681 2426 733 ad
2461 684 2841 736 tnactationem
2868 726 2882 750 ,
2926 695 2978 739 et
3024 693 3079 737 ut
3125 699 3295 751 agnus
3330 684 3419 750 qui
3453 698 3633 735 coram
3678 691 3792 733 ton-

2242 772 2405 823 tlente
2436 772 2612 840 ipsum
2649 775 2883 837 tacebat,
2932 776 3003 828 ita
3030 790 3128 827 nec
3164 790 3225 825 os
3259 776 3487 839 aperuit.
3523 773 3577 824 ln
3616 772 3789 824 humi-

2244 862 2463 915 liatione
2488 863 2655 929 ipsius
2678 864 2949 916 sublatum
2973 877 3049 919 est
3072 865 3327 933 judicium
3353 862 3488 926 ejus.
3524 860 3642 913 Jatn
3671 876 3795 912 vero

2242 952 2544 1017 intelligant
2599 954 2691 1005 lilii
2725 952 2980 1007 Ecclesia:
3014 955 3101 1007 Dei
3142 954 3225 1024 pie
3257 950 3485 1023 [ipsum]
3525 951 3789 1011 colentes.

2239 1040 2367 1094 Jesu
2404 1041 2622 1097 Christo
2654 1043 2881 1097 Domino
2922 1052 2976 1096 et
3025 1043 3129 1097 Dcu
3165 1052 3348 1097 nostro
3376 1057 3495 1096 esse
3526 1040 3663 1093 duas
3700 1055 3795 1091 na-

2245 1144 2397 1188 turas
2425 1136 2713 1202 perfectas,
2747 1135 2883 1189 duas
2920 1135 3229 1188 voluntates
3274 1144 3327 1187 et
3359 1134 3492 1186 duas
3524 1130 3797 1198 operatio-

2243 1239 2339 1277 nes
2382 1240 2591 1287 revera,
2625 1240 2911 1293 personam
2958 1234 3137 1277 autem
3162 1239 3341 1275 unam.
3386 1221 3495 1275 ﬂoc
3519 1232 3600 1274 est
3638 1222 3795 1274 testi-

2242 1315 2479 1367 monium
2530 1326 2583 1369 et
2624 1316 2756 1369 lides
2788 1316 3003 1368 concilii
3056 1314 3193 1369 sexti
3257 1313 3452 1366 sancti.
3501 1313 3798 1366 Confirma-

2242 1412 2368 1455 runt
2398 1404 2556 1455 etiam
2589 1406 2728 1472 quod
2768 1406 3223 1457 conllrmavcrunt
3271 1401 3507 1469 quinque
3561 1403 3787 1456 concilia
3839 1393 3843 1398 ’

2243 1500 2430 1542 sancta
2459 1490 2674 1556 priora;
2706 1498 2757 1543 et
2781 1489 3124 1541 anathemate
3156 1488 3488 1541 devoverunt
3523 1488 3613 1555 qtti
3655 1486 3787 1539 illud

2241 1578 2746 1639 anathctnntizaret,
2780 1590 2831 1631 et
2858 1580 3160 1645 rejecerunt
3193 1579 3282 1645 qui
3316 1579 3489 1647 ipsum
3519 1576 3783 1641 rejiceret.

2242 1667 2544 1733 Quinetiam
2571 1668 2725 1721 fidem
2750 1668 3032 1738 Sophrouii
3057 1669 3374 1737 patriarcha:
3406 1665 3760 1735 llierosmymi
3781 1696 3796 1704 ι

2242 1759 2354 1811 tani
2394 1762 2447 1813 in
2483 1760 2711 1813 medium
2742 1761 3000 1827 prolatam
3030 1768 3350 1827 receperunt
3394 1769 3461 1811 et~
3512 1758 3791 1811 continua-

2245 1860 2389 1903 runt.
2450 1850 2669 1904 Peracta
2705 1859 2832 1903 sunt
2884 1863 3063 1904 autem
3104 1853 3217 1903 haec
3256 1854 3466 1918 negotia
3507 1850 3801 1899 auxiLante

2247 1942 2373 2000 Deo,
2410 1950 2459 1993 et
2496 1950 2754 2007 praesente
2777 1940 3138 1992 Constantino
3172 1941 3490 2007 imperatore
3516 1939 3680 2001 fideli,
3709 1939 3797 1989 cui

2220 2031 2379 2083 -bette
2408 2031 2607 2098 precati
2642 2030 2837 2083 reversi
2868 2038 2991 2081 sunt
3022 2030 3085 2081 ad
3123 2030 3238 2082 loca
3273 2045 3364 2082 Sua
3395 2046 3409 2092 ;
3438 2030 3594 2093 idque
3634 2028 3803 2091 impe-

2245 2121 2308 2173 rii
2374 2122 2711 2175 Constantini
2766 2135 2908 2173 anno
2983 2120 3194 2174 decimo
3249 2121 3447 2181 tertio,
3509 2117 3803 2171 chalilatus

2246 2210 2484 2265 Moavvia:
2512 2211 2622 2263 Ebu
2656 2212 2752 2264 Abi
2787 2212 3010 2281 Solyani
3042 2222 3258 2281 quarto.
3294 2213 3343 2262 At
3368 2210 3598 2262 concilio
3623 2218 3809 2260 autem

2248 2306 2443 2372 quinto
2494 2305 2873 2372 episcoporum
2944 2316 3160 2357 centum
3203 2302 3485 2370 sexaginta
3546 2312 3804 2368 qu-ttnor,

2251 2397 2341 2463 qui
2410 2394 2873 2459 Constantinopoli
2922 2401 3303 2473 convenerlunt‘
3344 2402 3585 2461 tempore
3632 2391 3806 2443 Justi-

2247 2485 2394 2538 niani
2462 2484 2801 2552 imperatoris
2857 2483 3260 2547 Romanorum,
3322 2484 3385 2535 ad
3438 2492 3643 2535 sextum
3700 2480 3815 2533 hoc

2247 2577 2603 2631 ducentormn
2651 2576 2925 2644 octoginta
2987 2591 3175 2629 novem
3236 2576 3655 2642 episcoporum,
3714 2569 3810 2637 qui

2250 2647 2444 2721 ibidem
2498 2676 2868 2721 convenerunt
2904 2677 3137 2735 tempore
3165 2665 3517 2735 357-359
3544 2666 3814 2715 t‘onstan-

2249 2760 2344 2814 tini
2396 2758 3009 2825 imperatoris,centnm
3057 2766 3183 2810 sunt
3212 2757 3359 2809 anni.
3394 2756 3639 2815 Cumque
3685 2768 3814 2820 per-

2252 2862 2428 2903 actum
2476 2848 2635 2902 fuerit
2685 2850 2786 2901 hoc
2836 2850 3103 2917 negotium
3136 2889 3150 2911 ,
3198 2858 3439 2916 tempore.
3506 2845 3688 2913 Agabii
3722 2858 3817 2909 pa-

2252 2940 2508 2993 triarcha:
2552 2938 2778 2990 Romani
2825 2938 3029 3002 sancti,
3074 2937 3396 2991 mentionem
3434 2936 3671 2990 fecerunt
3710 2936 3813 2987 Da-

2254 3028 2419 3083 masci
2449 3039 2501 3081 et
2535 3014 2753 3097 )Egypti
2779 3029 2968 3080 incola:
3001 3028 3238 3081 nominis
3264 3026 3448 3095 Agabii
3480 3025 3807 3093 patriarcha:

2255 3120 2480 3188 Romani
2512 3120 2563 3171 in
2602 3120 2878 3188 diptycho,
2917 3118 2984 3171 ab
3018 3133 3083 3170 eo
3108 3118 3171 3169 ad
3212 3118 3310 3169 hoc
3371 3132 3542 3184 usque
3568 3124 3811 3181 tempus.

2327 3211 2570 3266 Mortuus
2600 3220 2681 3263 est
2724 3220 2899 3262 autem
2930 3209 3318 3262 Constantinus
3352 3208 3645 3274 imperator
3682 3205 3813 3258 lide—

2255 3306 2322 3359 lis
2374 3314 2658 3371 postquam
2692 3302 2965 3355 sexdecim
3000 3315 3171 3352 annos
3199 3314 3363 3367 regno
3392 3297 3594 3365 potitus
3631 3306 3816 3359 cssvt;

2255 3393 2612 3462 regnat-itque
2668 3400 2790 3458 post
2833 3392 3008 3458 ipsum
3046 3392 3098 3442 in
3135 3389 3411 3441 Romanos
3454 3387 3596 3440 ﬁlius
3640 3387 3818 3454 ipsius

2255 3483 2603 3539 Justinianus
2638 3497 2811 3535 annos
2840 3480 3127 3534 duodecim
3157 3499 3167 3532 :
3221 3481 3379 3546 idque
3412 3494 3557 3532 anno
3584 3478 3817 3533 chulifa-

2257 3581 2344 3626 tus
2377 3572 2613 3624 Moawiaa
2647 3569 2760 3621 Ebu
2793 3567 2907 3636 Aby
2938 3566 3379 3633 Sofyanoctavo.
3764 3637 3767 3641 _

2327 3661 2659 3714 Accedeutes
2687 3666 2865 3711 autem
2900 3655 3121 3725 quidam
3150 3654 3214 3707 ad
3246 3652 3613 3708 Justininnum
3643 3653 3821 3720 impe-

2257 3764 2493 3804 ratorem
2520 3750 2822 3803 Romanum
2848 3747 3105 3799 dixerunt
3134 3763 3147 3798 :
3192 3745 3331 3799 Sunt
3364 3760 3393 3796 c
3427 3726 3820 3797 Constantino.-

2256 3842 2511 3910 pulitanis
2569 3840 2791 3910 quidam
2846 3838 2937 3906 qui
3001 3837 3292 3890 concilium
3354 3844 3608 3895 scxtmn,
3666 3834 3815 3901 quod

2258 3932 2357 3985 fuit
2385 3941 2629 4001 tempore
2666 3930 2838 3999 patris
2870 3928 2942 3981 tui
2976 3926 3358 3989 Constantini,
3387 3926 3710 3993 vituperent,
3751 3925 3818 3978 ad

2258 4022 2455 4075 falsum
2484 4018 2968 4090 (conﬁrmandum)
3006 4017 3330 4071 convenisse
3359 4031 3451 4070 eos
3482 4025 3817 4069 esst-rentes.

2255 4113 2474 4167 Mittens
2544 4126 2672 4179 ergo
2726 4108 3073 4162 Justinianus
3156 4106 3451 4174 imperator
3526 4108 3818 4174 episcopos

2256 4210 2475 4255 centum
2510 4200 2726 4267 triginta
2762 4196 3105 4258 convocavit.
3134 4196 3224 4263 qui
3261 4194 3475 4248 concilii
3507 4196 3643 4247 sexti
3690 4212 3814 4248 sen-

2258 4290 2495 4343 tentiam
2516 4290 2934 4355 continuarunt,
2961 4291 3014 4337 et
3050 4283 3183 4337 diris
3212 4299 3305 4335 eos
3339 4282 3694 4345 devoverunt,
3721 4284 3813 4350 qui

2261 4377 2365 4446 ipsi
2424 4376 2830 4438 maledicerent,
2897 4375 2978 4427 vel
3038 4372 3513 4435 contradicercnt;
3563 4387 3660 4424 nec
3708 4387 3815 4426 non

603 4452 737 4519 petit
781 4460 1061 4518 peccatum
1109 4452 1205 4504 toti
1236 4451 1516 4503 hominum
1552 4452 1761 4519 generi.
1808 4450 1917 4504 Nos
1971 4461 2150 4504 autem

2260 4470 2583 4525 sententiam
2635 4468 2873 4537 quinque
2924 4465 3281 4519 conciliorum
3333 4464 3571 4531 priorum
3620 4462 3814 4516 contir-

601 4542 837 4596 dicimus
885 4542 937 4593 in
982 4550 1251 4608 potestate
1291 4541 1481 4593 Adami
1545 4540 1709 4595 [uisse
1768 4549 1825 4594 ut
1878 4540 2153 4596 Creatoris

606 4633 918 4685 mandatum
954 4641 1217 4694 servaret,
1250 4647 1346 4683 nec
1371 4646 1475 4684 non
1514 4640 1573 4686 ut
1601 4632 1887 4686 consilium
1915 4632 2153 4684 mulieris

608 4723 891 4787 rejieeret;
934 4728 1274 4773 vernm'non
1330 4722 1399 4771 ita
1433 4722 1684 4783 voluisse,
1723 4721 1817 4775 sed
1860 4721 2040 4773 cibum
2088 4735 2151 4774 ει

604 4810 798 4863 arbore
826 4821 877 4862 et
906 4825 935 4862 e
961 4824 1122 4861 manu
1167 4808 1409 4863 mulieris
1446 4810 1744 4877 acoepissc,
1802 4810 2155 4877 quemadmo-

608 4902 735 4953 dum
761 4906 813 4952 et
841 4898 1037 4952 mulier
1066 4898 1351 4952 consilium
1388 4901 1657 4965 serpentis
1692 4908 1877 4953 secuta
1909 4907 2011 4961 est,
2046 4913 2152 4951 non

610 4988 932 5042 necessitate
973 4998 1175 5041 natura:
1200 5026 1214 5049 ,
1258 4990 1349 5042 sed
1386 4987 1753 5043 imbecillitate
1800 4986 2107 5040 intellectus
2138 5003 2153 5039 :

608 5078 817 5145 fuitque
845 5078 945 5131 hoc
988 5078 1158 5145 prima
1192 5078 1466 5132 voluntate
1499 5085 1871 5132 creaturarum
1905 5079 2158 5133 videlicet

613 5166 799 5219 Adami
843 5174 896 5219 et
950 5165 1092 5229 Evae,
1126 5168 1264 5220 unde
1296 5154 1618 5236 acceperunt
1665 5168 1873 5237 plagam
1917 5166 2158 5222 dolorili-

594 5273 755 5320 'catn,
785 5265 945 5324 atque
973 5258 1116 5311 unde
1146 5258 1308 5311 etiam
1344 5260 1626 5313 medelam.
1662 5259 1938 5327 Siquidem
1974 5258 2158 5311 Domi-

617 5363 717 5400 nus
748 5356 931 5402 noster
974 5346 1134 5402 Jesus
1176 5349 1425 5403 Christus
1456 5351 1674 5404 morbos
1718 5360 1937 5404 nostros
1987 5350 2159 5403 etdo-

618 5439 758 5492 lores
778 5450 985 5493 nostros
1004 5444 1262 5509 suscepit,
1308 5442 1448 5494 sicut
1483 5441 1617 5494 dixit
1662 5442 1826 5494 Isaias
1860 5446 2154 5510 propheta:

622 5530 931 5595 Aspexitnus
966 5545 1087 5583 eum
1129 5548 1227 5585 nec
1286 5532 1447 5601 356
1492 5534 1588 5585 luit
1635 5536 1735 5600 ipsi
1774 5535 2001 5601 species,
2062 5548 2158 5587 nec

623 5617 995 5682 pulchritudo,
1050 5619 1258 5688 [utque
1303 5623 1745 5691 contemptibilis,
1793 5623 1947 5691 cujus
2012 5624 2157 5675 nulla

624 5706 799 5759 habita
832 5716 911 5763 est
946 5710 1103 5764 ratio.
1133 5709 1251 5769 lose
1289 5722 1369 5767 εει
1403 5714 1496 5771 oui
1527 5714 1763 5776 portavit
1804 5714 2021 5770 morbos
2059 5730 2156 5769 uo-

2261 4566 2501 4619 marunt,
2551 4566 2602 4613 et
2630 4558 2682 4611 in
2716 4572 2807 4611 eos
2853 4555 2942 4625 qui
2988 4570 3046 4608 ea
3107 4554 3653 4614 anathematizarent,
3686 4567 3813 4606 ana-

2256 4650 2437 4704 thema
2473 4650 2746 4711 dixerunt,
2781 4646 2901 4701 dein
2933 4644 3133 4699 reversi
3158 4652 3303 4697 sunt.

2346 4734 2513 4788 Porro
2564 4750 2705 4787 anno
2761 4732 3049 4786 chalilatus
3108 4721 3344 4783 Moawiae
3392 4730 3621 4797 septimo
3684 4746 3812 4783 con-

2265 4826 2489 4881 stitutus
2517 4835 2597 4878 est
2638 4824 2874 4878 Joannes
2922 4822 3228 4890 patriarcha
3258 4819 3812 4889 iiierusolyntitanus,

2259 4916 2352 4985 qui
2395 4930 2566 4969 annos
2606 4915 2957 4983 quadraginta
3020 4914 3178 4977 sedit,
3229 4912 3353 4965 dein
3414 4924 3662 4966 mortuus
3707 4924 3810 4967 est.

2258 5002 2534 5056 Manserat
2566 5010 2745 5055 autem
2790 5001 2945 5055 sedes
2980 4999 3466 5069 llierusolymitaua
3502 5010 3623 5067 post
3671 5017 3811 5055 mor-

2258 5102 2365 5149 tem
2416 5092 2701 5159 Sophronii
2768 5108 2937 5158 usque
2982 5091 3108 5144 dum
3178 5091 3515 5143 sulliceretnr
3578 5090 3811 5146 Joannes

2260 5183 2377 5238 sine
2405 5183 2707 5249 patriarcha
2733 5182 2893 5251 360
2917 5198 3085 5235 annos
3111 5181 3295 5249 viginti
3326 5196 3541 5235 novem.
3565 5181 3806 5236 Mortuus

2258 5282 2342 5328 est
2392 5275 2552 5326 etiam
2609 5272 2873 5343 Georgius
2914 5274 3219 5341 patriarcha
3257 5271 3808 5340 Constantinopolita-

2261 5380 2385 5429 nus,
2411 5380 2530 5417 cum
2575 5377 2744 5416 annos
2795 5364 2979 5417 decem
3007 5379 3071 5416 eo
3112 5378 3330 5416 munere
3383 5363 3598 5416 functus
3640 5371 3815 5416 esset.

2261 5451 2415 5501 Anno
2465 5450 2748 5503 chalilatus
2790 5448 3022 5503 Moawi:e
3081 5448 3401 5501 duodecimo
3472 5458 3685 5501 creatus
3724 5457 3810 5502 est

2262 5539 2497 5591 Thomas
2549 5541 2852 5607 patriarcha
2900 5538 3551 5604 Constantinopolitanus,
3588 5538 3678 5605 qui
3714 5552 3803 5589 an-

2262 5642 2362 5681 nos
2405 5626 2585 5681 decctn
2630 5628 2767 5679 sedit
2838 5626 2940 5696 (vel
2986 5625 3140 5694 juxta
3181 5623 3326 5677 aliud
3368 5625 3680 5693 exemplar,
3727 5624 3802 5676 vi-

2263 5716 2437 5781 ginti),
2489 5716 2611 5771 dein
2655 5724 2898 5771 mortuus
2940 5726 3039 5771 est.
3072 5717 3223 5770 Anno
3250 5715 3534 5773 chalil‘atus
3561 5715 3797 5779 cius-.letn
