4142 6480
549 389 680 455 11ὶ9
1530 389 1893 451 EUTYCHII
1942 387 2469 447 ALEXANDRINI
2514 387 2721 446 PATR.
3605 381 3727 444 1120

546 501 741 554 ihidem
775 502 1076 556 columnam
1103 517 1206 572 qua
1239 501 1580 557 mensuratur
1609 518 1762 570 aquae
1799 503 1896 554 Nili
1925 493 2090 569 lEgj-
2125 499 2166 554 A
2198 516 2445 568 magnum
2474 509 2641 556 totum
2672 501 2855 562 diruit,
2881 509 3038 567 atque
3067 497 3410 568 373—375
3435 496 3560 550 illud
3589 495 3727 563 quod

545 591 706 656 ptiaei
727 593 1131 646 incrementum.
1159 593 1396 647 Fuerunt
1418 594 1708 660 autemipsi
1738 595 1843 647 duo
1867 594 2095 648 cubicue
2191 592 2302 660 jam
2338 593 2409 646 ibi
2442 602 2518 649 est
2551 594 2818 648 exstruin
2851 599 2944 645 aut
2973 594 3221 656 ornavit;
3255 592 3730 653 columnarumque

548 675 666 730 larii
697 672 993 732 Christiani
1031 681 1309 744 Melehitaz,
1343 682 1537 749 quibus
1572 682 1878 749 petentibus
1906 692 1960 735 ut
1990 681 2092 736 sibi
2194 697 2313 748 quae
2339 681 2391 735 in
2421 697 2678 736 consessu
2706 683 2852 736 Kaisi
2880 690 3005 736 sunt
3036 682 3206 750 capita
3235 680 3530 736 deanravit:
3563 691 3732 743 neque.

544 771 886 822 exstruenilae
919 773 1162 826 ecclesiae
1195 773 1402 840 copiam
1444 775 1667 834 faceret.
1706 773 1832 826 illud
1866 787 2092 826 couces-
2194 782 2278 828 est
2307 773 2360 826 in
2399 775 2600 839 templo
2631 775 2878 827 columna
2907 774 3090 838 aliqua
3129 774 3301 839 capite
3333 769 3591 823 deaurato
3629 767 3728 820 nisi

544 858 633 909 s’t.
667 856 989 911 Struxerunt
1015 877 1140 930 ergo
1179 863 1460 916 ecclesia'u
1484 863 1665 916 Sancti
1698 863 1950 926 Joannis,
1972 863 2095 916 Hol-
2195 866 2247 918 in
2283 865 2401 917 loco
2433 866 2557 918 isto.
2588 863 2882 917 Transtulit
2916 864 3071 916 etiam
3107 870 3416 927 suggestum
3448 861 3572 911 dum
3601 868 3732 909 tem-

545 946 714 1010 wmti;
752 964 870 1016 qua:
906 950 1138 1018 ecclesia
1167 965 1329 1018 parva
1356 961 1475 1016 est,
1505 959 1665 1019 atque
1696 952 1958 1018 appellata
1995 950 2095 1004 fuit
2195 955 2339 1022 plum
2372 955 2628 1016 dirueret,
2661 956 2713 1007 in
2742 955 2940 1024 [locum
2967 952 3189 1023 dictum]
3224 951 3539 1006 Kaisariatol
3571 949 3732 1007 ’Asal.

541 1037 768 1091 ecclesia
811 1040 1044 1092 Duorum
1086 1040 1572 1096 Cubiculariurum.
1607 1042 1807 1096 Statuit
1860 1042 1996 1094 idem
2032 1052 2091 1094 ut
2197 1044 2375 1112 ibique
2394 1045 2626 1098 orabant
2653 1044 2917 1108 homines,
2942 1045 3122 1112 ibique
3149 1042 3337 1096 diebus
3362 1040 3584 1095 Veneris
3607 1055 3738 1091 con-

540 1123 758 1195 Egypti
820 1129 1171 1200 369-371
1240 1132 1500 1184 tributum
1555 1131 1833 1203 [diversis]
1881 1132 2090 1187 vicibus
2194 1137 2514 1194 veniehaut,
2549 1134 2722 1187 donec
2753 1132 3008 1187 fabricam
3046 1126 3201 1187 suam
3230 1134 3543 1199 perfecisset
3574 1147 3587 1184 :
3619 1147 3736 1184 ma-

547 1220 896 1286 penderetur,
935 1223 1163 1288 singulis
1203 1223 1407 1276 scilicet
1441 1222 1630 1278 diebus
1661 1222 1888 1278 Veneris
1944 1237 2090 1292 pars,
2197 1236 2286 1279 net
2327 1234 2502 1278 autem
2538 1227 2750 1280 testudo
2783 1227 2833 1278 in
2864 1225 3108 1280 Kriisaria
3131 1227 3182 1279 in
3215 1229 3357 1279 hunc
3376 1240 3549 1294 usque
3573 1225 3735 1278 diem.

541 1319 688 1364 metu
725 1327 792 1365 ne
825 1312 914 1366 lite
948 1314 1123 1382 aliqua
1160 1314 1470 1369 suboriente
1515 1316 1627 1384 regi
1677 1320 1922 1384 pecuniis
1955 1333 2092 1388 opus
2195 1316 2378 1370 Voluit
2411 1321 2570 1371 etiam
2601 1316 2778 1370 Walid
2805 1318 3061 1387 te-i-plum
3089 1318 3230 1382 quod
3270 1317 3508 1372 Damasci
3540 1326 3620 1370 est
3649 1332 3739 1370 ex—

545 1404 717 1464 esset‘;
756 1417 931 1476 neque
955 1405 1025 1456 ita
1059 1403 1234 1457 facere
1260 1404 1464 1457 destitit
1491 1405 1657 1459 donec
1692 1407 2090 1464 interfit-eretur
2196 1418 2442 1469 struere;
2479 1406 2803 1461 Christianis
2823 1423 2948 1475 ergo
2974 1409 3250 1462 accersitis
3284 1408 3418 1460 dixit
3445 1425 3458 1461 :
3481 1410 3534 1460 ln
3562 1407 3741 1460 animo

545 1491 805 1544 Ahdollah
849 1480 1018 1548 Ebnol
1073 1493 1290 1559 Zobair,
1325 1505 1378 1552 et
1413 1498 1719 1553 absolutum
1767 1511 1912 1555 esset
1939 1502 2095 1556 Abdil
2195 1497 2353 1550 nobis
2385 1505 2468 1550 est
2502 1497 2700 1564 templo
2752 1504 2941 1552 nostro
2990 1497 3184 1551 addere
3232 1496 3516 1551 ecclesiam
3569 1497 3740 1554 hanc.

547 1581 752 1637 Maleco
800 1584 913 1638 Elin
966 1585 1561 1657 Merwaniimperium.
1595 1589 1875 1646 Profectus
1914 1602 2092 1646 autem
2197 1582 2378 1639 Sancti
2415 1582 2642 1640 Joannis
2690 1585 2894 1640 scilicet
2928 1585 3068 1653 (erat
3095 1594 3269 1639 autem
3307 1584 3533 1638 ecclesia
3583 1581 3738 1636 valde

545 1674 720 1728 Abdol
787 1675 913 1730 Aziz
1006 1676 1386 1754 Alexandriam
1482 1695 1626 1736 anno
1700 1684 2096 1752 septuagesimo
2195 1668 2436 1745 pulchra,
2465 1679 2551 1734 cui
2581 1679 2634 1732 in
2667 1687 2778 1733 tota
2802 1679 3004 1732 ditione
3030 1673 3357 1732 Damaseena
3384 1692 3481 1746 par
3512 1676 3610 1728 alia
3638 1691 3744 1727 uuu

545 1776 759 1830 quarto,
786 1767 934 1823 viros
957 1769 1200 1839 regionis
1251 1771 1408 1826 istius
1453 1771 1745 1839 primarios
1799 1767 2096 1844 prehensos
2128 1814 2169 1870 Β
2198 1770 2344 1836 fuit),
2375 1770 2530 1824 vobis
2582 1778 2777 1824 autem“
2810 1770 3091 1838 pecuniam
3138 1770 3388 1824 dabimus
3434 1781 3540 1836 qua
3583 1765 3766 1818 etiam

545 1855 598 1907 in
626 1857 775 1912 vicos
807 1864 860 1911 et
897 1859 1050 1913 villas
1102 1860 1413 1926 distribuit;
1474 1862 1768 1934 unicuique
1797 1865 1936 1927 villae
1961 1905 1977 1928 ,
2013 1882 2096 1922 se.
2128 1855 2168 1870 ”

2128 1855 2168 1870 ”
2199 1859 2300 1929 ipsi
2334 1859 2564 1913 similem
2598 1859 2905 1928 ubicunque
2934 1858 3113 1913 velitis
3141 1857 3407 1923 aediﬁcare
3457 1856 3678 1924 possitis
3727 1870 3745 1907 :

545 1948 780 2002 cundum
814 1950 1074 2006 rationem
1101 1952 1295 2016 mdium
1331 1968 1393 2007 ac
1417 1953 1715 2021 vinearum,
1747 1969 1810 2010 ac
1840 1972 2094 2025 generum
2197 1948 2303 2009 vel.
2338 1948 2383 2002 si
2423 1948 2622 2013 velitis,
2658 1948 2885 2033 pretium
2942 1947 3061 2017 ejus
3107 1946 3260 2000 vobis
3295 1945 3742 2034 numerabimus’:

543 2037 777 2107 frugum,
821 2048 1022 2094 certam
1065 2043 1307 2110 pecunia:
1332 2059 1597 2100 summam
1624 2052 1925 2116 imponens.
1951 2049 2100 2104 Ροη.
2193 2037 2495 2106 obtulitque
2523 2037 2654 2108 ipsis
2681 2035 3006 2107 quadragies
3035 2037 3178 2090 mille
3205 2051 3421 2092 aureos.
3457 2033 3536 2089 llli
3565 2033 3748 2089 autem

542 2136 650 2184 tem
683 2130 844 2184 etiam
873 2135 1139 2186 exstruxit
1165 2135 1256 2202 qui
1307 2150 1470 2204 supra
1509 2137 1686 2190 rivum
1739 2138 1928 2192 Amiril
1976 2139 2095 2192 Mu-

2197 2129 2496 2183 abnuentes
2563 2127 2862 2184 dixerunt:
2892 2128 3057 2185 Nobis
3092 2136 3305 2198 pactum
3350 2136 3468 2193 est;
3512 2141 3575 2182 ac
3605 2127 3748 2181 Cha-

543 2222 726 2276 menin
779 2223 1144 2293 [imperatoris
1178 2226 1433 2299 ﬁdelium]
1499 2230 1827 2284 extenditur.
1869 2229 2096 2299 Fuitque

2195 2219 2307 2287 ledi
2341 2220 2457 2302 liba
2483 2219 2680 2276 Walidi
2730 2221 2967 2275 libellum
3017 2221 3070 2277 in
3117 2220 3350 2276 medium
3385 2219 3745 2288 protulerunt.

541 2310 617 2364 illi
658 2312 712 2364 in
743 2314 922 2368 animo
957 2324 1126 2379 ponte
1151 2318 1240 2385 qui
1279 2317 1524 2372 Phustati
1555 2327 1640 2373 est
1675 2320 1860 2373 inutili
1884 2321 2094 2374 reddito
2197 2311 2554 2377 Quamobrem
2575 2312 2744 2366 iratus
2763 2313 2940 2366 Walid
2962 2313 3076 2380 ipse
3101 2325 3324 2379 surgens
3346 2311 3548 2364 trabem
3587 2324 3748 2363 manu

539 2402 691 2456 illum
761 2403 1002 2459 llolwani
1051 2407 1232 2477 ﬁgere.
1281 2407 1479 2464 Portus
1530 2410 1693 2463 etiam
1737 2410 1967 2466 abolitos
2030 2427 2094 2466 eo
2198 2419 2297 2466 sua
2326 2404 2566 2466 rescidit.
2620 2418 2718 2458 nec
2762 2420 2869 2458 non
2922 2404 3139 2457 laterem
3171 2441 3186 2464 ς
3222 2417 3438 2470 unaque
3467 2417 3587 2453 cum
3633 2399 3753 2467 ἰρεο

541 2495 854 2558 transferre,
889 2512 989 2550 nec
1014 2514 1115 2551 non
1135 2498 1248 2552 fora
1275 2507 1326 2552 et
1355 2509 1698 2564 mercatores,
1726 2517 1831 2569 quo
1868 2499 2096 2554 Phusta-
2198 2493 2485 2565 [ecclesia]
2548 2494 2826 2549 diruendae
2886 2508 3103 2560 operam
3159 2492 3421 2547 dederunt
3453 2506 3467 2542 :
3501 2491 3680 2559 itaque
3719 2504 3748 2540 a

540 2593 650 2636 tum
699 2584 849 2636 nihili
891 2586 1177 2650 redderet;
1232 2589 1377 2655 quod
1433 2598 1609 2642 tamen
1669 2589 1925 2657 perficere
1985 2604 2090 2642 non
2194 2595 2346 2653 parte
2380 2585 2631 2640 orientali
2687 2586 2943 2655 templum
2998 2594 3050 2640 et
3103 2586 3321 2656 adytum
3371 2592 3541 2638 totum
3596 2585 3760 2637 auxit

540 2677 735 2741 potuit.
772 2674 959 2729 Scriba
1001 2677 1102 2744 ipsi
1159 2675 1259 2732 fuit
1308 2675 1555 2732 Jacobita
1605 2679 1823 2746 quidam
1876 2681 2093 2734 nomine
2197 2673 2390 2747 [parte]
2427 2677 2668 2732 ecclesia:
2715 2677 2954 2747 ipsorum
2988 2717 3001 2740 ,
3036 2692 3101 2731 eo
3133 2692 3240 2745 quo
3275 2691 3332 2731 se
3369 2675 3532 2730 habet
3567 2675 3750 2727 modo.

537 2766 888 2830 Athanasius,
933 2769 1022 2820 cui
1073 2770 1280 2837 roganti
1333 2778 1391 2823 ut
1438 2770 1610 2836 ipsum
1660 2772 1946 2824 ecclesiam
2002 2787 2097 2825 ex-
2195 2770 2353 2821 Auno
2387 2767 2678 2824 chalifatus
2707 2769 2878 2837 ipsius
2910 2771 3066 2823 tertio
3094 2769 3428 2822 constitutus
3456 2777 3540 2822 est
3574 2766 3753 2818 Theo-

538 2864 748 2911 struere
781 2857 832 2910 in
859 2857 1032 2912 Kasril
1070 2857 1300 2913 Shamaa
1329 2859 1480 2930 [arce
1510 2861 1766 2932 candelae]
1809 2863 2085 2930 permitte-
2197 2857 2364 2911 dorus
2413 2859 2719 2926 patriarcha
2762 2858 3326 2928 Hierosolymitanus;
3377 2871 3548 2910 annos
3590 2856 3754 2924 376

536 2957 639 3008 ret.
665 2951 870 3023 annuit.
914 2950 1190 3005 Exstruxit
1211 2967 1336 3019 ergo
1352 2952 1630 3006 ecclesiam
1654 2951 1837 3007 Sancti
1855 2952 2092 3023 Georgii,

2199 2950 2422 3017 triginta
2455 2949 2694 3017 quinque
2729 2949 2888 3012 sedit,
2922 2948 3042 3003 dein
3080 2961 3322 3002 mortuus
3351 2955 3453 3000 est.
3500 2946 3579 3000 Eo
3613 2956 3752 2998 tem-

537 3053 636 3091 tec
667 3018 771 3090 non
805 3040 1086 3093 ecvlesiam
1121 3040 1343 3093 Ahukiri
1400 3056 1520 3107 quae
1568 3042 1704 3094 intra
1759 3057 1936 3095 arcem
1986 3053 2089 3104 est,
2200 3055 2330 3108 pore
2363 3038 2648 3107 imperavit
2679 3038 2940 3094 Romanis
2971 3037 3331 3098 Justinianus,
3364 3038 3455 3105 qui
3504 3052 3625 3090 cum
3656 3051 3752 3089 Sex

534 3125 684 3193 juxta
721 3127 953 3182 Ashabul
1009 3129 1199 3182 Rabiat
1231 3130 1323 3200 [aL
1373 3131 1590 3200 [iebat].
1638 3131 1828 3185 Fertur
1870 3134 2098 3187 ecclesia
2127 3126 2170 3184 C
2204 3144 2377 3200 annos
2411 3138 2710 3201 regnasset,
2743 3139 2984 3185 mortuus
3010 3140 3111 3185 est.
3143 3131 3396 3197 Obiitque
3430 3128 3604 3182 Walid
3633 3128 3752 3181 Elin

536 3215 781 3280 Ahukiri,
806 3218 1045 3286 reliquiis
1067 3218 1306 3274 ecclesiae
1329 3221 1512 3274 Sancti
1543 3220 1754 3290 Georgii
1795 3231 2091 3277 exstructa.
2199 3221 2354 3274 Abdil
2397 3220 2568 3275 Malec
2607 3237 2792 3276 mense
2821 3221 3036 3275 lomada
3088 3222 3371 3290 posteriori
3419 3220 3545 3274 anni
3584 3235 3754 3272 nona-

539 3308 682 3360 Obiit
715 3316 892 3362 autem
925 3324 988 3362 eo
1020 3319 1257 3375 tempore
1288 3310 1456 3364 Abdol
1487 3311 1613 3365 Aziz
1645 3311 1911 3374 Phnstati,
1932 3322 2095 3380 atque
2204 3311 2391 3376 gesimi
2430 3311 2568 3366 sexti
2607 3309 2802 3373 Heirm,
2843 3327 3014 3367 annos
3045 3321 3204 3366 natus
3236 3310 3584 3380 quadraginta
3617 3317 3753 3362 tres.

540 3399 592 3450 in
621 3412 679 3452 ea
718 3399 960 3466 sepultus
993 3410 1075 3454 est
1099 3402 1185 3455 die
1219 3401 1355 3455 luna:
1389 3405 1592 3458 mensis
1633 3404 1862 3457 lﬁﬂlﬂdﬂ?
1897 3404 2095 3473 prioris
2197 3402 2453 3469 Corporis
2485 3401 2743 3472 [statura]
2777 3402 3011 3470 perfecta
3052 3401 3175 3466 fuit,
3207 3401 3371 3455 barba
3412 3401 3623 3469 grandi,
3659 3401 3752 3454 cui

538 3490 884 3555 duodecimo,
913 3491 1036 3544 anni
1074 3493 1385 3559 octogesimi
1425 3496 1603 3560 sexti,
1627 3509 1796 3548 annos
1826 3503 1983 3550 natus
2008 3497 2086 3549 vi-
2205 3492 2324 3546 cani
2362 3492 2575 3546 admisti
2612 3500 2768 3547 erant
2803 3507 2815 3544 :
2859 3493 3104 3560 sepultus
3145 3500 3231 3546 est
3265 3490 3532 3545 Damasci.
3579 3490 3754 3544 Satel-

540 3580 670 3648 ginti
716 3580 874 3633 duos.
931 3578 1075 3633 Obiit
1130 3592 1308 3634 autem
1357 3583 1618 3636 Abdollah
1671 3583 1782 3638 Ehn
1828 3585 2086 3651 Merwan,
2197 3584 2352 3637 litum
2388 3583 2488 3649 ipsi
2527 3585 2813 3652 praefectus
2845 3582 2947 3637 fuit
2979 3584 3123 3638 Caah
3155 3582 3271 3637 Ebn
3303 3581 3480 3637 Hazen
3512 3581 3754 3635 Abasen-

542 3670 704 3739 372
739 3669 942 3724 mensis
975 3669 1207 3724 Shawali
1238 3672 1448 3727 decimo
1471 3715 1486 3738 ,
1518 3676 1645 3729 anni
1679 3676 1848 3732 lleirze
1880 3689 2094 3743 octoge-
2199 3675 2297 3729 sis.
2329 3673 2558 3733 Janitor.
2593 3674 2731 3728 Saad
2772 3675 3000 3728 libertus
3036 3675 3228 3741 ipsius.

538 3763 680 3814 simo
761 3772 932 3823 sexto,
967 3777 1137 3817 annos
1165 3771 1325 3817 natus
1355 3765 1630 3830 sexaginta
1665 3767 1823 3822 duos.
1863 3769 2091 3823 Cbalifa-
2364 3762 2678 3830 {Clintifatus
2705 3763 2966 3816 Solimani
3005 3761 3114 3815 Ebn
3146 3762 3298 3815 Abdil
3329 3762 3552 3814 Malech.

535 3862 629 3904 itus
659 3851 830 3920 ipsius
871 3866 1131 3906 annorum
1183 3851 1282 3905 fuit
1316 3853 1524 3922 viginti.
1561 3854 1769 3912 Fuscus
1812 3859 1933 3921 fuit,
1975 3870 2090 3914 sta-
2266 3854 2621 3924 inauguratus
2683 3853 2922 3908 Solimon
2978 3854 3087 3907 Eb"
3154 3853 3310 3906 Abdil
3376 3852 3576 3906 ΜθΙοοΙι
3637 3853 3752 3906 El)"

532 3954 672 3996 tum
703 3943 994 4010 quadrata,
1030 3943 1192 3997 barba
1241 3945 1474 4012 prolixa,
1515 3959 1702 4002 ventre
1740 3951 2088 4015 prominenti.
2194 3939 2464 4004 Merwall.
2503 3945 2588 3998 cui
2638 3953 2810 3998 mater
2844 3943 3104 3996 Waladah
3155 3944 3258 3996 ﬁlia
3312 3943 3373 3995 Μ
3428 3943 3587 3995 Ababi
3636 3943 3787 3995 Ευηο

539 4033 791 4101 Sepultus
819 4045 894 4087 est
919 4035 1184 4088 Damasci.
1208 4033 1506 4090 Satellitum
1537 4038 1636 4105 ipsi
1668 4040 1952 4104 praefectus
1990 4043 2092 4097 fuit
2194 4036 2380 4090 Bahrae
2435 4036 2726 4091 Abasensis
2780 4051 2959 4090 mense
2998 4033 3216 4088 lomada
3267 4034 3566 4101 posteriore
3613 4035 3739 4086 anni

538 4124 702 4178 Yazid
734 4124 849 4176 Elin
900 4125 997 4177 Abi
1046 4125 1206 4180 Jalsae
1261 4125 1617 4182 Sa'csaeencis
1653 4145 1666 4181 :
1701 4129 1822 4183 dein
1868 4131 2092 4188 Ahdolol
2194 4126 2368 4182 Heiraa
2419 4127 2755 4197 nonagesimi
2789 4128 2947 4181 sexti.
2985 4126 3214 4194 Fuitquc
3250 4125 3534 4193 imperium
3575 4113 3748 4194 ipsius

539 4215 651 4268 Ehn
691 4215 851 4267 Yazid
905 4215 1277 4272 llacemencis.
1327 4217 1557 4284 Janitor,
1611 4220 1748 4274 Abul
1783 4219 2092 4294 .Rogairaga
2164 4234 2456 4275 annorum
2494 4219 2723 4272 duorum
2756 4228 2809 4271 et
2854 4233 2945 4272 sex
3001 4218 3287 4270 mensium.
3340 4215 3466 4285 Ejus
3513 4223 3753 4282 tempore

531 4316 725 4364 Set‘Vus
759 4303 947 4368 ipsius.
2194 4309 2294 4364 fuit
2347 4309 2625 4377 Philippus
2673 4309 2963 4376 imperator
2998 4307 3382 4371 Romanorum,
3411 4309 3502 4376 qui
3567 4307 3750 4360 Maro-

743 4394 1038 4462 C/ialifatus
1067 4396 1128 4450 Al
1153 4396 1332 4488 “iam!
1368 4398 1479 4452 Ebn
1519 4399 1670 4453 Abdil
1697 4401 1873 4457 Malec.
2128 4482 2159 4488 _
2197 4403 2308 4454 nita
2350 4400 2472 4454 fuit.
2524 4402 2708 4453 Annos
2749 4398 2886 4453 duos
2920 4414 3038 4452 cum
3074 4398 3298 4451 dimidio
3353 4399 3651 4467 imperavit.
3690 4398 3748 4450 In

607 4484 937 4539 Juramcntis
959 4486 1033 4539 illi
1069 4482 1320 4553 praestitis
1350 4489 1701 4558 inauguratus
1727 4502 1807 4546 est
1835 4494 1894 4546 Al
1921 4495 2092 4550 Walid
2128 4482 2169 4534 Ῑ)
2199 4493 2433 4562 Aigypto
2464 4493 2732 4560 vectigali,
2778 4491 2991 4545 nomine
3020 4489 3273 4543 Solimani
3306 4489 3415 4542 Ehn
3453 4490 3605 4544 Abdil
3638 4488 3748 4542 Ma-

536 4576 650 4632 Ehn
686 4575 842 4628 Abdil
879 4575 1043 4641 Malec
1069 4576 1178 4631 Ebn
1210 4579 1476 4644 Merwan;
1506 4582 1592 4634 cui
1628 4591 1798 4635 mater
1830 4586 1930 4639 fuit
1963 4584 2094 4638 Wa-
2196 4585 2315 4642 Ieci.
2341 4583 2630 4651 pratfcctus
2661 4583 2759 4636 fuit
2801 4581 3030 4636 Asamah
3067 4579 3180 4634 Ebn
3215 4579 3341 4632 Zaid
3372 4579 3750 4635 Tannuchien-

536 4665 690 4719 ladah
722 4667 1039 4722 filiaAbbasi
1066 4669 1177 4723 Ebn
1211 4670 1422 4735 Harbae,
1454 4672 1566 4727 Ebn
1605 4673 1802 4728 liareth
1841 4668 2086 4742 Abasita,
2194 4676 2293 4730 sis.
2329 4673 2425 4729 llic
2457 4675 2520 4727 ad
2553 4673 2886 4726 Solimanum
2937 4671 3204 4735 scribens,
3236 4671 3516 4725 certiorem
3575 4673 3746 4737 ipsum

534 4772 600 4812 eo
637 4767 875 4827 tempore
914 4776 1021 4828 quo
1053 4759 1286 4815 decessit
1316 4762 1543 4816 Abdolol
1595 4765 1760 4819 Malec
1802 4765 1913 4820 Ebn
1952 4766 2089 4820 Mer-
2193 4765 2323 4819 fecit
2367 4765 2675 4818 columnam
2705 4760 3079 4816 mensurandae
3110 4776 3261 4827 aqua:
3295 4776 3450 4828 quam
3501 4759 3739 4813 llolwmi

535 4851 674 4902 wani
704 4866 717 4900 :
749 4851 1139 4916 imperavitque
1169 4867 1338 4905 annos
1385 4868 1578 4907 novem
1619 4863 1676 4908 et
1735 4871 1944 4912 menses
1995 4873 2091 4913 no-
2189 4865 2432 4911 erexerat
2455 4855 2645 4910 Abdul.
2686 4853 2812 4907 Διὶ).
2838 4852 2948 4906 Ebn
2986 4851 3214 4905 Merwan
3250 4852 3378 4904 nulli
3413 4853 3534 4904 usui
3569 4853 3745 4905 insor-

536 4956 675 4992 vem.
708 4939 922 4994 Mittens
961 4940 1046 4995 hic
1091 4941 1456 5011 Hierosolyma
1491 4946 1744 5013 templum
1781 4947 2089 5020 liierosoly-
2189 4947 2322 5016 vire;
2350 4947 2414 5000 ad
2437 4962 2594 5013 quem
2611 4960 2736 5010 ergo
2753 4942 3226 5012 rescribensjussit
3249 4943 3422 5010 ipsum
3443 4943 3744 4994 columnam

537 5031 799 5086 mitanum
836 5032 1140 5097 exstruxit,
1177 5043 1336 5101 atque
1381 5050 1543 5103 opere
1589 5038 1795 5092 albario
1831 5043 2084 5107 ornavit,
2189 5047 2467 5091 exstruere
2505 5035 2558 5088 in
2592 5035 2767 5089 insula
2798 5049 2915 5102 quae
2943 5035 3080 5086 inter
3098 5033 3311 5085 fluvium
3339 5031 3544 5085 Fustati
3571 5043 3623 5085 et
3654 5031 3753 5084 llu-

539 5128 686 5186 petra
721 5120 772 5171 in
799 5122 973 5173 medio
1008 5124 1189 5190 templi
1220 5125 1500 5189 collocata,
1529 5141 1688 5193 quam
1723 5130 1885 5181 etiam
1921 5131 2087 5183 aedili.
2188 5128 2332 5180 vium
2368 5127 2546 5179 Allizzc
2574 5127 2876 5194 iuterjaeel.
2899 5125 3176 5178 Exstrnxit
3197 5139 3324 5190 ergo
3355 5124 3582 5177 Asamah
3610 5139 3750 5175 anno

536 5211 620 5263 cio
655 5211 845 5275 cinxit,
883 5213 1024 5281 quod
1073 5230 1340 5269 marmore
1371 5217 1724 5284 iucrustavit;
1761 5221 1889 5285 quin
1929 5230 1980 5274 et
2011 5233 2087 5275 te-
2189 5221 2539 5284 nonagesimo
2582 5219 2809 5288 septimo
2855 5218 3158 5270 columnam
3205 5233 3322 5284 qua:
3358 5217 3422 5268 ad
3471 5218 3748 5268 introitum

536 5302 826 5366 s'udinem,
862 5321 981 5372 quae
1011 5304 1331 5363 Christianis
1381 5319 1499 5362 erat
1546 5309 1597 5362 in
1650 5311 1875 5364 ecclesia
1923 5327 2084 5380 quam
2185 5309 2538 5378 377-379
2563 5309 2661 5363 Jizi
2689 5322 2792 5369 est,
2822 5322 2925 5376 qua
2953 5307 3114 5360 hodie
3138 5308 3450 5369 metiuntur,
3492 5316 3744 5360 vocatur-

537 5390 662 5443 Bnal
690 5391 811 5444 Beei
841 5393 1140 5448 habuerunt
1164 5405 1216 5449 et
1240 5413 1301 5449 ex
1333 5413 1436 5452 aere
1459 5399 1708 5459 conﬂata.
1736 5416 1799 5454 ac
1829 5401 2084 5456 deaurata
2185 5417 2287 5470 que
2317 5401 2554 5453 Alkadim
2578 5399 2864 5471 [antiqua].
2890 5400 3042 5452 Anno
3063 5398 3345 5453 chalifatus
3366 5399 3617 5449 Solitnani
3639 5406 3748 5449 ter-

534 5491 672 5545 erat,
709 5484 942 5537 dirutam
979 5495 1138 5548 petra:
1170 5491 1613 5558 superimposuit;
1647 5492 1710 5544 ad
1755 5500 1956 5560 petram
1997 5510 2085 5562 pe-
2185 5493 2259 5544 tio
2285 5493 2605 5546 constitutus
2626 5500 2706 5545 est
2725 5492 3027 5560 Stephanus
3044 5490 3338 5554 patriarcha
3360 5489 3748 5541 Antiochenuso

538 5575 922 5642 regrinationes
951 5578 1015 5629 ab
1054 5578 1360 5634 hominibus
1391 5582 1602 5636 institui
1645 5584 1830 5652 jussit.
1867 5583 2083 5638 Mittens
2183 5583 2270 5647 qui
2309 5598 2481 5635 annos
2515 5583 2728 5652 triginta
2757 5592 2957 5651 septem
3004 5581 3163 5638 sedit.
3216 5579 3337 5632 dein
3381 5589 3624 5633 mortuus
3648 5585 3750 5631 est.

534 5670 694 5718 etiam
721 5667 784 5718 ad
811 5669 1036 5721 Korram
1066 5669 1174 5721 Ebu
1200 5669 1434 5734 Shebali,
1458 5673 1806 5734 Abbasidam,
1829 5675 1917 5742 qui
1953 5684 2080 5727 tunc
2181 5671 2516 5725 Obiitautent
2538 5674 2776 5727 Soliman
2797 5674 2910 5726 Elin
2932 5672 3049 5724 Adil
3068 5671 3230 5724 Malcc
3254 5686 3433 5723 mense
3456 5667 3748 5722 Safarannl

540 5758 795 5824 temporis
825 5757 992 5826 ipsius
1024 5757 1241 5815 nomine
1270 5758 1499 5830 Algypto
1531 5762 1743 5833 praefuit
1771 5802 1786 5831 ,
1825 5745 2077 5833 templum
2181 5763 2350 5820 ficii-ie
2376 5765 2702 5842 nonagesimi
2728 5765 2873 5820 noui.
2897 5779 3062 5819 annos
3083 5772 3237 5817 natus
3269 5761 3486 5829 triginta
3515 5772 3747 5817 novem:
