4142 6450
347 357 352 360 -
389 321 515 378 1121

1778 319 2145 372 ANNALES.

3418 316 3546 378 11:23

395 426 717 477 testi-mento
743 421 1569 491 imperiumlegavitOmnro‘Ebn
1596 421 1746 474 Abdil
1779 421 1927 474 Aziz.
1955 427 2001 484 Α
2030 419 2127 488 ipsi
2161 420 2212 472 in
2244 417 2417 474 fronte
2448 419 2965 476 cicatrix.Tradente
2987 423 3273 493 exemplari
3306 426 3563 494 quotam,

389 509 501 564 Fuit
533 513 774 578 pulcher,
805 512 1034 581 pinguis,
1060 503 1220 568 barb'a
1264 513 1438 580 nigra.
1472 510 1768 565 Satellitum
1794 528 1925 581 prte-

388 602 556 652 f.-ctus
583 601 682 668 ipsi
711 601 808 654 fuit
831 604 973 655 Caab
1001 599 1114 654 Elin
1138 602 1364 668 Chaled,
1386 602 1924 666 Abasensis;1anitor

387 693 500 745 Abu
526 694 758 757 Obadire,
785 695 1003 748 libertus
1044 695 1233 762 ipsius.

637 788 929 857 Chalifatus
959 789 1137 841 Omari
1172 788 1284 840 Ebn
1315 786 1484 839 Abdil‘
1523 789 1672 842 Aziz.

449 877 800 943 lnauguratus
831 888 914 933 est
945 877 1109 930 Omar
1146 877 1257 930 Elin
1294 877 1442 931 Abdil
1484 873 1750 932 Aziz‘Ebn
1781 877 1920 930 Mer.

383 984 522 1032 wan,
565 971 672 1022 Ebn
713 969 929 1023 llacemi
959 1010 972 1031 ,
1008 970 1092 1021 cui
1133 979 1300 1022 mater
1332 969 1430 1021 fuit
1474 969 1669 1023 Ommo
1720 970 1918 1034 Asemi,

385 1059 488 1112 filia
519 1059 608 1112 Asi
643 1060 753 1111 Ebn
783 1059 946 1111 Omar
969 1057 1081 1111 Elin
1106 1059 1345 1124 Chetabi,
1380 1074 1562 1113 mense
1604 1058 1758 1112 Safar
1793 1060 1918 1110 anni

386 1149 715 1219 nonagesimi
749 1150 894 1202 noni.
932 1148 1034 1221 Hic
1078 1150 1212 1204 facta
1245 1151 1459 1204 familiae
1490 1166 1600 1204 suae
1643 1161 1921 1204 aversatus

384 1251 499 1298 est;
537 1247 695 1306 atque
732 1239 813 1292 Ali
844 1239 943 1292 Abi
973 1238 1152 1294 Talebi
1180 1241 1529 1294 maledicendi
1562 1241 1614 1292 in
1649 1239 1918 1308 suggestis

385 1327 891 1399 [consuetudinem]
959 1332 1194 1384 sustulit.
1253 1331 1528 1396 Siquidem
1584 1345 1615 1382 a
1665 1328 1919 1382 clialifatu

381 1418 614 1472 Muawia:
652 1420 762 1472 Ebn
811 1420 912 1473 Abi
962 1420 1200 1489 Sofyan,
1253 1434 1424 1487 usque
1475 1420 1538 1472 ad
1600 1419 1911 1472 chalifatum

380 1503 559 1562 Omari
594 1507 704 1560 Ebn
737 1508 836 1560 Abi
872 1509 1024 1560 Abdil
1071 1509 1196 1560 Aziz
1223 1549 1236 1572 ,
1269 1508 1511 1562 solebant
1554 1507 1761 1562 chalifie
1791 1505 1920 1561 Om-

380 1598 569 1650 maidie
624 1599 703 1651 Ali
755 1597 868 1651 Ebn
919 1598 1103 1651 Talebi
1150 1599 1201 1651 in
1258 1600 1522 1668 suggestis
1577 1599 1918 1662 maledicere,

377 1685 553 1754 ipsum
576 1688 687 1741 Aba
707 1687 890 1740 Torab
915 1685 1141 1756 [patrem
1174 1687 1430 1758 pulveris]
1454 1690 1914 1759 cognominantes.

2029 514 2273 582 sepultus
2321 522 2403 567 est
2449 514 2501 566 in
2557 513 2883 566 monasterio
2937 514 3204 571 Simeonis
3257 519 3310 572 in
3366 517 3572 588 ditione

2031 602 2194 656 llcms
2222 601 2511 672 [Emissae].
2551 601 2852 657 Satellitum
2899 603 3069 671 ipsius
3129 604 3411 674 praefectus
3470 606 3574 660 fuit

2027 692 2293 745 Rawalius
2329 693 2439 746 Ebn
2476 691 2665 757 Yazid,
2701 692 3064 748 Saccasensis.
3094 693 3300 750 Janitor
3340 696 3571 752 Hobaish

2027 781 2251 835 libertus
2280 782 2472 851 ipsius.

2248 873 2546 942 Chalifatua
2583 873 2767 928 Yazidt'
2803 875 2915 928 Ebn
2949 878 3105 931 Abdil
3139 877 3365 934 Maieci;

2092 958 2447 1031 lnauguratus
2493 973 2575 1017 est
2621 962 2790 1018 Yazid
2841 967 2955 1019 Ebn
3007 968 3164 1020 Abdil
3216 969 3403 1022 Maleci
3457 970 3572 1024 Ebn

2025 1047 2292 1112 Meiwan,
2338 1051 2450 1104 Ebn
2491 1052 2821 1118 ol‘Hacetni,
2873 1056 2958 1107 cui
3000 1065 3170 1109 mater
3214 1060 3414 1113 Atecah
3463 1061 3574 1114 filia

2025 1139 2207 1192 Yazidi
2249 1140 2363 1193 Elin
2407 1139 2682 1206 Moawize;
2734 1150 2968 1210 quatuor
3016 1161 3185 1200 annos
3232 1158 3282 1201 et
3330 1165 3570 1204 mensem

2024 1227 2327 1297 imperavit.
2362 1229 2599 1286 'Primus
2639 1233 2722 1286 hic
2755 1231 3073 1288 chalifarum
3123 1238 3350 1306 puellam
3384 1249 3575 1293 canta-

2025 1319 2209 1374 tricem
2241 1320 2342 1374 sibi
2377 1323 2694 1390 assumpsit.
2730 1321 2852 1377 Fuit
2884 1325 2973 1378 illa
3007 1328 3178 1394 puella
3215 1330 3430 1381 nomine
3466 1332 3573 1381 lla-

2025 1410 2198 1465 babah
2229 1410 2522 1473 admodum
2555 1415 2656 1482 ipsi
2687 1415 2871 1481 chara,
2902 1431 3021 1485 quae
3055 1417 3334 1486 praefectos
3366 1421 3578 1489 iujussu

2023 1501 2195 1572 ipsius
2235 1507 2629 1571 constitueret,
2665 1510 2719 1561 et
2754 1491 2872 1560 tceo
2913 1519 3172 1562 moveret.
3218 1509 3361 1564 Obiit
3394 1527 3579 1566 mense

2013 1592 2692 1650 Scbabanannicentesinii
2738 1597 2950 1663 quinti,
2991 1597 3154 1667 38a.
3197 1613 3366 1654 annos
3415 1617 3574 1655 natus

2024 1682 2240 1751 triginta
2273 1698 2478 1748 unum;
2514 1685 2594 1736 vel
2629 1682 2935 1738 secundum
2971 1678 3113 1738 aliud
3149 1687 3443 1754 exemplar,
3477 1689 3574 1741 tri-

375 1777 501 1831 Erat
524 1778 805 1832 chalifatus
839 1779 1009 1846 ipsius
1041 1780 1304 1832 mensium
1334 1781 1577 1849 triginta.
1628 1778 1750 1835 Fuit
1782 1791 1915 1834 tem-
1952 1762 2173 1841 Bgima
2221 1783 2463 1840 septem;
2522 1776 2768 1844 sepultus
2816 1785 2900 1829 est
2951 1768 3220 1829 Damasci.
3275 1777 3575 1841 satellitum

375 1882 504 1936 pore
531 1869 698 1938 ipsius
728 1868 1097 1922 Romanorum
1135 1871 1425 1938 imperator
1452 1872 1792 1938 Anastasius,
1825 1873 1918 1942 qui

370 1972 572 2012 annum
612 1974 732 2013 cum
773 1959 992 2015 dimidio
1030 1960 1332 2030 imperavit.
1365 1960 1558 2017 Notum
1607 1974 1790 2017 autem
1828 1965 1912 2018 fe-

368 2059 562 2105 cerunt
589 2051 880 2105 Christiani
910 2049 1105 2105 Omaro
1132 2041 1243 2106 Elin
1279 2053 1434 2106 Abdil
1461 2054 1611 2119 Aziz,
1646 2055 1771 2124 quid
1808 2056 1915 2110 illis

369 2151 529 2206 pacto
544 2129 706 2208 380
735 2139 1004 2192 firmatum
1035 2140 1206 2195 fuerat
1226 2142 1367 2210 quod
1395 2142 1460 2196 ad
1487 2143 1744 2199 ecclesias
1791 2159 1919 2198 suas

375 2247 443 2284 ne
495 2230 575 2282 vel
628 2231 991 2294 diruerentur,
1050 2233 1131 2285 vel
1188 2232 1594 2300 habitarentur;
1657 2236 1915 2303 scriptum

307 2303 312 2308 1
365 2323 587 2377 Ctialedi
629 2323 740 2377 Ebn
766 2322 971 2377 Waledi
997 2323 1360 2392 proferentes.
1391 2324 1593 2380 Obtulit
1625 2342 1752 2396 ergo
1784 2327 1918 2395 ipsis

368 2413 535 2468 Omar
569 2413 922 2483 quadraginta
958 2428 1246 2468 aureorum
1280 2415 1466 2480 millia,
1497 2430 1695 2484 rogans
1729 2427 1786 2469 ut
1826 2432 1919 2470 ac-

370 2513 531 2575 cepta
588 2505 814 2573 pecunia
845 2506 1124 2559 ecclesiam
1157 2507 1528 2570 dimitterent,
1565 2517 1726 2576 atque
1761 2508 1918 2562 aliam

367 2601 490 2660 eus
523 2594 636 2649 vice
665 2594 972 2657 ecclesiam,
1020 2610 1123 2664 qua
1170 2595 1364 2650 vellent
1401 2596 1669 2651 Damasci
1725 2610 1876 2666 parte
1903 2638 1918 2663 ,

370 2693 708 2739 exstruerem
742 2701 754 2735 :
783 2685 926 2755 quod
977 2687 1354 2741 recusantibus
1387 2688 1540 2756 ipsis,
1586 2704 1650 2742 eo
1707 2690 1920 2744 devenit

375 2791 484 2840 res,
521 2773 926 2830 ut‘redderetur
952 2777 1082 2843 ipsis
1112 2779 1338 2832 ecclesia
1369 2794 1465 2832 sua
1497 2793 1619 2834 cum
1656 2781 1919 2837 limitibus

373 2869 564 2938 ipsius,
603 2881 714 2937 quo
762 2884 879 2922 eam
923 2878 1314 2924 restaurarent.
1351 2869 1462 2925 Hoc
1507 2881 1683 2926 autem
1722 2873 1922 2925 Moste-

2021 1860 2123 1930 ipsi
2170 1861 2455 1930 praefectus
2503 1863 2599 1918 fuit
2641 1858 2788 1924 Caab
2820 1863 2934 1917 Ebn
2977 1864 3208 1928 Cbaled,
3258 1865 3573 1921 Abasensis.

2019 1947 2230 2005 Janitor
2257 1951 2455 2006 Chaled
2486 1952 2719 2009 libertus
2746 1955 2940 2026 ipsius.

2216 2039 2518 2110 Chalifatus
2549 2043 2948 2098 HeshamiEbn
2982 2046 3142 2099 Abdil
3171 2046 3379 2101 Maleci.

2038 2121 2045 2128 ’
2092 2132 2456 2201 inauguratus
2497 2143 2580 2188 est
2619 2132 2848 2188 Hesbam
2887 2136 3001 2189 Ebu
3033 2137 3190 2192 Abdil
3232 2138 3430 2202 Malec,
3460 2137 3577 2209 Elin

2019 2220 2277 2286 Mei-wan,
2301 2222 2494 2277 Ebnol’
2515 2222 2752 2288 liacemi,
2780 2226 2865 2279 cui
2895 2234 3066 2282 mater
3084 2227 3273 2282 Ommo
3303 2226 3576 2292 liasbemi,

2031 2315 2138 2366 filia
2178 2313 2464 2377 Hashemi,
2510 2315 2624 2372 Ebn
2657 2316 2885 2381 Isinael,
2923 2319 3038 2372 Ebn
3071 2321 3361 2382 Hashemi,
3406 2319 3576 2374 Ebnol

2038 2405 2247 2459 Waledi
2269 2444 2284 2470 ,
2321 2406 2490 2460 Ebnol
2521 2406 2768 2478 Magairae
2789 2447 2804 2470 ,
2835 2408 3289 2466 Machzumensis.
3321 2412 3443 2466 Fuit
3475 2413 3577 2465 im—

2031 2494 2242 2564 pei'ium
2291 2496 2462 2564 ipsius
2517 2513 2786 2552 annorum
2839 2502 3320 2556 novemdecim'et
3375 2513 3576 2572 septem

2023 2586 2318 2643 mensium.
2378 2586 2512 2657 Ejus
2564 2599 2803 2658 tempore
2859 2589 3226 2648 Romanorqu
3282 2594 3622 2663 imperator“

2025 2675 2130 2729 fuit
2158 2675 2520 2740 Theodosius,
2550 2678 2644 2748 qui
2674 2693 2798 2732 cum
2831 2694 3034 2733 annum
3068 2691 3122 2735 et
3155 2683 3438 2737 dimidium
3475 2682 3578 2734 im-

2024 2777 2291 2836 perasset,
2322 2778 2571 2822 mortuus
2610 2778 2724 2834 est;
2769 2769 3070 2840 imperante
3109 2784 3230 2842 post
3257 2774 3430 2842 ipsum
3472 2773 3576 2827 Ro.

2023 2860 2201 2914 manis
2227 2861 2404 2914 Leone
2432 2874 2602 2914 annos
2634 2861 2817 2930 viginti
2845 2872 3098 2931 quatuor,
3120 2873 3242 2934 post
3267 2880 3402 2931 quos
3432 2879 3571 2917 mor-

371 2957 494 3012 inils
526 2973 682 3027 grave
713 2960 884 3012 visum
918 2968 1019 3021 est,
1047 2959 1413 3028 dixeruntque
1462 2976 1476 3013 ε
1517 2960 1792 3014 Traditum
1830 2972 1913 3016 est

2022 2959 2148 3005 tuus
2185 2961 2290 3007 est.
2326 2953 2484 3005 Anno
2513 2953 2672 3006 tertio
2702 2954 2992 3007 cbalifatus
3023 2953 3276 3008 Heshami
3307 2957 3578 3010 conStituo

373 3049 481 3102 illis
510 3049 765 3118 templum
802 3057 1066 3111 nostrum,
1107 3050 1156 3102 in
1189 3065 1296 3118 quo
1333 3052 1396 3104 ad
1433 3066 1617 3118 preces
1655 3067 1922 3106 convoca-

372 3139 566 3202 vimus,
595 3147 754 3207 atque
789 3142 1063 3194 oravimus
1095 3182 1108 3203 ,
1143 3147 1436 3209 precesque
1478 3140 1583 3195 Deo
1630 3145 1728 3196 rite
1765 3129 1920 3196 fudi-

372 3244 516 3307 nius,
556 3237 610 3282 ut
641 3232 906 3295 diruatur,
943 3242 1383 3301 rcstaureturque
1437 3236 1684 3288 ecclesia.
1753 3235 1921 3300 Quin-

368 3324 531 3372 etiam
561 3319 697 3374 dixit
720 3322 834 3374 Abu
865 3323 1017 3376 Edris
1041 3321 1426 3378 llolwauensis:
1454 3324 1586 3379 Cum
1609 3327 1927 3382 Christianis

370 3411 614 3478 equidem
643 3411 831 3475 -fmdus
864 3414 1050 3466 initum
1082 3425 1164 3468 est
1192 3417 1328 3484 quod
1363 3418 1429 3470 ad
1461 3417 1744 3470 dimidium
1781 3419 1926 3473 urbis

374 3499 732 3564 Damascenaz,
762 3512 833 3566 et,
865 3519 982 3571 quae
1017 3506 1068 3556 in
1120 3505 1235 3574 ipso
1287 3514 1414 3560 sunt
1461 3507 1586 3571 illis,
1619 3508 1876 3563 coclesias
1907 3524 1922 3562 :

379 3591 520 3659 quod
551 3593 613 3644 ad
645 3593 866 3644 alteram
893 3609 1021 3647 vero
1052 3595 1168 3662 ejus
1193 3603 1420 3663 partem,
1446 3596 1618 3664 gladio
1643 3605 1797 3665 Capta
1820 3606 1926 3664 est;

369 3680 662 3748 eodemque
695 3683 853 3734 modo
886 3685 1024 3750 qtiod
1059 3684 1200 3738 circa
1240 3684 1559 3738 Damascum
1605 3695 1686 3740 est
1719 3702 1748 3740 e
1780 3687 1920 3741 valle

372 3769 607 3830 Coutah,
641 3787 866 3839 quaeque
896 3773 947 3826 in
978 3789 1038 3827 ca
1067 3785 1192 3828 sunt
1224 3777 1544 3829 monasteria
1565 3786 1618 3830 et
1649 3777 1925 3844 ecclesias;

371 3876 491 3929 qua:
522 3878 646 3931 ergo
690 3865 866 3917 omnia
925 3862 1332 3918 Moscminorutn
1379 3875 1524 3928 sunt,
1577 3882 1697 3919 cum
1749 3867 1927 3936 gladio

374 3959 534 4019 Capta
568 3954 672 4005 sint
705 3968 718 4004 :
750 3954 791 4006 si
828 3968 954 4021 ergo
984 3955 1149 4006 velint
1181 3955 1472 4009 Christiani
1503 3965 1559 4009 ut
1589 3957 1719 4025 ipsis
1749 3961 1922 4012 eccle-

372 4043 506 4092 siam
559 4041 699 4095 ltanc
759 4057 912 4095 suam
964 4043 1268 4106 reddamus,
1318 4046 1603 4101 reddemus
1652 4049 1816 4112 ipsam
1856 4062 1919 4101 ea

373 4130 688 4184 conditione
726 4142 780 4184 ut
820 4131 1081 4186 ecclesias
1125 4135 1362 4202 reliquas
1401 4136 1451 4188 in
1504 4137 1728 4190 dimidia
1772 4138 1924 4190 urbis

376 4219 718 4274 Damascenaa
750 4231 922 4288 parle,
957 4237 1050 4274 nec
1083 4237 1187 4274 non
1213 4224 1472 4278 ecclesias
1502 4234 1556 4278 et
1601 4227 1921 4279 monasteria

2029 3053 2116 3098 tus
2147 3054 2230 3098 est
2257 3043 2648 3099 Constantinus
2677 3045 2979 3112 patriarcha
3011 3045 3572 3114 Constantinopolita-

2028 3152 2162 3200 nus,
2196 3127 2297 3206 qui
2340 3150 2514 3189 annos
2549 3136 2736 3205 viginti
2786 3145 2910 3190 octo
2952 3138 3290 3201 sedit,'dein
3336 3149 3580 3194 mortuus

2028 3237 2132 3283 est.
2166 3229 2326 3281 Anno
2350 3226 2644 3282 chalifatus
2679 3228 2921 3296 ejusdem
2955 3229 3209 3298 septimo,
3245 3230 3575 3285 constitutus

2028 3330 2110 3372 est
2159 3316 2361 3372 Kozma
2414 3318 2722 3386 patriarcha
2775 3319 3211 3385 Alexandrinus,
3261 3320 3353 3388 qui
3405 3335 3576 3374 annos

2028 3410 2217 3478 viginti
2259 3417 2382 3462 octo
2417 3409 2579 3461 sedit.
2614 3408 2852 3462 Orabam
2896 3420 3074 3462 autem
3118 3411 3414 3463 Christiani
3447 3411 3580 3465 Mel-

2026 3501 2184 3554 chitai
2237 3499 2572 3554 Alexandria:
2618 3501 2670 3552 in
2719 3501 2952 3554 ecclesia
2997 3500 3185 3555 Sancti
3228 3500 3412 3566 Saba},
3455 3518 3579 3556 cum

2025 3589 2284 3644 Jacobitaa
2311 3590 2419 3657 jam
2451 3604 2639 3643 omnes
2669 3589 2933 3644 ecclesias
2958 3600 3312 3659 occupassent
3339 3609 3352 3644 ε
3381 3590 3577 3644 Kozma

2029 3692 2205 3734 autem
2239 3681 2331 3749 qui
2366 3681 2674 3749 patriarcha
2713 3682 3046 3735 constitutus
3109 3691 3212 3745 est,
3264 3683 3424 3736 idiota
3457 3684 3576 3748 fuit,

2026 3775 2114 3842 qui
2173 3788 2272 3827 nec
2331 3773 2501 3841 legere
2552 3781 2734 3839 posset
2785 3787 2884 3825 nec
2929 3774 3165 3827 scribere
3220 3790 3341 3828 cum
3377 3791 3466 3830 ars
3502 3777 3576 3830 illi

2026 3872 2172 3919 esset
2221 3877 2351 3915 acus
2408 3862 2697 3914 conficere.
2760 3859 2896 3914 Huic
2953 3878 3072 3915 cum
3140 3863 3456 3917 Damascum
3513 3865 3576 3918 ad

2027 3953 2350 4008 Heshamum
2379 3951 2541 4021 385
2583 3951 2744 4020 387
2772 3951 2885 4005 Ebn
2918 3953 3072 4006 Abdil
3106 3953 3274 4008 Maleo
3305 3957 3577 4022 profectus

2026 4051 2205 4108 esset,
2237 4058 2511 4097 concessa:
2541 4054 2666 4096 sunt
2699 4059 2800 4110 ope
2830 4043 3163 4097 eruditorum
3200 4048 3577 4115 quorumdam,

2025 4135 2269 4190 ecclesia:
2297 4149 2435 4204 quas
2469 4142 2868 4202 occupaverant
2911 4134 3208 4189 Jacobitaa:
3253 4137 3580 4205 scripsitque

2026 4225 2333 4281 lieshamus
2382 4225 2448 4277 ad
2496 4223 2805 4294 praefectum
2858 4223 3077 4295 Egypti
3109 4241 3304 4290 suum,
3354 4229 3446 4296 qui
3481 4228 3579 4282 fuit

370 4327 492 4379 qua
522 4323 668 4380 extra
703 4313 883 4364 urbem
917 4312 968 4363 in
1001 4311 1208 4365 Goutah
1243 4321 1388 4378 sunt,
1418 4315 1693 4368 diruarnus
1725 4331 1739 4365 :
1773 4315 1916 4381 quod
1953 4316 1997 4374 D
2023 4316 2286 4370 Abdollah
2317 4314 2487 4369 Ebnol
2524 4315 2682 4383 ltjani
2715 4313 3045 4379 Sacwensis,
3079 4325 3137 4369 ut
3169 4317 3431 4372 ecclesias
3458 4334 3579 4385 quia

371 4405 413 4455 si
464 4403 599 4454 hanc
632 4403 785 4454 nobis
821 4403 1100 4456 ecclesiam
1145 4404 1521 4471 permiserint,
1583 4404 1684 4457 ista
1739 4404 1915 4457 Omnia

372 4494 480 4544 illis
503 4492 880 4555 concedenius,
899 4493 1160 4559 siquidem
1188 4495 1445 4547 ecclesias
1466 4494 1615 4546 vallis
1635 4493 1838 4547 Goutali
1865 4503 1918 4547 et

372 4581 760 4634 monasterium
792 4583 980 4634 Morari
1009 4583 1355 4647 possederant
1387 4582 1704 4646 Mosleniini,
1732 4582 1918 4650 381-

372 4671 531 4739 383
560 4687 724 4737 eaque
761 4671 1113 4724 incoluerant.
1142 4672 1438 4725 Metuentes
1469 4688 1596 4742 ergo
1627 4672 1919 4727 Christiani

376 4779 438 4814 ne
471 4764 816 4814 diruerentur
851 4763 1086 4817 ecelesize
1131 4771 1184 4817 et
1233 4766 1555 4818 monasteria
1584 4805 1596 4826 ,
1638 4767 1923 4819 ecclesiam

374 4856 480 4906 illis
514 4855 876 4920 reliquerunt.
920 4853 1254 4923 Seripsitque
1286 4858 1418 4923 ipsis
1465 4855 1625 4908 Omar
1657 4858 1889 4924 diploma
1914 4895 1931 4921 ,

375 4959 593 4995 securos
624 4943 733 4996 fore
770 4946 912 5012 ipsos
949 4945 1089 5012 quod
1114 4946 1182 4996 ad
1214 4947 1469 5000 ecclesias
1501 4962 1621 5000 suas
1646 4941 1762 5014 quae
1787 4948 1922 4999 intra

377 5036 688 5089 Damascum
718 5045 916 5100 essent,
951 5053 1051 5092 nec
1084 5055 1183 5092 non
1222 5041 1477 5093 ecclesias
1512 5047 1562 5091 et
1594 5041 1916 5092 monasteria

374 5145 493 5195 quie
533 5139 678 5180 extra
721 5129 1037 5182 Damascum
1078 5131 1126 5182 in
1162 5131 1365 5183 Goutab
1392 5174 1405 5194 ,
1462 5147 1526 5184 ne
1577 5130 1924 5197 diruercntur

379 5220 455 5268 vni
506 5219 888 5275 habitarentur.
939 5235 1066 5271 neve
1103 5220 1534 5273 lilosleniinortttn
1587 5223 1813 5290 cuipiam
1875 5225 1922 5274 in

378 5308 490 5374 ipsa
528 5318 756 5375 potestas
788 5320 930 5361 esset
965 5328 974 5360 ε
1018 5311 1261 5376 idemque
1300 5312 1553 5363 adhibitis
1583 5313 1809 5363 testibus
1855 5311 1920 5364 iis

379 5399 731 5451 confirmavit.
789 5399 952 5452 Porro
1006 5413 1244 5452 mortuus
1293 5411 1372 5453 est
1426 5401 1587 5454 Omar
1623 5402 1730 5453 Elin
1766 5403 1919 5454 Abdil

379 5490 503 5540 Aziz
540 5507 719 5542 mense
752 5491 916 5557 κηρὶ)
944 5495 1063 5543 anni
1100 5493 1265 5545 “circe
1299 5496 1574 5546 (‘L‘lllt'sillli
1611 5495 1784 5561 primi,
1823 5512 1919 5545 att-

383 5595 480 5632 nos
517 5592 674 5633 natus
705 5584 921 5650 triginta
955 5600 1161 5636 novem.
1213 5586 1427 5636 Statura
1481 5590 1737 5652 quadrata
1779 5587 1873 5637 fuit
1904 5626 1916 5648 ,

383 5685 601 5737 Corpore
628 5685 673 5726 et
702 5672 832 5727 facie
865 5676 1120 5739 pulchris,
1156 5679 1353 5731 canitie
1401 5690 1672 5738 aspersus,
1727 5675 1930 5738 fuitque

2027 4409 2080 4461 in
2127 4423 2288 4459 manu
2333 4405 2700 4461 Jacobitarum
2735 4415 2892 4460 erant
2941 4409 3194 4474 repetitas
3235 4407 3450 4462 Kozma:
3489 4425 3579 4477 pa-

2028 4501 2277 4554 triarcha:
2322 4499 2590 4559 traderet,
2635 4506 2690 4550 et
2734 4499 3096 4566 quodcunque
3143 4514 3322 4552 earum
3364 4503 3578 4554 nomine

2026 4590 2593 4658 c0mpreheuderetur.
2621 4588 2842 4655 Accepit
2876 4603 3002 4656 ergo
3032 4588 3232 4641 Kozma
3271 4581 3600 4656 patriarclia'

2029 4697 2057 4734 a
2091 4679 2350 4733 Jacobitis
2383 4678 2692 4742 ecclesias,
2726 4686 2886 4746 atque
2922 4677 3086 4748 [inter
3122 4679 3365 4748 caeteras]
3408 4681 3578 4733 eccle-

2029 4773 2163 4825 siam
2197 4772 2260 4824 Al
2290 4771 2573 4824 Kaisariaa.
2607 4771 2881 4837 Siquidem
2907 4784 2970 4822 ex
3003 4785 3108 4838 quo
3141 4778 3380 4838 tempore
3415 4771 3579 4824 Geor-

2030 4865 2150 4930 gius
2183 4861 2482 4930 patriarcha
2516 4859 2840 4914 Alexandria
2872 4860 3389 4928 Constantinopolim
3423 4861 3579 4930 fugit,

2031 4966 2170 5003 anno
2200 4952 2358 5003 tertio
2388 4949 2679 5003 cbalifatus
2709 4947 2890 5002 Omari
2925 4948 3092 5002 Ebnol
3121 4950 3367 5008 Chetabi.
3407 4951 3575 5003 donec

2032 5043 2450 5096 constitueretur
2477 5040 2676 5093 Kozma
2715 5040 3049 5094 Alexandria:
3079 5041 3407 5108 patriarcha,
3432 5056 3578 5096 anno

2033 5135 2263 5198 septimo
2293 5130 2580 5182 clialifatus
2611 5129 2886 5190 Heshaml,
2924 5128 3023 5179 fuit
3057 5129 3310 5181 cathedra
3342 5131 3574 5182 Alexan-

2034 5223 2185 5273 drina
2244 5221 2447 5287 absque
2502 5219 2808 5287 patriarcha
2842 5219 3117 5282 Melchita,
3166 5221 3340 5286 spatio
3372 5222 3575 5273 sentiet

2037 5325 2298 5363 annorum
2345 5312 2634 5377 nonaginta
2671 5319 2910 5377 septem;
2950 5321 3445 5377 occupaverantque
3483 5310 3576 5363 Ja-

2031 5404 2220 5454 cobitze
2265 5416 2454 5474 omnes
2491 5401 2748 5454 ecclesias
2784 5410 2886 5453 tam
2930 5401 3140 5468 Zﬁuypti
3166 5385 3324 5468 quam
3352 5404 3571 5452 Alexan-

2033 5494 2182 5546 drtai.
2211 5493 2452 5559 Cumque
2481 5506 2615 5557 opus
2650 5491 2906 5543 baberent
2929 5491 3084 5542 Nubii
3112 5493 3399 5560 episcopis.
3430 5493 3571 5543 ordi-

2040 5582 2185 5635 navit
2256 5583 2562 5651 patriarcba
2626 5580 2990 5634 Jacobitaruin
3060 5583 3190 5649 ipsis
3254 5584 3571 5650 episcopos:

2039 5683 2195 5738 atque
2230 5689 2296 5728 ex
2338 5687 2400 5728 eo
2434 5682 2672 5738 tempore
2710 5669 3070 5728 iacobitarum
3108 5671 3422 5730 sententiam
3459 5685 3577 5723 am-
