4142 6486
437 336 574 398 ΊῙΞΘ

430 426 542 479 Ebn
602 422 815 482 Maban,
866 420 1062 472 bellum
1117 415 1421 469 Alliamuni
1483 412 1723 463 illatum'

429 531 555 569 vero
588 514 781 567 Marwa
819 512 964 564 misit
996 509 1344 561 Tdbaherum
1393 503 1564 556 Ebuol
1618 500 1817 555 Hos-ain
1866 501 1981 552 Ehn

429 606 572 660 Saab
595 603 994 670 AiBusjeusem,
1028 601 1119 667 qui
1156 597 1237 648 Ali
1276 595 1387 647 Ebn
1425 593 1517 645 isze
1545 607 1707 655 caeso,
1738 590 1983 644 Multam-

429 697 604 750 ntedis
630 692 878 746 AlAmini
903 690 1087 757 copias
1119 689 1170 739 in
1205 686 1383 753 i‘ugam
1420 684 1615 745 vertit;
1650 682 1985 750 Bagdadum-

428 781 843 855 que‘prciectus
893 776 1318 844 adjungcntibus
1364 788 1422 828 se
1469 775 1516 827 ei
1560 772 1817 825 Ilazimab
1872 772 1986 824 Ebn

440 873 611 945 Ayoni
664 881 716 923 et
776 868 1041 921 ilomaido
1077 858 1191 918 mm
1250 864 1421 920 Abdil'
1479 865 1673 918 Hamid
1725 863 1980 917 Tusensi.

429 965 818 1029 Salutatusque
867 967 951 1012 est
982 957 1258 1033 Alliamun
1278 955 1472 1010 cltalifa
1503 956 1805 1009 Cborasani
1845 967 1990 1005 anno

421 1054 734 1109 'centesimo
781 1049 1129 1117 nonagesimo
1163 1057 1335 1111 sexto,
1369 1063 1432 1101 ac
1485 1048 1823 1114 pertingente
1875 1045 1988 1095 dis-

432 1145 691 1199 sensione
724 1143 1027 1212 Bagdadum
1072 1155 1242 1208 usque
1285 1140 1497 1192 occisus
1527 1145 1612 1191 est
1644 1138 1711 1189 ibi
1748 1136 1993 1189 Moliam-

430 1231 550 1285 med
573 1230 797 1282 AlAmin
826 1230 911 1282 die
944 1228 1183 1287 Sabbati.
1230 1229 1420 1294 quinto
1450 1235 1575 1279 ante
1604 1226 1812 1278 tinitum
1844 1240 1994 1277 meu-

430 1332 547 1372 sem
613 1318 991 1371 Albioitarram
1064 1333 1210 1369 anno
1275 1317 1577 1369 centesimo
1640 1314 1991 1383 nonagesimo

428 1415 645 1461 octavo.
699 1406 819 1461 Fuit
886 1407 1177 1460 chaliiatus
1224 1405 1395 1473 ipsius
1447 1408 1618 1473 usque
1670 1406 1737 1457 ad
1793 1403 1993 1457 caedem

431 1496 605 1565 ipsius
655 1513 921 1550 annorum
974 1508 1210 1564 quatuor
1259 1511 1383 1548 cum
1437 1505 1561 1548 octo
1613 1496 1891 1549 mensibus
1930 1477 1993 1546 ac

429 1587 765 1642 :exdiebus.
816 1588 1005 1639 Annos
1057 1576 1188 1639 tunc
1244 1595 1406 1637 natus
1460 1586 1561 1637 fuit
1611 1587 1798 1653 viginti
1850 1596 1997 1640 octo.

430 1676 603 1729 Porro
636 1685 880 1727 mortuus
928 1674 1091 1746 416
1125 1683 1206 1727 est
1236 1674 1575 1743 Nicephorus
1605 1674 1890 1729 Estabraki
1939 1677 1999 1727 ii-

431 1765 540 1820 lius
578 1764 949 1818 Romanorum
1003 1767 1316 1833 imperator,
1376 1768 1677 1834 imperante
1735 1775 1862 1833 post
1919 1767 2001 1832 ip-

432 1868 555 1910 sum
587 1854 845 1909 Romanis
876 1856 1173 1911 Estabrako
1199 1856 1507 1925 Nicephori,
1569 1856 1663 1909 lilii
1698 1856 2005 1919 Estabraki,

434 1944 569 2000 filio.
603 1943 761 2001 Amo
796 1945 1086 2001 chaliiatus
1118 1946 1512 2001 Mobammedis
1546 1948 1794 2002 AiAmiui
1842 1950 2003 2002 tertio

434 2034 765 2090 constitutus
792 2043 876 2089 est.
905 2035 1146 2090 Thomas
1174 2038 1287 2107 (cui
1323 2050 1626 2104 cognomen
1685 2036 2004 2101 Tamriltus)

435 2124 744 2194 patriarcha
804 2125 1374 2197 ilicrosolymitanus;
1436 2130 1526 2183 ubi
1586 2144 1758 2182 annos
1814 2129 2002 2181 decem

435 2216 597 2274 sedit.
626 2212 752 2275 Fuit
780 2213 1125 2272 Mobammed
1160 2217 1391 2271 AlAmin
1427 2212 1566 2273 facie
1593 2218 1841 2286 pulchra,
1875 2234 2002 2273 cor-

436 2323 567 2375 pore
627 2306 865 2377 integro,
928 2306 1110 2360 colore
1162 2305 1424 2386 candido,
1484 2308 1721 2376 pinguis,
1779 2321 2007 2376 corpore

436 2397 682 2462 robusto,
732 2391 914 2466 digitis
958 2396 1327 2469 elegantibus.
1364 2397 1656 2469 Sepultum
1693 2408 1778 2452 cst
1806 2412 2006 2468 corpus

436 2488 609 2553 ipsius
629 2485 884 2556 Bagdadi,
907 2496 1066 2555 caput
1089 2494 1269 2541 autem
1290 2486 1677 2543 Chorosanum
1709 2487 2006 2557 perlatum.

439 2578 773 2633 Satellitibus
825 2576 997 2645 ipsius
1028 2576 1245 2644 praefuit
1298 2576 1381 2629 Ali
1419 2573 1535 2630 Ebn
1565 2575 1688 2637 ικαδ.
1738 2573 1856 2629 Ebu
1891 2573 2004 2628 Ma-

420 2663 791 2723 JianJanitor
810 2666 1004 2735 ipsius.
1032 2663 1299 2718 AlFadlus
1328 2662 1496 2720 Ebuol
1530 2662 1747 2723 llabiae;
1774 2665 2007 2716 maxima

439 2759 583 2829 apud
614 2758 785 2828 ipsum
822 2756 989 2825 gratia
1020 2756 1253 2822 pollebat
1280 2751 1549 2807 AlFadius
1574 2740 1740 2808 Ebuol
1774 2751 1976 2806 Rabim.

860 2845 1164 2911 Chalifatus
1229 2842 1589 2897 AlMamuuis.

514 2938 773 2993 Praestitis
797 2936 1126 3005 juramentis
1154 2933 1353 2986 cbaiil'a
1386 2934 1732 2988 renuntiatus
1789 2945 1872 2987 est
1915 2934 2007 2986 Ai—

1855 316 2218 380 ANNALES.

1794 409 1969 461 Mamu
2016 412 2063 467 Α
2116 406 2180 458 ad
2213 406 2313 457 Abi
2349 403 2413 456 Ν.
2443 404 2511 455 ab
2544 403 2610 456 N.
2641 401 2759 455 Ebn
2790 398 2884 465 N.,
2934 399 3050 453 sine
3080 400 3185 454 ulla
3217 401 3269 453 in
3304 402 3471 455 titulis
3504 417 3655 454 com-

3522 315 3655 376 1130

2096 494 2427 564 precatione,
2452 507 2625 560 usque
2656 490 2723 568 ad
2752 490 2951 545 eaedem
2970 488 3361 545 Mohammedis
3380 492 3658 560 AlAminj;

2099 585 2452 649 meminitque
2484 598 2769 645 cursorum
2822 580 3060 650 Bagdadi
3104 584 3414 651 praefectum
3449 586 3658 639 litteras

2097 679 2160 732 ad
2196 680 2371 746 ipsum
2408 693 2437 730 a
2467 676 2566 729 Dil'
2600 677 2935 747 lliyasataini
2986 676 3148 747 [duos
3180 680 3513 747 principatus
3564 680 3663 732 iia-

2094 768 2276 838 bente]
2309 767 2579 820 Ail’hadlo
2610 782 2834 822 curasse
2865 767 2945 822 sic
2977 770 3315 836 inscriptas:
3348 769 3446 821 Abi
3473 770 3660 823 i~aaco

2096 875 2258 929 quem
2309 868 2594 912 conservet
2646 860 3093 913 Deus‘excelsus
3153 860 3221 913 ab
3271 859 3368 912 Abi
3424 860 3661 913 Abbaso.

2099 951 2337 1015 Quarqu
2393 948 2606 1017 (inquit
2650 948 2768 1000 Abu
2830 946 3001 1011 Isaae)
3032 949 3196 1019 420
3232 951 3319 1003 ubi
3356 949 3667 1017 inscriptio—

2103 1056 2224 1093 nem
2256 1040 2518 1100 viderem,
2546 1038 2694 1106 ipsas
2725 1038 2789 1091 ad
2824 1048 3079 1107 patruum
3117 1056 3293 1093 meum
3324 1039 3669 1093 Soiimanum

2109 1127 2257 1190 misi,
2282 1142 2389 1195 quo
2422 1126 2524 1195 ipsi
2556 1135 2612 1179 ut
2646 1113 2841 1193 novum
2873 1127 3001 1195 quid
3030 1128 3402 1195 ostenderem,
3432 1144 3667 1196 cinoque

2103 1221 2168 1273 ad
2206 1225 2379 1288 ipsum
2438 1220 2814 1286 pervenissent
2866 1220 3061 1295 litterae
3108 1235 3264 1283 mete,
3295 1221 3471 1273 attulit
3532 1222 3663 1274 mibi

2099 1311 2305 1378 janitor
2350 1311 2518 1379 ipsius
2549 1310 2686 1365 alias
2717 1325 2745 1361 a
2777 1304 3214 1380 Dil-Riyasatain
3247 1311 3313 1364 ad
3340 1312 3515 1377 ipsum
3544 1312 3678 1364 mis-

2104 1417 2219 1465 sas,
2249 1403 2561 1469 eodemque,
2586 1400 2749 1455 modo
2782 1416 2891 1469 quo
2924 1416 3061 1469 quas
3096 1402 3162 1456 ad
3210 1417 3295 1454 me
3329 1402 3553 1454 dederat
3586 1401 3674 1453 in-

2104 1494 2360 1561 scriptas.
2401 1493 2578 1561 Atque.
2622 1508 2689 1546 ex
2719 1508 2785 1546 eo
2811 1502 3056 1562 tempore
3108 1494 3161 1546 in
3230 1482 3678 1559 inscriptionibus

2102 1586 2407 1639 litterarum
2444 1594 2664 1639 Suarum
2713 1586 3184 1653 comprecationes
3241 1584 3500 1636 adhibere
3546 1598 3679 1637 con-

2105 1686 2422 1731 sueverunt.
2454 1675 2629 1729 Porro
2660 1676 2713 1729 in
2768 1676 3003 1745 Egypto
3060 1676 3161 1729 fuit
3198 1673 3541 1728 Mobainmed
3576 1673 3683 1725 Eb-

2107 1770 2195 1822 nol
2236 1768 2395 1829 Sarii,
2429 1768 2603 1821 Ebno'.
2638 1764 2880 1831 Hacemi,
2921 1768 3014 1835 qui
3075 1768 3297 1822 rebellis
3358 1767 3556 1829 iactus,
3596 1780 3685 1819 se-

2111 1876 2219 1926 que
2250 1861 2316 1913 ab
2352 1859 2688 1913 Albiamuuis
2715 1842 2983 1927 obsequio
3014 1858 3347 1929 subduceus,
3394 1855 3678 1927 Egyptqu

2119 1952 2434 2019 occupavit,
2473 1964 2636 2018 quam
2671 1959 2726 2003 et
2759 1957 2886 2002 ante
2925 1948 3102 2017 ipsum
3134 1955 3498 2016 occupaverat
3527 1957 3681 2015 pater

2113 2044 2287 2107 ipsius
2319 2041 2580 2096 AiSarius
2611 2060 2639 2099 ε,
2660 2041 2810 2094 misit
2839 2054 2971 2107 ergo
3017 2038 3327 2099 Alliamun,
3361 2036 3671 2091 Obaidalia—

2106 2134 2235 2186 hum
2271 2132 2386 2184 Elin
2418 2130 2692 2185 Tdhaiteri
2746 2131 2800 2183 in
2858 2127 3193 2198 Egyptum;
3232 2128 3323 2193 qui
3374 2143 3439 2179 co
3491 2143 3684 2195 pervc-

2110 2202 2267 2276 niens
2300 2223 2474 2281 Ebuol
2510 2221 2726 2275 Sarium
2784 2203 3065 2283 salutavit,
3102 2226 3287 2287 utpote
3318 2221 3409 2286 qui
3442 2234 3507 2272 eo
3539 2228 3685 2271 tem-

2106 2330 2239 2381 pore
2271 2329 2380 2381 quo
2409 2311 2701 2382 Egyptum
2741 2313 3022 2379 ingressus
3052 2318 3136 2365 est
3169 2310 3511 2372 Obaidaliab,
3540 2324 3684 2378 pne-

2124 2402 2300 2456 i‘ectus
2338 2402 2535 2454 fuerat.
2576 2399 2676 2453 Hic
2709 2415 2839 2469 ergo
2893 2398 3191 2468 Egyptum
3246 2399 3532 2465 ingressus
3560 2400 3690 2453 col-

2117 2498 2283 2549 lectas
2319 2508 2447 2562 epes
2500 2492 2814 2563 Bagdadum
2867 2490 2934 2543 ad
2998 2489 3388 2543 AlMamunem
3437 2490 3686 2544 abduxit.

2118 2584 2397 2653 idemque,
2434 2583 2588 2651 copia
2624 2599 2720 2650 per
2756 2582 2965 2637 litteras
2995 2582 3062 2635 ab
3096 2581 3416 2636 AlMamune
3443 2582 3685 2648 scriptas

2106 2676 2210 2741 ipsi
2245 2690 2533 2732 concessa.
2575 2674 2833 2740 templum
2886 2687 3178 2728 commune
3211 2674 3353 2743 quod
3396 2672 3555 2726 Mesri
3583 2682 3687 2728 est.

2111 2761 2364 2835 [palatio]
2424 2764 2586 2816 itaril‘
2620 2763 2797 2815 Ramti
2846 2772 2962 2817 toto
2999 2764 3168 2825 auxit,
3220 2772 3469 2830 excepta,
3523 2769 3687 2830 quam

2122 2855 2366 2926 reliquit,
2422 2856 2848 2910 mouelariorum
2916 2855 3099 2909 domo.
3166 2857 3343 2907 Porro
3411 2855 3686 2907 vacillavit

2116 2947 2507 3016 Hierosolymis
2533 2946 2782 3000 ecclesiae
2811 2944 3255 3001 Resurrectionis
3279 2945 3517 3005 testudo,
3551 2946 3692 2998 adeo

441 3031 657 3085 Manum
696 3029 749 3081 in
785 3029 1063 3081 Cborasau
1118 3024 1336 3093 (estque
1390 3025 1503 3094 ipse
1556 3023 1842 3093 Abdoliah,
1894 3021 2084 3102 Ebnc
2117 3046 2175 3092 ut
2210 3054 2401 3107 parum
2455 3038 2675 3095 abesset
2709 3037 2841 3106 quin
2881 3038 3181 3093 decideret.
3238 3036 3452 3090 Αυρίιιίι
3509 3045 3692 3088 πιθα,

451 3118 982 3181 llarnnAlRasbidi,
1018 3118 1131 3171 Ebn
1181 3117 1519 3169 Moitamtued
1570 3113 1844 3174 AlMohdi.
1894 3114 2009 3169 Ebn

444 3211 733 3272 Abdoilah,
793 3208 905 3262 Elin
938 3208 1147 3270 Harun,
1180 3206 1351 3259 Ebuol
1406 3205 1650 3269 ManSur,
1705 3206 1790 3259 cui
1841 3214 2012 3260 mater

446 3304 547 3356 t'nit
580 3301 799 3369 .‘liarajel
824 3297 1295 3367 AlBadegisensis)
1360 3311 1502 3348 anno
1528 3295 1823 3349 centesimo
1850 3310 2012 3347 nona-

452 3395 661 3463 gesimo
680 3402 849 3445 sexto.
873 3389 1191 3442 interfectus
1224 3395 1305 3439 est
1324 3396 1504 3437 autem
1535 3385 1872 3437 Mobammed
1900 3385 2012 3438 Aﬁ-

452 3486 634 3547 Amin,
661 3483 825 3535 frater
848 3479 1182 3534 Alblamuuis
1198 3476 1437 3547 Bagdadi
1457 3477 1558 3529 sub
1579 3477 1683 3529 line
1706 3478 1905 3529 mensis
1925 3476 2026 3547 Ai-k

449 3575 782 3633 mobarram.
820 3586 962 3625 anno
988 3568 1287 3623 centesimo
1313 3567 1668 3635 nonagesimo
1709 3576 1900 3619 octavo
1934 3581 2020 3619 oc-

446 3673 682 3732 cupante
704 3662 989 3716 Tdhahero
1010 3660 1182 3713 Ebuol
1207 3657 1405 3712 Hosain
1436 3655 1582 3710 urbis
1612 3665 1813 3723 partem
1847 3655 2025 3707 orien-

426 3751 629 3824 talem,
671 3749 926 3803 ilozaima
950 3747 1356 3804 occidentalem,
1390 3753 1551 3811 atque
1614 3742 1879 3796 ilomaido
1914 3742 2025 3796 Ebn

448 3839 799 3895 Abdilllamid
826 3838 1051 3891 Tuscnsi
1102 3846 1331 3905 quatuor
1362 3836 1428 3888 ab
1479 3833 1662 3893 eadem
1714 3834 2028 3902 parasangis

450 3928 686 3981 sedente.
747 3924 1101 3997 417—519
1160 3923 1561 3990 Pra‘fectusque
1617 3930 1721 3997 est
1759 3921 2025 3976 Alilosain

450 4016 565 4071 Ebu
588 4016 711 4070 Sabl
735 4017 929 4077 Erako,
959 4017 1011 4068 in
1038 4016 1193 4083 cujus
1225 4022 1545 4082 potestatem
1568 4023 1829 4067 venerunt
1865 4008 2028 4068 Eraki

452 4109 683 4163 ditiones
733 4122 946 4175 unaque
982 4107 1119 4159 alite.
1154 4105 1391 4159 Fuerunt
1422 4118 1595 4157 autem
1628 4106 1876 4173 regiones
1914 4121 2032 4159 om-

362 4196 371 4205 ’
455 4215 552 4253 nes
598 4198 841 4252 dissidiis
874 4197 1065 4264 plenas,
1093 4212 1213 4250 cum
1247 4196 1301 4247 in
1334 4195 1563 4261 singulis
1594 4204 1776 4248 essent
1804 4194 1895 4263 qui
1925 4195 2030 4248 sibi

457 4288 742 4357 imperium
809 4284 1157 4337 vendirarent
1194 4291 1301 4335 tam
1332 4297 1395 4335 ex
1431 4281 1514 4333 Ali
1552 4281 1834 4349 prognatis
1862 4295 2025 4348 quam

456 4378 596 4432 aliis.
629 4374 921 4429 Discedens
957 4382 1130 4427 autem
1177 4372 1459 4426 AlMamuu
1492 4387 1522 4426 e
1547 4370 1862 4424 Cborasano
1892 4371 2027 4441 Bag-

2118 3127 2172 3181 iu
2199 3126 2483 3181 Palaestina
2512 3136 2676 3193 atque
2698 3123 3092 3195 Hierosolymis
3120 3126 3293 3179 fames
3322 3126 3529 3193 gravis,
3567 3139 3694 3176 cum

2116 3221 2456 3273 locustarum
2510 3214 2886 3277 multitudine,
2945 3198 3195 3271 adeohut
3249 3214 3388 3267 l‘attie
3451 3213 3693 3282 perirent

2119 3308 2387 3367 homines,
2421 3298 2779 3374 fugerentque
2809 3303 3119 3359 Moslemini
3154 3302 3547 3373 Hierosolymis
3582 3318 3691 3368 prae

2130 3412 2362 3450 annonae
2410 3396 2662 3457 caritate,
2713 3409 2891 3462 neque
2928 3407 3117 3447 eorum
3165 3392 3363 3447 ibidem
3396 3394 3559 3460 aliqui
3600 3407 3694 3444 su-

2122 3482 2784 3555 peressentﬁzl-523
2840 3481 3028 3551 paucis
3080 3482 3372 3536 admodum
3430 3484 3692 3547 exceptis.

2126 3578 2363 3630 Thomas
2397 3591 2527 3643 ergo
2566 3574 2882 3644 patriarcha
2938 3572 3058 3641 (qui
3106 3572 3325 3626 Tamrik
3378 3574 3546 3640 audit)
3598 3589 3696 3643 0p-

2131 3667 2520 3736 portunitatem
2569 3666 2731 3720 hanc.
2784 3679 2890 3732 qua
2943 3662 3276 3729 Mosiemniis
3328 3678 3492 3716 vacua
3549 3673 3694 3715 esset

2130 3759 2281 3821 urbs,
2313 3758 2584 3819 lucratus,
2612 3756 2847 3825 Cyprum
2902 3755 3125 3809 mittens
3160 3755 3293 3807 cauti
3346 3755 3552 3808 curavit
3602 3772 3696 3809 cc-

2130 3852 2350 3904 drorum
2384 3858 2439 3902 et
2473 3848 2712 3901 abietum
2746 3848 3141 3916 quinquaginta
3198 3855 3447 3909 truncos,
3489 3862 3695 3915 eosque

2131 3938 2507 4006 Hierosolyma
2538 3935 2758 3989 adduci.
2794 3933 3031 4003 Fuitque
3076 3935 3159 3987 vir
3190 3934 3410 4002 quidam
3446 3951 3509 3989 ex
3542 3935 3696 3988 Bursa

2130 4032 2181 4084 iu
2214 4029 2448 4099 )Egypto
2505 4028 2710 4082 incolis
2764 4026 2991 4080 nomine
3041 4025 3240 4079 Bocam
3292 4027 3488 4094 opibus
3519 4027 3696 4081 abun-

2127 4126 2286 4184 daus,
2323 4120 2421 4172 llic
2450 4120 2517 4173 ad
2569 4119 2832 4172 Thomam
2871 4112 3247 4187 patriarcham
3301 4116 3698 4187 llierosolymi»

2124 4222 2314 4265 tanum
2354 4226 2605 4277 magnam
2662 4210 2903 4278 pecunia:
2935 4210 3041 4262 vim
3096 4210 3341 4273 mittens,
3377 4226 3481 4279 qua
3522 4218 3696 4264 testu-

2124 4304 2303 4357 dinem
2388 4302 2739 4362 instauraret,
2809 4299 2967 4366 jussit
3015 4314 3046 4354 a
3105 4285 3321 4354 nemine
3383 4300 3691 4353 mortalium

2132 4394 2424 4464 quidquam
2462 4392 2750 4460 accipere:
2806 4391 2951 4459 quod
3011 4390 3055 4443 si
3094 4391 3340 4457 pluribus
3371 4391 3543 4444 adhuc
3603 4406 3695 4458 pr-

454 4466 654 4522 dadum
701 4465 960 4533 pervenit,
1036 4478 1221 4517 meuse
1272 4463 1482 4531 Saphar
1512 4462 1637 4514 anui
1672 4461 2027 4514 ducentesitui
2060 4466 2105 4521 ο
2134 4461 2315 4539 έυηίίε
2343 4499 2482 4553 opus
2517 4482 2763 4547 habere“
2810 4496 2869 4536 se
2900 4482 2967 4535 ad
2999 4482 3177 4551 ipsum
3212 4497 3333 4536 esse
3375 4482 3691 4537 missurum.

459 4560 663 4630 quarti,
684 4557 1004 4611 satellitibus
1021 4557 1132 4609 suis
1152 4556 1403 4621 praefecto
1422 4553 1706 4607 Tdhahero
1728 4554 1899 4606 Ebuol
1924 4551 2033 4607 Ho-

463 4651 600 4714 aain,
624 4647 977 4715 hominesque
995 4647 1059 4698 ad
1082 4662 1246 4699 unum
1266 4660 1451 4705 omnes
1468 4659 1689 4698 securos
1708 4658 1828 4700 esse
1844 4644 2027 4712 ju8sit.

466 4740 754 4809 Superavit
804 4740 965 4791 etiam
992 4737 1342 4790 Abrabimum
1375 4724 1543 4789 Ebuol
1575 4736 1775 4803 Mobdi,
1798 4730 1889 4806 qui
1912 4736 2027 4793 Ebn

469 4828 706 4884 Sbaklah
758 4828 949 4891 audiit,
981 4826 1071 4895 qui
1134 4827 1419 4894 imperium
1471 4827 1571 4881 sibi
1637 4826 2025 4890 vindicaverat,

466 4927 628 4988 atpte
701 4921 995 4988 imperator
1049 4917 1285 4971 ﬁdelium
1358 4918 1666 4987 appellatus
1718 4921 1916 4971 fuerat.
1967 4918 2022 4971 in

467 5021 687 5069 ca'teras
714 5012 873 5063 etiam
912 5009 1160 5078 regiones
1210 5025 1332 5061 cum
1367 5010 1551 5078 copias
1605 5009 1859 5069 mitteret,
1896 5008 2025 5062 sub-

465 5102 663 5171 jugatze
698 5110 824 5155 sunt
876 5099 1110 5153 ditioncs
1164 5115 1371 5163 omnes,
1406 5114 1579 5169 eoque
1614 5100 1797 5153 audito
1833 5116 2024 5153 manus

471 5193 1032 5258 dederunt‘quotquot
1059 5190 1163 5243 sibi
1194 5198 1511 5257 potestatem
1550 5191 1916 5259 arripuerant,
1971 5202 2027 5245 et

472 5282 834 5336 seditionibus
870 5280 993 5333 linis
1046 5280 1333 5347 impositus
1364 5290 1467 5335 cst.
1504 5280 1648 5334 Dixit
1701 5284 1819 5335 Abu
1874 5271 2026 5334 isaac

472 5373 727 5429 Abrahim
764 5372 879 5425 Ebn
911 5373 961 5424 ol
996 5370 1197 5434 Moinii,
1232 5373 1322 5440 qui
1383 5372 1494 5426 Ebu
1528 5372 1758 5427 Shaciah
1793 5374 2029 5443 appella-

476 5473 565 5516 tus
595 5470 698 5517 est.
730 5460 844 5514 Non
878 5463 1155 5534 desierunt
1180 5462 1419 5530 epistola:
1475 5463 1613 5516 inter
1650 5464 1893 5517 homines
1931 5467 2026 5517 hac

475 5552 648 5607 [arma
684 5551 933 5616 inscribi,
969 5553 1046 5605 Ab
1083 5550 1147 5605 Ν.
1185 5551 1297 5606 Ebn
1345 5549 1411 5605 N.
1449 5552 1516 5606 ad
1552 5552 1617 5607 N.
1670 5554 1783 5607 Ebn
1832 5553 1896 5607 N.
1937 5564 2029 5608 aut

476 5643 550 5701 ab
582 5643 682 5697 Abi
711 5640 779 5697 Ν.
822 5642 887 5697 ad
930 5642 1029 5696 Abi
1059 5640 1124 5695 Ν.
1161 5650 1254 5697 aut
1285 5643 1351 5697 ad
1389 5644 1491 5697 Abi
1524 5643 1589 5698 N.
1622 5647 1687 5699 ab
1711 5646 1809 5709 Abi
1846 5645 1910 5699 N.
1935 5655 2027 5699 aut

802 5741 1069 5801 PATBOL.
1108 5740 1152 5801 Ο
1167 5759 1225 5801 n.
1258 5740 1410 5805 CXI.

2130 4575 2370 4629 Thomas
2404 4588 2535 4642 ergo
2583 4572 2893 4642 patriarcha
2929 4571 3257 4627 testudinem
3311 4574 3568 4641 paulatim
3607 4573 3692 4627 di—

2130 4681 2317 4728 ruens,
2350 4664 2513 4732 lignis
2566 4664 2685 4718 istis
2734 4663 3072 4718 intromissis
3098 4665 3512 4733 superstruxit.
3544 4663 3690 4717 Vidit

2128 4771 2307 4812 autem
2363 4758 2419 4809 in
2479 4754 2773 4815 insomnio,
2808 4771 2839 4809 e
2894 4756 3150 4809 columna
3208 4757 3441 4823 quadam
3498 4771 3560 4808 ex
3622 4756 3690 4811 iis

2126 4846 2761 4917 quibus'sustentabatur
2793 4845 3007 4899 testudo
3044 4843 3279 4916 [templi]
3312 4842 3691 4898 Resurrectio-

2132 4938 2215 4993 nis
2245 4936 2578 5007 prodeuntes
2626 4934 2982 5003 quadraginta
3022 4936 3170 4989 viros
3216 4935 3309 5003 qui
3356 4934 3683 4987 testudinem

2126 5028 2483 5087 sustinerent,
2525 5040 2594 5080 ne
2617 5025 2857 5089 caderet,
2896 5025 2995 5097 [e]
3044 5026 3297 5091 columna
3328 5025 3535 5079 scilicet
3566 5040 3688 5095 qua

2127 5116 2307 5170 domui
2336 5116 2617 5184 supposita
2648 5123 2729 5169 est
2757 5134 2769 5169 :
2797 5121 3146 5185 experrectus
3176 5130 3305 5185 ergo
3335 5115 3469 5169 dixit
3496 5134 3511 5171 :
3552 5115 3690 5170 Sunt

2126 5206 2486 5272 quadraginta
2517 5204 2593 5257 illi
2631 5202 2720 5273 qui
2756 5204 3081 5259 testudinem
3116 5206 3413 5269 sustinent,
3455 5206 3688 5271 quadra-

2129 5296 2273 5363 ginta
2306 5305 2609 5365 martyres:
2645 5285 2999 5363 quadraginta
3027 5310 3156 5363 ergo
3179 5299 3329 5367 tigna
3364 5298 3417 5350 in
3453 5294 3684 5349 testudi~

2129 5398 2249 5455 nem
2281 5383 2530 5445 immisit,
2573 5397 2801 5449 quorum
2836 5384 3261 5455 unumquodque
3296 5385 3416 5437 sinu
3452 5382 3689 5449 comple-

2128 5482 2364 5529 Cteretur
2401 5476 2557 5528 homo
2587 5476 2651 5527 ad
2678 5490 2959 5529 numerum
2986 5476 3345 5545 quadraginta
3371 5482 3686 5542 martyrum.

2142 5564 2340 5630 Estque
2387 5565 2637 5615 columna
2676 5565 2776 5617 ista
2823 5581 2945 5633 qua:
3001 5566 3102 5619 sita
3136 5576 3218 5620 est
3246 5581 3273 5618 e
3315 5565 3532 5629 regione
3581 5563 3696 5633 pul-

2131 5651 2225 5725 piti
2274 5665 2431 5705 secus
2478 5651 2645 5708 altare
2707 5652 2771 5704 ad
2812 5652 2952 5707 latus
3016 5652 3269 5713 australe,
3301 5652 3452 5717 juxta
3505 5668 3687 5721 quam,

3305 5745 3375 5805 36
