4082 6480
630 225 759 289 i131

1659 222 2014 284 EUTYtlllll
2062 221 2590 323 ALEXANlHllNl
2632 228 2849 290 PATR.

3722 230 3743 295 f
3758 231 3844 295 132

625 340 839 403 quoties
897 336 1058 389 fuerit
1092 334 1292 387 ft's1urn
1349 335 1709 402 quadraginta
1767 342 2087 401 martyrum,
2122 332 2265 391 [ιε-Λ
2300 334 2566 401 quispiam
2622 315 2727 389 una
2767 350 2989 407 excepta
3040 342 3168 404 lilia,
3226 356 3386 409 quam
3439 344 3699 397 demenso
3748 348 3844 399 ista

623 436 763 478 stum
813 426 877 478 iis
913 425 1213 478 celebrant.
1265 423 1512 491 Cu‘mque
1543 424 1654 491 jam
1694 423 2013 490 perfecisset
2043 421 2193 475 'I'ho-

625 532 739 570 mas
793 516 1105 583 patriarcha
1162 516 1620 570 instaurationem
1673 513 1838 585 424,
1900 513 2193 568 testudinis

624 604 937 676 linunissis]
989 606 1177 673 tignis,
1233 621 1467 675 eamque
1501 615 1553 660 et
1593 606 1844 675 superius
1880 613 1932 657 ct
1964 603 2192 658 inferius

624 694 1337 758 incrustassel,‘aadificavit
1393 708 1561 765 supra
1595 694 1920 748 testudinem
1975 693 2136 747 istaut
2164 709 2194 747 e

620 786 784 854 lignis
814 795 868 839 et
900 785 1080 850 aliam,
1142 800 1209 839 eo
1243 786 1384 840 inter
1420 786 1567 856 ipsas
1622 778 1809 838 relicto
1859 782 2037 853 spitio
2086 798 2193 852 quo

618 877 868 931 incedere
898 875 1024 946 quis
1057 877 1257 947 possit.

604 952 605 955 i
689 968 824 1021 Cum
864 979 995 1032 ergo
1023 981 1087 1020 ex
1137 967 1371 1037 Egypto
1427 975 1795 1021 reverteretur
1825 962 1997 1019 Oliaid
2030 965 2189 1019 Allah

619 1059 735 1113 Ehu
797 1058 1055 1114 Tdhaher
1114 1056 1429 1126 Bagdadum
1488 1055 1743 1117 tendens,
1793 1055 2070 1123 querelam
2122 1054 2187 1107 ad

617 1153 795 1220 ipsum
844 1148 1159 1206 detulerunt
1195 1147 1520 1213 Moslemini,
1547 1145 1889 1204 Christianos
1917 1154 2187 1215 trangrcs-

616 1257 729 1305 sos,
768 1242 901 1296 illud
934 1241 1079 1311 quod
1132 1255 1237 1294 non
1290 1240 1481 1294 liceret
1513 1238 1647 1308 ipsis
1684 1235 1905 1298 fecisse,
1963 1236 2186 1289 testudi-

615 1348 738 1388 nem
796 1333 1043 1386 ecclesia:
1102 1330 1543 1386 Resurreetionis
1600 1330 1919 1396 diruentes;
1957 1341 2187 1397 eamque

613 1437 736 1476 cum
769 1438 932 1492 parva
980 1430 1151 1485 esset,
1188 1432 1481 1491 augentes,
1516 1421 1652 1476 adeo
1708 1430 1764 1473 ut
1813 1435 1975 1490 quam
2026 1426 2185 1473 antea

614 1514 792 1568 fuerat
829 1514 1002 1581 major
1056 1513 1309 1568 evaderet
1344 1528 1399 1566 et
1430 1512 1762 1566 testudinem
1799 1509 1971 1565 Petra:
2002 1510 2188 1563 altitu-

611 1603 740 1659 dine
775 1614 1080 1674 superaret.
1123 1604 1446 1659 Obaidallah
1503 1619 1635 1673 ergo
1676 1604 2005 1658 accersitum
2039 1599 2185 1654 Tho-

612 1710 755 1748 mam
808 1696 1198 1764 patriarcham,
1258 1697 1509 1762 aliosque
1559 1711 1680 1751 cum
1737 1708 1802 1748 eo
1855 1693 2077 1757 multos,
2128 1692 2184 1746 in

611 1800 886 1839 carcerem
921 1786 1178 1855 conjecit,
1214 1786 1354 1840 hanc
1394 1787 1446 1839 in
1483 1800 1592 1839 rem
1628 1785 2016 1853 inquisiturus,
2050 1794 2108 1836 ut
2137 1782 2184 1837 si

610 1896 799 1934 verum
836 1884 1235 1951 comperiretur
1288 1879 1423 1934 lllttd
1473 1879 1633 1946 cujus
1684 1876 1983 1931 insimulati
2033 1885 2183 1940 sunt,

609 1972 793 2041 ﬂagris
828 1972 973 2040 ipsos
1005 1972 1263 2025 caederet.
1315 1970 1395 2023 Ad
1422 1984 1561 2039 quos
1595 1984 1724 2036 ergo
1757 1982 1979 2021 carcere
2012 1965 2186 2040 inclu-

609 2078 703 2117 sos
740 2072 903 2116 noctu
938 2061 1205 2117 accedens
1243 2076 1409 2116 senex
1466 2059 1688 2129 quidam
1742 2057 2182 2121 Mohammedita,

609 2150 832 2207 Thema:
862 2152 1188 2221 patriarchae
1214 2152 1295 2206 sic
1324 2151 1464 2205 dixit
1492 2167 1507 2203 :
1552 2149 1663 2218 Ego
1712 2150 2011 2204 educturus
2059 2164 2178 2203 sum

610 2252 662 2296 te
716 2222 1123 2313 argumentum,
1151 2256 1287 2313 .quo
1316 2250 1367 2297 et
1419 2249 1476 2295 tu
1512 2250 1565 2295 et
1595 2243 1824 2295 comites
1857 2241 1933 2294 tui
1967 2240 2178 2294 evasuri

608 2336 763 2396 estis,
796 2335 1096 2388 auxiliante
1130 2332 1262 2402 Deo,
1315 2349 1416 2389 nec
1472 2350 1578 2388 non
1612 2342 1664 2387 et
1695 2334 1945 2398 testudo;
1994 2346 2057 2387 eo
2085 2347 2180 2401 pa-

610 2440 719 2493 cto,
754 2430 799 2483 si
830 2430 962 2483 mihi
996 2429 1267 2497 spondeas
1311 2428 1568 2482 daturum
1618 2440 1668 2482 te
1702 2427 1833 2481 tuihi
1889 2427 2035 2481 mille
2081 2443 2180 2480 au-

609 2536 751 2584 reos,
784 2521 1024 2591 mihique
1072 2530 1126 2575 et
1148 2521 1335 2577 liberis
1378 2521 1515 2576 meis
1541 2520 1945 2588 liberorumque
1981 2518 2184 2581 liberis,

621 2612 795 2665 :loucc
869 2610 1158 2673 deficiant,
1225 2612 1281 2666 in
1346 2620 1669 2680 perpetuum
1740 2611 2045 2663 exhibitiut
2118 2609 2184 2662 iri

608 2701 922 2756 demensum
984 2717 1051 2756 ex
1102 2701 1263 2771 hujus
1312 2702 1603 2757 testudinis
1648 2702 1932 2761 reditibus,
1996 2716 2182 2769 quem-

614 2791 902 2846 admodum
996 2793 1375 2848 sacerdotibus
1431 2802 1484 2846 et
1559 2790 1829 2846 diaconis.
1916 2789 2183 2845 Promisit

608 2898 735 2951 ergo
772 2882 873 2952 ipsi
935 2881 1178 2938 Thomas
1230 2884 1541 2953 patriarcha
1597 2884 1778 2938 omnia
1825 2897 1945 2952 quae
1998 2881 2172 2951 petiit,

2295 424 2522 488 privavit
2557 425 2700 479 Elius
2733 426 2845 480 Elin
2877 427 3097 483 Maosur
3126 432 3433 498 patriarcha
3466 432 3843 503 Hierosolymis

2295 522 2475 566 tantis.
2515 513 2725 568 Mortuo
2758 526 2935 570 autent
2960 518 3165 572 Thoma
3199 520 3528 586 patriarcha,
3568 523 3845 592 praefectus

2291 613 2373 655 est
2407 614 2527 671 post
2582 607 2755 673 ipsmn
2804 608 3105 677 discipulus
3138 612 3331 679 ipsius,
3369 615 3585 667 nomine
3623 614 3847 679 Basilah,

2292 688 2680 761 Hierosolymis
2733 697 3087 763 patriarcha:
3153 700 3314 767 idque
3365 716 3510 754 anno
3564 705 3847 758 chalifatus

2237 799 2241 802 ν
2293 780 2632 837 Alllamunis
2682 788 2951 854 septimo;
2984 788 3294 843 cathedram
3351 799 3531 845 autem
3569 797 3848 861 occupavit

2293 869 2513 925 Basilah
2545 889 2721 931 annos
2753 876 2941 946 viginti
2990 880 3257 948 quinque,
3308 881 3433 936 dein
3481 885 3643 937 obiit.
3698 888 3850 938 Anno

2288 959 2466 1027 primo
2502 962 2793 1043 chalifatus
2842 966 3177 1024 AlMatnunis
3200 973 3526 1028 constitutus
3559 974 3653 1027 lob
3687 975 3845 1043 patri-

2286 1050 2452 1103 archa
2485 1040 2875 1119 Autiochenus,
2912 1060 3002 1127 qui
3026 1074 3197 1114 annos
3227 1062 3443 1128 triginta
3469 1080 3641 1116 unum
3687 1067 3850 1119 sedit.

2361 1137 2635 1197 Reversus
2667 1156 2844 1199 autem
2870 1148 3187 1204 Obaidallah
3214 1152 3328 1206 Ebn
3353 1152 3629 1207 Tdhaheri
3658 1155 3846 1225 Bagda—

2289 1234 2439 1299 dum,
2493 1235 2559 1289 ad
2602 1236 3004 1304 Almamunem,
3055 1245 3326 1310 quomodo
3367 1261 3426 1300 se
3460 1248 3726 1303 haberent
3775 1267 3861 1305 res

2284 1325 2337 1379 in
2375 1325 2630 1397 Egypto,
2660 1329 2897 1398 quidque
2934 1333 3004 1385 ibi
3057 1337 3262 1403 egisset
3294 1353 3402 1406 quo
3449 1352 3569 1391 eam
3623 1339 3679 1392 in
3708 1340 3861 1392 ordi-

2282 1435 2404 1475 nent
2443 1421 2744 1491 redigeret,
2782 1424 2882 1493 ipsi
2918 1425 3365 1484 indicavit.-Post
3402 1431 3513 1485 haec
3543 1436 3861 1491 tumultuati

2287 1522 2419 1568 sunt
2444 1514 2505 1567 Al
2535 1514 2793 1569 Dimaidze
2812 1558 2826 1581 ,
2870 1529 2926 1570 ut
2952 1518 3257 1589 Cophtitice
3284 1520 3561 1587 dicuntur,
3590 1527 3750 1593 cujus
3782 1527 3863 1579 in-

2291 1606 2605 1675 terpretatio
2636 1618 2720 1662 est
2745 1606 3039 1676 Progenies
3062 1612 3555 1681 quadragenorum,
3587 1618 3856 1685 siquidem

2287 1687 2516 1747 Romani
2564 1710 2689 1750 cum
2740 1695 2976 1767 zEgypto
3003 1700 3344 1756 discederent
3395 1715 3706 1774 occupante
3731 1723 3855 1760 eam

2284 1784 2549 1853 religione
2578 1785 3031 1860 multummcdica,
3080 1791 3254 1846 relicti
3288 1802 3415 1847 stmt
3458 1809 3521 1848 ex
3573 1796 3711 1864 ipsis
3752 1793 3854 1849 viri

2284 1875 2667 1944 quadraginta,
2688 1879 2778 1948 qui
2809 1880 2992 1935 liberis
3020 1881 3089 1935 ibi
3114 1883 3309 1951 genitis
3337 1886 3681 1954 multiplicati
3706 1900 3853 1951 sunt;

2284 1975 2448 2035 atque
2483 1967 2536 2021 in
2564 1966 2821 2023 inferiore
2857 1979 3015 2025 terra:
3051 1970 3385 2044 {Egyptiacaa
3416 1986 3571 2045 parte
3593 1982 3854 2047 progenie

2284 2057 2452 2120 aucti,
2492 2059 2743 2128 appellati
2772 2070 2901 2115 sunt
2934 2061 3127 2128 Bimai,
3181 2066 3233 2118 id
3265 2075 3349 2120 est
3375 2067 3737 2138 Quadraginta
3779 2072 3849 2122 vi-

2287 2163 2472 2203 rorum
2506 2152 2807 2219 progenies.
2848 2153 2915 2207 Ili
2960 2154 3125 2222 igitur
3174 2156 3401 2212 rebelles
3442 2156 3569 2212 facti
3618 2160 3851 2229 vectigal

2280 2249 2332 2293 et
2358 2240 2616 2293 tributum
2653 2243 2887 2311 pendere
2940 2246 3248 2300 noluerunt.
3282 2247 3435 2313 Quod
3475 2264 3601 2301 eum
3634 2249 3697 2303 At
3729 2249 3845 2302 Ma-

2292 2333 2440 2385 muni
2497 2334 2799 2395 nuntiatum
2827 2346 2991 2402 esset,
3022 2339 3169 2392 misit
3202 2339 3290 2394 ille
3313 2341 3733 2395 Altnotasemutu
3765 2355 3856 2394 co-

2282 2423 2383 2489 piis
2412 2426 2733 2478 instructum
2782 2426 2833 2479 in
2864 2424 3180 2499 A'lgyptnm,
3206 2445 3366 2499 quem
3416 2446 3595 2500 pugna
3623 2446 3851 2498 excepe-

2287 2522 2412 2565 runt
2444 2514 2505 2566 Al
2532 2514 2802 2579 llimaidm,
2838 2526 2897 2570 ut
2940 2526 2995 2573 et
3042 2518 3155 2587 ipse
3190 2518 3350 2586 illos;
3387 2535 3523 2588 quos
3569 2532 3619 2573 et
3658 2536 3849 2589 magna

2287 2593 2528 2671 ipsorum
2574 2614 2756 2676 strage
2785 2607 2930 2661 edita
2987 2608 3039 2661 in
3090 2608 3270 2677 fugam
3316 2609 3463 2665 dedit
3514 2611 3853 2679 feminasque

2282 2693 2551 2761 ipsorum,
2602 2705 2653 2750 et
2690 2697 2893 2752 liberos
2943 2697 3257 2768 Bagdadum
3311 2703 3554 2771 captivos
3600 2703 3852 2768 abduxit,

2287 2799 2396 2852 quo
2426 2784 2771 2858 429-531
2797 2804 3042 2844 reversus
3065 2797 3147 2844 est
3175 2799 3459 2860 postquam
3482 2790 3772 2862 Egyptum
3797 2796 3851 2848 in

2282 2880 2524 2933 ordinem
2564 2881 2856 2951 redegerat.
2911 2880 3046 2935 Tum
3078 2891 3131 2935 et
3171 2881 3285 2952 ipse
3323 2883 3396 2936 ΔΙ
3429 2881 3643 2937 Mamun
3674 2888 3849 2940 comi-

606 2973 857 3041 idemque
888 2976 1094 3044 scripto
1128 2984 1230 3031 sua
1265 2975 1369 3045 ipsi
1432 2984 1670 3031 testatus
1703 2984 1804 3028 est.
1841 2974 1985 3028 Dixit
2015 2974 2178 3044 igitur
2208 2988 2252 3050 ο
2284 2977 2434 3025 tante
2484 2970 2548 3023 Al
2597 2969 2894 3025 Motasetno
2945 2974 2998 3024 in
3055 2969 3348 3042 Egyptum
3397 2973 3676 3043 profecws
3725 2988 3811 3031 est
3834 3019 3851 3044 ,

606 3063 679 3117 illi
710 3082 722 3118 :
771 3064 872 3118 Ubi
926 3074 978 3121 te
1006 3065 1400 3121 accersiverint
1434 3080 1497 3120 ac
1531 3066 1847 3119 testimonia
1878 3075 2072 3119 contra
2119 3074 2172 3119 te

605 3155 949 3223 protulerint,
998 3155 1357 3228 525-527
1410 3155 1724 3211 sic'dicas:
1794 3154 1983 3211 Servet
2032 3156 2173 3211 Deus

608 3248 1016 3316 imperatorem,
1050 3258 1197 3303 certe
1236 3233 1586 3318 reparatione
1621 3264 1769 3318 opus
1790 3248 1984 3303 habuit
2020 3249 2175 3303 locus

607 3337 826 3405 quidam
862 3338 913 3391 in
969 3340 1261 3403 testudine,
1304 3356 1513 3410 egoque
1559 3355 1683 3395 eum
1743 3326 2067 3403 iitstauraVi.
2101 3340 2175 3393 ila

609 3438 665 3480 ut
730 3429 865 3481 nihil
924 3430 1141 3483 interim
1191 3432 1486 3495 diruerim,
1522 3432 1653 3484 nihil
1714 3431 2040 3485 addiderim.
2085 3430 2171 3505 «ΙΙΙί

605 3529 783 3574 autem
822 3523 914 3589 qui
953 3522 1330 3577 testimonium
1386 3524 1673 3593 perhibent
1708 3532 1898 3577 contra
1953 3538 2038 3578 me
2090 3533 2170 3578 te-

604 3621 817 3665 stautur
878 3614 1204 3667 testudinem
1262 3615 1525 3668 minorem
1586 3614 1757 3668 fuisse
1808 3628 1972 3684 quam
2024 3630 2171 3670 nunc

603 3712 703 3765 est,
743 3717 931 3769 meque
963 3704 1008 3755 ei
1036 3703 1310 3757 addidisse
1345 3720 1358 3766 ;
1392 3706 1689 3773 in;erroget
1719 3719 1847 3774 ergo
1890 3707 2040 3774 ipsos
2071 3706 2169 3759 im-

605 3806 837 3861 perator,
871 3801 1071 3861 quanta
1111 3780 1273 3847 fuerit
1319 3794 1610 3848 testudinis
1653 3810 1830 3865 parva:
1861 3809 2043 3864 quam,
2090 3796 2169 3849 uti

604 3894 906 3950 autumant,
938 3885 1108 3950 dirui,
1140 3887 1420 3940 crassities
1454 3896 1763 3955 quantaque
1796 3885 1956 3953 hujus
2005 3901 2167 3956 quam

603 3978 842 4031 exsu'uxi
886 3988 1049 4044 atque
1101 3978 1419 4045 ampliorem
1454 3975 1580 4040 feci,
1625 3992 1733 4046 quo
1762 3978 1900 4032 Sciat
1932 3979 2167 4045 impera-

604 4078 688 4120 tor
723 4078 983 4137 quantutu
1032 4069 1100 4122 sit
1149 4068 1291 4123 inter
1341 4076 1630 4137 utramque
1680 4084 1710 4122 a
1763 4084 1850 4123 me
1903 4068 2164 4122 additum.

603 4162 786 4230 Neque
821 4165 959 4216 enim
998 4146 1235 4232 unquam
1287 4169 1391 4219 hoc
1422 4164 1565 4219 scire
1601 4173 1852 4231 possunt.
1910 4162 2004 4217 Die
2039 4179 2167 4231 ergo

604 4257 843 4306 crastino
870 4254 1151 4308 acoersitis
1181 4252 1392 4308 Tltoma
1435 4256 1748 4323 patriarcha
1789 4263 1843 4309 et
1873 4254 2166 4308 comitibus

2283 3078 2511 3134 eamque
2539 3063 2821 3132 ingressus
2838 3064 2928 3118 die
2952 3063 3200 3128 Veneris,
3234 3067 3433 3121 mensis
3458 3067 3520 3120 AI
3543 3067 3850 3123 Maharram

2282 3169 2448 3217 nono,
2482 3168 2624 3207 anno
2664 3152 2837 3223 llejrze
2862 3154 3234 3210 ducentesimo
3263 3158 3472 3212 decimo
3499 3160 3747 3226 septimo,
3783 3174 3850 3215 ac

2283 3244 2458 3311 primo
2484 3242 2687 3296 mensis
2718 3241 2929 3312 Saphar
2955 3244 3020 3297 ad
3052 3245 3117 3298 Al
3142 3243 3412 3299 Bimaidas
3437 3239 3847 3313 profectus'est;

2283 3332 2404 3387 dein
2442 3333 2509 3388 ab
2541 3334 2673 3403 ipsis
2705 3349 2958 3389 reversus
3015 3334 3269 3389 Metsrant
3303 3326 3371 3390 ’et
3402 3334 3721 3391 Phustatum
3742 3340 3847 3412 .in-

2281 3441 2502 3495 gressu;
2553 3439 2638 3480 est
2685 3426 2773 3481 die
2825 3426 3072 3492 Sabbati,
3106 3428 3310 3484 mensis
3365 3429 3576 3499 Saphar
3625 3430 3845 3485 decimo

2280 3527 2497 3581 quarto,
2528 3526 2687 3588 atque
2722 3535 2786 3573 ex
2822 3517 3053 3587 :Egypto
3085 3521 3345 3577 discessit
3371 3538 3554 3577 mense
3584 3524 3643 3576 Al
3672 3522 3843 3579 Rabia

2277 3612 2443 3679 priori
2474 3610 2711 3678 ejusdem
2759 3611 2909 3665 anni.
2940 3611 3076 3665 Cum
3112 3621 3293 3666 autem
3329 3611 3381 3665 in
3429 3611 3715 3683 Egyptum
3749 3630 3843 3669 vc-

2280 3701 2448 3755 nisset
2484 3704 2544 3753 ΑΙ
2593 3700 2834 3766 Mantua,
2878 3703 3068 3756 turrim
3107 3703 3214 3757 sibi
3248 3704 3517 3758 exstruxit
3552 3704 3605 3757 in
3655 3714 3841 3761 monte

2277 3790 2338 3843 Al
2367 3788 2681 3855 Mokattam,
2717 3791 2767 3845 in
2802 3806 2909 3861 qua
2956 3791 3116 3855 sedit,
3152 3793 3527 3863 appellataque
3565 3802 3649 3849 est
3693 3794 3841 3848 Rob-

2275 3880 2422 3937 batol
2464 3881 2629 3938 llavva
2679 3867 2872 3955 [turris
2908 3884 3214 3955 desiderii].
3262 3886 3501 3941 Aderant
3546 3870 3839 3941 autem‘Al

2272 3973 2513 4029 Hamuui
2544 3975 2868 4030 cubicularii
2897 3977 3016 4029 duo‘
3044 3976 3362 4040 Christiani,
3398 3979 3493 4047 qui
3526 3993 3648 4033 cum
3678 3981 3838 4051 longe

2273 4065 2529 4122 abessent
2586 4066 2835 4121 ecclesiae
2856 4082 2978 4136 quae
3009 4067 3064 4121 in
3097 4067 3298 4137 palatio
3328 4079 3505 4134 erant,
3533 4068 3741 4140 copiam
3767 4075 3839 4126 ab

2272 4154 2334 4207 Al
2366 4152 2615 4209 Mamune
2646 4155 3003 4225 impetrarunt
3030 4157 3316 4213 ecclesiam
3349 4161 3399 4213 in
3426 4176 3529 4229 qua
3557 4177 3713 4216 orare
3737 4178 3838 4233 po-

2272 4253 2478 4309 terant,
2528 4246 2851 4322 aedificandi,
2905 4263 3026 4318 qua:
3074 4264 3105 4303 a
3149 4249 3403 4306 Kobbatil
3452 4251 3613 4307 llawa
3671 4270 3841 4325 prope

605 4346 797 4413 ipsius,
856 4346 1081 4399 aderant
1139 4346 1299 4400 etiam
1362 4345 1646 4411 Mosletnii,
1687 4345 1777 4414 qui
1816 4347 1993 4400 testati
2051 4353 2175 4400 sunt

2280 4334 2491 4389 abesset
2521 4354 2533 4389 :
2565 4336 2711 4406 quod
2750 4339 2842 4392 illo
2876 4340 3008 4408 ipsis
3051 4342 3401 4406 concedente,
3447 4330 3837 4402 exstruxerunt

606 4447 819 4490 auctam
858 4437 1027 4490 fuisse
1061 4439 1413 4499 testudinem,
1448 4448 1632 4491 eontra
1665 4452 1801 4506 quos
1831 4452 1895 4491 eo
1920 4453 2048 4491 usus
2089 4447 2171 4491 est

605 4533 927 4594 argumento
964 4524 1220 4581 Thomas.
1285 4525 1428 4579 Dixit
1476 4527 1637 4594 igitur
1675 4527 1808 4596 ipsis
1843 4525 2168 4582 Obaidollali

605 4615 716 4668 ljun
768 4613 1073 4669 Tdhaheri:
1109 4616 1303 4670 Verum
1340 4628 1423 4672 est
1477 4618 1618 4686 quod
1670 4619 1977 4687 praetendit,
2018 4620 2161 4688 quod

602 4718 652 4757 ιιι
684 4721 779 4771 nos
816 4707 915 4773 ipsi
971 4706 1432 4762 confirmabimus.
1496 4706 1733 4763 lndicate
1787 4709 1917 4763 mihi
1970 4720 2170 4778 quanta

602 4806 718 4848 ιιι-ιιι
756 4796 1047 4851 testudinis
1089 4807 1376 4865 antequam
1429 4799 1607 4852 diruta
1662 4797 1788 4861 fuit,
1842 4803 2171 4877 crassities?

601 4897 909 4954 «plantaque
985 4886 1086 4939 hoc
1138 4888 1425 4955 tempore?
1480 4887 1951 4957 Respondentibus
1992 4892 2165 4958 ipsis:

606 4978 710 5029 Ms
743 4980 844 5029 hoc
876 4976 1302 5047 explorahimns,
1360 4978 1660 5032 dissolutus
1715 4986 1797 5031 est
1853 4995 2163 5042 consessus,

600 5066 988 5137 profectusque
1020 5077 1101 5121 est
1131 5067 1449 5121 Obaidallah
1485 5068 1600 5121 Ebn
1655 5066 1909 5123 Tdhaher
1971 5070 2163 5123 Dama-

600 5174 750 5213 scum
779 5175 792 5211 :
831 5156 1068 5212 Thomas
1096 5168 1273 5213 autem
1300 5159 1631 5227 patriarcha,
1659 5167 1710 5214 et
1738 5161 1961 5216 comites
1996 5162 2162 5229 ipsius

601 5251 973 5320 Hierosolyma
1057 5252 1261 5305 reversi
1326 5254 1451 5304 sunt
1514 5251 1712 5319 gaudio
1758 5251 1954 5306 affecti.
2009 5252 2162 5307 Dedit

599 5356 726 5409 ergo
764 5339 1000 5394 'l‘hontas
1033 5340 1339 5409 patriarcha
1382 5342 1520 5407 {seni
1572 5341 1660 5394 isti
1716 5341 2160 5399 Moharnmedano

600 5431 744 5481 inille
779 5445 1003 5493 annos;
1040 5446 1140 5484 nec
1171 5430 1449 5485 desierunt
1478 5430 1720 5485 exhiberi
1773 5432 1873 5500 ipsi
1905 5428 2159 5486 demensa

601 5529 657 5572 et
702 5530 819 5587 post
878 5522 1053 5587 ipsum
1102 5522 1283 5576 liberis
1335 5523 1524 5591 ipsius,
1582 5538 1679 5578 nec
1712 5537 1819 5576 non
1864 5523 2155 5577 liberorum

596 5610 806 5675 liberis,
872 5612 1042 5666 donec
1103 5612 1247 5667 haud
1311 5623 1625 5683 superesset
1685 5630 1751 5669 ex
1823 5614 1955 5683 ipsis
1993 5613 2157 5687 428

2266 4428 2553 4481 ecclesiam
2591 4426 2805 4483 Sancta:
2847 4430 3049 4496 Μανία»,
3107 4448 3225 4502 qu:e
3261 4436 3413 4504 juxta
3460 4447 3677 4504 pontem
3719 4448 3826 4500 est,

2267 4528 2429 4587 atque
2459 4518 2617 4573 hodie
2648 4522 2951 4589 appellatur
2980 4523 3221 4577 Ecclesia
3262 4523 3657 4592 Romanorum,
3706 4545 3827 4584 cum

2266 4619 2421 4661 antea
2466 4622 2751 4673 vocaretur
2799 4612 3040 4667 Ecclesia
3076 4614 3306 4667 duorum
3336 4615 3829 4675 cubiculariorum.

2263 4700 2457 4754 Fertur
2488 4703 2635 4771 ipsos
2662 4717 2780 4758 eam
2808 4706 3146 4760 esstruxisse
3179 4706 3422 4776 reliquiis
3445 4709 3659 4764 adificii
3688 4710 3831 4764 Koh-

2267 4791 2401 4845 batil
2456 4792 2646 4847 llawa.
2702 4792 2982 4848 Exstruait
3036 4796 3196 4850 etiam
3238 4797 3533 4854 AlMamun
3594 4801 3645 4855 iit
3697 4805 3822 4857 Said

2265 4884 2483 4953 regione
2510 4883 2825 4954 Egyptiaca
2856 4886 3185 4951 columnam,
3217 4904 3324 4957 quo
3349 4890 3705 4959 dignoscatnr
3725 4894 3823 4948 Nili

2242 4976 2681 5041 incrementum,
2717 4979 2843 5031 loco
2892 4979 2983 5046 qui
3020 4976 3222 5033 Shurat
3271 4985 3575 5051 appellatur
3623 4988 3676 5040 in
3710 4976 3842 5043 κὶα)⁴

2272 5064 2601 5120 Babanudah
2644 5066 2812 5121 dicto.
2859 5067 3189 5124 lnslauravit
3247 5071 3386 5126 idem
3433 5088 3744 5131 mensuram
3773 5078 3821 5132 iu

2269 5156 2537 5211 Aehmim.
2581 5157 2661 5212 Ad
2690 5158 2752 5212 At
2781 5158 3086 5215 Mamunem
3113 5161 3274 5233 432
3302 5174 3487 5219 autem
3536 5168 3821 5236 accedens,

2270 5250 2530 5306 [locamus
2559 5250 2956 5309 Christianuse
2990 5253 3147 5309 Burze
3174 5256 3389 5323 incolis,
3426 5257 3514 5312 ille
3541 5260 3634 5328 qui
3667 5276 3819 5315 num-

2270 5357 2390 5397 mos
2424 5343 2569 5397 misit
2597 5344 2661 5397 ad
2691 5346 3097 5400 instaurandam
3128 5348 3418 5403 ecclesiam
3451 5349 3821 5409 Resurrectio-

2266 5433 2370 5495 nis,
2397 5433 2465 5486 ab
2486 5434 2575 5487 illo
2606 5438 2757 5503 petiit
2788 5446 2846 5492 ttt
2874 5438 3028 5493 Bura
3051 5442 3411 5509 przeticeretur
3439 5444 3615 5500 {dives
3645 5449 3843 5500 autem

2264 5524 2550 5579 a.lmodum
2581 5526 2723 5597 fuit),
2753 5530 2837 5583 cui
2875 5530 2937 5583 Al
2963 5530 3205 5597 Mamun,
3242 5531 3569 5603 Religionem
3602 5536 3815 5607 (inquit)

2264 5615 2742 5674 Mohammcdicam
2771 5622 3115 5691 amplectere,
3166 5624 3386 5696 erisque
3420 5626 3552 5681 mihi
3604 5641 3805 5690 s‘rvus,
