4082 6460
304 221 443 285 1133

1706 208 2086 271 'ANNALES.

3139 108 3582 144 .MAM

3350 218 3481 279 1134

296 346 364 384 ac
403 340 460 382 te
497 327 821 396 pmﬁciam;
868 327 1155 392 respondet
1190 322 1469 386 Bocantus,
1523 322 1836 391 Imperatori
1864 327 1914 386 Α
1941 328 2304 394 pendentibus
2347 341 2377 376 e
2424 323 2654 377 ducibus
2703 324 2765 376 Al
2795 323 3060 380 Mamunis
3110 328 3386 382 nonnullis
3425 373 3431 378 ,

293 420 542 474 ﬁdelium
594 433 872 472 servorum
909 413 1475 469 Mobammedanorum
1514 415 1709 482 myrias
1736 423 1838 478 est,

289 525 478 562 annon
504 509 608 561 erit
641 522 781 560 unus
819 520 1012 559 servus
1043 503 1422 557 Christianus?
1467 500 1668 556 Ridens
1716 519 1842 572 ergo

293 599 383 668 All
405 598 619 651 Mamun
649 599 746 666 ipsi
790 595 1162 664 praefecturam
1207 593 1360 646 Buraa
1390 601 1445 647 et
1482 595 1714 647 locorum
1747 596 1845 648 ad-

268 685 587 757 iacentium
616 685 905 741 commisit.

383 777 637 830 Condidit
660 790 786 843 ergo
815 774 965 826 Bura:
1012 771 1204 824 multas
1260 771 1514 824 ecclesias
1563 769 1841 839 pulchras.

288 864 458 920 Juxta
490 867 711 934 januam
759 871 937 916 autem
978 861 1171 915 aedium
1220 861 1388 928 ipsius
1421 871 1536 914 erat
1586 860 1843 928 templum

288 953 830 1026 [Ilohammedtcum]
876 969 1181 1006 commune.
1233 951 1376 1004 Dixit
1405 965 1532 1020 ergo
1562 951 1717 1003 Bura:
1765 950 1849 1001 in-

288 1047 434 1102 colis
481 1045 983 1099 blohammedanis:
1025 1043 1329 1096 Ediﬁcabo
1378 1042 1532 1095 vobis
1591 1040 1845 1107 templum

288 1151 584 1191 commune
633 1135 795 1198 aliud,
840 1135 884 1188 si
927 1134 1181 1200 templum
1228 1132 1363 1194 hoc,
1395 1131 1538 1200 quod
1584 1130 1844 1198 jnxlaja-

289 1243 462 1280 nuam
491 1225 686 1281 domus
733 1239 860 1277 mea:
886 1232 990 1285 est,
1017 1221 1315 1275 dirueritis.
1362 1221 1460 1274 Cui
1494 1219 1800 1275 Moslemini
1831 1235 1845 1270 :

290 1315 532 1370 Exstrue
561 1313 818 1381 templum
850 1313 1016 1374 aliud,
1048 1327 1146 1365 nos
1187 1309 1452 1380 [interim]
1497 1311 1598 1364 hoc
1634 1310 1689 1364 in
1721 1319 1852 1362 tem-

289 1407 390 1475 plo
420 1403 725 1463 orabimus,
755 1411 802 1452 at
829 1415 947 1453 cum
983 1401 1240 1467 templum
1283 1397 1410 1451 illud
1442 1397 1762 1463 absolveris,
1794 1398 1850 1451 in

288 1509 367 1548 eo
400 1491 701 1555 orabimus,
735 1502 896 1559 atque
931 1490 1030 1542 hoc
1073 1490 1369 1542 diruemus.
1417 1488 1694 1542 Exstruxit
1724 1502 1851 1556 ergo

295 1581 560 1649 templum
609 1595 883 1651 magnum,
938 1581 1252 1648 pulchrum;
1303 1580 1444 1652 quod
1499 1595 1621 1632 cum
1671 1579 1848 1633 absol-

1945 415 2045 468 hoc
2076 424 2134 467 ut
2167 416 2228 467 AI
2260 415 2534 468 Abbasum
2567 415 2630 467 Al
2654 412 2919 470 Mantonis
2953 416 3118 470 ﬁlium
3155 419 3219 470 ad
3265 417 3490 470 ehalila-

1945 511 2057 554 tum‘
2104 503 2475 570 provelterent.
2513 504 2582 556 At
2612 519 2733 557 cum
2776 501 2842 558 ad
2885 504 3195 574 obsequium
3244 506 3389 560 illius
3431 521 3490 560 se

1946 592 2046 644 [ide
2077 593 2199 644 data
2239 594 2608 648 obstrinxerat
2641 594 2704 647 Al
2735 593 2938 658 Abbas,
2981 595 3114 648 idem
3149 597 3308 650 etiam
3348 612 3488 664 prw

1943 684 2195 734 stiterunt
2223 682 2409 748 reliqui
2446 683 2650 748 duces;
2686 684 2996 752 pet-lataque
3026 693 3107 738 est
3151 687 3492 753 inauguratio

1943 771 2268 838 Bagdadutn,
2326 773 2414 824 ubi
2465 772 2622 824 (idem
2655 774 2702 825 ei
2762 776 3034 842 pollicitus
3064 784 3144 828 est
3191 774 3307 827 Abu
3351 778 3494 830 Isaae

1944 862 2197 915 Abrahim
2227 861 2399 914 Ebnol
2429 861 2650 920 Hosain.
2681 862 2796 916 Ebn
2825 864 3060 926 MOsaabi
3090 867 3180 934 qui
3203 877 3329 919 tunc
3363 877 3498 920 tem‘

1946 955 2095 1019 poris
2147 952 2378 1020 Bagdadi
2419 953 2541 1017 fuit,
2591 969 2688 1006 nec
2733 970 2840 1007 non
2892 958 3212 1026 quicunque
3261 957 3496 1026 Bagdadi

1946 1049 2101 1092 erant
2141 1039 2478 1094 Hashemidaa
2524 1057 2586 1096 ac
2616 1042 2804 1097 duces.
2855 1045 2932 1097 Ad
2983 1046 3302 1113 obsequium
3330 1048 3495 1117 etiam

1942 1133 2129 1202 cjusse
2168 1133 2460 1185 obstrinxit
2486 1133 2754 1187 Abdollah
2793 1135 2906 1188 Ebu
2957 1135 3226 1190 Tdhahcri
3262 1139 3315 1190 in
3345 1139 3496 1191 Cho-

1950 1237 2165 1285 rasano,
2194 1238 2423 1292 eumque
2457 1225 2518 1276 Al
2549 1224 2902 1279 Motasentnm
2951 1219 3267 1296 appellavit.
3309 1227 3500 1284 Perve-

1953 1312 2029 1364 nit
2059 1321 2236 1366 autem
2293 1313 2356 1366 Al
2389 1314 2664 1391 liMotasem
2722 1315 3030 1384 Bagdadnm
3081 1319 3245 1372 initio
3304 1320 3504 1374 mensis

1951 1401 2268 1469 Ramatlani,
2320 1398 2466 1458 anno
2509 1405 2879 1462 ducentesimo
2930 1410 3139 1464 decimo
3191 1421 3378 1465 octavo
3409 1450 3423 1473 ,
3472 1426 3503 1462 τι

1952 1509 2054 1562 qua
2081 1510 2188 1552 non.
2226 1495 2479 1551 discessit
2521 1512 2693 1566 usque
2731 1498 2795 1552 ad
2828 1516 3031 1553 annum
3066 1501 3504 1554 ducentesimum

1951 1589 2304 1661 437-439
2341 1592 2673 1646 tricesimum
2719 1595 3038 1656 secundum.
3069 1595 3201 1646 Tum
3250 1594 3507 1646 Sarman-

291 1647 488 1734 visaet,
535 1671 670 1724 dixit
702 1647 719 1724 Ξ
752 1647 954 1724 Solvite
998 1670 1127 1723 mihi
1180 1647 1329 1738 quod
1367 1647 1735 1738 promisistis,
1792 1686 1855 1725 ac

1964 1682 2133 1736 raiam
2181 1682 2455 1750 prolectus
2509 1697 2625 1736 eam
2687 1700 2842 1738 muro
2899 1685 3108 1748 cinxit,
3157 1684 3342 1751 ibique
3385 1698 3508 1735 cum

296 1763 560 1830 templum
606 1761 747 1830 quod
784 1761 850 1814 ad
885 1760 1104 1829 januam
1138 1775 1310 1813 meam
1348 1772 1452 1822 est,
1503 1760 1701 1816 diruite
1727 1778 1742 1815 :
1769 1760 1858 1816 cui

297 1853 423 1908 illi:
453 1851 602 1906 Haud
639 1852 954 1921 permissum
1005 1862 1089 1905 est
1128 1851 1295 1904 nobis
1344 1852 1604 1921 religione
1650 1863 1857 1918 nostra,

296 1953 361 1997 ut
393 1944 648 2013 templum
686 1943 738 1996 in
782 1958 891 2012 quo
937 1945 1244 2007 oravimus,
1279 1945 1342 1998 ad
1380 1960 1566 2013 preces
1599 1961 1858 2002 convoca-

292 2036 502 2098 vimus,
537 2044 590 2087 et
615 2035 991 2098 convenimus,
1027 2033 1334 2098 diruamus,
1370 2050 1707 2103 nequaquam
1755 2037 1856 2089 hoc

293 2126 566 2196 permittit
611 2125 800 2194 religio
852 2136 1082 2178 nostra:
1132 2141 1196 2177 eo
1246 2141 1371 2194 ergo
1429 2141 1534 2194 quo
1583 2142 1640 2180 se
1673 2127 1857 2180 habuit

292 2226 443 2271 statu
474 2217 719 2270 relictum
750 2225 833 2270 est
880 2215 1232 2285 ﬁ33-435
1271 2217 1553 2284 templum;
1591 2225 1750 2286 atque
1783 2217 1855 2270 ita

294 2306 459 2360 Bura:
510 2306 615 2360 duo
646 2305 863 2360 luerunt
904 2308 1098 2373 templa
1150 2307 1201 2358 in
1245 2303 1442 2375 quibus
1471 2309 1849 2374 convenirent;

295 2412 531 2468 quorum
574 2398 629 2450 in
672 2397 774 2450 hoc
811 2413 914 2449 una
941 2397 1028 2450 die
1058 2395 1303 2458 Veneris,
1335 2396 1386 2450 in
1419 2397 1508 2450 illo
1541 2397 1849 2451 altera'ora.~

296 2492 450 2542 bant.
487 2488 750 2540 Bocamus
785 2501 933 2547 vero,
957 2502 1078 2539 cum
1105 2495 1246 2540 esset
1273 2486 1389 2540 dies
1415 2479 1654 2549 Veneris,
1681 2488 1847 2540 vcsti-

295 2580 405 2634 hus
454 2578 621 2648 nigris
668 2577 935 2638 ittdutus,
987 2578 1269 2646 gladioque
1315 2591 1378 2630 ac
1427 2577 1602 2631 balteo
1642 2578 1854 2633 cinctus

296 2685 444 2738 equo
481 2669 802 2730 vehebatur,
839 2669 1130 2722 comitibus
1178 2669 1290 2721 suis
1343 2668 1594 2737 stipatus,
1623 2683 1855 2738 cumque

296 2761 365 2815 ad
401 2761 652 2830 templum
684 2760 920 2814 venisset
948 2760 1019 2813 ibi
1050 2759 1373 2823 sustinebat,
1405 2758 1733 2827 ingrediente
1759 2761 1855 2815 de-

299 2862 492 2922 putato
529 2853 720 2921 ipsius,
769 2853 860 2919 qui
919 2851 1398 2905 Mohammedanus
1449 2851 1568 2914 fuit,
1625 2859 1682 2905 ut
1729 2866 1855 2905 cum

1963 1771 2291 1826 exercitibus
2317 1774 2430 1826 suis
2463 1774 2642 1828 sedem
2672 1773 2822 1839 fixit;
2860 1775 3025 1829 misso
3058 1775 3338 1843 Aphsbino
3367 1775 3512 1828 Con-

1961 1862 2128 1917 darao
2181 1863 2300 1917 Ebn
2352 1862 2512 1938 Caqu
2564 1872 2753 1918 contra
2808 1865 3078 1919 Tabacum
3136 1866 3509 1918 Iortuensem:

1961 1954 2118 2023 cujus
2152 1955 2283 2010 urbe
2332 1964 2631 2026 expugnata
2691 1956 2867 2024 ipsum
2903 1957 3137 2010 vinctum
3176 1973 3296 2010 Clllll
3348 1957 3511 2010 sociis

1960 2048 2074 2101 suis
2108 2047 2351 2102 abduxit.
2401 2047 2522 2101 Fuit
2564 2041 2894 2117 expugnatio
2941 2050 3040 2100 ista
3089 2063 3272 2100 mense
3312 2047 3512 2100 Ratun-

1961 2137 2102 2190 dano
2118 2137 2242 2190 anni
2267 2138 2621 2192 ducentesimi
2647 2138 2882 2192 vicesimi
2913 2138 3157 2192 secundi.
3183 2137 3327 2191 Misit
3349 2138 3509 2192 etiam

1961 2227 2158 2300 Ajil'unt
2191 2226 2305 2279 Elin
2351 2227 2580 2280 Anbasa:
2612 2236 2799 2279 contra
2867 2226 2929 2278 Al
2957 2227 3165 2292 Zottos,
3215 2229 3305 2295 qui
3352 2228 3404 2280 in
3448 2227 3511 2281 Al

1963 2316 2193 2385 Batayeh
2223 2315 2528 2388 [paludibus
2555 2319 2693 2372 inter
2711 2318 2898 2372 Waset
2924 2328 2976 2371 ct
3004 2318 3252 2389 Bas-ram}
3278 2320 3514 2387 fuerunt,

1963 2423 2096 2476 quos
2126 2409 2367 2476 captivos
2401 2424 2586 2463 secum
2636 2410 2881 2463 abduxit.
2923 2409 3210 2462 AlMaziad
3269 2411 3429 2464 etiam
3465 2413 3513 2464 vi

1960 2483 2244 2567 occupavit
2289 2498 2743 2554 Tabarestanum.
2787 2501 2925 2555 Misit
2981 2516 3109 2569 ergo
3156 2502 3512 2555 Abdollahum

1960 2591 2072 2646 Ebn
2124 2591 2392 2646 Tdhaheri
2441 2607 2564 2646 cum
2613 2601 2809 2662 patruo
2856 2609 2956 2647 suo
3010 2593 3073 2645 Al
3105 2592 3279 2646 llascn
3345 2594 3515 2645 Ebnol

1963 2681 2183 2744 llosain,
2216 2681 2307 2750 qui
2339 2683 2516 2750 ipsum
2547 2683 2901 2750 compedibus
2931 2682 3171 2735 vinctum
3223 2685 3285 2734 a.l
3323 2683 3384 2732 Al
3406 2681 3517 2733 Mn.

1964 2785 2228 2828 tasemum
2267 2773 2511 2826 adduxit.
2558 2770 2785 2826 Intravit
2813 2772 2977 2827 etiam
3029 2773 3091 2824 Al
3117 2772 3373 2824 Motasem
3410 2773 3516 2824 lla-

1964 2881 2244 2919 manorum
2300 2864 2545 2933 legiones
2593 2865 2738 2932 ipsas
2783 2873 3173 2932 expugnatum,
3224 2878 3516 2930 secumque

297 2943 507 3014 papulo
553 2952 756 3005 oraret,
788 2951 843 2996 et
877 2941 1086 2996 chalil'ae
1134 2943 1351 2996 nomine
1378 2950 1693 3019 memorato
1723 2958 1856 2996 con-

1965 2956 2187 3010 abduxtt
2217 2955 2398 3009 lohum
2425 2944 2722 3009 Antiochia:
2748 2953 3130 3021 patriarcham,
3164 2965 3216 3008 ct
3239 2956 3518 3007 obsidione

299 3037 516 3091 cionem
538 3035 787 3099 haberet;
819 3050 879 3089 ac
901 3044 1010 3088 tum
1044 3035 1110 3090 ad
1133 3036 1304 3105 ipsum
1328 3035 1654 3106 egrediente.
1680 3035 1866 3106 Neque

301 3131 584 3186 desierunt
605 3128 894 3183 Christiani
935 3139 1107 3194 vestes
1135 3130 1317 3199 nigras
1341 3130 1585 3194 induere,
1621 3146 1680 3184 ac
1711 3132 1864 3202 equis

301 3221 452 3284 vehi,
487 3235 658 3289 usque
684 3219 747 3273 ad
781 3227 992 3288 tempus
1024 3220 1085 3283 Al
1115 3219 1498 3275 illotawaceeli.
1561 3223 1862 3276 Reversus-

301 3328 417 3380 que
444 3323 526 3365 est
548 3313 609 3364 Al
637 3311 848 3363 Manum
891 3311 1219 3380 Bagdadum.
1244 3312 1856 3380 Constantinus'autem,

303 3400 671 3469 Nicephorum
721 3400 1002 3455 Estabraki
1057 3401 1223 3455 tilium
1270 3416 1582 3471 superatum
1636 3417 1755 3456 cum
1802 3402 1853 3455 in

305 3502 823 3570 potestatemsuam
877 3492 1207 3560 redegisset,
1261 3490 1516 3546 Ronmnis
1557 3493 1859 3561 imperavit.

303 3583 478 3638 Porro
507 3584 568 3636 Al
593 3583 830 3646 Mamun,
863 3592 972 3636 tres
1008 3583 1060 3634 in
1119 3586 1300 3637 hostes
1339 3583 1713 3651 expeditiones
1744 3599 1865 3652 sus-

305 3675 468 3744 cepit,
499 3688 725 3742 quarum
754 3673 937 3725 ultima
971 3672 1071 3725 fuit
1095 3688 1239 3726 anno
1259 3672 1625 3730 ducentesimo
1656 3675 1867 3729 decimo

1970 3041 2136 3097 cinxit
2167 3042 2350 3096 urbem
2381 3041 2688 3112 Ancyram;
2720 3041 2810 3096 tibi
2842 3041 3002 3113 lobus
3050 3041 3377 3110 patriarcha‘
3408 3040 3521 3094 llo-

1971 3150 2158 3189 manos
2191 3135 2370 3204 lingua
2413 3135 2656 3188 Romana
2690 3134 2995 3193 allocutus:
3031 3130 3291 3195 Obedite,
3319 3131 3516 3199 inquit,

1968 3227 2100 3293 regi,
2162 3227 2370 3296 ipsique
2424 3226 2685 3280 tributum
2743 3208 2984 3294 pendite.
3046 3222 3236 3280 Melius
3289 3226 3391 3278 hoc
3436 3232 3519 3278 est

1965 3330 2122 3383 quam
2160 3325 2216 3367 ut
2245 3313 2592 3378 occidamini,
2625 3322 2678 3369 et
2705 3312 2899 3382 captivi
2933 3312 3098 3370 (latis.
3138 3310 3367 3364 Romani
3393 3325 3521 3379 ergo

1970 3403 2229 3458 conviciis
2257 3404 2431 3472 ipsum
2461 3418 2521 3456 ac
2546 3403 2815 3472 lapidibus
2843 3401 3139 3471 petierunt.
3169 3401 3232 3454 Al
3261 3399 3518 3452 lllotaseut

1970 3503 2149 3548 autem
2181 3502 2388 3562 captam
2421 3493 2602 3546 urbem
2622 3493 2884 3559 Ancyram
2904 3492 3163 3546 incendit.
3193 3489 3326 3542 Tum
3354 3490 3517 3541 Atnu.

1971 3587 2105 3639 riam
2159 3583 2463 3652 profectus,
2515 3584 2682 3651 ipsam
2727 3581 2889 3635 etiam
2938 3577 3140 3634 mensis
3187 3580 3362 3649 spatio
3409 3578 3522 3648 (vel

1967 3675 2258 3730 secundum
2300 3674 2445 3728 aliud
2482 3673 2780 3742 exemplar,
2827 3672 3073 3743 pluribus
3111 3673 3409 3744 Iliensibus)
3431 3674 3524 3726 ob-

304 3771 520 3826 Octavo,
543 3764 1198 3818 etcumAlbadandunam
1225 3763 1575 3833 pervenisset,
1605 3765 1674 3818 ibi
1700 3781 1871 3833 ωδε-ο-
1967 3768 2122 3822 sedit.
2156 3765 2316 3820 lobus
2348 3774 2529 3819 autent
2579 3766 2887 3836 patriarcha
2934 3765 3178 3836 quotidie
3220 3762 3286 3820 ad
3341 3779 3522 3817 arcent

311 3844 467 3918 lavit,
513 3857 762 3925 diemque
793 3854 947 3910 obiit.
984 3856 1236 3910 Gestatus
1263 3867 1347 3909 est
1389 3871 1516 3923 ergo
1555 3871 1618 3909 ac
1645 3857 1700 3909 in
1737 3856 1868 3910 urbe

305 3947 482 4004 Tarso
509 3947 773 4014 sepultus.
810 3945 1110 4000 Chalifatus
1133 3947 1252 4014 ejus
1278 3961 1341 4000 ex
1379 3961 1486 4015 quo
1514 3948 1565 3998 in
1591 3945 1869 4002 Chorasan

306 4035 506 4115 dhalifa
533 4038 801 4093 salutatus
835 4047 917 4092 cst
949 4054 1211 4115 annorum
1251 4037 1349 4094 fuit
1380 4037 1567 4108 viginti
1600 4040 1866 4102 duorum:

268 4178 274 4198 ,
309 4107 448 4216 ᾅὺίἱι
477 4148 649 4186 annos
686 4141 846 4186 natus
873 4112 1226 4200 quadraginta
1260 4143 1400 4196 octo,
1447 4107 1636 4186 mense
1672 4131 1862 4201 Rajeb,

308 4239 454 4276 anno
500 4224 872 4278 ducentesimo
921 4225 1128 4278 decimo
1164 4235 1377 4278 octavo.
1426 4223 1704 4279 Candidus
1745 4232 1864 4278 erat

311 4311 542 4365 admista
583 4311 882 4371 ﬂaved'me.
937 4314 1071 4367 facie
1108 4320 1362 4376 venusta,
1408 4312 1572 4366 barba
1597 4314 1861 4383 promissa

307 4420 375 4459 ac
401 4405 626 4458 multum
663 4415 1002 4460 canescente.
1025 4405 1361 4460 Satellitibns
1392 4407 1563 4475 ipsius
1584 4407 1864 4475 prtefcctus

308 4496 414 4549 fuit
443 4495 636 4548 Zobair
669 4495 779 4549 Ebn
803 4495 1073 4566 Masaiyeb
1103 4495 1422 4550 Dobbensis.
1463 4496 1663 4550 Deinde
1689 4495 1865 4549 Tdha-

309 4586 408 4638 her
441 4585 609 4637 Ebuol
633 4584 866 4649 llosain;
899 4587 951 4638 in
995 4602 1087 4639 eos
1126 4586 1288 4638 etiam
1321 4595 1645 4652 potestatem
1675 4587 1863 4639 habuit

308 4674 473 4745 4.36
504 4674 650 4729 Isaac
680 4677 798 4731 Ebn
843 4677 1128 4732 Ahrahim.
1163 4675 1370 4731 Janitor
1402 4680 1572 4747 ipsius
1618 4681 1717 4733 fuit
1739 4695 1860 4733 cum

313 4765 367 4817 in
393 4766 702 4818 Chorasano
734 4774 893 4830 esset,
932 4767 1213 4821 Alllosain
1256 4768 1368 4820 Ebn
1412 4770 1509 4821 Abi
1563 4768 1709 4830 Said,
1751 4777 1862 4822 tum

313 4854 399 4907 Ali
447 4854 557 4908 Ebn
591 4857 691 4908 Abi
739 4856 923 4910 Salehi
952 4856 1130 4910 Saheb
1181 4859 1242 4910 Al
1274 4858 1528 4911 lilosailre.
1566 4860 1864 4912 Plurimum

315 4945 452 5014 apud
484 4959 604 4998 eum
630 4949 824 5014 potuit,
859 4948 1012 5000 initio
1039 4948 1329 5001 chalilatus
1358 4951 1548 5016 ipsius,
1576 4950 1671 5002 Dul
1703 4949 1866 5018 lliya-

315 5035 490 5087 satain
513 5037 575 5088 Al
599 5038 830 5093 l’hadlus
852 5036 966 5090 Ehn
1001 5038 1206 5094 Sahali.
1234 5040 1367 5091 Tum
1393 5048 1508 5108 post
1534 5055 1655 5092 eum
1689 5040 1864 5102 multi,

314 5140 346 5177 e
371 5125 590 5192 quibus,
623 5130 683 5178 Al
711 5127 911 5180 llosain
950 5129 1063 5185 Ebn
1103 5130 1306 5194 Sahali,
1337 5131 1500 5182 Omar
1549 5129 1663 5183 Ehn
1699 5129 1866 5193 Saidi,

319 5225 372 5270 et
404 5218 606 5271 Altuted
641 5218 753 5272 Ebn
793 5221 889 5273 Abi
923 5222 1168 5274 Chaledi.

735 5310 1028 5377 Chutifatus
1060 5312 1123 5362 Αι
1161 5311 1456 5364 Molasenti.

391 5397 597 5453 Chalila
645 5404 979 5454 renuntiatus
1027 5416 1108 5458 est
1147 5404 1205 5455 Al
1240 5402 1537 5467 Motasetn,
1582 5405 1671 5472 qni
1727 5404 1866 5457 idem

323 5497 407 5539 est
463 5490 579 5540 Abu
627 5489 777 5543 Isaac
830 5491 1166 5546 Mohammed
1213 5493 1325 5546 Ebn
1375 5495 1579 5548 llaruni
1610 5472 1868 5566 ‘litashidi

326 5576 435 5641 (eui
462 5587 634 5632 mater
656 5579 956 5634 concubina
976 5581 1190 5636 nomine
1214 5580 1506 5651 llaredah),
1540 5582 1715 5647 Tarsi,
1749 5597 1871 5653 pro-

1971 3859 2116 3911 solus
2142 3857 2406 3913 accedens
2439 3855 2717 3912 Romanos
2739 3860 2920 3928 lingua
2951 3860 3192 3912 ltoniana
3225 3859 3518 3913 allocutus.

1973 3961 2169 4004 metum
2223 3950 2330 4005 illis
2379 3951 2622 4004 incutere
2673 3965 2734 4003 ac
2792 3966 3002 4019 rogare,
3055 3961 3111 4003 ut
3150 3954 3404 4004 tributum
3462 3955 3522 4002 Al

1971 4034 2263 4090 Motasemo
2293 4036 2454 4108 444)
2487 4036 2677 4091 darent
2727 4053 2834 4105 quo
2864 4040 2930 4090 ab
2965 4041 3093 4106 ipsis
3127 4042 3428 4099 recederet;
3468 4052 3523 4089 at

1970 4126 2044 4179 illi
2077 4135 2130 4179 et
2165 4130 2409 4180 convicia
2441 4137 2494 4182 et
2539 4128 2743 4196 lapides
2775 4129 2827 4181 in
2878 4129 3049 4197 ipsum
3084 4131 3283 4195 jacere.
3337 4131 3519 4198 Nequa.-

1971 4217 2040 4271 ita
2099 4216 2272 4274 facere
2321 4219 2682 4282 destiterunt,
2735 4219 2906 4273 donec
2961 4219 3305 4274 AlMotascru
3360 4229 3516 4288 capta

1973 4311 2192 4363 Amuria
2249 4312 2446 4365 multos
2491 4310 2540 4363 itt
2581 4314 2690 4378 ipsa
2743 4311 3072 4377 trucidaret;
3120 4313 3283 4381 idque
3334 4305 3518 4364 mense

1971 4400 2285 4454 Radamano
2331 4417 2471 4454 anno
2507 4402 2877 4464 ducentesimo
2911 4405 3162 4457 vicesimo
3193 4406 3370 4457 tertio.
3423 4405 3520 4458 lle-

1954 4509 2263 4569 _versusque
2290 4503 2374 4547 est
2415 4494 2475 4546 Al
2506 4494 2760 4548 Motasetn
2787 4505 3070 4564 postquam
3115 4498 3394 4548 Amurinm
3435 4491 3532 4550 ce-i

1971 4586 2171 4653 pisset;
2228 4593 2388 4661 atqpe
2440 4583 2582 4638 inter
2638 4587 2970 4639 redeundum
3027 4597 3272 4638 mortuus
3325 4599 3403 4638 est
3454 4588 3515 4638 Al

1967 4675 2146 4727 Abbas
2175 4676 2237 4727 Al
2262 4674 2527 4728 Mamunis
2557 4675 2715 4730 illius.
2741 4677 2877 4729 lram
2911 4677 3070 4730 etiam
3100 4678 3152 4729 in
3197 4679 3256 4729 Al
3279 4678 3517 4743 Aphshin

1963 4765 2213 4832 concepit
2235 4780 2378 4818 anno
2409 4765 2785 4818 ducentesimo
2821 4766 3076 4820 vicesimo
3101 4766 3314 4833 quinto.
3347 4764 3517 4816 l’orro

1965 4863 2208 4908 mortuus
2241 4866 2322 4908 est
2353 4856 2741 4909 Constantinus
2793 4858 3164 4910 Romanorum
3197 4855 3514 4920 imperator,

1963 4943 2160 5009 quibus
2211 4955 2328 5009 post
2380 4943 2556 5010 ipsum
2616 4945 2906 5013 imperavit
2949 4945 3300 5011 Theophilus.
3358 4947 3517 4998 Anno

1965 5033 2250 5087 chalifatus
2282 5034 2645 5089 AlMotasemi
2680 5046 2876 5104 quarto
2922 5039 3251 5090 constitutus
3290 5045 3372 5090 est
3419 5037 3517 5090 So-

1971 5125 2230 5193 phronius
2267 5127 2569 5192 patriarcha
2602 5127 3013 5189 Alexandrinus,
3048 5127 3140 5195 qui
3195 5143 3366 5180 annos
3408 5137 3517 5186 tre-

1971 5215 2142 5266 decim
2203 5215 2372 5277 sedtt;
2417 5217 2770 5282 phil050phus
2825 5215 2928 5268 fuit
2970 5232 3031 5269 ac
3075 5219 3314 5285 sapiens.
3359 5218 3513 5266 Anno

1969 5306 2260 5360 chalilatus
2306 5306 2542 5370 ejusdem
2562 5307 2794 5373 septimo
2828 5310 3157 5363 constitutus
3176 5318 3256 5360 est
3283 5304 3518 5358 Joannes

1969 5399 2272 5466 patriarcha
2329 5397 2889 5466 llierosolymitanus;
2959 5410 3141 5452 contra
3197 5413 3355 5465 quem
3436 5398 3521 5454 in:

1967 5502 2250 5558 surgentes
2310 5490 2785 5558 Hierosolymitani
2847 5491 2915 5544 de
2968 5493 3082 5558 ipso
3129 5490 3311 5542 omina
3380 5490 3518 5540 ruala

1967 5580 2216 5634 dixerunt
2249 5596 2261 5632 :
2300 5596 2468 5651 quare
2498 5582 2564 5637 ab
2590 5581 2722 5650 ipsis
2747 5593 3006 5645 metuens,
3035 5579 3348 5648 scriptoque
3385 5580 3515 5647 ipsis
