4142 6452
347 345 478 414 1137

1769 333 2121 396 ANNALES.

3405 336 3537 403 1138

332 440 508 512 -ubera
540 450 886 521 pertingeret,
936 450 1092 519 eique
1128 448 1314 504 tubulo
1344 423 1596 519 plumbeo
1621 448 1762 505 tenui
1820 464 1882 503 ac
1910 444 1960 504 Δ
1988 455 2135 502 tutus
2166 453 2251 502 est
2296 444 2519 501 Salmun
2563 445 2800 501 Zarkuni
2834 448 2972 503 ﬁlius
3002 450 3309 519 patriarcha
3356 447 3544 505 Hiero-

341 542 527 618 gracili
564 542 833 605 immisso,
868 541 1049 595 locum
1085 540 1199 593 luto
1233 553 1295 594 ac
1332 540 1483 595 calce
1510 554 1576 593 ne
1611 547 1894 609 appareret

350 633 661 695 obduxisse,
694 647 923 700 cumque
965 628 1198 690 adesset
1227 628 1423 683 festum
1466 638 1666 684 sancta:
1695 629 1893 695 Mariae,

330 722 602 789 foramini
635 723 722 776 isti
764 724 845 776 lac
897 720 1188 775 infundere
1223 721 1458 785 solitum,
1488 720 1643 789 cuius
1688 721 1894 788 guttula

344 828 374 868 e
412 824 645 865 mamma
704 810 957 878 imaginis
992 808 1287 863 destillaret
1322 825 1337 861 :
1374 823 1543 877 quare
1587 812 1893 878 peregrina-

340 902 513 956 tiones
536 902 602 953 ad
634 900 924 953 ecclesiam
977 899 1134 952 istam
1193 899 1603 953 instituentibus
1656 899 1892 952 homini-

339 995 460 1055 bus,
512 993 741 1044 multum
775 990 1018 1058 pecuniae
1066 991 1308 1047 lucratus
1358 1000 1440 1045 est
1489 991 1589 1044 hac
1620 994 1685 1045 de
1730 1006 1892 1043 causa

337 1085 590 1139 aedituus.
628 1083 844 1138 Mittens
873 1099 999 1153 ergo
1034 1084 1367 1153 Theophilus
1405 1084 1706 1150 imperator
1756 1084 1895 1135 ima-

340 1178 466 1243 gine
522 1178 621 1229 ista
673 1176 850 1229 diruta
905 1177 1083 1229 locum
1141 1176 1347 1241 refecit,
1394 1176 1665 1244 iussitque
1719 1174 1895 1227 nuilas

336 1270 555 1320 omnino
608 1268 658 1320 in
702 1269 947 1321 ecclesiis
996 1267 1260 1335 imagines
1306 1264 1549 1319 retineri.
1612 1265 1889 1319 Edituum

336 1367 514 1413 autem
544 1361 792 1412 ecclesiae
827 1359 986 1411 istius
1020 1357 1198 1425 capite
1214 1358 1492 1410 truncavit
1528 1368 1579 1410 et
1611 1370 1673 1409 ex
1721 1358 1891 1411 eccle-

333 1450 428 1504 siis
492 1451 752 1517 imagines
806 1448 1063 1510 sustulit,
1114 1447 1320 1515 dicens,
1384 1451 1648 1520 imagines
1710 1451 1884 1503 instar

334 1540 604 1593 idolorum
637 1554 787 1606 esse;
827 1551 879 1593 et
911 1540 1003 1609 qui
1036 1541 1321 1609 imaginem
1376 1543 1624 1605 coluerit,
1670 1544 1892 1611 perinde

333 1643 455 1682 esse
481 1643 545 1681 ac
577 1629 621 1682 si
654 1629 795 1682 idola
832 1630 1054 1684 coleret.
1107 1629 1245 1685 llinc
1276 1640 1455 1686 ortum
1486 1644 1567 1688 est
1602 1634 1741 1688 inter
1774 1635 1885 1687 Ro-

330 1732 524 1771 manos
560 1717 842 1771 dissidium
880 1721 931 1772 in
962 1718 1027 1773 iis
1060 1734 1179 1787 qua:
1210 1719 1272 1773 ad
1328 1720 1588 1792 imagines
1614 1732 1881 1792 spectant,

330 1808 462 1862 adeo
494 1819 551 1861 ut
578 1810 665 1862 alii
703 1812 836 1864 alios
862 1810 1199 1866 inﬁdelitatis
1232 1812 1593 1877 damnarent,
1649 1815 1881 1869 dicenti-

330 1906 432 1959 bus
471 1905 591 1959 aliis
623 1924 636 1959 :
668 1906 769 1971 Qui
805 1906 1096 1976 imaginem
1142 1908 1369 1962 coluerit
1396 1909 1728 1967 inﬁdelitatis
1760 1928 1884 1967 reus

327 2007 442 2063 est;
477 1998 598 2051 aliis
628 2018 643 2052 :
670 1997 767 2062 Qui
792 2013 882 2051 eas
914 2013 1021 2052 non
1056 2000 1307 2062 coluerit,
1336 2000 1570 2057 infidelis
1597 2012 1698 2058 est.
1728 2004 1881 2070 Quod

326 2102 447 2141 cum
480 2088 720 2141 audisset
747 2088 1087 2155 Sephronius
1114 2090 1420 2158 patriarcha
1451 2091 1874 2166 Alexandrinus,

325 2179 622 2232 orationem
656 2178 864 2245 longam
889 2180 1106 2249 scripsit
1131 2180 1183 2232 in
1217 2196 1319 2249 qua
1355 2182 1645 2250 imaginum
1676 2186 1879 2239 cultum

327 2266 585 2329 defendit,
622 2267 723 2320 hoc
758 2267 811 2320 in
838 2283 898 2321 ea
924 2278 1238 2338 argumento
1275 2286 1425 2333 usus,
1457 2271 1679 2329 dicens:
1715 2274 1880 2341 Deus,

325 2357 482 2424 cuius
544 2355 688 2410 fama
746 2354 1001 2425 gloriosa,
1056 2367 1109 2411 et
1166 2372 1359 2413 nomen
1422 2371 1693 2420 sanctum.
1755 2364 1881 2418 Mosi

324 2443 576 2518 prrecepit
634 2457 689 2501 ut
752 2450 803 2503 in
879 2451 1241 2505 tabernaculo
1283 2454 1540 2521 temporis
1618 2456 1880 2525 imagines

322 2538 760 2594 Cherubinorum
796 2556 992 2595 aureas
1050 2542 1512 2613 formaret,_quas
1564 2546 1704 2597 intra
1758 2561 1903 2599 san-t

320 2630 593 2683 ctUarium
650 2637 930 2692 statueret,
986 2629 1197 2693 deinde,
1239 2630 1381 2694 quod
1440 2630 1599 2701 452
1661 2632 1895 2710 83101110

320 2717 546 2775 Davidis
604 2720 743 2774 ﬁlius
793 2736 915 2774 cum
978 2722 1234 2788 templum
1292 2731 1620 2792 exstrueret,
1678 2726 1727 2778 in
1766 2727 1880 2791 ipso

321 2809 588 2878 imagines
612 2809 1046 2864 Cherubinorum
1077 2826 1271 2865 aureas
1306 2815 1637 2880 reposuerit.
1664 2816 1878 2869 .lticuns

317 2899 587 2970 insuper:
622 2903 754 2955 Cum
785 2902 1005 2970 perlatae
1059 2900 1263 2959 fuerint
1312 2917 1343 2955 a
1398 2918 1521 2972 rege
1572 2906 1762 2959 littera:
1810 2910 1874 2961 ad

321 2996 633 3061 praefectum
692 2995 861 3061 ipsius
918 2993 1152 3061 aliquem
1214 2995 1391 3064 sigillo
1438 2999 1583 3065 regio
1634 2998 1877 3068 signatae,

1996 538 2380 606 solymitanus.
2423 537 2512 589 uhi
2555 550 2728 590 annos
2761 536 2993 605 quinque
3026 539 3188 601 sedit,
3228 538 3351 593 dein
3403 556 3539 593 mor-

1994 639 2120 683 tuus
2169 638 2273 683 cst.
2325 628 2647 683 interfectus
2693 636 2776 681 est
2823 637 3000 683 autem
3026 630 3457 686 AllMotawacrel
3490 634 3543 685 in

1994 720 2191 787 palatio
2218 735 2317 775 suo
2374 722 2427 773 in
2470 721 2601 774 urbe
2630 735 2790 788 quam
2856 720 3190 786 condiderat,
3252 724 3543 777 Allaafaria

1995 808 2279 875 appellata.
2334 808 2460 862 Fuit
2502 811 2673 864 caedes
2732 810 2903 878 ipsius
2951 810 3037 875 die
3096 811 3279 867 Martis
3340 814 3542 868 mensis

1996 896 2230 950 Shawali
2282 899 2479 963 tertio,
2527 915 2672 952 anno
2725 900 3104 954 ducentesimo
3138 902 3543 971 quadragesimo

1992 984 2245 1047 septimo,
2298 999 2420 1037 cum
2484 999 2750 1039 annorum
2812 996 2959 1041 esset
3000 989 3358 1058 quadraginta
3406 1006 3541 1057 qua-

1993 1084 2157 1129 tuor:
2189 1076 2542 1143 sepultusque
2572 1085 2655 1131 est
2688 1077 2953 1133 laafariae.
2983 1080 3104 1134 Fuit
3124 1083 3331 1147 fuscus,
3358 1083 3541 1137 colore

1994 1164 2059 1218 ad
2088 1164 2407 1219 flavedinem
2442 1177 2717 1237 vergente,
2752 1168 2887 1225 facie
2922 1182 3174 1237 venusta,
3208 1175 3543 1243 mystacibus

1995 1258 2153 1321 raris",
2190 1258 2366 1315 oculis
2399 1259 2801 1327 grandioribus.
2838 1256 3144 1319 Satellitum
3195 1267 3363 1333 ipsius
3406 1282 3543 1334 prae-

1991 1348 2163 1402 fectus
2191 1350 2290 1404 fuit
2316 1350 2465 1404 Isaac
2496 1351 2608 1406 Ebn
2647 1353 2949 1422 Abrahim;
2990 1372 3160 1424 eoque
3192 1368 3405 1413 mortuo
3454 1373 3542 1413 ac-

1990 1442 2184 1495 cedens
2216 1432 2550 1497 Mohammed
2583 1445 2693 1499 Ebn
2726 1448 3030 1513 AdeIIahi,
3066 1450 3180 1503 Ehn
3213 1450 3487 1513 Tdhaher,
3514 1467 3544 1503 e

1991 1531 2331 1597 Chorasano,
2383 1533 2907 1611 iisdem'praefectus
2958 1550 3061 1594 est.
3099 1539 3310 1595 Janitor
3368 1542 3542 1611 ipsius

1998 1622 2365 1678 Wasii‘Turca
2394 1643 2407 1688 ;
2443 1641 2503 1679 ac
2538 1636 2657 1695 post
2688 1629 2863 1696 ipsum
2897 1630 3022 1685 Said
3056 1632 3172 1685 Ehn
3204 1633 3364 1687 Saleii
3393 1652 3406 1697 ;
3437 1650 3537 1687 nec

1994 1730 2099 1767 non
2150 1714 2361 1784 Bagaus
2401 1717 2600 1771 Turca.
2635 1718 2847 1773 Ianitor
2885 1722 3194 1777 ordinarius
3230 1723 3393 1778 Jacob
3422 1725 3537 1778 Elin

1989 1805 2283 1859 Abrahim:
2315 1806 2512 1859 deinde
2562 1807 2866 1871 Kausarah,
2911 1818 2964 1862 et
3015 1810 3154 1862 Atab
3208 1810 3322 1880 Ehg
3375 1812 3540 1866 Atab.

1981 1897 2278 1951 Plurimum
2330 1900 2468 1966 apud
2502 1914 2622 1953 eum
2675 1907 2890 1969 poterat
2919 1901 3195 1955 AiPhatah
3255 1903 3364 1956 Ehu
3398 1899 3539 1958 Cha-

1982 1988 2106 2054 kan,
2141 1998 2193 2042 et
2230 1988 2396 2064 Obaid
2453 1991 2604 2043 Allah
2636 1992 2750 2045 Elin
2784 1991 2985 2061 Yahyrc
3032 1992 3145 2047 Elin
3184 1993 3401 2049 Chakan
3450 2011 3539 2051 se-

1981 2090 2123 2135 creta
2134 2078 2264 2134 rius.
3032 2156 3035 2159 Δ

2191 2172 2353 2245 456
2381 2171 2675 2241 ϐΙιὲιΙίίαιιιε
2706 2174 3073 2229 ΑΙΜοηιαεενί
3109 2176 3324 2230 Bitia/ti.

2052 2264 2411 2332 lnauguratus
2447 2270 2532 2319 est
2573 2266 2918 2322 AiMuntasar
2948 2269 3139 2321 Billahi
3197 2268 3537 2325 Mohammcd

1986 2354 2150 2408 Ebnol
2186 2354 2545 2409 Motawacceli
2580 2356 2685 2424 (cui
2735 2367 2909 2411 mater
2950 2358 3049 2412 fuit
3075 2360 3399 2425 concubina,
3434 2374 3538 2414 no-

1983 2448 2129 2499 mine
2180 2428 2507 2514 llahashiah)
2554 2449 2741 2502 eodem
2790 2449 2876 2503 die
2911 2464 3021 2517 quo
3068 2452 3281 2505 occisus
3317 2460 3399 2505 est
3444 2452 3538 2506 Al-

1982 2538 2374 2593 Motawaccel:
2426 2540 2615 2606 quinto
2669 2547 2955 2609 postquam
3002 2542 3228 2597 chalifa,
3264 2546 3542 2597 renuntia-

1981 2638 2066 2684 tus
2097 2642 2178 2685 est
2223 2631 2306 2685 die
2339 2647 2369 2685 e
2398 2631 2623 2684 iaafuria
2656 2648 2713 2686 se
2767 2631 3239 2686 Sarramanraiam
3286 2634 3541 2700 contulit,

1978 2722 2250 2789 diruitque
2288 2714 2567 2774 laafariam
2615 2729 2669 2775 et
2724 2720 3078 2776 Allausakum
3105 2724 3365 2779 deseruit.
3411 2724 3541 2780 Fra-

1975 2826 2084 2867 tres
2114 2814 2269 2867 etiam
2294 2829 2420 2865 suos
2452 2813 2562 2865 Abu
2582 2800 2936 2866 Ablollahum
2964 2813 3205 2867 AiMotaz
3236 2814 3448 2878 Billahi,
3468 2824 3522 2869 et

1978 2906 2325 2959 Abrahimum
2348 2904 2640 2973 Aliioavad
2656 2898 2848 2957 billahi
2873 2906 3341 2975 itmreditatisjure
3363 2909 3533 2986 exuit,

1988 3012 2047 3049 ea
2086 2999 2149 3047 de
2177 3011 2231 3048 re
2261 2995 2457 3048 litteris
2496 2996 2691 3061 passim
2739 2995 2791 3047 in
2830 2997 3142 3065 provincias
3174 2999 3374 3055 missis.
3410 2996 3537 3056 Fuit

318 3083 637 3152 dictumque
664 3084 826 3137 fuerit
848 3084 898 3137 id
931 3084 1121 3138 scienti
1145 3102 1157 3137 :
1182 3085 1277 3140 Est.
1308 3087 1407 3140 hoc
1430 3088 1665 3157 sigillum
1696 3094 1839 3160 regis
1866 3111 1879 3145 ς
1914 3079 1951 3129 (ἶ
1988 3086 2274 3141 cltalifattts
2301 3086 2472 3153 ipsius
2503 3086 2683 3150 unius,
2702 3086 2853 3149 anni,
2879 3101 2969 3141 sex
2991 3088 3347 3153 Incnsium,et
3375 3091 3535 3142 trium

319 3174 597 3244 haaipsius
638 3176 833 3229 littera:
874 3193 889 3228 :
931 3190 1111 3228 annon
1158 3190 1452 3246 assurgens
1498 3180 1663 3232 stahit
1707 3181 1881 3235 donec

320 3266 534 3320 litteras
568 3282 727 3319 manu
755 3276 1006 3334 acceptas
1037 3255 1320 3331 osculatus
1349 3268 1538 3333 fuerit,
1559 3273 1883 3341 easdemque

318 3358 487 3427 capiti
539 3366 593 3412 et
647 3356 821 3412 oculis
856 3357 973 3411 suis
1030 3358 1371 3413 admoverit?
1425 3376 1602 3427 neque
1639 3362 1876 3416 interim

318 3447 437 3503 ideo
474 3450 711 3516 assurgit
748 3458 841 3501 aut
867 3448 1079 3503 litteras
1111 3450 1417 3515 osculatur,
1459 3453 1602 3520 quod
1637 3453 1876 3506 chartam

314 3547 629 3603 veneretur,
670 3548 769 3615 aut,
797 3553 975 3593 ceram
1001 3538 1203 3593 chartae
1232 3528 1545 3605 obductam,
1601 3550 1693 3594 aut
1734 3554 1879 3596 atra-

314 3636 559 3687 mentum
584 3632 725 3685 intra
764 3633 1027 3697 chartam,
1053 3642 1145 3685 aut
1176 3635 1318 3702 quod
1357 3635 1549 3690 litteris
1622 3644 1875 3706 assurgat

312 3736 521 3791 easque
571 3730 881 3777 veneretur.
922 3723 1061 3785 Non,
1098 3738 1192 3793 per
1241 3724 1416 3788 vitam,
1444 3741 1639 3791 meam,
1688 3728 1757 3781 ob
1792 3744 1876 3783 re-

304 3794 433 3867 rum
463 3816 688 3869 istarum
712 3814 948 3890 aliquam
971 3852 986 3876 ,
1020 3828 1203 3866 verum
1229 3813 1353 3867 inde
1382 3814 1483 3868 hoc
1505 3826 1588 3870 est
1617 3808 1759 3885 quod
1790 3833 1875 3872 re-

315 3919 433 3971 gem
465 3912 773 3969 veneretur,
803 3904 1030 3972 ejusque
1082 3918 1301 3971 nomen,
1356 3920 1481 3959 cum
1538 3906 1711 3975 ipsius
1767 3910 1876 3983 sint

314 3992 511 4049 litterae
547 3995 687 4049 istae.
714 3993 829 4048 Hac
863 3994 1028 4061 igitur
1055 4008 1119 4047 ex
1158 4002 1310 4063 parte
1351 3995 1505 4050 decet
1537 4011 1637 4051 nos
1684 3998 1877 4066 imagi-

314 4100 435 4141 nem
490 4090 651 4141 istam
696 4086 1111 4157 deoscu’lariac
1164 4087 1437 4156 venerari,
1489 4104 1592 4142 non
1628 4090 1769 4157 quod
1807 4091 1877 4144 ita

312 4191 431 4233 eam
461 4180 777 4233 osculantur
819 4194 881 4231 ac
914 4178 1055 4231 idola
1099 4177 1203 4232 coli
1256 4178 1491 4241 soleant,
1540 4195 1723 4233 verum
1774 4181 1877 4236 hoc

315 4268 373 4322 ﬁt
424 4270 568 4338 quod
632 4268 980 4323 veneratione
1021 4256 1185 4337 atque
1235 4268 1450 4323 honore
1492 4272 1876 4339 prosequimur

315 4374 511 4414 nomen
561 4359 815 4426 martyris
848 4357 1101 4422 r-istiusy
1132 4356 1292 4432 cujus
1354 4357 1534 4426 imago
1584 4358 1874 4413 coloribus

315 4450 435 4505 istis
514 4448 830 4517 depingitur
854 4486 870 4501 .

314 4555 494 4610 regem
524 4538 883 4608 Theophilum
918 4536 1086 4602 misit,
1136 4553 1244 4607 qua
1292 4537 1513 4607 accepta
1552 4540 1764 4595 laetatus
1796 4551 1877 4595 est

315 4630 427 4695 ille,
468 4637 630 4697 atque
684 4628 753 4682 ab
804 4642 871 4682 eo
900 4643 1012 4697 quo
1064 4628 1327 4697 imagines
1380 4639 1702 4696 prosecutus
1754 4640 1870 4685 erat

314 4722 440 4777 odio
473 4736 772 4776 conversus
804 4730 903 4774 est.
966 4716 1091 4774 Fuit
1135 4721 1295 4773 etiam
1345 4720 1461 4774 Abu
1510 4722 1701 4775 Korraa
1735 4710 1877 4778 inter

313 4829 409 4869 eos
443 4812 538 4883 qui
563 4810 858 4881 ima‘ginum
901 4811 1111 4864 cultum
1169 4808 1549 4876 defenderunt,
1605 4827 1775 4883 eaque
1808 4813 1875 4868 de
1910 4836 1913 4839 π

314 4920 373 4958 re
406 4896 604 4958 librum
635 4902 877 4970 scripsit,
905 4916 1062 4969 quem
1099 4900 1423 4970 appellavit:
1462 4900 1752 4958 Sermones
1800 4904 1865 4959 de

313 4995 462 5049 cultu
495 4993 815 5061 imaginum.
846 4989 993 5046 Obiit
1024 5000 1205 5045 autem
1259 4991 1598 5060 Sophronius
1630 4995 1865 5062 patriar-

315 5087 416 5141 cha
476 5082 875 5139 Alexandrinus
930 5082 1207 5153 hydropisi
1270 5081 1497 5141 affectus
1550 5084 1642 5152 (ob
1701 5100 1863 5153 quam

316 5175 660 5247 553-b55
697 5175 934 5233 cumlac
974 5174 1345 5241 mandragorae
1375 5173 1621 5237 bibisset,
1655 5175 1788 5227 nihil
1816 5176 1863 5229 ei

319 5268 562 5337 profuit),
581 5284 724 5321 anno
747 5266 1124 5322 ducentesimo
1155 5265 1433 5320 tricesimo
1462 5266 1644 5330 tertio,
1666 5267 1869 5319 consti-

317 5364 438 5412 tuto
467 5367 587 5427 post
623 5358 796 5424 ipsum
824 5356 1136 5425 patriarcha
1172 5353 1540 5408 Alexandrino
1582 5354 1863 5420 Michacle,

315 5449 406 5515 qui
460 5464 630 5502 annos
674 5444 863 5518 viginti
898 5456 1135 5517 quatuor
1178 5446 1337 5500 sedit.
1379 5445 1501 5499 Fuit
1537 5446 1623 5500 ille
1669 5461 1697 5499 e
1748 5446 1871 5501 ﬁliis

320 5535 551 5599 Bncami,
579 5536 859 5591 Burensis.
890 5535 1180 5591 Porrofuit
1201 5535 1492 5590 chalifatus
1513 5533 1867 5588 AIMotawac-

318 5626 416 5680 ccli
469 5642 733 5680 annorum
770 5627 1205 5695 quatuordecim,
1256 5641 1445 5680 novem
1491 5624 1778 5687 mensium,
1811 5632 1867 5679 et

322 5730 509 5772 n0vcm
544 5720 771 5772 dierum.
800 5717 952 5773 Anno
974 5717 1263 5785 chalifatus
1292 5717 1409 5785 eius
1428 5717 1636 5771 decimo
1658 5711 1862 5771 conﬁdi-

1982 3180 2209 3232 dierum.
2266 3177 2413 3230 Obiit
2469 3191 2639 3230 annos
2691 3187 2849 3230 natus
2893 3178 3083 3246 viginti
3164 3190 3303 3233 octo.
3343 3181 3536 3248 Sepul-

1981 3282 2173 3339 tusque
2204 3278 2284 3321 est
2329 3267 2796 3333 Sarramanraize;
2855 3268 3160 3337 sepulcrum
3208 3272 3326 3339 eius
3376 3287 3538 3340 opere

1981 3362 2189 3416 albario
2226 3360 2436 3414 ornavit
2468 3367 2641 3413 mater
2668 3360 2837 3427 ipsius
2866 3400 2879 3423 ,
2910 3376 3015 3427 quo
3065 3377 3171 3413 non
3219 3369 3373 3414 antea
3419 3364 3537 3415 cui-

1980 3457 2120 3522 piam
2173 3452 2493 3506 chalifarum
2535 3451 2845 3519 sepulcrum
2889 3452 3186 3506 obductum
3237 3454 3356 3509 fuit.
3411 3454 3535 3509 Fuit

1984 3542 2323 3597 AiMontaser
2383 3549 2605 3595 staturae
2658 3542 2959 3609 quadratae,
3027 3557 3258 3612 corpore
3312 3547 3535 3611 decoro,

1984 3632 2194 3697 fuscus,
2250 3632 2487 3702 pinguis.
2537 3630 2843 3684 Satellitum
2892 3633 3063 3700 ipsius
3119 3636 3403 3703 praefectus
3436 3636 3538 3712 fuit

1983 3724 2316 3779 Mohammed
2367 3724 2479 3777 Ebn
2514 3724 2776 3789 Abdollah
2826 3724 2939 3778 Ebn
2989 3724 3262 3780 Tdhaher.
3321 3726 3531 3793 Janitor

1981 3818 2098 3872 Abu
2124 3799 2291 3869 Nasci
2314 3816 2493 3870 Turea
2544 3833 2641 3871 nec
2676 3832 2780 3873 non
2808 3818 3014 3871 Ahmed
3052 3818 3163 3871 Ehu
3197 3818 3426 3873 Chasab.

2112 3976 2115 3977 ν
2413 3909 2712 3978 Chalifatus
2746 3909 3112 3980 Αιὶιιοειαίηἰ.⁵

2044 3999 2444 4055 Convenientes
2523 4000 2822 4054 Turcarum
2883 4002 3050 4056 duces
3104 4001 3169 4054 ad
3226 4002 3530 4072 eligendum

1975 4107 2134 4162 quem
2164 4090 2415 4146 chalifam
2469 4094 2868 4158 renuntiarent,
2896 4094 3206 4147 abnuerunt
3236 4110 3298 4148 ex
3354 4092 3533 4149 Albio-

1976 4182 2252 4238 tawacceli
2307 4182 2429 4235 ﬁliis
2456 4183 2690 4250 cuipiam
2719 4184 3038 4252 obsequium
3068 4185 3289 4253 pacisci.
3328 4186 3533 4241 Cecidit

1973 4270 2326 4344 457-459
2351 4286 2479 4339 ergo
2509 4274 2704 4326 electio
2737 4273 2974 4341 ipsorum
3006 4274 3057 4327 in
3088 4274 3379 4330 Ahmedcm
3413 4276 3529 4331 Ebn

1981 4360 2371 4423 Mohammedis
2436 4358 2816 4423 AlMotasatni,
2873 4363 2955 4415 cui
3004 4366 3179 4416 mater
3227 4368 3530 4420 concubina

953 4448 1132 4517 Atque
1214 4446 1353 4500 hanc
1437 4449 1719 4516 epistolam
1804 4446 2084 4508 adeu’it
2112 4449 2332 4502 nomine
2376 4447 2732 4516 Machareck;
2790 4465 2949 4518 quem
2992 4452 3243 4505 chalifam
3278 4455 3378 4508 fide
3426 4456 3529 4523 ipsi

1974 4541 2101 4593 data
2148 4540 2503 4595 constitutum
2527 4580 2542 4595 .
2576 4540 2875 4594 Almostain
2910 4541 3100 4595 billahi
3143 4545 3535 4600 nominarunt-

1950 4627 2113 4684 ~Tum
2146 4641 2266 4681 orto
2301 4628 2354 4681 in
2388 4628 2646 4681 exercitu
2687 4628 2939 4695 dissidio,
2974 4638 3135 4698 atque
3188 4632 3329 4685 inter
3363 4634 3525 4687 liber-

1976 4724 2062 4773 tos
2101 4718 2360 4779 tumultu,
2389 4718 2523 4787 fugit
2553 4719 2850 4772 Almostain
2874 4718 2927 4772 in
2965 4720 3233 4786 navicula,
3257 4724 3524 4779 comitan-

1975 4810 2120 4863 tibus
2153 4808 2326 4877 ipsum
2363 4807 2625 4876 Wasipho
2652 4818 2705 4862 et
2732 4808 2906 4877 Bagoa
2939 4809 3153 4873 Turcis,
3190 4806 3523 4880 Bagdaduni.

1973 4898 2124 4955 Servi
2157 4908 2336 4954 autem
2387 4910 2442 4954 et
2472 4901 2767 4962 exercitus,
2801 4903 2893 4971 qui
2937 4902 3357 4957 Sarramanraiae
3404 4905 3520 4960 fue-

1971 5001 2116 5057 runt,
2163 4991 2284 5045 Abu
2345 4992 2606 5045 Abdaliah
2662 4990 3083 5047 Ebnol’Motazai
3129 4993 3296 5047 Ehnnl
3348 4995 3519 5051 Mota-

1969 5081 2210 5145 vvacceli,
2253 5082 2337 5134 cui
2370 5092 2543 5136 mater
2575 5083 2679 5137 fuit
2706 5087 3028 5140 concubina
3084 5086 3303 5140 nomine
3348 5088 3517 5143 Kabi-

1969 5170 2094 5236 hab,
2126 5170 2320 5223 throno
2347 5171 2674 5226 collocantes
2708 5173 2958 5227 chalifam
2999 5174 3324 5239 salutarunt,
3360 5177 3514 5229 initio

1922 5256 1925 5259 λ
1970 5262 2176 5315 mensis
2225 5260 2532 5321 Moth’arram
2588 5266 2713 5318 anni
2768 5264 3129 5319 ducentesimi
3182 5268 3516 5336 quinquage-

1967 5351 2112 5406 simi.
2144 5352 2376 5420 Fuitque
2408 5354 2687 5407 contentio
2722 5362 2773 5406 et
2799 5354 2998 5407 bellum
3032 5354 3171 5411 inter
3195 5355 3515 5411 Almoslaini

1967 5451 2020 5494 et
2051 5441 2340 5495 Almotazzi
2395 5443 2649 5496 asseclas.
2699 5443 2806 5495 lies
2857 5456 3034 5497 autem
3083 5444 3303 5496 bellicas
3332 5446 3515 5501 Almo-

1971 5530 2103 5584 tazzi
2157 5533 2373 5584 nomine
2432 5531 2847 5586 administrabat
2909 5534 3023 5587 Abu
3076 5535 3278 5587 Ahmed
3345 5538 3515 5592 Ebuol

1974 5621 2334 5686 Motawaccel,
2364 5637 2539 5691 neque
2561 5634 2855 5677 cessarunt
2889 5626 3021 5677 bella
3054 5640 3306 5679 exercere
3345 5643 3514 5693 usque

1975 5712 2038 5767 ad
2078 5715 2297 5767 initium
2331 5716 2530 5769 mensis
2567 5714 2929 5767 Aliloharram
2990 5717 3113 5767 anni
3158 5716 3513 5777 ducentesimi
