4142 6454
623 475 754 536 1139

1633 476 1985 536 EUTYCHII
2033 473 2544 536 ALEXANDRINI
2591 479 2798 539 ΡΑΤῐῖ.

3668 473 3794 534 mo

617 581 1048 650 quinquagesimi
1100 581 1324 637 secundi
1362 591 1516 637 :tum
1568 585 1710 639 enim
1753 587 1870 640 luco
1899 600 1954 638 se
1987 583 2142 637 abdi-
2177 587 2218 641 Α
2249 586 2340 654 qui
2375 587 2669 641 Ahmedem
2709 587 2822 640 Ebn
2867 585 3040 638 Tulun
3084 583 3553 650 deputatum/sibi
3594 584 3799 636 cuusti»

615 682 768 723 «ante
809 671 1156 735 Almostaino,
1209 671 1346 726 facta
1401 682 1483 728 est
1515 688 1641 742 pax,
1673 676 1889 742 scriptis
1924 682 2157 725 testante

613 760 945 812 Alitlostaino
990 777 1049 815 se
1097 763 1196 814 hoc
1245 771 1436 830 sponte
1487 763 1696 828 facere,
1749 773 1801 816 et
1846 763 2156 818 securitatis

613 849 849 901 libellum
879 849 956 902 illi
987 850 1256 906 scribente
1283 850 1590 904 Alblotazzo
1622 851 1878 905 adhibitis
1909 851 2152 904 testibus.

609 939 814 992 Deinde
865 938 1147 992 Wasetum
1207 939 1367 993 Eraki
1426 941 1612 995 urbem
1681 941 1982 995 descendit.
2035 941 2155 994 Fuit

608 1029 901 1084 t-halifatus
939 1030 1131 1098 ipsius,
1167 1030 1339 1084 donec
1383 1046 1442 1084 se
1474 1031 1648 1099 ipsum
1680 1032 1905 1099 imperio
1937 1031 2156 1085 abdica-

605 1120 713 1182 vit,
760 1135 1022 1174 annorum
1066 1122 1226 1173 trium
1285 1136 1404 1175 cum
1455 1132 1577 1175 octo
1625 1123 1925 1177 mensibus.
1975 1122 2153 1175 Primo

605 1210 897 1263 chalifatus
933 1212 1106 1278 ipsius
1153 1227 1294 1265 anno
1331 1215 1657 1266 constitutus
1712 1225 1794 1268 est
1838 1214 2149 1267 Theodorus

606 1302 717 1370 (qui
748 1301 1026 1355 AlMoklati
1061 1302 1232 1368 audit)
1268 1305 1568 1370 patriarcha
1613 1303 2146 1372 Hierosolymitanus,

586 1393 696 1464 ’q‘ui
749 1407 923 1447 annos
959 1393 1328 1446 novemdecim
1375 1392 1534 1456 sedit,
1578 1393 1702 1446 dein
1751 1403 1995 1446 mortuus
2039 1399 2143 1445 est.

2253 687 2432 738 tuens.
2472 679 2646 745 ipsum
2700 679 2751 730 in
2802 676 3088 744 Egyptum
3126 674 3295 727 misit.
3351 674 3624 726 Bachacus
3673 681 3790 725 vere

2250 771 2423 841 464
2448 769 2670 823 Ahtnedi
2704 768 2816 820 Ehn
2853 767 3046 820 Toluni
3089 766 3247 817 filiam
3294 779 3442 817 suam
3485 766 3540 816 in
3575 779 3796 816 uxorem

2251 860 2491 914 dederat.
2523 860 2806 928 Ingressus
2837 866 2918 911 est
2970 867 3144 910 autem
3201 854 3406 906 Ahmed
3463 855 3573 906 Elin
3625 854 3796 904 Toluu

2251 951 2542 1020 Egyptum
2601 964 2785 1002 mense
2850 947 3160 1001 Ramatlano
3228 960 3368 998 anno
3428 946 3799 997 ducentesimo

2253 1041 2704 1110 quinquagesimo
2754 1049 2970 1107 quarto.
3033 1036 3283 1089 Turbam
3323 1043 3446 1089 sunt
3482 1043 3658 1086 autem
3715 1048 3802 1086 res

2253 1133 2391 1186 inter
2417 1130 2775 1182 Albiutazznm
2809 1139 2858 1181 et
2897 1127 3144 1198 l:bertos.
3177 1126 3428 1191 Ohiitque
3461 1124 3803 1176 Almotazzus

2250 1223 2334 1277 die
2363 1221 2544 1274 Martis
2575 1221 2731 1272 tertio
2767 1218 3128 1270 antc'iiuitum
3173 1231 3408 1267 mensem
3442 1214 3630 1278 Rajeb,
3661 1227 3805 1265 anno

2251 1310 2620 1365 ducentesimo
2643 1308 3090 1376 quinquagesimo
3124 1305 3333 1372 quinto.
3367 1305 3489 1355 Fuit
3514 1304 3803 1357 chalifatus

2250 1401 2418 1470 ipsius
2444 1408 2560 1464 post
2583 1397 2896 1450 Alblostaini
2937 1393 3330 1447 abdicationem
3356 1407 3615 1443 annorum
3641 1391 3804 1444 trium

602 1480 736 1534 Fui"
777 1493 952 1536 amem
1009 1483 1376 1538 Α¹¹¹¹⁰⁸ί³Ῑη¹¹⁵
1433 1484 1668 1553 ρίηευῑει
1721 1483 1882 1554 460
1924 1497 2147 1562 εοτβοτ9
2245 1508 2364 1545 cum
2395 1489 2669 1543 mensibus
2704 1502 2918 1547 not-em,
2958 1485 3148 1537 diebus
3179 1489 3320 1536 octo.
3356 1477 3501 1543 Er'at,
3535 1497 3654 1533 cum
3691 1499 3809 1536 mo—

605 1582 852 1637 vnusto,
886 1573 1052 1625 barba
1089 1574 1278 1641 nigra;
1317 1575 1606 1627 satellitum
1659 1574 1826 1641 ipsius
1866 1571 2149 1642 pmfertus
2245 1591 2482 1643 γει-ρων,
2535 1595 2801 1631 annorum
2858 1573 3044 1650 viginti
3097 1575 3350 1627 duorum.
3415 1570 3673 1639 Sepultus
3709 1567 3804 1624 ἐει

605 1657 704 1712 fuit
741 1660 1079 1712 Mohammed
1113 1660 1223 1712 Ebn
1259 1661 1514 1720 Ahtlollae,
1545 1661 1656 1713 Ebn
1688 1661 1973 1713 Tdhaheri.
2006 1659 2152 1712 Jaui-
2183 1714 2192 1719 _

606 1760 753 1804 tores
783 1749 971 1818 ipsius,
1000 1748 1248 1804 Wasifet
1283 1751 1448 1819 Boga,
1479 1751 1688 1803 Turne.

851 1833 873 1847 '
1046 1840 1342 1909 Chalifatus
1390 1841 1706 1896 Αιθιοιαιιῑ.

674 1931 874 1987 Omnes
929 1933 1020 2002 qui
1064 1932 1485 1986 Sarramantaize
1539 1933 1756 1985 fuerunt
1810 1941 1916 1986 tam
1963 1930 2150 1987 Turcm

604 2039 764 2092 quam
799 2024 912 2087 alii,
944 2022 1305 2076 AIMotazzam
1341 2021 1596 2076 chalifam
1633 2023 1734 2076 fide
1762 2023 1885 2073 .lata
1927 2023 2154 2091 inaugu-

602 2122 811 2176 rarunt,
847 2113 1032 2166 mense
1063 2111 1433 2165 AlMoharram
1463 2113 1590 2164 anni
1618 2112 1969 2166 dueentesimi
1995 2111 2155 2178 quin—

602 2204 901 2273 quagesimi
957 2203 1136 2272 primi,
1189 2217 1311 2255 cum
1363 2211 1511 2256 esset
1547 2202 1841 2256 AlMostain
1895 2199 2153 2268 Bagdadi,

604 2309 667 2346 ac
734 2293 1019 2362 provincia
1069 2292 1334 2355 turbam,
1373 2291 1873 2359 majori‘hominum
1913 2299 2061 2360 parte
2093 2291 2155 2342 Al

602 2384 868 2438 Mostaino
899 2382 1312 2436 adherentibus.
1341 2382 1414 2432 At
1439 2395 1642 2437 cumse
1675 2379 1903 2446 imperio
1932 2379 2152 2434 abdica-

602 2486 755 2532 verat
798 2478 857 2546 Α]
892 2474 1124 2531 Mostain
1159 2474 1314 2528 initio
1360 2475 1562 2529 mensis
1599 2473 1993 2537 AlMoharram,
2029 2473 2152 2528 anni

603 2564 960 2621 ducentesimi
1016 2565 1449 2635 quinquagesimi
1506 2565 1752 2626 secundi,
1815 2565 1918 2619 hoc
1969 2565 2153 2635 audito

604 2660 852 2713 homines
901 2659 1144 2712 obsecuti
1199 2667 1346 2712 sunt.
1403 2657 1755 2711 AlMotazzus
1808 2667 1984 2711 autem
2035 2633 2154 2710 cum

606 2750 972 2802 succeSsionis
998 2748 1089 2817 jus
1118 2748 1420 2802 Abrahimo
1452 2748 1514 2801 AI
1538 2747 1754 2817 Moayad
1786 2747 1968 2800 billahi
1997 2747 2151 2800 resti-

604 2836 798 2889 tuisset
827 2875 840 2897 ,
879 2835 1065 2888 eodem
1119 2849 1311 2888 rursus
1367 2834 1539 2903 ipsum
1587 2835 1769 2908 expuit,
1822 2833 1911 2903 qui
1958 2831 2153 2886 deinde

2249 1674 2416 1728 Sarra
2473 1668 2725 1722 Μαίη-πίω
2776 1683 2789 1718 :
2845 1669 3153 1733 sepulcrum
3209 1662 3330 1730 ejus
3387 1676 3548 1725 Opere
3601 1661 3810 1714 albario

2251 1761 2468 1815 ornavit
2502 1767 2674 1812 mater
2705 1757 2876 1824 ipsius
2903 1755 3053 1822 juxta
3083 1755 3389 1820 sepulcrum
3423 1751 3804 1805 Alliontasari.

2255 1853 2377 1906 Fuit
2411 1849 2789 1905 AlMontazzus
2829 1845 3114 1906 candidus,
3165 1844 3303 1896 facie
3355 1843 3603 1911 pulchra,
3654 1856 3808 1894 coma

2253 1943 2504 2013 eleganti,
2553 1953 2781 2007 corpore
2830 1938 3048 1998 decoro,
3085 1934 3218 1988 adeo
3265 1939 3321 1984 ut
3374 1931 3514 1983 haud
3566 1931 3669 1997 ipsi
3714 1946 3810 1996 par

2256 2034 2428 2087 forma
2489 2041 2542 2085 et
2602 2025 2998 2097 pulchritudine
3059 2023 3413 2091 reperiretur.
3474 2019 3810 2072 Satellitibus

2255 2125 2426 2193 ipsius
2493 2118 2778 2188 praefectus
2827 2115 2926 2166 fuit
2972 2111 3305 2166 Muhammed
3354 2109 3465 2161 Ebn
3515 2108 3811 2170 Ahdillahi,

2254 2216 2366 2270 Ebn
2411 2209 2680 2270 Tdhaheri
2716 2226 2730 2262 :
2767 2205 2915 2267 dein,
2969 2219 3032 2257 eo
3071 2211 3307 2263 mortuo,
3347 2199 3657 2253 Ohaidallah
3692 2199 3811 2251 Ebn

2253 2302 2546 2364 Abdillahi,
2606 2300 2719 2354 Ebn
2778 2296 3010 2351 Tdaheri
3046 2311 3058 2346 :
3091 2301 3204 2344 tttm
3243 2292 3434 2344 iisdem
3484 2290 3814 2358 prmpositus

2251 2405 2331 2450 est
2393 2393 2631 2448 Soliman
2687 2375 2797 2442 Ehn
2861 2386 3133 2441 Ahdillahi
3191 2385 3304 2437 Ehn
3362 2382 3663 2436 Ttlhaheri.
3718 2381 3811 2446 qui

2252 2482 2524 2558 [munus]
2561 2482 2688 2535 illud
2732 2480 2986 2538 obtinuit,
3024 2475 3165 2544 quod
3224 2474 3418 2527 deinde
3470 2471 3815 2524 Obaidallahi

2255 2577 2368 2630 Ebn
2415 2570 2863 2635 AbdillahipEbn
2899 2566 3172 2620 Tdhaheri
3226 2563 3495 2616 redditum
3526 2571 3630 2614 est.
3660 2559 3818 2612 Iani-

2255 2674 2402 2720 tores
2431 2665 2603 2735 ipsius
2632 2662 2850 2715 fuerunt
2882 2658 3123 2724 VVasiph
3163 2663 3215 2708 et
3250 2654 3391 2722 Boga
3426 2670 3438 2705 :
3473 2651 3669 2704 deinde
3713 2650 3818 2703 Sa-

2250 2760 2403 2814 lehus
2438 2757 2491 2811 in
2526 2755 2699 2810 locum
2732 2751 2900 2820 patris
2932 2748 3014 2802 sui
3046 2745 3304 2801 suﬂectus
3327 2749 3447 2806 est;
3475 2748 3529 2795 et
3556 2741 3608 2793 in
3633 2739 3806 2794 locun

2249 2849 2430 2920 Bogai,
2465 2845 2672 2900 Bacbac
2705 2841 2902 2896 Turca.

604 2934 853 2981 mortuus
891 2935 972 2984 est
1006 2943 1020 2978 :
1059 2925 1203 2994 quod
1242 2940 1361 2979 cum
1397 2940 1536 2993 aegre
1587 2924 1748 2979 ferret
1785 2924 1900 2978 Abu
1947 2923 2156 2976 Abmed
2503 2931 2852 3005 “5.567
2895 2928 3192 2995 Chalifatu:
3237 2923 3567 2976 Almohtadi.

607 3017 759 3068 fratri
791 3030 888 3070 suo
919 3015 1206 3077 accidisse,
1251 3016 1422 3082 ipsum
1469 3015 1725 3068 Basoram
1761 3013 2017 3081 relegavit
2063 3011 2156 3065 Al-

2329 3027 2692 3096 lnaugttratus
2720 3030 2804 3076 est
2835 3014 3443 3079 Almohtadi,-videlicet
3470 3012 3818 3065 Mobammed

604 3107 876 3161 Motazzus
904 3124 917 3160 :
954 3105 1219 3159 interiecti
1243 3115 1369 3158 sunt
1396 3105 1558 3160 etiam
1583 3103 1875 3170 Wasiphus
1903 3114 1950 3157 et
1981 3101 2147 3170 Boga.
2259 3119 2372 3174 ειη,
2409 3117 2592 3171 "an",
2638 3111 2914 3168 Αιπηιιιθι(
2948 3109 3156 3169 binum.
3197 3105 3380 3159 mmor
3406 3104 3662 3157 “omam
3707 3103 3820 3154 bit.

605 3197 953 3264 Mortuusque
1003 3203 1086 3248 est
1143 3194 1481 3248 Multamtned
1534 3191 1645 3245 Ebn
1684 3191 2003 3252 Abdollabi,
2035 3187 2152 3242 Ebn

2258 3210 2390 3275 lahi,
2423 3208 2510 3264 cui
2543 3215 2714 3261 mater
2744 3203 2840 3257 fuit
2876 3199 3178 3255 concubina
3215 3196 3434 3250 nomine
3466 3193 3633 3247 Korb.
3686 3191 3818 3246 Fuit

606 3289 880 3359 Tdhaheri
927 3287 1211 3341 satellitum
1265 3285 1570 3354 praefectus.
1617 3282 2024 3337 AlMostainum
2059 3296 2155 3333 au-

2256 3300 2591 3371 iitauguratio
2607 3298 2776 3367 ipsius
2791 3295 2873 3349 die
2892 3293 3259 3355 Martis,tertio
3284 3297 3407 3341 ante
3433 3288 3640 3339 ﬁnitum
3659 3300 3817 3338 men-

607 3390 715 3432 tem
755 3378 976 3432 Wascto
1011 3378 1332 3432 accersitum
1357 3416 1372 3439 ,
1421 3390 1542 3428 cum
1575 3375 1856 3428 salutasset
1885 3371 2010 3426 Said
2039 3370 2155 3425 Ebn
2253 3410 2363 3450 sem
2383 3370 2568 3460 καίει),
2587 3375 2727 3442 ,n‘m
2745 3384 3113 3438 ἀυεεηιρεςπηο
3133 3378 3578 3448 quinquagesimo
3597 3375 3814 3443 ηυίηιη,

609 3470 766 3557 Saleii
826 3469 1048 3537 janitor,
1104 3469 1277 3536 ipsum
1329 3465 1626 3557 interfecit.
1680 3467 1851 3557 Porro
1915 3472 2160 3557 mortuus
2255 3486 2382 3539 Em
2413 3453 2704 3538 οιζθιπηω,
2735 3478 2906 3546 ipsius
2947 3474 3075 3526 an";
3116 3472 3300 3524 υηίηε,
3360 3457 3686 3527 tumidam”,
3731 3453 3834 3520 εει·

608 3570 689 3615 est
723 3552 1055 3628 Theophilus
1098 3558 1374 3612 Michaelis
1427 3555 1521 3608 filii
1568 3554 1850 3621 Theophili
1886 3554 2026 3608 filius
2053 3552 2162 3606 Ro-
2256 3593 2380 3631 cum
2419 3586 2687 3627 annorum
2725 3576 2868 3623 esse;
2902 3565 3121 3633 "38in".
3175 3574 3366 3613 ηονεηι
3402 3577 3419 3612 τ
3460 3557 3704 3625 δρριιιιιις
3729 3565 3820 3609 εει

607 3658 908 3718 manorum;
939 3648 1265 3714 imperator,
1321 3644 1646 3697 succedente
1687 3642 1789 3710 ipsi
1837 3643 1891 3694 in
1932 3641 2156 3709 imperio

608 3741 717 3792 filio
759 3724 931 3807 ipsius
961 3737 1218 3791 Michaele
1242 3734 1546 3801 TheOphili,
1598 3733 1692 3787 lilii
1723 3731 1997 3794 Michaelis
2025 3731 2154 3784 ﬁlio.

606 3830 729 3884 Fuit
765 3840 940 3882 autem
975 3830 1078 3881 dux
1114 3828 1328 3896 quidam
1361 3824 1708 3896 5.61-5.63
1741 3824 1960 3877 nomine
2002 3821 2156 3876 Basi-

608 3922 712 3974 lius
745 3934 901 3989 quem
933 3919 1258 3972 accersitum
1293 3917 1546 3968 omnibus
1589 3914 1820 3968 ducibus
1868 3927 1931 3966 ac
1984 3912 2152 3966 comi-

612 4012 756 4065 tibus
793 4012 906 4064 suis
937 4009 1275 4078 praefecerat.
1305 4007 1398 4060 Die
1430 4015 1608 4058 autem
1646 4004 1903 4074 quodam,
1947 4018 2070 4058 cum
2098 4017 2157 4056 se

609 4100 920 4154 oblectandi
955 4097 1450 4166 gratia‘prodiisset
1487 4095 1716 4150 Michael
1757 4095 2056 4163 imperator
2098 4093 2153 4145 in

620 4193 852 4245 insulam
888 4182 1199 4258 quamdam,
1229 4203 1348 4255 qua:
1372 4205 1413 4241 e.
1442 4189 1658 4255 regione
1687 4185 2155 4252 Constantinopoli

614 4283 717 4336 sita
755 4291 834 4335 est
867 4284 920 4333 in
964 4280 1102 4332 mari
1141 4281 1287 4347 quod
1321 4277 1525 4330 Pontus
1573 4277 1898 4345 appellatur,
1941 4276 2154 4330 irruens

613 4376 668 4426 in
716 4374 893 4439 ipsum
942 4369 1170 4423 Basilius
1208 4370 1357 4433 dux,
1411 4369 1554 4420 intra
1609 4365 1893 4419 ecclesiam
1951 4378 2070 4432 qua:
2103 4365 2155 4417 in

2262 3663 2706 3723 Sarramanraia.
2738 3648 2864 3712 Fluit
2897 3666 3103 3710 statura
3140 3651 3336 3716 media,
3388 3649 3526 3702 facie
3565 3633 3818 3716 pulchra,

2260 3768 2489 3822 corpore
2521 3749 2772 3819 eleganti,
2809 3747 2976 3799 barha
3035 3733 3270 3822 impleia
3306 3746 3360 3792 et
3388 3739 3562 3805 nigra.
3596 3735 3821 3790 Satelli-

2260 3852 2374 3910 tum
2405 3841 2577 3910 ipsius
2619 3837 2906 3908 praefectus
2958 3824 3064 3885 fuit
3104 3828 3444 3884 Olmitiollahi
3481 3825 3594 3878 ειη.
3628 3824 3820 3876 Αικιίι-

2260 3931 2394 3985 lahi.
2419 3929 2627 3983 Janitor
2652 3925 2813 3978 Saleb
2846 3923 2964 3976 Ebn
2993 3919 3256 3986 Wasiph;
3306 3924 3447 3979 tum,
3490 3914 3674 3968 occiso
3715 3910 3821 3966 Sa-

2261 4023 2404 4088 lebo,
2437 4020 2604 4074 Tacin
2636 4017 2837 4070 Turca.
3165 4085 3174 4089 _

2551 4105 2854 4172 Chalifatus
2895 4096 3282 4155 Almotammed
3329 4091 3536 4146 billahi.

2331 4204 2686 4268 lnauguratus
2735 4205 2816 4248 est
2875 4188 3262 4245 Almotammed
3313 4185 3496 4238 billahi
3553 4188 3815 4250 (nempe,

2264 4291 2468 4347 Ahmed
2501 4290 2616 4342 Ebn
2644 4285 2845 4338 Jaafari
2877 4277 3340 4338 Almotawacceli,
3368 4276 3455 4327 cui
3490 4283 3660 4326 mater
3688 4289 3823 4325 con-

2262 4384 2458 4438 cubina
2510 4380 2610 4432 fuit
2659 4375 2875 4428 nomine
2907 4369 3132 4439 Knyai),
3192 4380 3378 4420 mense
3425 4363 3618 4430 Rajeb.
3670 4377 3822 4414 anno

614 4464 784 4517 insula
811 4471 910 4523 cst,
939 4461 1208 4514 interfecit
1234 4499 1249 4521 ,
1293 4475 1392 4513 nec
1430 4474 1533 4511 non
1571 4467 1623 4511 et
1652 4472 1746 4510 eos
1778 4456 1872 4526 qui
1904 4455 1955 4510 in
1984 4442 2165 4511 insula
2190 4468 2236 4524 ι)
2264 4473 2632 4530 ducentesimo
2685 4461 3132 4534 quinquagesimo
3190 4467 3365 4512 sexto.
3429 4455 3818 4510 Consiliarium

615 4565 790 4617 erant,
831 4563 885 4606 et
923 4555 1202 4620 imperium
1256 4553 1310 4603 iu
1373 4557 1694 4619 potestatem
1743 4563 1893 4600 suam
1937 4548 2162 4614 redegit,

619 4660 740 4696 cum
772 4659 874 4696 nou
901 4651 1042 4695 esset
1068 4642 1181 4708 ipse
1206 4657 1232 4692 e
1254 4641 1416 4706 stirpe
1444 4639 1609 4704 regia,
1642 4644 1827 4704 utpote
1857 4636 1947 4704 qui
1972 4651 2166 4705 genere

618 4733 861 4788 Siciliota
916 4733 1034 4785 fuit.
1073 4732 1312 4796 Cumque
1376 4728 1481 4796 ipsi
1531 4729 1738 4780 dictum
1796 4735 1943 4780 esset
1976 4745 1990 4780 :
2023 4725 2164 4790 Quid

620 4822 872 4892 estquod
916 4823 1295 4887 itttperatorent
1326 4819 1592 4870 ~occidere
1641 4815 1722 4870 fas
1772 4816 1869 4868 libi
1925 4815 2167 4870 duxisti?

619 4914 896 4982 respondit
940 4933 952 4965 ;
995 4909 1216 4962 Michael
1266 4922 1386 4963 cum
1430 4908 1708 4960 mulierem
1739 4906 2033 4974 deperiret,
2083 4921 2166 4958 me

621 5022 737 5057 eam
772 5004 971 5060 (lucere
1003 5002 1179 5070 iussil,
1216 5001 1279 5051 ad
1326 5000 1496 5067 ipsam
1527 5007 1708 5050 tamen
1739 5011 1843 5048 non
1873 4994 2165 5059 accedere;

622 5110 682 5148 ut
731 5094 946 5146 nomine
987 5092 1115 5144 mihi
1162 5101 1304 5144 esset
1346 5091 1537 5141 mulier
1582 5089 1720 5152 ista,
1770 5086 1857 5140 ille
1897 5100 2021 5138 vero
2050 5100 2170 5139 cum

625 5189 740 5253 ipsa
782 5185 1037 5248 cubaret;
1089 5191 1234 5234 metu
1285 5181 1491 5234 scilicet
1529 5179 1714 5232 uxoris
1765 5193 1895 5239 suae,
1953 5191 2019 5230 ne
2059 5176 2171 5242 ipsa

627 5277 755 5329 illud
793 5276 1037 5338 resciret,
1082 5282 1133 5327 et
1162 5273 1305 5341 quod
1339 5287 1446 5325 non
1481 5271 1665 5323 liceret
1691 5269 1792 5338 ipsi
1825 5269 1983 5322 aliam
2035 5269 2174 5320 ultra

629 5382 847 5419 uxorem
877 5380 1028 5417 suam
1063 5366 1258 5418 ducere
1297 5380 1310 5415 :
1342 5363 1482 5429 quod
1530 5378 1648 5414 cum
1690 5360 1957 5423 fecissem,
1988 5369 2174 5429 postea

631 5455 922 5521 pmnitenia
968 5457 1186 5517 ductus,
1238 5453 1404 5504 Deum
1437 5453 1591 5503 timui
1623 5471 1637 5502 :
1671 5450 1812 5502 caede
1847 5459 1973 5517 ergo
2002 5452 2174 5516 ipsum

630 5545 816 5595 tollere
852 5546 932 5598 fas
969 5546 1095 5598 duxi
1126 5561 1140 5598 :
1175 5543 1510 5611 retinuitque
1538 5541 1768 5594 Basilius
1796 5541 2076 5608 imperium
2123 5542 2173 5594 in

630 5633 918 5698 Romanos,
1695 5635 1697 5643 ¹

735 5725 1032 5792 (ιΙεαιὶῙαιυδ
1074 5726 1137 5776 ΑΙ
1171 5724 1398 5777 Motazzi
1447 5734 1491 5774 et
1531 5722 1826 5775 Almohtadi
1855 5732 1903 5774 et
1951 5737 2070 5789 pars

1064 5818 1342 5884 cltalifatus
1394 5817 1754 5869 Almolamedi.

706 5908 948 5961 Prxiccit
971 5909 1305 5962 :‘tlilotauus
1343 5906 1638 5962 Bacbacum
1663 5905 1890 5960 Turcam
1919 5906 2166 5974 Egypto,

2260 4578 2419 4617 suum
2449 4557 2733 4613 constituit
2760 4546 3122 4605 Abdollahutn
3150 4545 3262 4597 Ebn
3294 4545 3494 4610 Yahyze
3522 4543 3635 4596 Ebn
3668 4541 3820 4594 Cha-

2261 4669 2383 4716 can,
2413 4651 2504 4719 qui
2548 4634 2916 4700 Motawacceli
2976 4637 3330 4691 consiliarius
3384 4634 3580 4687 fuerat.
3626 4633 3817 4684 Conti-

2261 4743 2442 4798 nuatis
2474 4746 2653 4792 autem
2690 4734 2848 4790 bellis
2905 4740 2957 4785 et
3006 4728 3252 4784 dissidiis
3295 4727 3519 4778 turbatae
3562 4733 3688 4775 sunt
3731 4738 3819 4776 re-

2262 4836 2445 4902 gio'nes
2491 4838 2544 4884 et
2598 4824 2928 4896 provinciae;
2984 4828 3036 4875 et
3086 4819 3289 4886 ubique
3344 4828 3604 4870 terrarum
3660 4811 3815 4864 multi

2264 4926 2368 4979 sibi
2402 4921 2687 4990 imperium
2721 4916 3107 4976 vindicarunt,
3166 4909 3301 4961 adeo
3347 4917 3404 4960 ut
3437 4916 3606 4958 totum
3645 4903 3819 4956 ebali—

2268 5016 2409 5068 fatus
2449 5012 2620 5080 ipsius
2669 5020 2878 5070 tempus
2937 5002 3180 5056 dissidiis
3226 4998 3504 5066 perpetuis
3558 5004 3612 5046 et
3660 4993 3818 5045 hellis

2267 5102 2546 5159 continuis
2577 5097 2740 5168 ἥδε
2767 5097 2978 5163 plenum
3015 5090 3195 5143 fuerit.
3235 5087 3431 5139 Rerum
3459 5083 3816 5151 gerendarum

2270 5208 2452 5249 curam
2501 5189 2684 5242 habuit
2717 5187 2834 5237 Abu
2877 5183 3080 5235 Ahmed
3108 5173 3452 5230 Almowafl‘ek
3482 5171 3687 5234 billahi,
3719 5172 3818 5222 Al-

2274 5278 2616 5337 moummedi
2672 5276 2858 5328 frater.
2936 5258 3328 5324 Alutotzttnmed
3386 5280 3510 5316 vero
3571 5262 3818 5314 homines

2273 5376 2382 5426 filio
2428 5385 2527 5424 suo
2571 5367 2803 5425 laafaro,
2866 5371 2922 5415 ut
2972 5358 3270 5415 successori
3326 5371 3425 5408 suo
3471 5355 3624 5404 fidem
3685 5350 3816 5400 dare

2274 5461 2473 5527 adegit,
2514 5458 2613 5524 ipsi
2669 5469 2862 5507 nomen
2912 5446 3295 5516 Alnmphawed
3347 5440 3593 5494 Allallabi
3644 5440 3815 5527 impos

2271 5525 2452 5624 nens}.
2478 5561 2540 5599 ac
2574 5554 2692 5612 post
2727 5559 2848 5596 eum
2883 5543 2997 5592 Abu
3029 5535 3252 5588 Altmedi
3288 5532 3444 5584 Ebnil
3477 5525 3815 5624 “omV-accol

2275 5614 2452 5691 fratri"
2487 5650 2622 5698 suo;
2677 5648 2832 5700 quem
2891 5623 3229 5680 Almowan'ec
3284 5622 3468 5676 billahi
3509 5614 3812 5691 appellavit.

2275 5731 2405 5781 Alm‘
2426 5727 2628 5778 Ahmed
2665 5734 2841 5776 autem
2871 5722 2982 5787 ipse
3011 5718 3143 5770 bella
3172 5729 3379 5783 gerere,
3407 5720 3568 5778 atque
3600 5709 3652 5760 in
3685 5718 3816 5774 pro-

2277 5821 2481 5873 vincias
2535 5816 2820 5885 proficisci,
2857 5825 3020 5878 seque
3069 5808 3211 5861 curis
3256 5820 3320 5858 ac
3363 5798 3634 5856 laboribus
3659 5807 3816 5849 exer-
