4082 6454
215 421 355 489 illi

1673 433 2037 496 ANNALES.

3338 447 3464 505 H49.

211 549 367 598 cere,
409 534 556 587 dum
597 535 988 590 Almotammed
1035 537 1404 605 voluptatibus
1451 549 1504 591 et
1555 540 1694 593 lusui
1725 542 1810 593 in-
1838 542 1885 598 Α
1915 543 2160 612 hyloniea
2201 543 2345 596 mille
2365 544 3175 614 quadringentiquinquaginta.
3201 553 3241 598 Α
3267 550 3463 604 [invide

209 624 524 691 dulgeret;
563 635 752 680 contra
781 641 937 696 quem
971 629 1274 692 rebellavit,
1312 629 1544 693 Basorae,
1576 632 1657 686 Ali
1685 634 1800 686 Ebn

213 713 627 781 Mohammed,
680 716 797 772 Ebn
835 718 1062 783 Alimed,
1121 719 1234 772 Ehn
1276 720 1383 782 Ali,
1440 721 1550 775 Ebn
1607 718 1799 790 Ya'zid,

216 803 343 855 Ebn
378 802 499 863 Ali,
545 802 735 858 Ebnol'
776 804 1001 869 llosain,
1035 807 1151 860 Ebn
1182 807 1287 872 Ali,
1334 809 1450 863 Ebn
1485 811 1584 864 Abi
1616 811 1803 875 Taleb,

217 891 311 946 die
363 893 554 957 lunae,
589 895 801 949 duohtts
835 905 960 950 ante
996 881 1204 950 finitum
1241 913 1482 955 mensem
1530 902 1804 957 Ramadan

209 983 472 1050 diebus;
509 1000 578 1039 ac
628 986 781 1040 caesis
824 988 1078 1044 omnibus
1131 990 1346 1046 Basoraa
1404 994 1619 1058 incolis,
1671 1010 1800 1063 opes

217 1074 489 1143 ipsorum
532 1078 784 1143 diripuit,
832 1080 1086 1135 mulieres
1115 1091 1168 1137 et
1209 1084 1406 1139 liberos
1438 1088 1682 1155 captivos
1709 1088 1801 1140 ab-

214 1164 412 1228 duxit,
486 1167 837 1231 mulieribus,
889 1172 1093 1237 pueris,
1153 1183 1208 1228 et
1264 1176 1454 1243 puellis
1504 1185 1558 1230 et
1607 1177 1803 1244 Opibus

217 1252 482 1308 Nabechi
538 1257 763 1313 arbitrio
817 1262 1121 1329 permissis,
1177 1278 1238 1317 ac
1289 1273 1501 1318 vastata
1566 1265 1802 1329 Basora,

218 1338 532 1400 territdria
566 1357 618 1402 et
658 1349 890 1406 ditiones
934 1352 1053 1420 ejus
1083 1355 1388 1420 occupavit.
1426 1355 1620 1410 Contra
1648 1372 1805 1424 quem

217 1434 506 1491 Basoram
567 1440 836 1509 profectus
888 1450 971 1496 est
1003 1444 1122 1497 Abu
1166 1445 1369 1498 Ahmed
1426 1445 1809 1513 Almowaﬂ‘ec;

1903 633 2048 687 mille
2077 634 2331 702 nongenti
2361 633 2547 702 viginti
2571 646 2794 700 septem.
2821 637 2899 688 Ab
2923 639 3068 690 exitu
3098 637 3460 692 lsraelitarum

1902 741 1967 779 ex
2025 725 2252 794 Egypto
2288 725 2371 780 bis
2424 725 2570 779 tnille
2611 727 2889 793 quingenti
2948 731 3168 796 triginta
3223 740 3348 783 tres.
3389 734 3467 785 Ab

1905 816 2214 868 Abrahamo
2257 825 2336 870 ter
2385 817 2534 870 mille
2577 817 2956 884 quadraginta.
3008 823 3048 871 A
3102 821 3335 874 Ιδιιτιινιιο
3390 830 3469 874 ter

1906 908 2053 958 mille
2098 907 2378 975 quingenti
2433 909 2708 975 octoginta
2743 923 2904 963 unus.
2959 910 3000 960 A
3038 911 3239 964 diluvio
3277 923 3469 980 quater

1910 994 2053 1048 mille
2093 1005 2308 1048 centum
2363 997 2669 1049 duodecim.
2723 997 2803 1049 Ab
2854 997 3059 1050 Adanto
3111 1002 3286 1053 sexies
3328 1001 3470 1050 mille

1903 1087 2129 1139 trecenti
2168 1085 2448 1154 sexaginta
2479 1095 2625 1141 octo.
2659 1087 2906 1152 Cumque
2955 1103 3129 1140 annos
3173 1089 3273 1149 jam
3310 1106 3470 1142 sexa-

1903 1174 2049 1240 ginta
2112 1186 2270 1226 natus
2340 1185 2507 1233 esset.
2581 1177 2910 1229 consmutus
2981 1176 3084 1229 fuit
3167 1180 3469 1244 patriarcha

1908 1263 2336 1325 Alexandrinus,
2386 1273 2548 1329 atque
2599 1265 2749 1334 Apba
2803 1265 3097 1334 Entychius
3152 1269 3471 1333 appellatus.

1911 1351 2117 1405 Aluned
2177 1360 2354 1405 autem
2415 1353 2528 1405 Ebn
2584 1353 2781 1420 Tolun,
2844 1366 3004 1423 capta
3065 1357 3385 1420 Antiochia,
3425 1359 3474 1409 in

1915 1439 2209 1510 Egyptum
2263 1458 2517 1496 reversus
2570 1452 2688 1507 est,
2742 1445 2830 1498 tibi
2888 1447 3145 1514 templum
3194 1463 3481 1500 commune

216 1540 410 1595 neque
454 1529 608 1584 inter
639 1546 732 1585 eos
763 1531 898 1585 bella
927 1533 1036 1599 geri
1081 1533 1365 1588 desierunt
1401 1539 1821 1604 quatuordet-im
1911 1531 2186 1583 exstruxit
2238 1515 2372 1584 illud
2425 1533 2583 1600 quod
2612 1534 2832 1603 piscinae
2894 1534 3160 1597 imminet,
3226 1551 3321 1587 nec
3371 1552 3475 1587 nou

217 1618 418 1672 annis.
466 1619 662 1673 Caesus
708 1631 790 1674 est
823 1630 999 1674 autem
1052 1622 1287 1677 Aliensis
1337 1624 1438 1681 iste
1482 1627 1695 1681 Basorae
1745 1628 1813 1681 ad

219 1707 468 1759 tluvium
527 1710 628 1763 Abi
683 1710 901 1781 Sofyan,
952 1729 1092 1783 pone
1142 1713 1362 1769 ﬂuvium
1412 1715 1534 1770 Abil
1580 1717 1810 1783 Chasib,

212 1797 382 1851 Illum
428 1801 805 1871 nempejuna
835 1819 994 1872 quem
1044 1805 1230 1858 urbem
1284 1821 1461 1868 suam,
1513 1823 1674 1875 quam
1721 1808 1815 1862 Al-

219 1890 572 1944 mochtarah
594 1894 871 1954 vocitavit,
896 1896 1233 1962 condiderat,
1259 1898 1346 1950 die
1376 1897 1623 1952 Mercurii
1653 1915 1817 1969 prope

219 1992 558 2044 vesperam,
592 1982 794 2037 mensis
831 1983 988 2037 Safar
1012 1993 1230 2054 quarto,
1268 2000 1412 2040 anno
1443 1987 1819 2043 ducentesimo

223 2071 680 2140 septuagesimo.
713 2072 905 2128 Totum
955 2084 1136 2130 autem
1186 2084 1399 2146 tempus
1446 2094 1510 2132 ex
1554 2085 1685 2146 ouo,
1737 2081 1821 2133 in-

223 2169 517 2228 surgente
549 2161 687 2228 ipso,
722 2174 958 2218 erectum
1006 2175 1090 2220 est
1141 2169 1398 2221 vexillum
1433 2168 1603 2237 ipsius
1649 2185 1823 2245 usque

221 2252 289 2304 ad
325 2251 702 2325 469-471
738 2256 878 2308 diem
932 2272 1040 2326 quo
1095 2258 1310 2314 occisus
1361 2267 1467 2323 est,
1521 2261 1648 2313 anni
1695 2269 1823 2315 sunt

224 2346 963 2416 quattuordecim“quatuor
994 2365 1209 2404 menses
1256 2358 1310 2403 et
1347 2366 1440 2404 sex
1491 2351 1625 2406 dies.
1677 2352 1816 2417 Quin

225 2443 282 2487 et
330 2436 555 2489 Ahmed
589 2436 697 2490 Ebn
727 2439 898 2492 Tolun
936 2439 1226 2510 Egyptum
1273 2449 1327 2495 et
1377 2441 1694 2496 Damascum
1729 2459 1821 2496 oc-

229 2536 376 2589 cupa
392 2523 497 2584 vit,
534 2532 688 2592 capta
717 2527 877 2578 etiam
904 2527 1213 2594 Antiochia,
1247 2544 1274 2581 a
1305 2546 1414 2598 quo
1440 2531 1694 2586 detentus
1721 2533 1820 2586 fuit

229 2616 457 2669 Ahmed
490 2618 836 2674 Almowalfec
870 2621 1068 2695 bellum
1097 2634 1288 2678 contra
1313 2625 1579 2680 Aliensem
1605 2627 1819 2682 Basora:

230 2706 514 2771 gerendo.
579 2703 738 2764 Anno
799 2711 1091 2768 cltalifatus
1156 2716 1581 2771 Almolammedi
1648 2719 1822 2787 primo

230 2799 584 2854 constitutus
617 2811 701 2856 est
734 2802 1044 2872 Stephanus
1080 2808 1391 2875 patriarcha
1416 2808 1814 2874 Antiochenus,

229 2889 330 2954 qui
375 2902 495 2941 uno
534 2897 740 2943 tantum
772 2892 861 2945 die
916 2895 1078 2958 sedit,
1129 2895 1317 2949 eodem
1364 2903 1418 2950 et
1471 2910 1821 2954 consecratus

216 2985 288 3029 -et
325 2992 614 3043 mortuus,
658 2985 960 3037 constituto
1004 2993 1125 3052 post
1158 2987 1338 3054 ipsum
1371 2987 1591 3043 Taduso
1623 2990 1821 3044 ibidem

237 3070 594 3136 patriarcha,
640 3072 732 3139 qui
766 3088 938 3128 annos
986 3075 1174 3144 viginti
1220 3079 1380 3143 sedit,
1415 3081 1540 3133 dein
1573 3093 1820 3136 mortuus

1914 1619 2316 1675 Nosocomium.
2345 1621 2596 1677 Canalem
2645 1625 2804 1677 etiam
2841 1624 3123 1677 fabricavit
3158 1627 3208 1678 in
3236 1641 3342 1692 quo
3368 1625 3481 1677 fluit

1915 1726 2053 1779 aqua
2097 1726 2124 1763 a
2178 1712 2384 1780 piscina
2417 1729 2537 1782 quae
2582 1713 2863 1768 Alllabash
2901 1715 3481 1786 [Ahyssiuarumj‘ap-

1923 1804 2156 1870 pellatur
2190 1803 2256 1856 ad
2301 1804 2601 1873 Amaaphe.
2639 1803 2826 1859 Morbo
2858 1816 3038 1860 autem
3084 1816 3384 1873 correptus,
3417 1821 3480 1858 ro

1919 1907 2028 1959 quo
2084 1902 2332 1948 mortuus
2375 1904 2494 1957 est,
2544 1895 2793 1948 videlicet
2846 1896 2950 1949 alvi
3002 1898 3482 1962 prolluvio,jussit

1918 1981 2271 2052 473-575
2337 1983 2686 2038 Mosleminos
2747 1998 2856 2038 tum
2895 1986 3239 2040 Christianos
3284 1997 3335 2038 et
3387 1985 3482 2038 Ju-

1920 2075 2083 2136 daeos,
2149 2083 2334 2128 monte
2384 2075 2477 2144 qui
2539 2075 2902 2128 Almokattam
2971 2077 3289 2144 appellatur,
3345 2092 3481 2129 cou-

1921 2179 2138 2228 sccnso,
2167 2181 2355 2232 preces
2387 2181 2483 2232 pro
2513 2165 2631 2234 ipso
2667 2166 2896 2219 fundere
2923 2183 2936 2219 :
2967 2167 3186 2234 quodet
3215 2167 3482 2230 fecerunt,

1922 2260 2158 2304 montem
2217 2253 2269 2304 in
2330 2254 2535 2307 classes
2587 2268 2718 2306 suas
2771 2253 3049 2308 distributi
3107 2255 3482 2314 ascendentes,

1917 2350 2080 2409 atque
2117 2358 2216 2410 pro
2247 2358 2311 2396 eo
2347 2352 2593 2398 orantes.
2646 2342 2892 2398 Mortuus
2939 2354 3022 2399 est
3079 2356 3258 2399 autem
3296 2343 3486 2398 morbo

1921 2431 2026 2483 isto
2058 2433 2144 2486 die
2191 2432 2475 2487 Dominico
2531 2438 2746 2491 decimo
2796 2446 2923 2492 ante
2975 2437 3184 2490 finitum
3243 2450 3484 2489 mensem

1905 2519 2175 2574 Dilkaada
2231 2537 2376 2576 anno
2410 2526 2788 2579 ducentesimo
2837 2525 3261 2594 septuagesimo.
3294 2523 3484 2592 Sepul«

1919 2620 2113 2677 Iusque
2146 2620 2227 2666 est
2261 2613 2314 2665 in
2342 2613 2726 2666 Almokattam.

1990 2701 2392 2758 Convenientes
2428 2721 2558 2774 ergo
2594 2707 2786 2771 duces,
2835 2706 2946 2762 tilio
2975 2707 3148 2775 ipsius
3185 2706 3486 2773 AlAhbaso,
3526 2713 3539 2726 '

1920 2794 2012 2859 qui
2051 2803 2176 2846 natu
2227 2798 2498 2848 maximus
2555 2797 2676 2860 fuit,
2723 2799 2930 2864 occiso,
2978 2797 3081 2851 sibi
3114 2798 3280 2850 filium
3317 2798 3488 2866 ipsius

1919 2891 2048 2935 natu
2082 2885 2345 2938 minorem
2387 2885 2892 2952 Chamarawaihutn
2944 2886 3059 2939 Ehn
3113 2887 3321 2940 Altmed
3372 2885 3485 2938 Elin

1920 2972 2090 3025 Tolun
2136 2976 2530 3041 prmfecerunt,’
2572 2992 2745 3047 annos
2795 2977 3084 3031 habentem
3131 2977 3342 3043 viginti.
3391 2977 3486 3030 llic

1925 3078 2048 3116 cum
2086 3065 2137 3117 in
2168 3065 2379 3135 Syriam
2413 3068 2801 3120 DamaScenam
2828 3069 3013 3136 copias
3037 3067 3298 3128 duxisset,
3325 3077 3486 3134 atque

236 3168 348 3210 est.
391 3161 557 3212 Anno
608 3161 902 3222 chalitatus
956 3165 1199 3232 ejusdem
1239 3166 1452 3223 deéimo
1487 3172 1820 3226 constitutus
1849 3183 1891 3240 ο
1926 3155 1976 3206 Ῐη
2011 3170 2298 3208 occursum
2354 3156 2456 3221 ῖβεί
2507 3157 2799 3224 l’I‘OdiiS'Scl
2849 3157 2968 3210 Ab“
3004 3157 3262 3212 M‘Wbﬂs
3313 3158 3484 3211 Ειηιυι

235 3259 325 3304 est
377 3250 554 3313 Elias,
607 3251 844 3307 Mansuri
902 3258 1015 3326 (qui
1073 3257 1408 3314 Mosleminis
1445 3261 1500 3314 in
1560 3265 1820 3332 capienda

241 3335 525 3391 Damasco
555 3352 712 3406 Opem
763 3342 909 3405 tulit,
944 3344 1173 3415 ideoque
1215 3350 1313 3415 per
1341 3336 1525 3402 totum,
1560 3353 1820 3406 mundmn

239 3429 384 3483 diris
441 3433 672 3484 devotus
721 3433 827 3502 est)
865 3433 1030 3501 filius,
1072 3436 1378 3504 patriarcha
1426 3438 1815 3513 Hierosolymi-

241 3531 450 3585 tanus;
499 3521 587 3575 ubi
650 3537 772 3576 cum
825 3539 999 3579 annos
1057 3526 1246 3593 viginti
1297 3543 1488 3582 novem
1553 3534 1820 3597 sedisset,

243 3623 506 3667 mortuus
539 3623 644 3668 est.
682 3614 850 3670 Porro
873 3617 1006 3671 obiit
1038 3619 1260 3672 Michael
1287 3619 1491 3674 Bicami
1527 3624 1688 3689 ﬁlius,
1727 3642 1824 3692 pa-

151 3705 156 3709 ’
248 3707 500 3759 triarcha
537 3705 949 3786 Alexandrinus
982 3725 1126 3763 anno
1151 3711 1528 3766 ducentesimo
1554 3716 1824 3784 quinqua-

245 3797 472 3861 gesimo
510 3806 687 3863 sexto,
744 3809 906 3868 atque
951 3801 1006 3854 in
1047 3801 1178 3854 urbe
1211 3800 1390 3855 Burah
1443 3805 1686 3872 sepultus
1718 3817 1821 3861 est.

245 3884 606 3942 Constit'utus
657 3899 738 3944 est
776 3898 897 3960 post
941 3890 1119 3955 ipsum
1171 3890 1398 3944 Michael
1447 3895 1826 3960 nationeﬂo-

220 3964 455 4030 ‘manus
500 3977 616 4044 (vel
673 3978 974 4033 secundum
1010 3979 1154 4032 aliud
1194 3980 1472 4047 exemplar
1523 3982 1822 4053 Azzens’is)

247 4068 566 4134 patriarcha
591 4063 1013 4133 Alexandrinus,
1039 4089 1183 4127 anno
1213 4074 1503 4127 chalifatus
1526 4075 1821 4128 Almotam-

253 4160 400 4212 medi
432 4161 616 4222 tertio,
653 4162 742 4228 qui
779 4171 863 4216 est
895 4162 1303 4218 ducentesimus
1334 4167 1821 4234 quinquagesinms

249 4259 486 4304 octavus
518 4268 531 4303 :
569 4267 742 4324 annos
779 4253 997 4321 triginta
1037 4262 1272 4322 quatuor
1303 4258 1462 4320 sedit,
1511 4258 1633 4311 dein
1667 4261 1820 4323 obiit,

253 4341 513 4396 videlicet
556 4358 699 4396 anno
733 4344 1106 4400 ducentesimo
1153 4349 1508 4416 nonagesimo
1561 4351 1818 4412 secundo,

253 4441 420 4498 atque
453 4431 790 4486 Alckandrite
817 4436 1084 4503 sepultus.

1922 3245 2248 3309 Mowafleki,
2287 3247 2641 3301 commissum
2677 3257 2758 3302 est
2807 3248 2945 3301 inter
2973 3249 3119 3317 ipsos
3153 3250 3395 3317 prmlium
3432 3250 3482 3301 in
3567 3250 3570 3254 ’

1921 3335 2299 3390 AlT’awtbain
2349 3353 2379 3392 e
2424 3339 2632 3392 ditiOne
2687 3338 3009 3403 Pulmstinze,
3061 3341 3148 3394 ubi
3201 3343 3251 3394 in
3308 3343 3484 3404 fugam

1921 3442 2109 3480 versus
2157 3427 2638 3483 Chamarawu‘ihus
2697 3431 2810 3483 Ebn
2867 3431 3078 3484 Ahmed
3135 3431 3249 3486 Ebn
3305 3433 3482 3487 Toluu

1922 3517 2070 3572 solus
2109 3519 2157 3570 in
2195 3518 2484 3588 Egyptum
2539 3535 2792 3575 reversus
2845 3529 2963 3586 est,
3021 3522 3237 3577 lassatis
3293 3526 3345 3578 in
3400 3527 3481 3578 vin

1924 3611 2164 3677 quinque
2218 3611 2509 3676 jumentis,
2570 3628 2760 3680 magna
2812 3619 2993 3668 autem
3043 3614 3315 3669 sociorum
3366 3617 3484 3680 ejus

1924 3708 2136 3767 strages
2165 3701 2308 3754 edita
2340 3710 2444 3763 est,
2475 3703 2645 3770 potito
2673 3702 2812 3754 Abul
2838 3702 3056 3756 Abbaso
3087 3703 3339 3755 omnibus
3368 3719 3484 3769 qua:

1924 3791 2188 3844 exercitui
2223 3793 2340 3861 ejus
2393 3792 2634 3847 fuerunt.
2683 3792 2925 3847 Fuerunt
2969 3800 3148 3846 autem
3193 3795 3484 3846 (Ihamnra-

1925 3882 2100 3934 waiho
2132 3882 2329 3936 milites
2382 3882 2434 3935 in
2491 3883 2705 3937 insidiis
2751 3884 2909 3952 positi
2949 3883 3041 3951 qui
3080 3883 3216 3951 toga:
3257 3895 3483 3937 caetero-

1925 3989 2042 4027 rum
2076 3975 2243 4027 nescii
2270 3983 2444 4028 erant.
2486 3974 2688 4028 Horum
2725 3977 2814 4030 ubi
2847 3975 2997 4044 signa
3025 3987 3390 4044 apparuerunt
3418 3979 3482 4030 iis

1923 4068 2233 4134 conspectis
2265 4069 2405 4120 Abul
2448 4069 2628 4122 Abbas
2662 4081 2711 4120 et
2745 4069 2913 4135 ipsius
2944 4072 3192 4131 comites,
3231 4070 3481 4122 omnibus

1925 4174 2045 4223 (μυξη
2082 4161 2362 4213 consecuti
2408 4159 2624 4212 fuerant
2658 4161 2884 4221 relictis,
2936 4161 2988 4212 in
3025 4163 3200 4228 fugam
3237 4177 3293 4212 se
3326 4162 3483 4212 dede-

1924 4261 2046 4303 ruut
2102 4261 2262 4320 atque
2320 4255 2457 4306 inter
2504 4253 2820 4321 fugiendum
2878 4253 3029 4304 tnulti
3082 4267 3146 4305 ex
3200 4254 3263 4304 iis
3314 4255 3477 4305 esesi:

1921 4359 2088 4406 quare
2127 4344 2480 4409 redeuntibus
2531 4343 2969 4397 Chamarawaihi
3024 4343 3190 4395 sociis
3245 4344 3482 4394 collecta:

1927 4443 2055 4487 sunt
2084 4435 2208 4486 item
2241 4437 2408 4503 Copiae
2441 4445 2600 4502 atque
2656 4437 2704 4487 iu
2748 4435 3037 4503 lEgypttlttl
3078 4451 3322 4492 reversze.
3358 4451 3478 4486 cum

327 4521 578 4577 Mortuus
616 4534 700 4578 est
748 4526 910 4577 etiam
951 4524 1184 4578 Basilius
1240 4525 1604 4581 Routanorom
1652 4531 1814 4599 impc-
1853 4507 1900 4564 Ῐ)
1927 4524 2377 4590 Chainarawaiho
2421 4525 2804 4579 substiterunt.
2857 4527 3041 4579 Rediit
3082 4527 3245 4596 476
3300 4537 3478 4578 autem

260 4626 433 4678 rator,
468 4613 792 4669 succedente
829 4616 927 4683 ipsi
969 4616 1082 4669 ﬁlio
1141 4618 1311 4685 ipsius
1353 4617 1549 4682 Leone,
1598 4615 1690 4687 q'ui
1741 4639 1824 4673 sa-

262 4704 420 4772 piens
470 4706 569 4759 fuit
602 4713 655 4760 et
698 4693 1076 4776 philosophus.
1127 4709 1299 4762 Porro
1323 4726 1496 4785 _anno
1535 4712 1822 4766 chahfatus

263 4798 676 4852 Almotammedi
713 4807 924 4861 octavo,
980 4807 1144 4852 natus
1193 4808 1276 4852 est
1322 4800 1483 4869 472
1532 4800 1656 4854 Said
1709 4803 1821 4856 Ebn

263 4888 766 4954 Batrik,-medicus,
798 4889 885 4943 die
917 4889 1214 4943 Dominico.
1245 4893 1406 4948 tertio
1439 4904 1566 4945 ante
1610 4894 1819 4946 finitum

267 4996 507 5035 mensem
546 4980 626 5033 Dil
654 4979 821 5048 Hajjaa
845 4995 992 5034 anno
1016 4979 1234 5051 [Hejraa]
1263 4981 1637 5035 ducentesimo
1663 4999 1839 5037 sexo--

262 5064 466 5136 liesimo
492 5062 658 5124 tertio
689 5069 884 5123 lunari.
929 5071 1010 5124 Ab
1044 5070 1198 5139 Hejra
1231 5069 1394 5138 igitur
1425 5072 1490 5126 ad
1520 5074 1686 5142 ipsius
1721 5092 1817 5129 na»

266 5165 427 5214 talem
487 5162 610 5214 anni
675 5161 803 5214 sunt
859 5160 1080 5213 ducenti
1142 5162 1532 5230 quinquaginta
1590 5176 1816 5227 quatuor

266 5252 474 5304 solares
506 5251 597 5318 (iis
643 5259 818 5302 autem
864 5249 916 5302 in
953 5250 1176 5303 historia
1210 5260 1451 5319 tempora
1490 5259 1812 5320 computat).

270 5337 313 5389 Α
347 5337 678 5391 Diocletiano
711 5353 838 5391 vero
873 5337 938 5390 ad
986 5338 1228 5407 ejusdem
1264 5341 1409 5394 Saidi
1454 5341 1566 5394 Ebn
1614 5343 1813 5411 Batriki

273 5428 464 5482 medici
504 5430 728 5482 i-atalem
757 5430 880 5482 anni
933 5430 1206 5499 quingenti
1241 5432 1514 5499 sexaginta
1563 5445 1686 5485 octo
1720 5435 1821 5503 (vel

274 5520 569 5573 secundum
642 5520 784 5573 aliud
833 5523 1126 5590 exemplar
1197 5523 1476 5591 quingenti
1538 5527 1824 5591 nonaginta

277 5607 432 5676 duo).
473 5611 513 5660 Α
545 5611 769 5664 Domino
809 5620 996 5667 nostro
1043 5612 1170 5666 Jesu
1219 5613 1435 5668 Christo
1465 5619 1528 5686 ad
1575 5616 1820 5667 eumdem

281 5711 461 5754 natum
522 5704 809 5769 octingenti
862 5705 1141 5771 sexaginta
1197 5713 1338 5758 octo.
1386 5705 1466 5758 Ab
1519 5704 1824 5757 Alexandro

281 5790 423 5843 mille
479 5805 691 5845 erutum
736 5794 1003 5850 octoginta
1050 5812 1262 5849 novent.
1303 5795 1341 5846 Α
1373 5796 1681 5853 captivitate.
1719 5795 1811 5846 liu-

1924 4615 2062 4667 Abul
2100 4615 2281 4668 Abbas
2325 4615 2636 4683 Bagdadum
2669 4614 2910 4685 fugiens,
2946 4629 3107 4685 atque
3141 4633 3168 4669 a
3203 4629 3353 4685 patre
3381 4635 3478 4670 suo

1922 4705 2304 4758 Almowaﬂeko
2344 4708 2410 4760 ob
2464 4707 2598 4759 illud
2651 4711 2793 4776 quo-l
2847 4710 3044 4763 fecerat
3084 4711 3333 4777 culpatus
3375 4723 3473 4762 est.

1920 4794 2092 4850 Fuere
2123 4805 2298 4850 alitem
2329 4797 2775 4850 Chamarawailto
2810 4801 3056 4853 DainaSci
3080 4803 3247 4868 copiae
3279 4803 3473 4854 multas.

1923 4882 2092 4939 Porro
2116 4903 2260 4940 anno
2282 4887 2568 4940 cli-.ilifatus
2592 4882 3004 4943 AlMotamntedi
3027 4890 3241 4944 decimo
3263 4899 3472 4951 octavo,

1923 4981 2011 5046 qui
2039 4978 2211 5047 Hejra;
2236 4981 2645 5034 ducentesimus
2674 4982 3112 5049 septttagesitnns
3137 4981 3252 5042 fuit,
3283 4984 3477 5034 aeridzt

1924 5071 1975 5122 in
2013 5071 2246 5139 [Egypto
2303 5079 2457 5124 terra:
2513 5081 2691 5126 motus
2743 5073 2953 5141 ingens,
3009 5074 3139 5125 adeo
3192 5084 3248 5125 ut
3298 5077 3476 5126 multa:

1922 5171 2238 5217 corruerent
2285 5163 2445 5226 aedes,
2501 5175 2551 5216 et
2605 5180 2793 5231 magna
2851 5165 3123 5217 hominum
3184 5169 3476 5216 multitudo

1925 5253 2141 5316 periret.
2206 5253 2401 5306 Eodem
2476 5270 2617 5307 anno
2686 5257 2828 5306 venit
2902 5254 3156 5307 frumenti
3223 5274 3471 5306 memora

1924 5342 2156 5413 {hlacuc}
2195 5360 2414 5395 “Utunto
2460 5330 2644 5403 aureo,
2699 5343 3000 5408 tnnrtuhjue
3043 5354 3166 5395 sutu
3227 5344 3471 5392 honthurs

1927 5435 2063 5487 fame
2097 5449 2202 5500 piat
2244 5450 2472 5486 attnonze
2505 5433 2753 5490 caritate,
2785 5433 2918 5482 adeo
2955 5443 3011 5484 ut
3046 5434 3135 5484 lini
3175 5450 3349 5485 setnen
3386 5449 3471 5478 m—

1925 5523 2235 5585 tnederent,
2285 5523 2740 5587 implerenturque
2778 5522 2934 5575 Mesri
2982 5523 3164 5588 platea;
3220 5531 3466 5582 lltttt'ltllS,

1922 5628 2057 5680 quos
2085 5613 2301 5664 camelis
2344 5609 2661 5668 ιινιτιιυιιειηι.
2712 5620 2832 5662 octo
2871 5611 3090 5677 singulis
3127 5610 3341 5660 cannulis
3372 5612 3466 5657 i'n-

1925 5704 2148 5770 positos,
2184 5717 2479 5767 magnaque
2517 5699 2646 5764 ipsis
2681 5703 2826 5752 fovea
2859 5701 3049 5754 etl'ossu
3083 5701 3131 5750 in
3181 5701 3345 5765 ἱρίςςιιη
3375 5710 3463 5746 cor

1924 5790 2878 5852 eothiccrcnl.'ltu:t{Quatuoru\tuﬁt
2921 5793 3099 5841 uu-htn
3136 5789 3460 5839 ibihutntnr-
