4082 6446
181 314 360 387 .ttts

1635 331 1992 394 ANNALES.

3267 343 3400 408 iliﬁ

194 446 418 499 νοςθηε
457 441 511 485 ιη
542 433 606 487 ad
641 434 814 504 ipsum
847 438 1161 490 accederem
1184 478 1198 501 ο
1228 454 1337 506 quo
1383 439 1712 508 (Ιίερῑεωθηι
1737 483 1750 505 ,
1785 447 1823 501 Α
1858 454 2016 515 idque
2051 451 2254 504 mensis
2291 451 2584 505 [tatnadaui
2610 464 2819 520 quarto,
2866 470 3006 508 anno
3035 456 3398 509 ducentesimo

184 521 397 578 liceret
444 539 611 577 necne
672 526 770 591 ipsi
816 541 1034 579 uxorem
1070 527 1266 582 ducere

182 624 319 667 tum
345 613 617 681 quispiam
655 616 716 667 ad
747 618 914 682 ipsum
946 617 1222 682 accedere,
1257 619 1356 672 nisi
1388 621 1525 688 quod
1558 624 1753 691 singuli

182 703 428 756 nomine
469 719 568 756 suo
590 706 947 776 485-487
991 708 1218 776 legatum
1255 712 1546 767 mitterent.
1578 717 1652 768 Ac
1681 720 1756 770 le-

177 795 342 857 gatis
387 809 442 846 se
475 795 833 864 adjungentes
865 797 1097 865 episcopi
1131 800 1344 865 quidam
1377 804 1754 860 Constantino-

178 881 331 947 poli,
363 883 429 936 de
455 887 666 952 negotio
704 888 1048 952 imperatoris
1077 890 1437 957 dispicientcs,
1469 896 1746 949 matrimo-

177 970 345 1022 nium
394 974 488 1040 ipsi
552 975 756 1025 licitum
815 979 1230 1043 pronuntiarunt
1265 997 1279 1043 ;
1313 997 1477 1047 quare
1525 1000 1745 1038 uxorem

176 1059 378 1123 duxit,
413 1071 676 1126 natusque
702 1072 783 1115 est
834 1065 928 1130 ipsi
959 1065 1098 1118 ﬁlius
1145 1083 1301 1134 quem
1332 1070 1743 1122 Constantinum

176 1150 514 1215 appellavit.
560 1151 802 1219 (Iutnque
834 1152 1112 1207 Nicolaum
1168 1158 1528 1223 patriarcham
1566 1161 1748 1210 cathe-

173 1235 281 1287 dra
320 1238 663 1299 abdicasset.
699 1243 1026 1296 constitutus
1061 1254 1137 1298 est
1178 1246 1347 1312 ipsius
1395 1247 1508 1297 loco
1554 1247 1746 1298 Antbi-

173 1339 310 1378 mus
358 1329 662 1393 patriarcha
707 1330 1362 1397 Constantinopolitanus.
1397 1331 1538 1386 Obiit
1568 1344 1744 1387 autem

170 1416 513 1496 Almotaded
539 1418 728 1471 Billahi
766 1420 852 1472 die
881 1420 1154 1474 Dominico
1208 1439 1348 1477 nono
1371 1431 1493 1477 ante
1523 1424 1743 1478 Rabiam

173 1502 414 1570 pOSlt‘t‘it
439 1523 548 1558 rem
587 1508 814 1569 ﬁnitum,
857 1524 995 1563 anno
1022 1513 1393 1566 ducentesimo
1421 1517 1745 1583 octogesimo

171 1610 357 1648 nono.
398 1597 514 1648 Fuit
545 1599 827 1651 chaiifalus
858 1602 1020 1667 ipsius
1058 1618 1322 1657 annorum
1373 1620 1582 1663 novem.
1619 1621 1739 1658 cum

173 1687 476 1745 mensibus
515 1703 728 1752 novem,
750 1689 957 1741 dierum
985 1690 1237 1747 duorum.
1277 1694 1461 1746 Annos
1484 1710 1604 1748 cum
1633 1711 1747 1749 mo-

170 1783 408 1828 reretur
440 1776 622 1828 habuit
650 1778 1003 1846 quadraginta
1049 1793 1275 1848 septem.
1332 1784 1659 1851 Praecipitem
1693 1789 1745 1839 in

171 1877 267 1915 res
307 1864 488 1938 ipsius
510 1874 828 1931 potestatem
860 1868 1089 1922 habuere
1115 1869 1288 1924 Badar
1311 1872 1530 1926 libertus
1558 1875 1744 1941 ipsius,

169 1966 228 2009 et
262 1955 590 2009 Ghaidallah
672 1958 784 2010 Ebn
825 1959 1101 2023 Solimaui,
1146 1963 1302 2030 cujus
1336 1965 1387 2015 in
1417 1956 1590 2017 iocum
1621 1983 1747 2018 suc-

172 2046 355 2098 cessit
397 2047 536 2099 tilius
580 2046 748 2114 ipsius
786 2049 846 2100 Al
873 2048 1059 2101 Kasem
1092 2050 1204 2103 Ebn
1247 2051 1602 2108 Obaidallahi.
1631 2055 1749 2108 lt'uit

170 2135 505 2199 Alntotaded
542 2139 781 2205 pulcher,
813 2138 945 2192 facie
967 2150 1019 2193 et
1042 2155 1266 2208 corpore
1299 2143 1549 2206 decorus,
1606 2155 1745 2198 stre-

171 2240 349 2289 nuus,
386 2241 546 2294 Opum
577 2237 758 2279 tenax.

521 2299 914 2385 Chatttazus'At
953 2320 1161 2387 Macta/1
1200 2321 1404 2374 billahi.

245 2406 622 2474 Inauguratus
657 2419 735 2472 est
791 2411 851 2462 Al
887 2410 1097 2463 Moctaﬁ
1153 2413 1263 2477 (qui
1314 2413 1450 2464 idem
1500 2422 1582 2466 est
1628 2414 1742 2466 Abu

174 2495 554 2558 Mohauttned,
591 2497 701 2550 Ebn
745 2500 938 2552 Ahmet
979 2501 1339 2570 Alnmtaded,)
1381 2502 1614 2571 Bagdadi
1650 2522 1744 2557 e0-

168 2589 298 2640 dcm
359 2587 448 2640 die
499 2604 606 2656 quo
647 2590 779 2641 obiit
830 2589 1169 2645 Alutotaded.
1221 2594 1352 2645 Erat
1398 2605 1521 2645 tunc
1565 2605 1738 2648 autem

174 2678 478 2730 Almoctali
535 2678 742 2739 Barcae,
773 2679 1058 2748 misszeque.
1088 2691 1211 2735 sunt
1241 2685 1303 2734 ad
1335 2684 1507 2750 ipsum
1551 2685 1740 2740 litterae

170 2774 224 2816 et
261 2767 536 2832 epistolae,
571 2778 623 2818 ut
657 2767 962 2833 Bagdadum
1001 2772 1300 2833 accederet,
1331 2788 1434 2839 quo
1464 2788 1583 2826 cum
1621 2791 1742 2841 pcr-

175 2857 457 2920 vcnissel,
485 2855 664 2908 sedem
705 2857 771 2908 ibi
814 2858 949 2910 ﬁxit.
980 2857 1146 2911 Mater
1169 2860 1285 2922 eius
1320 2863 1532 2914 nomine
1576 2861 1742 2913 Bach-

173 2946 443 3011 tajacnah
481 2948 605 3008 fuit,
636 2948 743 2998 ﬁlia
775 2947 1039 3002 Alkasemi
1076 2947 1188 3000 Ebn
1213 2928 1547 3002 Obaidallahi
1573 2949 1736 3020 488

1319 546 1332 580 :
1375 539 1427 582 at
1470 532 1636 583 noluit
1667 549 1760 586 eo-

1858 541 2211 608 nonagesinto
2255 550 2444 607 quarto
2488 561 2501 596 :
2556 546 2692 596 sedit
2735 562 2900 600 annos
2947 547 3132 613 viginti
3190 561 3310 601 sex.
3348 553 3401 598 et

1855 644 1948 681 sex
1991 645 2228 692 menses,
2272 631 2391 683 dein
2436 632 2569 685 obiit
2607 649 2620 683 :
2660 636 3006 699 sepultusque
3035 636 3194 686 estin
3229 635 3400 687 eccle-

1853 717 1927 770 sia
1978 717 2270 781 Michaelis,
2307 719 2548 774 Phostati
2587 720 2944 790 Egyptiacze.
2985 726 3137 776 Auno
3167 723 3399 777 chalifa-

1856 819 1942 861 tus
1965 809 2204 875 ejusdem
2240 821 2389 864 sexto
2434 814 2758 864 constitutus
2790 822 2871 865 est
2926 813 3211 878 Georgius,
3264 813 3400 862 Dua-

1843 899 1953 964 jani
1987 899 2145 960 ﬁlius,
2177 902 2477 966 patriarcha
2513 899 3068 968 liierosolymitanus,
3101 901 3189 964 qui
3226 912 3398 958 annos

1845 998 2075 1057 quatuor
2105 999 2157 1042 et
2196 1005 2287 1051 sex
2325 1005 2537 1042 menses
2586 991 2720 1042 sedit
2753 1031 2767 1053 ,
2813 991 2935 1044 dein
2997 998 3244 1041 mortuus
3295 995 3394 1039 est.
3461 998 3470 1003 ‘

1845 1079 2014 1142 Pprro
2049 1080 2249 1144 prodiit
2306 1079 2358 1129 in
2412 1078 2565 1146 Syria
2634 1079 2866 1144 rebellis,
2931 1081 3149 1133 nomine
3215 1077 3400 1129 lsmael

1845 1167 2250 1230 Karmatianus,
2283 1183 2403 1221 cum
2443 1168 2689 1220 Damasci
2721 1178 2861 1221 esset
2905 1171 3120 1221 nomine
3165 1170 3404 1221 Chamav

1847 1257 2068 1309 rawaihi
2106 1258 2217 1310 Ebn
2250 1258 2480 1320 Ahmed,
2515 1259 2629 1312 Ebn
2665 1259 2880 1320 Toluni,
2911 1259 3078 1326 Tuguj
3131 1262 3240 1313 Elin
3288 1262 3398 1314 lofﬁ

1844 1345 2257 1416 Pharganensis;
2292 1349 2381 1416 qui
2413 1349 2478 1400 ab
2507 1348 2730 1403 lsmaele
2757 1350 3106 1404 Karmatiano
3134 1353 3184 1403 in
3215 1353 3393 1419 fugam

1844 1451 2036 1516 versus
2056 1446 2139 1491 est
2170 1446 2291 1505 post
2322 1440 2490 1492 multa
2526 1440 2664 1492 inter
2696 1442 2843 1508 ipsos
2873 1441 3161 1494 commissa
3194 1443 3395 1507 prrelia,

1843 1527 1997 1581 czesis
2031 1543 2059 1579 e
2085 1528 2373 1581 comitibus
2401 1529 2516 1596 ejus
2538 1530 2743 1582 multis.
2784 1531 3039 1584 Scribens
3069 1547 3196 1599 ergo
3234 1532 3402 1600 Teguj

1853 1617 1916 1668 ad
1949 1616 2218 1671 Harunent
2247 1617 2677 1671 Chamarawaihi
2711 1619 2872 1671 ﬁlium
2901 1620 3073 1686 ipsum
3107 1623 3181 1674 rei
3208 1625 3406 1674 certio-

1855 1723 1964 1760 rem
2005 1708 2145 1762 fecit.
2183 1707 2325 1761 Misit
2373 1724 2499 1777 ergo
2533 1709 2598 1761 ad
2654 1709 2830 1776 ipsum
2883 1708 3062 1761 Harun
3107 1715 3401 1763 exercitum

1850 1814 2123 1866 magnum,
2157 1798 2207 1850 in
2235 1813 2342 1866 quo
2369 1807 2521 1850 erant
2543 1815 2727 1860 omnes
2758 1798 3140 1852 Tolonensium
3182 1788 3398 1854 nomine

1847 1887 2082 1953 insignes
2107 1903 2120 1948 ;
2164 1886 2619 1953 commissumque
2646 1897 2727 1940 est
2756 1887 2991 1954 praelium
3030 1887 3166 1937 inter
3195 1888 3404 1940 exerci-

1848 1985 1933 2029 tus
1963 1976 2200 2042 ipsorqu
2237 1975 2288 2025 in
2321 1975 2440 2026 vico
2477 1974 2720 2027 Canacar
2750 1975 2914 2037 dicto,
2951 1974 3175 2027 ditionis
3207 1973 3404 2026 Dama-

1847 2079 2050 2125 scenze,
2100 2065 2218 2117 loco
2274 2079 2432 2132 quem
2484 2065 2553 2116 ‘Al
2605 2064 2904 2130 Asrapham
2954 2074 3177 2124 vocant,
3223 2079 3404 2118 uensc

1846 2155 2034 2224 Rajeb,
2064 2169 2204 2207 anno
2231 2153 2606 2208 ducentesimo
2636 2155 2966 2222 octogesimo
2992 2170 3133 2207 nono
3166 2170 3175 2198 τ
3203 2164 3256 2207 et
3277 2164 3398 2221 post

1843 2246 2150 2312 frequentes
2192 2245 2329 2296 inter
2377 2245 2524 2311 ipsos
2569 2255 2771 2314 pugnas
2808 2245 3122 2298 interfectus
3151 2253 3230 2298 est
3262 2244 3400 2296 Kar—

1841 2337 2135 2394 matiauus,
2171 2335 2324 2388 caesis
2359 2350 2424 2386 ex
2459 2343 2689 2403 utroque
2725 2329 2974 2389 exercitu'
3012 2335 3198 2401 viginti
3231 2335 3388 2386 circi-

1844 2436 1925 2479 ter
1961 2427 2238 2478 hominum
2283 2425 2549 2484 millibus,
2583 2440 2815 2490 quorum
2856 2435 2907 2478 et
2953 2425 3170 2490 utrique
3203 2425 3256 2476 in
3313 2422 3398 2474 fu-

1844 2531 1965 2585 gam
1994 2533 2050 2569 se
2090 2516 2389 2577 dederunt;
2431 2515 2734 2582 petentibus
2769 2515 2860 2582 qui
2908 2528 2971 2566 ex
3018 2509 3273 2563 Harumis
3312 2525 3404 2563 co-

1846 2609 1948 2677 piis
1984 2608 2305 2672 superstites
2343 2606 2580 2665 fuerunt,
2614 2603 2931 2656 Damascum
2961 2612 3012 2654 et
3036 2599 3396 2661 Tiberiadem;

1837 2699 1928 2767 qui
1963 2695 2557 2766 e,Karmatiani,492
2592 2693 2846 2746 llamsum
2884 2690 3220 2762 [Emissam],
3257 2705 3445 2742 man~.

1839 2796 2130 2854 seruntque
2173 2787 2412 2838 Damasci
2445 2800 2508 2837 ex
2541 2783 2775 2837 Harunis
2813 2782 2984 2847 copiis
3022 2780 3239 2848 quidam
3266 2794 3395 2831 cum

1841 2877 2300 2945 BadroAljamami
2331 2877 2495 2930 dicto.
2515 2874 2642 2927 Fuit
2665 2882 2840 2926 autem
2865 2872 3211 2924 Karmatiano
3235 2871 3412 2922 frater

1843 2967 1905 3018 Al
1938 2966 2121 3032 Najetn
2163 2966 2481 3034 appellatus;
2524 2963 2616 3032 qui
2647 2962 2985 3030 congregatis
3011 2961 3161 3028 quie
3207 2959 3392 3012 fratris

82 3041 84 3048 '
170 3034 289 3088 Ebn
318 3036 611 3099 Solimani,
634 3039 747 3090 Ebn
775 3039 1024 3092 Waltabi.
1053 3040 1322 3093 Abbasum
1358 3042 1523 3093 Ebbol
1555 3041 1734 3102 llasun
1765 3045 1923 3111 Csui
1959 3057 2200 3109 ρχρηιίιυ
2239 3055 2432 3122 reliqui
2478 3062 2636 3106 erant,
2661 3093 2675 3115 ,
2725 3051 2910 3116 copias
2959 3049 3196 3117 collegit,
3245 3059 3298 3102 et
3343 3047 3401 3102 in

171 3127 627 3183 Maderanensetn
680 3129 916 3183 scribam
947 3131 1169 3185 adscivit
1228 3141 1388 3200 atque
1438 3133 1509 3186 illi
1556 3148 1640 3186 res
1684 3134 1734 3186 in

171 3218 428 3272 ordinem
461 3220 694 3288 redactae
725 3230 868 3274 sunt.
903 3223 1058 3275 Anno
1089 3222 1389 3276 Chalifatus
1447 3224 1732 3276 Almoctaﬁ

172 3309 448 3371 secundo,
483 3313 569 3376 qui
612 3318 694 3362 est
727 3310 1129 3365 ducentesimus
1165 3313 1570 3378 nonagesimns,
1611 3309 1739 3380 pcr-

174 3403 300 3471 tigit
350 3402 506 3455 Nilus
556 3404 905 3474 Egyptiacns
960 3406 1167 3460 cubitos
1215 3416 1418 3460 tantum
1452 3410 1735 3462 .tredecim

172 3509 301 3547 cum
336 3495 548 3549 dtmbus
572 3496 770 3564 digitis.
803 3496 976 3561 Quare
1004 3499 1204 3565 egressi
1242 3508 1365 3551 sunt
1399 3499 1733 3563 Moslemini,

172 3586 515 3651 Christiani,
547 3600 598 3641 et
623 3589 788 3642 Judaei
826 3590 889 3640 ad
917 3598 1108 3656 aquam
1148 3591 1400 3656 precibus
1440 3591 1736 3666 impetran-

174 3680 328 3739 dam,
360 3694 463 3732 nec
494 3691 668 3734 tamen
699 3681 866 3734 crevit
893 3695 1029 3748 aqua
1066 3681 1207 3734 ultra
1241 3680 1365 3732 illud
1415 3681 1553 3748 quod
1597 3681 1739 3734 dixi-

176 3783 346 3834 mus;
383 3771 577 3823 deinde
626 3772 866 3824 recessit.
914 3770 1069 3824 Anno
1126 3771 1282 3824 tertio
1334 3771 1624 3824 chatifatus
1674 3771 1737 3823 Al

178 3861 401 3914 Moctaﬁ
442 3863 771 3916 constitutus
819 3872 900 3915 est
936 3861 1076 3915 Elias
1102 3863 1404 3930 patriarcha
1450 3861 1740 3914 Antioche-

180 3966 323 4016 nus;
357 3951 452 4020 qui
491 3953 720 4019 s’criptor
769 3952 903 4014 fuit;
949 3967 1116 4004 annos
1168 3953 1306 4005 sedit
1359 3951 1544 4019 viginti
1593 3959 1738 4014 octo,

179 4041 304 4097 dein
353 4053 599 4096 mortuus
627 4051 727 4097 est.
758 4042 924 4110 Capta
959 4050 1041 4094 est
1075 4044 1203 4096 urbs
1253 4042 1496 4094 Seleucia
1533 4057 1562 4094 e
1595 4049 1738 4092 terra

181 4131 559 4188 Romanorum
592 4149 778 4188 mense
799 4133 964 4186 Rabi‘a
1000 4132 1308 4200 posteriori,
1333 4131 1470 4184 unde
1497 4129 1738 4198 captivos

179 4225 236 4278 in
269 4225 562 4295 Egyptian:
595 4226 890 4278 attulerunt
919 4239 1102 4278 mense
1129 4222 1317 4290 Rajeb,
1345 4237 1489 4274 anno
1534 4220 1740 4272 ducen-

179 4318 379 4368 tesimo
432 4317 805 4383 nonagesimo.
855 4317 1008 4368 Anno
1041 4313 1331 4367 chalifatus
1375 4312 1612 4379 ejusdem
1651 4327 1772 4364 ser

181 4402 363 4458 eundo
391 4411 633 4456 mortuus
659 4412 743 4456 est
764 4401 984 4455 Michael
1015 4400 1317 4469 patriarcha
1337 4398 1733 4452 Alexandrinus
1773 4403 1819 4462 D
1849 4398 2088 4465 patibulo
2118 4398 2283 4448 atiixit
2311 4398 2461 4465 prius
2494 4392 2792 4450 cruciatum
2837 4407 2851 4446 :

181 4495 271 4561 die
299 4495 584 4548 Dominico
613 4535 630 4556 ,
658 4502 809 4546 sexto
849 4502 972 4545 ante
1005 4491 1212 4558 ﬁnitum
1261 4505 1502 4543 mensem
1540 4489 1736 4540 [tama-

181 4584 312 4646 dan,
370 4597 512 4634 anno
559 4582 929 4636 ducentesimo
954 4581 1340 4646 nonagesimo;
1373 4579 1737 4649 patriarchatu

183 4673 406 4728 functus
439 4675 642 4739 triginti
674 4683 906 4743 quatuor
937 4673 1095 4727 annis
1122 4689 1135 4725 :
1165 4673 1478 4740 vacavitque
1506 4680 1627 4740 post
1656 4670 1737 4739 ip-

185 4777 306 4816 sum
340 4762 600 4816 cathedra
628 4761 986 4815 Alexandrina
1035 4761 1340 4828 patriarcha
1379 4769 1610 4828 quatuor
1650 4773 1746 4811 an-

185 4864 311 4909 nos.
343 4851 503 4904 Anno
552 4852 753 4919 quinto
795 4851 1088 4936 cbalifatus
1124 4849 1363 4916 ejusdem
1417 4849 1742 4903 constitutus

187 4941 683 4996 estChristodulus
743 4941 1052 4995 Halebensis
1081 4941 1384 5009 patriarcha
1425 4939 1740 4992 Alexandri-

189 5042 327 5095 ltus;
355 5041 569 5086 creatus
597 5039 679 5086 est
715 5030 1097 5100 Hierosolymis
1129 5031 1214 5082 die
1257 5028 1476 5084 Sabbati
1513 5029 1730 5096 magni,

197 5123 386 5188 quinto
421 5125 622 5176 mensis
638 5124 802 5176 Nisan
826 5162 842 5185 ,
873 5121 1153 5176 Barmudze
1183 5122 1431 5190 septimo.
1452 5118 1545 5173 Die
1561 5131 1739 5172 autem

189 5209 424 5267 Iomadae
463 5213 774 5281 posterioris
809 5211 1014 5266 decimo
1034 5226 1177 5265 nono
1211 5211 1544 5266 consecravit
1565 5211 1740 5273 ipsum

198 5296 347 5354 Elias
375 5301 517 5356 illius
557 5302 825 5356 Mans‘oris
855 5303 1161 5369 patriarcha
1197 5300 1740 5368 Hierosolymitanus.

197 5387 441 5458 Cumque
473 5393 846 5447 Alexandriam
892 5392 1168 5455 venisset,
1197 5392 1448 5444 dixerunt
1495 5391 1644 5442 urbis
1680 5391 1744 5440 il-

199 5478 304 5532 lius
339 5479 523 5535 incolae
553 5501 566 5536 :
596 5482 855 5537 Nolumus
899 5483 1062 5545 hunc,
1115 5482 1217 5536 nisi
1273 5481 1512 5548 repetitis
1552 5480 1741 5550 489—

207 5565 363 5637 491
419 5570 670 5639 precibus
716 5570 933 5642 [quibus
979 5569 1348 5641 consecratur]
1395 5557 1734 5636 patriarcha:

197 5671 363 5736 quare
405 5675 590 5739 preces
627 5662 1008 5735 patriarcbales
1045 5676 1257 5716 rursum
1307 5660 1670 5714 adhibuerunt
1719 5679 1729 5711 :

1840 3157 2020 3214 partes
2048 3146 2271 3202 Emissa:
2319 3143 2538 3210 prodiit.
2583 3143 2644 3194 Al
2680 3139 2953 3206 Moktaphi
3003 3139 3166 3208 igitur
3212 3137 3399 3190 audito

1840 3232 2246 3286 Karmatianum
2279 3228 2496 3298 ,Ευριί
2535 3227 2805 3280 exercitus
2838 3226 3054 3292 fugasse
3103 3233 3266 3291 atque
3311 3223 3400 3275 in-

1837 3325 2108 3385 lirmasse,
2148 3321 2302 3375 caesis
2345 3319 2714 3388 Egyptiorum
2737 3316 3044 3370 fortissimis
3075 3315 3401 3383 quibusque,

1844 3395 2297 3483 spenlr’c’ttuncepit
2339 3409 2610 3478 capienda:
2655 3408 2889 3477 Egypti,
2950 3407 3219 3493 missoque
3272 3403 3387 3456 Mo-

1847 3503 2098 3556 hammed
2132 3501 2243 3554 Ehn
2276 3500 2535 3563 Soliman,
2571 3496 3166 3571 cuiprazstantissiutos
3201 3496 3394 3549 ducum

1840 3608 2062 3646 suetum
2098 3608 2218 3645 cum
2258 3591 2489 3645 exercitu
2527 3605 2718 3658 magno
2741 3588 3002 3656 adiunxit,
3045 3585 3239 3654 prodiit
3287 3585 3401 3653 ipse

1843 3683 2092 3744 Baccam,
2156 3682 2333 3746 ibique
2365 3679 2624 3732 substitit.
2679 3669 3014 3730 Mohammed
3055 3682 3230 3726 autem
3282 3673 3397 3727 Ebn

1843 3773 2082 3826 Soliman
2122 3771 2211 3823 ubi
2248 3770 2505 3822 Emissatu
2531 3769 2864 3834 pervenisset
2884 3765 3143 3830 Alnajemi
3169 3760 3395 3814 Karma-

1854 3863 1980 3914 tiani
2007 3861 2193 3928 copias
2223 3858 2379 3922 fudit,
2413 3858 2587 3924 captis
2615 3873 2643 3910 e
2671 3855 2959 3909 comitibus
2992 3853 3160 3920 ipsius
3194 3850 3400 3918 septin-

1842 3951 2049 4019 gentis;
2100 3943 2480 4000 Karmatianus
2526 3959 2652 3998 vero
2697 3943 2950 4013 fugiens,
2997 3943 3115 3994 loco
3149 3943 3209 3993 Al
3250 3939 3397 3992 Dalia

1837 4039 2100 4107 appellato
2131 4043 2500 4105 repertus—est,
2522 4049 2679 4103 quem
2709 4051 2828 4089 cum
2865 4034 3152 4088 comitibus
3193 4031 3398 4098 septin-

1838 4128 2018 4200 gentis
2047 4113 2114 4179 ad
2149 4127 2212 4178 Al
2245 4125 2550 4179 Mectaﬁum
2600 4123 2927 4177 AlRakkam
2979 4123 3124 4174 misit
3151 4121 3398 4173 Moham-

1836 4220 1963 4283 med
1998 4218 2108 4271 Ebu
2143 4215 2406 4281 Soliman,
2435 4217 2520 4270 cui
2567 4215 2874 4284 Bagdadum
2907 4213 3166 4291 perducto
3195 4211 3393 4265 collum

1849 4324 2011 4376 super
2042 4308 2278 4367 tabulato
2325 4308 2563 4375 prazcidit
2636 4306 2699 4359 Al
2758 4303 3058 4366 Moctaftus,
3113 4304 3396 4368 ipsumque

2897 4394 3026 4460 quin
3079 4401 3133 4456 et
3171 4391 3394 4444 comites

1836 4487 2006 4555 ipsius
2047 4487 2415 4556 septingentos
2439 4495 2609 4540 morte
2637 4484 2837 4547 affecit,
2865 4495 3090 4548 quorum
3119 4479 3238 4531 aliis
3259 4478 3394 4530 colla

1838 4593 2001 4644 super
2042 4577 2280 4630 tabulato
2321 4576 2588 4645 praecidit,
2631 4576 2885 4643 ipsosque
2921 4574 3168 4642 patibulo
3204 4572 3389 4632 aﬂixit;

1840 4667 2243 4737 alios‘mauibus
2275 4668 2611 4736 pedibusQue
2653 4665 2952 4719 truncavit.
3006 4663 3234 4716 Profecti
3267 4670 3390 4725 sunt

1839 4752 2134 4810 Ahnoctaﬁi
2164 4760 2432 4812 exercitus
2473 4772 2595 4810 cum
2626 4755 2990 4809 Mohammede
3017 4753 3130 4806 Ebn
3151 4751 3385 4804 Soliman

1840 4848 2205 4910 Damascum,
2259 4849 2347 4900 ubi
2406 4848 2456 4900 in
2497 4841 2882 4900 Mohammedis
2927 4845 3080 4896 ﬁdem
3129 4858 3186 4894 se
3245 4839 3390 4891 dedit

1842 4938 2048 4992 Badrus
2087 4937 2365 5005 Aljamami
2408 4953 2511 4990 una
2543 4951 2676 4990 cum
2708 4937 2772 4990 iis
2811 4950 2928 5003 quae
2957 4935 3057 5001 ipsi
3096 4933 3386 4986 adfuerunt

1841 5031 2013 5097 copiis
2047 5045 2060 5080 :
2097 5030 2220 5081 hinc
2253 5028 2527 5096 profectus
2552 5038 2634 5082 est
2659 5025 2996 5081 Mobammed
3024 5024 3391 5081 Palmstinam,

1841 5137 1948 5189 quo
1977 5121 2028 5172 in
2059 5119 2347 5187 Algyptum
2382 5119 2500 5173 iret.

1913 5209 2093 5262 Harun
2124 5211 2240 5262 liba
2279 5206 2706 5262 Chamarawaihi
2764 5204 2948 5272 igitur,
2980 5203 3161 5253 auditu
3205 5200 3384 5270 copias

1839 5310 2000 5367 atque
2030 5302 2300 5354 exercitus
2329 5297 2677 5368 493-495
2715 5296 2887 5368 ipsum
2916 5309 3108 5346 versus
3139 5293 3376 5352 tendere,

1839 5405 2087 5457 egressus
2117 5388 2168 5440 in
2208 5389 2379 5440 locum
2407 5389 2497 5454 qui
2528 5387 2587 5436 Al
2620 5383 2852 5434 Abhasia
2889 5382 3108 5442 dicitur,
3138 5394 3198 5431 ea
3224 5387 3379 5430 terrm.

1840 5475 2170 5546 Egyptiacre
2216 5489 2363 5546 parte
2410 5491 2525 5542 qua:
2566 5475 2808 5540 Alhauph
2861 5469 3078 5542 [audin]
3129 5469 3211 5544 ibi.
3246 5483 3368 5520 cum

1837 5570 2060 5622 ducibus
2092 5570 2202 5621 suis
2247 5581 2542 5634 magnaque
2583 5566 2816 5616 virorum
2866 5561 3202 5615 multitudine
3238 5559 3372 5610 sub-

1837 5661 1990 5720 stitit,
2016 5657 2361 5711 Muhatutncdi
2395 5658 2506 5710 libr.
2533 5657 2767 5709 Solintau
2793 5667 3138 5713 occursurus,
3171 5661 3223 5703 et
3251 5665 3373 5702 cum
3440 5709 3442 5712 ν
