4142 6444
620 416 749 479 1147

1596 407 1960 469 EUTYCHII
2009 407 2047 464 Α
2061 403 2251 465 LEXA
2265 403 2534 462 NDRiNl
2578 404 2793 462 PATR.

3687 407 3812 471 ttts

617 539 680 576 eo
729 522 871 576 bello
919 521 1236 575 decretoriis
1316 519 1492 572 Naves
1555 519 1771 574 interim
1829 498 2116 569 Almoctafi'
2148 552 2162 572 .
2195 513 2237 572 Α
2266 509 2500 566 Phateco
2533 512 2706 580 ipsius
2753 513 2966 576 liberto,
3000 513 3307 585 ducumque
3356 517 3540 579 σφω’,
3599 515 3809 572 obviam

621 611 759 663 flexo
797 611 850 663 in
887 610 1021 663 mari
1058 625 1218 663 cursu
1246 649 1261 670 ,
1315 625 1379 662 ex
1449 617 1600 675 parte
1645 607 1867 660 Tennisi
1937 606 2170 658 tlitiones

619 701 836 772 Egypti
868 701 1098 768 ejusque
1119 699 1275 754 villas
1301 701 1557 767 ingressa:
1581 706 1729 751 sunt.
1771 696 2005 749 Navibus
2031 711 2167 762 pra—

617 793 790 847 fectus
820 789 920 842 fuit
945 789 1238 844 Damianus
1267 789 1508 849 Grzcns.
1540 787 1766 842 Profecti
1793 803 1921 855 ergo
1950 787 2168 856 quidam

619 897 648 932 θ
681 881 911 933 ducibus
930 878 1183 942 Harunis,
1213 881 1469 933 Damiano
1504 883 1554 932 in
1589 880 1706 952 vico
1732 877 1992 931 Tanubab
2025 878 2172 931 dicto

619 981 1018 1037 occurrerunt,
1050 971 1140 1024 ubi
1173 967 1580 1031 concurrentes,
1607 985 1728 1023 cum
1761 984 1939 1038 pugna
1968 976 2171 1022 certas-

623 1067 766 1118 sent,
819 1069 965 1128 terga
1011 1060 1274 1114 dederunt
1305 1063 1464 1114 duces
1497 1059 1753 1113 Ilarunis.
1783 1058 1987 1112 Sliiban
2010 1058 2172 1110 etiam

623 1149 736 1202 Ebn
767 1149 1129 1216 Mobammed,
1169 1151 1278 1205 Ebn
1307 1151 1501 1212 Tolun,
1538 1149 1770 1203 flarunis
1798 1147 1908 1201 Ebn
1945 1147 2180 1201 Chama-

621 1239 844 1292 rawailai
880 1251 1128 1308 patruus,
1150 1240 1418 1294 Harunem
1446 1241 1668 1293 adortus
1695 1240 1871 1307 ipsum
1906 1237 2178 1292 interfecit

620 1330 710 1382 die
744 1331 1041 1397 Dominico,
1077 1325 1276 1386 mensis
1327 1331 1483 1385 Safur
1527 1331 1740 1384 decimo
1783 1340 1997 1392 octavo,
2034 1343 2176 1381 anno

617 1416 994 1472 ducentesimo
1041 1420 1392 1489 nonagesimo
1433 1420 1706 1482 secundo,
1741 1427 1900 1488 atq-te
1940 1420 2054 1487 ipse
2105 1417 2172 1470 ad

623 1505 749 1562 dies,
774 1508 986 1577 aliquas
1018 1526 1196 1564 rerum
1226 1513 1428 1580 potitus
1462 1521 1563 1567 est.
1590 1513 1764 1567 Duces
1795 1518 1973 1566 autem
2003 1509 2180 1564 Haru-

624 1594 710 1649 nis
753 1595 820 1650 ad
855 1597 1281 1653 Mobammedem
1317 1598 1430 1652 Ebn
1465 1601 1702 1654 Soliman
1726 1601 2046 1660 scribentes,
2077 1599 2180 1652 im-

623 1682 938 1740 munitatem
977 1687 1046 1742 ab
1082 1688 1200 1754 ipso
1230 1687 1540 1756 petierunt';
1575 1703 1681 1756 qua
1712 1688 1766 1741 in
1804 1702 1863 1742 re
1909 1687 2039 1754 ipsis
2076 1701 2176 1737 au-

623 1773 761 1834 nuit.
807 1783 969 1843 atque
1011 1792 1235 1830 securos
1271 1793 1388 1831 esse
1431 1778 1616 1846 jussit.
1651 1779 2046 1846 Ingressusque
2085 1783 2170 1830 est

623 1833 960 1919 Iloliamnied
991 1866 1106 1920 Ebn
1139 1866 1392 1938 Solyman
1419 1833 1974 1938 :Egyptum:nemine
2008 1866 2175 1934 imper-
2198 1833 2250 1888 Β

624 1955 805 2008 diente
838 1957 921 2010 vel
974 1959 1294 2025 repellente,
1334 1959 1420 2012 die
1449 1957 1618 2022 Jovis,
1650 1957 1861 2012 duobus
1895 1968 2020 2009 ante
2055 1954 2178 2007 finio

625 2054 737 2101 tum
771 2062 1010 2102 mensem
1043 2047 1204 2103 Safar
1237 2048 1427 2102 diebus
1453 2088 1467 2108 .
1508 2062 1650 2102 anno
1679 2047 2052 2101 ducentesimo
2087 2062 2181 2100 no-

626 2138 905 2205 nagesimo
930 2137 1193 2193 secundo.
1221 2137 1374 2203 Quod
1403 2138 1647 2192 videntes
1676 2137 1874 2191 Shiban
1901 2147 1953 2190 et
1985 2138 2180 2192 fratres

624 2229 821 2298 ipsius,
852 2239 1138 2298 postquam
1171 2232 1338 2286 aciem
1365 2232 1433 2285 ad
1478 2247 1572 2286 eos
1623 2246 1795 2301 pugna
1831 2232 2179 2301 excipiendos

626 2318 954 2396 instruxerat
984 2317 1324 2373 Mobammed
1359 2317 1474 2372 Ebn
1509 2320 1785 2389 Solyman.
1819 2320 1935 2373 loco
1960 2321 2060 2389 qui
2090 2323 2178 2375 Al-

625 2405 796 2478 Riyab
824 2407 1042 2468 dicitur.
1069 2410 1224 2477 juxta
1257 2411 1404 2464 urbis
1435 2409 1594 2464 Mesri
1621 2419 1826 2478 portatu
1854 2449 1868 2470 ,
1905 2412 2179 2478 petierunt

627 2510 677 2554 et
707 2499 810 2568 ipsi
837 2500 1230 2554 immunitatem
1265 2501 1365 2554 sibi
1398 2512 1447 2555 et
1486 2501 2013 2571 facultatibusm
2043 2503 2178 2567 suis;

629 2590 680 2644 in
712 2605 817 2658 qua
855 2605 974 2644 cum
1005 2591 1139 2658 ipsis
1171 2591 1469 2655 annuisset,
1501 2592 1761 2659 dispersae
1790 2603 1917 2644 sunt
1943 2592 2169 2644 Sliibani

629 2682 820 2749 copia.
849 2680 1022 2736 Jussit
1052 2691 1232 2735 autem
1265 2683 1598 2735 Muhammed
1631 2681 1742 2735 Ebn
1783 2681 2034 2751 Solymatt
2067 2698 2182 2735 om-

627 2787 726 2826 nes
768 2781 1036 2841 quotquot
1082 2775 1182 2840 ipsi
1227 2774 1453 2828 aderant
1495 2789 1562 2828 ex
1616 2774 1848 2827 ilarunis
1891 2774 2185 2828 comitibus

627 2861 801 2917 duces
846 2871 899 2915 et
943 2865 1150 2918 scribas
1181 2863 1489 2932 Bagdadum
1522 2879 1578 2918 se
1617 2863 1887 2924 conferre,
1915 2878 2021 2930 quo
2058 2877 2185 2930 ergo

628 2940 850 3020 profecti
882 2964 1042 3017 sunt;
1075 2955 1188 3022 ipse
1216 2955 1266 3006 in
1300 2948 1534 3023 Λεπρίο
1562 2969 1658 3010 sex
1686 2968 1905 3006 menses
1937 2962 2182 3006 moratus

628 3053 709 3098 est
750 3060 762 3094 :
795 3045 1116 3113 collegitqne
1153 3061 1182 3098 a
1230 3046 1424 3099 scribis
1464 3055 1518 3099 et
1557 3046 1786 3099 ducibus
1833 3059 2180 3096 nummorum

2271 604 2404 669 ipsis
2439 602 2635 671 prodiit
2684 602 3021 659 Muliammed
3057 606 3170 658 Ebn
3217 608 3298 660 Ali
3354 607 3468 661 Ebn
3500 608 3567 661 Al
3613 607 3810 676 Cbalil,

2269 697 2393 750 dein
2433 711 2555 750 cum
2583 697 2876 751 comitibus
2902 698 3016 752 suis
3049 697 3364 754 Phostatum
3420 714 3671 755 reversus
3697 709 3815 768 est;

2268 801 2506 852 cumque
2541 785 2651 838 acri
2684 787 2981 840 certamine
3007 787 3373 849 dimicassent.
3401 789 3454 843 in
3482 787 3660 858 fugam
3694 804 3817 843 ver-

2271 891 2366 930 sus
2403 876 2738 929 moliammed
2771 876 2882 929 Ebn
2915 878 2995 930 Ali
3043 877 3355 933 Pbostatum
3405 887 3656 934 reversus
3680 879 3822 933 late-

2270 967 2396 1020 bras
2421 968 2677 1035 captavit.
2717 967 2912 1021 Pliatec
2935 983 3223 1039 ergo,cum
3254 970 3318 1023 iis
3341 971 3431 1040 qui
3462 971 3563 1038 ipsi
3594 970 3820 1024 aderant

2273 1045 2569 1127 praefectis,
2605 1058 2927 1112 Pbostatum
2967 1061 3240 1130 ingressus
3269 1073 3369 1116 est.
3401 1061 3679 1115 Accedens
3721 1075 3822 1114 au-

2275 1157 2380 1201 tem
2415 1149 2497 1200 vir
2525 1150 2663 1213 apud
2699 1165 2858 1214 quem
2898 1150 3106 1202 delituit
3148 1150 3481 1206 Mohammed
3532 1153 3593 1205 Al
3625 1151 3824 1217 Chalij,

2278 1241 2375 1293 isse
2403 1238 2730 1291 Nuslierensi
2782 1238 3041 1293 indicavit
3074 1241 3223 1294 illum
3258 1243 3395 1309 apud
3430 1257 3488 1296 se
3526 1257 3666 1296 esse.
3720 1239 3823 1306 Qui

2282 1345 2410 1396 ergo
2440 1330 2684 1392 mittens,
2717 1330 2888 1395 ipsum
2920 1331 3221 1399 prehendit,
3253 1331 3411 1398 idque
3440 1345 3622 1384 mense
3648 1328 3824 1397 Rajeb

2275 1435 2418 1473 anno
2448 1421 2818 1473 ducentesimo
2851 1422 3195 1490 nonagesimo
3237 1423 3414 1485 tertio,
3463 1435 3675 1489 unaque
3703 1435 3826 1473 cum

2276 1509 2588 1570 comitibus,
2621 1509 2889 1572 affinibus,
2919 1496 3254 1579 ducibusque
3283 1527 3346 1565 ac
3373 1512 3570 1565 scribis
3597 1511 3739 1571 suis.
3774 1517 3829 1564 et

2275 1598 2367 1667 qui
2401 1599 2502 1666 ipsi
2529 1599 2786 1661 auxilium
2815 1600 3087 1659 tulerant,
3123 1599 3351 1652 Eracum
3383 1599 3628 1652 abduxit.
3663 1599 3831 1652 Porro

2277 1687 2412 1740 obiit
2439 1687 2500 1738 Al
2522 1685 2733 1739 Μυειαῆ
2761 1687 2845 1738 die
2878 1685 3154 1740 Dominico
3184 1687 3380 1740 mensis
3411 1687 3487 1739 Dil
3515 1686 3711 1739 Kaatla:
3741 1686 3830 1739 de-

2279 1778 2421 1832 cimo
2457 1777 2637 1838 tertio,
2665 1790 2809 1830 anno
2840 1777 3208 1830 ducentesimo
3237 1777 3586 1842 nonagesimo
3617 1778 3833 1846 quinto.

2282 1866 2402 1919 Fuit
2439 1867 2729 1921 cbalifatus
2762 1867 2933 1936 ipsius
2963 1881 3227 1920 annorum
3261 1882 3350 1920 sex
3377 1905 3392 1929 ,
3440 1881 3630 1917 novem
3681 1880 3835 1918 men-

2274 1960 2413 2014 sium
2439 1968 2488 2012 et
2519 1959 2693 2012 bidui.
2734 1958 2958 2011 Maxima
3008 1959 3149 2025 apud
3195 1959 3367 2026 ipsum
3406 1957 3456 2010 in
3503 1957 3670 2024 gratia
3716 1956 3834 2010 fue-

2273 2060 2420 2111 runt,
2458 2065 2651 2117 resque
2681 2051 2798 2117 ejus
2824 2050 3114 2111 curabant,
3138 2050 3197 2101 Al
3224 2049 3406 2102 Abbas
3433 2048 3602 2102 Ebnol
3632 2047 3836 2102 llasain

2274 2141 2648 2202 consiliarius,
2686 2150 2740 2194 et
2771 2140 2970 2193 Pbatec
3007 2141 3228 2194 libertus
3263 2139 3453 2208 ipsius.

2480 2231 2639 2300 500
2675 2229 2968 2298 Chalifatus
3004 2229 3367 2301 Aldlokmyeri
3408 2228 3613 2282 billam'.

2345 2319 2702 2388 lnaugnratus
2753 2330 2834 2371 est
2875 2316 3218 2383 AlMoktader
3257 2316 3438 2370 billahi
3492 2315 3664 2368 laafar
3715 2316 3836 2370 Ebl

2275 2409 2478 2461 Alimetl
2529 2406 2840 2460 AlMotadrd
2898 2407 3104 2467 billahi,
3161 2407 3344 2458 eodem
3395 2405 3482 2458 die
3531 2421 3640 2472 quo
3701 2405 3837 2459 obiit

2283 2497 2450 2550 frater
2503 2497 2675 2564 ipsius
2738 2496 3039 2557 Almoctali,
3093 2495 3341 2548 videlicet
3388 2494 3477 2548 die
3528 2495 3836 2556 Dominico,

2281 2588 2496 2639 decimo
2529 2584 2689 2638 tertio
2742 2583 2945 2638 mensis
2981 2582 3237 2643 Dilkadze,
3288 2597 3431 2634 anno
3461 2581 3840 2635 ducentesimo

2283 2679 2636 2746 nonagesimo
2661 2676 2872 2744 quinto.
2928 2675 3096 2729 Mater
3146 2676 3313 2744 ipsius
3343 2675 3648 2727 concubina
3709 2675 3837 2739 fuit,

2281 2767 2504 2822 nomine
2554 2767 2751 2819 Sbaab.
2799 2764 2894 2817 llic
2922 2765 3286 2826 AlAbbasum,
3324 2763 3510 2817 fratris
3541 2765 3623 2816 sui
3657 2762 3841 2817 consi-

2281 2858 2518 2921 liarium,
2552 2871 2616 2910 eo
2641 2871 2748 2925 quo
2779 2855 2878 2910 fuit
2911 2857 3029 2911 loco
3061 2870 3123 2909 ac
3158 2855 3423 2925 dignitate
3473 2854 3838 2918 reniirmavit,

2283 2947 2588 3015 ipsumque,
2638 2947 2800 3002 rebus
2835 2947 2950 3001 suis
2990 2947 3304 3014 praeposuit.
3355 2946 3615 2998 Coierunt
3651 2953 3835 2999 autem

2289 3038 2459 3090 duces
2489 3037 2657 3105 aliqui
2707 3053 2814 3106 quo
2864 3037 3221 3091 Abclollabum
3280 3037 3447 3089 Ebnol
3502 3035 3726 3088 Ilotazzi
3783 3035 3839 3088 in

628 3134 846 3190 circiter
875 3137 1072 3190 millies
1103 3137 1250 3191 tuille
1291 3152 1484 3191 aureos
1523 3153 1537 3189 :
1575 3145 1686 3189 tum
1734 3135 1966 3190 Eracum
2002 3135 2178 3198 abiit,
2211 3146 2257 3208 ο
2290 3128 2514 3196 imperio
2563 3128 2931 3192 collocarent;
2993 3128 3134 3181 unde
3185 3126 3414 3195 Bagdadi
3467 3127 3583 3181 dies
3634 3127 3841 3194 aliquot

629 3227 819 3284 relicto
848 3226 904 3280 in
942 3224 1202 3295 Egypto,
1237 3236 1522 3295 postquam
1559 3227 1673 3294 ipse
1719 3226 1792 3279 ibi
1839 3241 1932 3279 sex
1975 3241 2191 3281 menses

631 3311 1030 3387 insumpsisset.
1054 3318 1134 3372 lea
1168 3316 1498 3370 Nusberensi
1525 3333 1542 3381 ;
1572 3316 1789 3384 collegit
1820 3315 1984 3368 etiam
2015 3316 2186 3384 impe-

633 3409 800 3464 rstcri
824 3423 1171 3461 nummorum
1197 3423 1227 3460 e
1261 3407 1552 3474 provinciis
1582 3407 1774 3459 millies
1799 3407 1945 3458 mille
1971 3421 2187 3461 aureos.

633 3497 919 3552 Almoctafi
977 3510 1156 3551 autem
1191 3495 1613 3560 Mubammedem
1653 3497 1768 3550 Ebn
1804 3496 2041 3550 Soliman
2066 3513 2190 3566 pre-

629 3591 860 3644 hensum
903 3590 955 3642 in
984 3591 1196 3642 vincula
1230 3590 1486 3657 conjecit,
1519 3591 1587 3642 oh
1617 3603 1745 3654 opes
1773 3602 1908 3656 quas
1938 3587 1990 3639 in
2018 3586 2188 3658 Egy-

634 3689 722 3751 pto
758 3681 1045 3748 collegerat
1091 3685 1143 3734 in
1195 3683 1455 3733 rationem
1484 3693 1605 3733 eum
1659 3693 1884 3732 vocans.
1923 3678 2189 3732 Prodiens

630 3779 812 3826 autem
841 3771 895 3823 in
923 3771 1076 3831 Syria
1105 3772 1321 3839 quidam
1350 3787 1378 3823 e
1404 3767 1917 3833 ducibus‘ﬂarunis,
1946 3768 2186 3839 Moltam-
2252 3813 2264 3821 .

633 3862 753 3916 med
789 3861 904 3916 Ebn
935 3863 1020 3914 Ali
1051 3835 1316 3930 Aratum
1349 3862 1670 3930 appellatus,
1700 3874 1764 3914 ex
1795 3859 1861 3914 iis
1885 3861 1977 3929 qui
2010 3835 2191 3928 iis,-

637 3954 711 4006 ria
743 3969 864 4007 cum
896 3953 1269 4007 Mobammede
1299 3954 1410 4005 Ebn
1437 3951 1677 4005 Soliman
1713 3961 2045 4013 manserunt,
2080 3951 2193 4004 col-

634 4048 770 4099 lecta
804 4045 906 4098 sibi
939 4045 1098 4097 turba
1144 4044 1421 4096 hominum
1471 4044 1663 4106 mista,
1696 4043 1750 4095 in
1795 4041 1926 4095 urbe
1963 4039 2192 4092 Bamlalt

638 4137 818 4191 sedem
861 4136 996 4188 fixit.
1031 4136 1184 4199 Quod
1232 4152 1351 4188 cum
1389 4135 1484 4188 Iste
1513 4134 1846 4187 Nusbercnsi
1885 4133 2193 4185 nuntiatum

638 4236 796 4288 esset,
826 4228 940 4296 ipse
984 4242 1104 4280 cum
1160 4229 1219 4279 Al
1267 4226 1504 4296 llosaino
1540 4225 1652 4279 Ebn
1690 4224 1893 4278 Alimed
1950 4223 2195 4276 bladera-

639 4320 820 4387 censi,
843 4320 929 4372 cui
965 4334 1264 4386 mgnomeu
1296 4319 1412 4370 Abu
1439 4317 1633 4376 Zinna,
1655 4324 1707 4370 et
1734 4329 1854 4382 qua:
1882 4315 1933 4366 in
1963 4312 2196 4380 Egypto

2289 3227 2466 3272 ortum
2517 3226 2601 3271 est
2651 3218 2890 3272 bellum:
2947 3233 3022 3272 ea:
3057 3218 3178 3286 ique
3245 3228 3369 3271 sunt
3422 3217 3668 3271 AlAbLas
3723 3216 3838 3270 Ebn

2289 3303 2494 3361 ﬂosain
2527 3306 2871 3361 consiliarius
2898 3317 2952 3360 et
2987 3306 3206 3370 Phatec,
3234 3321 3418 3358 mense
3450 3304 3617 3357 Rabia
3655 3314 3840 3372 poste-

2293 3396 2457 3460 riore,
2514 3411 2658 3449 anno
2690 3397 3066 3448 ducentesimo
3103 3395 3454 3461 nonagesimo
3501 3408 3664 3447 nono.
3707 3393 3840 3447 Pre-

2291 3483 2490 3538 bensus
2533 3486 2692 3536 etiam
2742 3480 2824 3536 est
2878 3483 3137 3536 Abdollah
3194 3483 3361 3535 Ebnol
3417 3481 3644 3534 Motazzi
3695 3489 3749 3534 et
3787 3482 3840 3532 in

2287 3577 2497 3629 vincula
2550 3575 2850 3642 conjectus.
2893 3575 3274 3628 Consiliarium
3330 3584 3507 3626 autem
3557 3573 3840 3625 constituit

2287 3667 2651 3728 Albiolttadar,
2717 3667 2854 3718 Aliut
2921 3666 3034 3719 Ebn
3101 3664 3460 3725 .‘lloliammed,
3525 3662 3637 3716 Ebn
3689 3663 3841 3715 Musa

2288 3759 2457 3811 Ebnol
2492 3756 2709 3809 Pborat.
2745 3758 2914 3809 Porro
2950 3756 3148 3824 prodiit
3205 3756 3257 3808 in
3294 3754 3576 3807 occidente
3604 3755 3685 3805 vir
3711 3754 3840 3820 qui-

2287 3847 2410 3900 dum
2465 3851 2680 3899 nomine
2747 3846 3012 3899 Abtlollah
3065 3844 3410 3898 Alblolitaseb
3461 3845 3665 3904 billahi,
3721 3840 3842 3910 qui,

2292 3935 2428 3990 fusis
2459 3937 2613 3988 Ebnil
2649 3936 2834 4003 Aglabi
2886 3936 3080 4002 cepiis,
3137 3936 3395 4000 czesisque
3425 3933 3592 4000 ipsius
3627 3932 3840 3986 comiti-

2293 4026 2416 4089 bus,
2451 4025 2794 4078 Occidentem
2832 4026 3136 4092 occupavit.
3180 4025 3222 4075 Δ
3253 4040 3361 4092 qtto
3416 4021 3624 4090 fugiens
3670 4021 3840 4090 Ζηθ-

2292 4115 2550 4167 datollalti
2605 4115 2718 4167 libn
2775 4114 3109 4167 Moltammed
3158 4113 3269 4165 Ebn
3324 4113 3604 4169 Abraltim.
3671 4110 3840 4162 libnol

2291 4205 2478 4272 Aglab,
2544 4207 2838 4272 assumptis
2885 4205 2983 4257 sibi
3036 4205 3350 4258 domesticis
3409 4218 3491 4263 ac,
3523 4203 3840 4256 necessariis

2292 4299 2432 4361 suis,
2481 4298 2532 4349 in
2565 4295 2854 4365 Egyptum
2887 4311 2944 4349 se
2977 4296 3222 4358 contulit,
3260 4310 3418 4361 quam
3451 4280 3728 4360 ingressus
3759 4301 3841 4346 est

639 4385 820 4465 essent
846 4408 1018 4475 cepiis
1042 4385 1238 4461 contra
1277 4407 1706 4461 Moliammedetu
1742 4406 1855 4458 Ebn
1888 4405 1972 4458 Ali
2006 4403 2178 4469 Cbalij
2221 4400 2270 4458 D
2299 4404 2483 4442 ηιθηδθ
2535 4387 2832 4451 “amula”,
2886 4401 3028 4439 ³¹¹¹¹⁰
3075 4385 3447 4475 ἀυυθηιθδίπφ
3491 4385 3841 4475 wgf“???

641 4514 812 4567 ipsum
845 4507 1210 4566 oppugnatum
1245 4497 1474 4564 prodiit;
1495 4505 1548 4548 at
1570 4511 1690 4550 eum
1717 4493 2021 4546 nuntiatum
2049 4499 2192 4544 esset

641 4590 767 4652 illis,
803 4603 995 4656 magna
1041 4590 1212 4654 ipsum
1253 4588 1598 4640 multitudine
1630 4586 1952 4638 instructum
2001 4582 2192 4645 fuisse,

639 4678 840 4734 reversi
878 4687 1039 4740 sunt,
1073 4693 1178 4729 una
1207 4693 1329 4730 cum
1380 4677 1578 4730 ducum
1628 4684 1789 4739 cuitu,
1838 4672 2191 4734 Pbostatum;

643 4769 834 4824 imlein
867 4769 1088 4822 Al'izam
1122 4783 1176 4819 se
1203 4767 1543 4833 recipientes.
1571 4775 1763 4834 pontes
1786 4765 1922 4816 duos
1950 4763 2192 4817 succisos

641 4862 1078 4918 Canibusserunl,
1115 4873 1180 4910 ne
1235 4858 1378 4924 ipsos
1431 4862 1806 4922 assequeretur
1858 4854 2192 4909 Moliammed

643 4950 757 5003 Elui
807 4952 887 5001 Alt
951 4948 1011 5000 ΑΙ
1065 4948 1261 5014 Chaiij.
1317 4948 1560 5014 Cumque
1614 4947 1748 5000 alias
1808 4945 2032 4997 subinde
2090 4944 2196 4996 alio

644 5039 1000 5110 597-499
1032 5041 1518 5104 proﬁciscerentur,
1547 5054 1686 5090 nunc
1716 5037 1769 5089 in
1792 5034 2195 5097 Alexandriam,

646 5141 773 5183 tunc
807 5131 858 5181 iu
897 5129 961 5180 Al
998 5128 1217 5180 Saitlutu
1244 5167 1258 5190 ,
1289 5129 1472 5179 relicta
1502 5127 1601 5178 fuit
1638 5130 1766 5180 urbs
1805 5127 2027 5180 Phostat
2071 5125 2190 5177 sine

648 5221 974 5286 imperatore
1001 5259 1015 5281 ,
1048 5221 1216 5271 aliove
1247 5218 1499 5286 quodam,
1527 5218 2006 5282 custodiebantque
2040 5232 2068 5268 e
2103 5230 2197 5283 po-

649 5310 776 5375 pulo
806 5308 889 5359 alii
919 5310 1052 5360 alios
1084 5325 1175 5374 per
1206 5311 1445 5376 quinque
1478 5307 1610 5357 dies.
1643 5305 1778 5356 Tum
1826 5307 2012 5378 urbem
2042 5304 2199 5356 Mesri

652 5397 934 5463 ingressus
974 5409 1056 5450 est
1085 5399 1417 5450 Moliammed
1467 5397 1580 5451 Ebti
1616 5397 1692 5446 Ali
1727 5395 1900 5461 Chaltj
1934 5396 2020 5446 die
2055 5393 2202 5448 Juvis

651 5488 864 5540 decimo
923 5498 1114 5556 quarto
1155 5501 1278 5541 ante
1333 5489 1538 5540 finitum
1588 5502 1820 5539 mensem
1875 5485 1953 5536 [)-.l
1984 5469 2200 5545 Kaadm,

2292 4491 2475 4541 sexto;
2513 4488 2623 4531 tum
2659 4479 2723 4530 ad
2760 4478 3001 4530 Ramlam
3058 4475 3350 4544 profectus,
3392 4472 3738 4542 501-503
3769 4472 3840 4525 ibi

2294 4574 2464 4624 donec
2515 4571 2654 4623 diem
2713 4570 2889 4622 obiret
2939 4583 2998 4620 se
3051 4567 3336 4621 continuit.
3407 4567 3522 4619 Abu
3583 4563 3841 4617 Abdollab

2292 4663 2641 4716 Almobtaseb
2711 4675 2858 4725 vero,
2917 4660 3007 4726 qui
3078 4659 3130 4711 in
3198 4656 3481 4710 occidente
3543 4656 3841 4712 rebellavit.

2292 4755 2576 4822 quemdam
2629 4753 2718 4821 qui
2781 4768 2840 4806 se
2907 4751 3178 4803 Aliensem
3239 4747 3570 4816 praedicavit,
3628 4747 3840 4799 nomine

2294 4845 2607 4899 Obaidallah
2656 4849 2991 4909 assumptum
3022 4840 3073 4892 in
3107 4838 3242 4890 solio
3289 4839 3590 4899 collocavit,
3638 4836 3840 4902 fideque

2296 4939 2368 4990 illi
2399 4938 2521 4989 data
2566 4932 2859 5005 [homines]
2917 4929 2983 4982 ad
3023 4930 3192 4998 ipsius
3227 4931 3544 4996 obsequium
3581 4927 3838 4979 invitavit.

2295 5030 2379 5082 Ali
2410 5029 2723 5083 Obaidallalt
2783 5039 2907 5077 vero
2940 5023 3056 5076 Abu
3113 5021 3470 5075 Abdollahttm
3505 5017 3838 5072 Albfobtaseb

2299 5124 2523 5176 adortus
2580 5122 2754 5190 ipsum
2807 5115 3100 5178 interfecit,
3165 5123 3325 5181 atque
3360 5113 3472 5180 ipse
3505 5109 3836 5162 occidentem

2298 5211 2604 5279 occupavit,
2646 5221 2788 5260 anno
2842 5204 3215 5257 ducentesimo
3253 5198 3600 5267 nonagesimo
3629 5205 3837 5249 octavo.

2299 5305 2466 5356 l’orro
2525 5297 2904 5361 Aliioktader,
2968 5296 3049 5348 Ali
3111 5296 3218 5347 Ebn
3279 5286 3614 5344 Moliammed
3673 5284 3838 5338 Ebuol

2301 5394 2533 5444 l’liorato
2566 5391 2756 5453 iratus,
2790 5403 2977 5442 mense
3010 5384 3281 5452 Dilllajjze,
3307 5395 3449 5432 anno
3471 5375 3836 5430 ducentesimo

2302 5485 2648 5552 nonagesimo
2702 5496 2867 5546 nono,
2922 5481 3093 5548 ipsum
3165 5477 3216 5527 in
3267 5485 3537 5526 carcerem
3595 5464 3834 5532 conjecit,

656 5595 799 5634 anno
822 5580 1194 5634 ducentesimo
1221 5582 1566 5648 nonagesimo
1587 5581 1846 5639 secundo,
1875 5577 2055 5644 ibique
2083 5585 2205 5628 octo
2305 5576 2616 5647 consiliario
2645 5575 2748 5627 sibi
2779 5574 3074 5627 constituto
3107 5563 3478 5646 Moltanimede
3513 5562 3622 5614 Ebu
3652 5557 3834 5610 Abdol-

661 5687 875 5727 menses
906 5674 1166 5736 substitit,
1210 5690 1340 5739 opes
1378 5673 1667 5739 colligens;
1699 5675 1971 5738 crevitque.
2006 5685 2196 5736 porcu-

663 5762 734 5815 tia
761 5763 944 5832 ipsius.
965 5763 1099 5817 Tum
1134 5784 1157 5815 :l
1184 5765 1543 5816 ivuntantibus
1571 5763 1839 5815 Alllricmii
1871 5764 2037 5829 copiis
2067 5776 2188 5813 cum

2314 5668 2444 5731 iani,
2478 5668 2590 5719 Elin
2621 5665 2832 5736 Yabym,
2867 5666 2978 5716 Ebn
3008 5659 3282 5721 Chzikano,
3315 5658 3402 5725 qui
3437 5657 3832 5721 cognomentum

2309 5760 2494 5811 habuit
2551 5757 2728 5810 [luitlta
2782 5755 3019 5810 Sedralto
3059 5749 3304 5814 [pulsans
3372 5757 3587 5809 uectus.
3658 5747 3836 5801 ιιςιιινε
