4082 6452
217 440 365 503 1119

1645 439 1999 503 ANNALES.

3218 489 3225 495 -
3290 446 3422 512 il50

214 554 371 615 quod
414 570 541 606 cum
580 555 699 622 quis
731 556 797 607 ab
828 571 889 607 eo
942 556 1138 623 aliquid
1180 564 1381 623 pctcret
1430 564 1615 623 pectus
1669 555 1769 609 sibi
1807 557 1849 614 Α
1880 556 2203 611 instructum
2244 555 2507 609 exercitu.
2540 538 2727 608 CaStra
2756 554 2918 624 igitur
2946 564 3243 623 posuerunt
3266 546 3419 608 exer-

215 646 455 708 pulsare
486 646 683 697 soleret
739 659 800 697 ac
826 646 1035 698 dicere:
1098 643 1226 706 luto,
1282 644 1520 697 exhibito
1551 645 1640 698 tibi
1683 646 1779 698 lto-

214 742 386 784 nore.
424 731 581 784 Anno
610 732 896 786 chaiifatus
930 732 1289 784 Aibfoktaderi
1325 733 1479 787 tertio
1512 734 1780 786 constitu-

212 826 311 871 :us
344 829 440 873 est
477 820 581 874 Leo
620 824 922 889 patriarcha
954 820 1490 890 Hierosolymitanus,
1542 822 1631 887 qui
1686 836 1779 873 an-

214 921 329 959 nos
363 910 752 974 septcmdecim
783 904 941 969 sedit,
987 907 1111 961 dein
1151 916 1391 961 mortuus
1422 914 1523 959 est.
1556 906 1694 971 Quin
1726 914 1778 958 et

211 997 590 1062 conﬂagravit
626 996 963 1049 Alexandria
1012 998 1238 1050 ecclesia
1274 1011 1465 1065 magna
1515 1010 1633 1063 qua:
1688 996 1779 1045 Al-

213 1086 486 1139 Kaisaria
548 1086 830 1157 [Cmsaria]
873 1088 1133 1153 appellata
1165 1097 1268 1150 est,
1303 1087 1666 1155 templumque
1700 1085 1783 1137 fu-

211 1182 343 1226 erat
389 1174 539 1240 quod
590 1174 873 1241 Cleopatra
925 1176 1107 1240 regina
1157 1174 1389 1227 Saturno
1429 1187 1641 1227 sacrum
1693 1188 1784 1223 ex-

212 1273 531 1326 struxerat,
585 1264 667 1316 die
703 1265 859 1326 luna,
892 1265 1051 1317 tertio
1093 1265 1291 1317 mensis
1334 1260 1588 1324 Shavvali,
1623 1276 1765 1313 anno

216 1354 644 1408 trecentesimo.
1518 1403 1527 1411 .

291 1442 377 1495 Eo
425 1459 567 1498 anno
604 1458 787 1497 mense
834 1442 1000 1495 Rabia
1048 1443 1343 1509 posteriore
1396 1443 1547 1497 misit
1585 1428 1780 1497 Olmid-

217 1533 377 1587 allah
429 1534 714 1601 quemdam
749 1548 778 1585 e
820 1531 1050 1585 ducibus
1083 1533 1215 1594 suis,
1264 1534 1479 1586 nomine
1510 1532 1777 1593 Habbasa,

214 1621 422 1675 multis
454 1623 774 1673 instructum
811 1621 1000 1688 copiis,
1037 1624 1125 1691 qui
1158 1622 1379 1677 Barkam
1418 1626 1595 1693 cepit;
1630 1633 1775 1691 terga

212 1712 299 1765 illi
358 1711 620 1763 dantibus
658 1711 715 1765 AI
765 1710 1075 1771 Moktaderi.
1122 1715 1215 1779 qui
1249 1715 1318 1768 ibi
1363 1722 1519 1768 erant
1582 1714 1772 1781 copiis.

213 1803 392 1872 505
418 1802 553 1855 Tum
580 1804 957 1859 Alexandriam
990 1808 1281 1876 profectum
1313 1821 1486 1875 pugna
1516 1808 1584 1861 ibi
1614 1822 1768 1862 exce-

1876 649 2013 703 citus
2049 648 2102 701 in
2128 648 2187 700 Al
2217 647 2395 711 lizab;
2434 654 2562 699 tunc
2601 654 2779 697 autem
2814 651 2881 699 ab
2913 645 3268 700 Obaidallaho
3293 660 3421 697 cen-

1879 746 1985 789 tum
2029 751 2189 788 naves
2225 734 2434 787 bellicis
2486 734 2676 787 usibus
2724 742 2956 801 paratas;
3000 751 3227 801 quarum
3268 746 3419 787 octu-

1877 828 2022 896 ginta
2077 842 2259 882 earum
2315 842 2451 889 quas
2492 826 2552 877 Al
2600 823 2793 876 Homul
2843 823 3161 894 [onerarias]
3203 834 3417 885 vocant,

1875 918 2070 985 viginti
2126 933 2308 969 earum
2365 932 2499 984 quas
2548 914 2813 968 Ashareni
2848 931 2860 965 :
2891 928 3009 983 qua:
3061 915 3122 964 ari
3183 914 3416 967 B‘ashidi

1884 1012 2086 1065 moenia
2125 1011 2463 1078 appulerunt.
2498 1007 2664 1074 Cujus
2700 1005 2773 1057 rei
2812 1020 2934 1057 cum
2969 1003 3183 1069 scriptis
3232 1004 3420 1057 litteris

1881 1103 1942 1154 Ai
2000 1100 2363 1154 Moktaderum
2418 1100 2696 1151 certiorem
2753 1095 2969 1149 fecisset
3020 1095 3227 1154 Mnues,
3277 1094 3421 1153 misit

1883 1192 1972 1243 ille
2022 1192 2339 1243 Thatualum
2394 1188 2704 1241 eunuchum
2758 1200 2880 1238 cum
2939 1186 3167 1237 navibus
3219 1183 3423 1237 bellic‘s

1885 1281 2303 1349 quinquaginta.
2374 1278 2678 1331 Occurrens
2747 1290 2873 1351 ergo
2926 1262 3071 1342 ipsis
3131 1275 3425 1327 Thamalus

1886 1358 2257 1438 sosrnaves
2291 1383 2476 1421 eorum
2517 1368 2821 1423 confractas
2873 1367 3133 1426 incendit,
3179 1366 3425 1432 plurimis

1878 1459 2113 1527 ipsorum
2144 1460 2296 1513 cresis
2322 1470 2372 1513 et
2402 1460 2725 1521 submersis,
2761 1459 2940 1511 multis
2975 1460 3134 1509 etiam
3166 1457 3216 1507 in
3256 1458 3417 1508 fidem

1878 1549 2045 1615 recipi
2104 1563 2161 1603 se
2209 1549 2534 1616 petentibus,
2579 1562 2674 1601 eos
2705 1556 2881 1601 autem
2914 1548 3004 1615 qui
3054 1548 3105 1599 in
3149 1547 3300 1599 fidem
3340 1560 3425 1597 re-

1872 1639 2014 1705 cepti
2071 1637 2307 1700 fuerant,
2374 1639 2426 1689 iu
2470 1637 2754 1707 Egyptum
2815 1638 3005 1690 misit:
3055 1637 3253 1703 quibus
3292 1635 3428 1689 dixit

1872 1728 2099 1796 populus
2139 1744 2155 1780 :

1871 1812 1982 1869 sea
2018 1816 2297 1879 Siciliotis,
2347 1816 2616 1871 Africanis
2665 1825 2717 1869 et
2766 1816 3108 1883 Tripolitanis
3158 1821 3422 1883 segreget.

2196 1728 2447 1794 Quisquis
2511 1727 2670 1780 fuerit
2723 1743 2751 1781 e
2795 1729 2943 1780 vobis
3006 1727 3413 1785 Cethamensis,

214 1900 433 1961 perunt
450 1893 508 1945 Al
534 1893 818 1948 Slokatderi
841 1874 1131 1960 exercitus,
1159 1874 1353 1964 quibus
1379 1898 1428 1949 in
1459 1897 1634 1965 fugam
1664 1912 1781 1950 ver—
1812 1874 1850 1928 Β
1880 1905 2011 1957 Cum
2044 1874 2393 1959 secessissent
2424 1920 2550 1972 ergo
2579 1904 2641 1957 Al
2673 1874 3038 1965 Cetamcnses,
3073 1905 3162 1971 qui
3198 1874 3423 1955 n‘umvero

216 1982 303 2035 sis
336 1982 727 2036 Alexandriam
758 1988 917 2051 cepit.
946 1986 1085 2040 Misit
1110 1988 1269 2039 etiam
1296 2005 1323 2040 e
1350 1987 1459 2041 suis
1485 1987 1776 2041 exercitum

213 2074 517 2142 quemdam
568 2075 630 2126 Al
677 2074 1008 2144 Phayumum
1042 2086 1094 2129 et
1142 2078 1201 2129 Al
1238 2077 1535 2130 Bahnasam
1581 2088 1780 2145 easque

215 2164 396 2232 cepit.
456 2162 624 2227 Cujus
680 2164 753 2217 rei
806 2180 923 2217 cum
976 2181 1072 2233 per
1116 2167 1322 2222 litteras
1368 2166 1775 2221 Obaidallahnm

215 2250 523 2304 certiorem
572 2250 811 2314 recessit,
860 2253 1004 2305 misit
1034 2253 1144 2320 ipse
1176 2253 1240 2305 ad
1273 2270 1393 2306 eum
1425 2255 1588 2307 tilium
1620 2270 1774 2307 suum

213 2340 653 2393 Ahulkasetnum
702 2342 787 2407 (in
840 2342 945 2393 alio
987 2344 1275 2410 exemplari
1334 2345 1526 2397 dicitur
1566 2344 1775 2398 Abdor-

222 2431 585 2491 rahmanmu,
617 2446 740 2483 cum
768 2431 1007 2484 exercitu
1038 2447 1227 2501 magno
1250 2434 1303 2485 in
1336 2436 1606 2502 suppetias
1633 2436 1776 2489 Hab-

222 2519 434 2585 basm).
478 2518 593 2571 Fuit
629 2528 807 2571 autem
856 2522 1135 2587 praefectus
1164 2520 1377 2591 Egypti
1412 2523 1612 2591 Taccin
1642 2524 1779 2578 Cha-

220 2609 492 2670 selensis,
540 2610 604 2660 ad
657 2625 811 2674 quem
874 2612 1019 2665 misit
1046 2612 1107 2663 Al
1163 2611 1434 2666 Moktader
1479 2616 1539 2666 Al
1582 2614 1776 2669 Kasem

219 2700 343 2753 Ebn
397 2699 582 2760 Satua,
618 2714 721 2750 una
750 2716 871 2751 cum
904 2701 1132 2755 ducibus
1162 2704 1395 2771 aliquant
1434 2688 1638 2768 multis,
1674 2720 1775 2758 nec

217 2806 332 2845 non
374 2790 661 2843 Munasum
708 2791 1037 2854 eunuchum,
1070 2800 1123 2844 et
1166 2792 1445 2858 Havvaum,
1491 2810 1642 2862 opem
1703 2796 1775 2849 illi

220 2882 471 2935 laturos.
518 2878 581 2933 lii
618 2881 670 2932 in
710 2880 917 2933 Allizab
958 2880 1181 2948 profecti
1221 2884 1474 2952 populum
1516 2887 1579 2936 ad
1624 2887 1776 2939 auxi-

218 2970 357 3022 lium
408 2979 800 3031 convocarent,
851 2985 1080 3037 quorum
1113 2970 1177 3023 ad
1210 2972 1355 3038 ipsos
1386 2974 1548 3027 armis
1579 2974 1778 3027 instru-

218 3062 293 3113 cti
326 3071 706 3113 convenerunt
735 3062 952 3114 circiter
980 3064 1185 3116 centies
1215 3062 1377 3115 mille.
1408 3064 1615 3127 Quibus
1645 3077 1767 3115 cum

1882 1994 2016 2046 ultra
2073 1994 2393 2062 quingentos
2442 2002 2617 2055 erant,
2652 1994 2863 2047 irruens
2912 1995 2963 2045 in
2999 1994 3145 2060 ipsos
3177 1992 3427 2059 populus,

1874 2084 1995 2138 illos
2025 2073 2141 2137 loco
2186 2086 2275 2152 qui
2308 2084 2793 2146 Amakas.dicitur,
2830 2085 2973 2137 crede
3026 2083 3331 2146 turpissima
3365 2096 3428 2135 ac

1875 2173 2171 2228 fmdissima
2214 2175 2373 2227 simul
2421 2180 2463 2229 e‘
2500 2170 2675 2228 medio
2722 2174 2959 2228 sustulit.
3017 2173 3208 2225 Mansit
3250 2182 3426 2226 autem

1879 2263 2067 2317 Muncs
2113 2266 2396 2318 eunuchus
2429 2280 2549 2317 cum
2583 2264 2751 2330 copiis
2784 2266 2895 2317 suis
2927 2266 2977 2316 in
3013 2264 3069 2315 Al
3105 2263 3248 2316 lizab
3280 2262 3430 2314 bien-

1872 2354 1981 2415 nio,
2010 2353 2147 2406 vallo
2174 2354 2468 2406 exercitum
2500 2354 2761 2404 munitum
2834 2352 3053 2404 habens.
3096 2350 3426 2403 AhulKascm

1872 2449 2049 2494 autem
2077 2440 2417 2494 Alexandriae.
2447 2440 2663 2500 mansit,
2692 2447 2848 2505 atque
2880 2439 3002 2491 inde
3031 2439 3091 2491 Al
3120 2438 3424 2505 Phaymum

1877 2529 2153 2600 profectus
2207 2540 2309 2583 est.
2363 2529 2593 2597 Scripsit
2644 2544 2772 2595 ergo
2808 2529 2992 2579 Muncs
3038 2527 3323 2579 eunuchus
3354 2525 3422 2579 ad

1882 2622 2200 2677 Thamaium
2245 2622 2577 2683 eunuchum,
2613 2626 2672 2672 ut
2720 2634 2839 2669 cum
2881 2618 3271 2685 navibussuis
3306 2618 3427 2669 Alea

1880 2711 2161 2764 xandriam
2199 2710 2387 2763 adiens
2416 2712 2626 2777 (neque
2656 2709 2797 2760 enim
2831 2708 3169 2761 Alexandria:
3217 2714 3368 2759 erant
3396 2721 3427 2757 e

1876 2802 2047 2869 cepiis
2073 2799 2452 2864 AbulKasemi,
2480 2808 2672 2867 prmtcr
2696 2798 2960 2851 trecento’s
2991 2798 3213 2849 circiter
3237 2795 3426 2861 viros),

1877 2892 1995 2958 ejus
2040 2890 2244 2943 incolas
2288 2898 2615 2958 asp0rtaret,
2658 2904 2755 2942 nec
2798 2902 3119 2955 quemquam
3167 2886 3236 2938 ibi
3274 2885 3429 2937 hahio

1879 2988 1998 3032 tare
2031 2981 2248 3033 sineret.
2298 2979 2676 3033 Alexandriam
2726 2994 2853 3047 ergo
2900 2994 3063 3030 naves
3097 2992 3228 3030 suas
3265 2976 3432 3028 addu-

1875 3083 2003 3121 cens
2032 3066 2346 3122 Thamalus.
2381 3082 2475 3133 per
2520 3082 2818 3135 praeconem
2863 3068 3089 3121 monuit.
3117 3068 3158 3119 si
3193 3073 3429 3118 maneret

218 3148 564 3221 [llabbasah]
597 3167 715 3203 cum
750 3153 923 3219 copiis
960 3153 1073 3206 suis
1101 3151 1153 3205 in
1196 3166 1480 3205 occursum
1513 3154 1771 3213 venisset,
1808 3164 1849 3232 (ς
1886 3155 2226 3207 Alexandria:
2264 3165 2381 3223 post
2416 3157 2660 3209 triduum
2706 3156 2995 3224 quispiam,
3042 3170 3100 3209 se
3148 3155 3220 3207 illi
3270 3160 3431 3221 caput

224 3244 358 3308 ipsi,
394 3242 509 3295 acie
542 3242 823 3304 instructa,
848 3258 1022 3311 pugna
1054 3244 1228 3309 ipsum
1258 3254 1767 3311 exceperunt,com-

222 3334 579 3399 missumque
609 3342 694 3385 est
733 3334 871 3385 inter
912 3336 1059 3399 ipsos
1106 3335 1346 3402 praelium
1395 3333 1514 3385 loco
1538 3335 1768 3400 quodam

224 3426 424 3479 insulae
451 3441 568 3491 quae
590 3426 771 3477 Ardol‘
792 3424 1040 3478 Chamsin
1066 3423 1227 3494 [terra
1252 3420 1768 3492 quinquagenorum]

221 3514 403 3565 audit.
438 3515 495 3565 in
532 3515 737 3581 fugam‘
760 3524 938 3565 autem
987 3528 1174 3565 versus
1204 3522 1287 3566 est
1328 3511 1573 3567 Habbasa
1619 3512 1770 3564 rasis

224 3605 523 3657 fomitibus
563 3604 733 3668 ipsius
761 3603 1053 3668 peditibus,
1085 3617 1222 3670 quos
1253 3604 1526 3656 insecutus
1559 3610 1641 3655 est
1675 3616 1771 3669 po-

220 3697 393 3763 pulus
425 3711 441 3746 :
472 3706 520 3744 at
554 3694 628 3745 illi
659 3695 709 3744 in
742 3694 995 3760 populum
1032 3693 1206 3745 denuo
1228 3694 1470 3745 conversi
1499 3707 1770 3759 quoscuno

223 3800 337 3852 que
368 3786 561 3837 obvios
591 3786 893 3836 habuerunt
923 3785 1261 3838 interfecere.
1288 3785 1439 3848 Quod
1474 3799 1594 3835 cum
1638 3792 1773 3833 tem-

223 3890 364 3944 pore
406 3875 717 3939 vespertino
755 3875 1091 3940 contigisset,
1121 3875 1333 3925 diremit
1364 3890 1457 3926 eos
1484 3889 1609 3925 nox.
1636 3872 1770 3929 (ἰξεςί

227 3972 413 4016 autem
448 3972 576 4014 sunt
602 3978 632 4013 e
667 3963 862 4029 populo
888 3964 1105 4015 circiter
1139 3964 1303 4013 vicies
1331 3964 1474 4014 mille
1500 3978 1514 4022 ;
1543 3978 1605 4015 ex
1635 3963 1775 4015 Μαι»-

227 4051 379 4105 basa:
410 4052 669 4103 militibus
697 4052 876 4113 decies
906 4052 1046 4103 mille
1076 4068 1089 4102 :
1127 4052 1432 4116 reversique
1457 4062 1583 4103 sunt
1614 4052 1774 4104 Obai-

228 4142 579 4193 dallabisocii
629 4151 822 4204 noctu;
854 4141 1103 4207 populum
1134 4140 1474 4208 505—507
1503 4156 1626 4193 vero
1647 4126 1775 4194 eon-

235 4238 504 4282 vocaruut
548 4226 841 4295 prmcoues.
871 4228 1047 4281 Rediit
1074 4245 1199 4297 ergo
1244 4231 1381 4282 Atul
1410 4230 1600 4283 Kasem
1650 4246 1773 4284 cum

229 4319 529 4371 comitibus
560 4329 612 4370 et
646 4321 815 4386 copiis
857 4320 973 4377 suis
1002 4322 1056 4371 in
1098 4319 1460 4373 occidentem.
1494 4320 1661 4373 Porro
1710 4320 1775 4372 Al

232 4407 513 4459 ιιυιεεάοτ
539 4408 620 4458 Ali
644 4410 763 4459 ειηι
792 4408 1123 4461 Mohammed
1153 4409 1265 4461 Ebn
1294 4409 1631 4468 Obaidallah.
1660 4410 1772 4460 Ebn
1808 4390 1811 4395 ”

1895 3253 2319 3311 amputaturum.
2377 3242 2633 3298 Homines
2670 3261 2797 3311 ergo
2856 3245 3039 3298 relicta
3095 3244 3432 3313 supellectile

1881 3351 2002 3396 sua,
2035 3344 2086 3387 et
2114 3349 2232 3401 quae
2261 3334 2619 3402 possederunt
2642 3333 2911 3397 omnibus,
2938 3333 3246 3402 clausiSque
3272 3334 3431 3389 ostiis

1887 3426 2021 3487 Suis,
2054 3424 2256 3491 egressi
2288 3433 2417 3475 sunt
2468 3422 2792 3475 Alexandria
2828 3424 2995 3475 instar
3025 3437 3211 3476 eorum
3243 3426 3334 3491 qui
3370 3440 3430 3476 se

1878 3513 2173 3567 oblectandi
2197 3513 2363 3580 gratia
2385 3513 2765 3580 egrediuntur:
2792 3512 3117 3579 abduxitque
3135 3512 3433 3577 ip~osThac

1880 3605 2053 3655 malus
2085 3602 2313 3654 navibus
2343 3602 2395 3654 in
2425 3602 2674 3663 insulam,
2706 3617 2824 3668 qure
2855 3602 3029 3654 insula
3059 3602 3297 3661 Ahukair
3328 3618 3428 3669 ap-

1878 3692 2107 3756 pellatur
2131 3706 2145 3741 :
2176 3690 2436 3742 submersi
2457 3701 2631 3742 autem
2655 3700 2867 3744 suntex
2891 3692 3019 3751 ips's
3043 3690 3093 3742 in
3117 3690 3235 3743 Nilo
3253 3690 3427 3743 multi.

1877 3778 2224 3849 509-511
2285 3779 2567 3831 Perierunt
2618 3780 2779 3830 etiam
2821 3794 3005 3831 eorum
3064 3778 3202 3831 fame
3228 3789 3280 3831 et
3319 3780 3429 3844 siti,

1882 3868 1937 3919 in
1992 3867 2141 3935 pagis
2169 3877 2223 3921 et
2253 3867 2513 3929 Phostati,
2545 3851 2942 3921 nltraducen'ta
2975 3872 3206 3919 virorum
3237 3882 3338 3935 pue
3369 3884 3433 3920 o-

1886 3975 2003 4011 rum
2034 3968 2085 4011 et
2110 3960 2391 4012 mulierum
2421 3959 2609 4014 milli...
2636 3958 2938 4025 Mansitque
2969 3960 3116 4011 locus
3138 3960 3429 4021 desolatus,

1888 4048 2101 4100 nemine
2161 4049 2213 4100 in
2265 4050 2380 4114 ipso
2427 4061 2693 4101 manente.
2722 4048 2868 4101 Fecit
2922 4057 3095 4100 autem
3146 4049 3245 4101 hoc
3293 4046 3433 4100 Tha-

1888 4136 2084 4195 maius,
2117 4150 2183 4188 ue
2220 4137 2281 4187 Al
2320 4135 2596 4205 Phayumo
2640 4136 2851 4189 rediens
2889 4136 3226 4190 AbulKasetn
3259 4138 3433 4190 locum

1892 4226 2161 4277 inveniret
2195 4227 2283 4278 ubi
2323 4227 2557 4295 hospitio
2601 4229 2959 4295 exciperetur.
3016 4227 3215 4281 Deinde
3247 4227 3433 4281 Munea

1882 4316 2163 4369 eunuchus
2196 4317 2441 4370 collectis
2491 4318 2682 4385 copiis,
2736 4330 2923 4371 contra
2974 4318 3125 4369 illum
3176 4317 3425 4382 Al‘Pha-

1884 4406 2029 4471 yumi
2064 4416 2363 4458 manentem
2414 4408 2693 4474 prodiens,
2726 4407 2901 4474 ipsum
2939 4407 2990 4459 in
3029 4408 3207 4473 fugam
3247 4406 3427 4467 vertit,

234 4498 491 4566 Yahyym,
542 4498 655 4549 Ebn
687 4499 942 4552 Chakano
972 4502 1163 4561 iratus,
1191 4502 1277 4555 die
1324 4501 1648 4553 Moharrami
1679 4502 1775 4553 de-
1811 4511 1854 4563 υ
1884 4496 2039 4548 caesis
2085 4496 2257 4563 ipsius
2292 4495 2605 4556 comitibus,
2643 4505 2696 4550 et
2733 4496 2955 4563 direptis
3011 4511 3194 4549 eorum
3234 4496 3431 4563 opibus

235 4590 381 4641 cimo
436 4602 578 4638 anno
635 4590 1035 4657 trecentesimo,
1072 4592 1245 4651 primo
1307 4588 1617 4659 [viaierum]
1672 4590 1774 4641 sibi

237 4679 465 4730 adscivit
496 4678 633 4727 Alim
676 4666 840 4730 EbuOl
874 4676 1095 4739 larrabi,
1129 4693 1253 4745 squo
1284 4694 1473 4732 rursus
1502 4678 1775 4742 abdicato,

246 4759 431 4821 mense
459 4771 557 4820 Dill
594 4769 755 4836 Hajja:
792 4784 933 4821 anno
985 4771 1358 4823 trecentesimo
1408 4772 1590 4831 tertio,
1636 4769 1775 4821 Alim

237 4854 357 4907 Ebn
393 4855 755 4918 Mohammed,
796 4856 965 4909 Ebnol
1007 4856 1228 4921 liosani,
1278 4858 1447 4911 Ebnol
1486 4857 1706 4920 Phorat,
1750 4872 1779 4910 e

237 4959 458 4997 carcere
490 4946 741 5005 eductum
778 4947 1031 4999 vizierum
1072 4951 1375 5012 constituit;
1409 4948 1599 5001 deinde
1629 4949 1782 5001 abdi-

239 5047 417 5087 catum
449 5053 665 5089 rursum
695 5038 747 5088 in
778 5052 1048 5091 carcerem
1078 5040 1327 5105 conjecit,
1358 5053 1539 5092 mense
1566 5039 1777 5090 iomada

243 5125 432 5190 priori,
480 5142 622 5177 anno
658 5122 1031 5180 trecentesimo
1064 5137 1275 5193 quarto,
1306 5129 1359 5180 in
1406 5143 1599 5179 munus
1648 5128 1778 5179 illud

255 5218 481 5270 suifccto
523 5218 724 5270 llumcd
761 5218 930 5271 Ebnol
964 5219 1181 5271 Abbasi.
1221 5223 1377 5272 Anno
1410 5219 1784 5271 trecentesimo

239 5310 491 5375 septimo,
513 5311 730 5361 veniens
747 5324 811 5360 ex
828 5309 1099 5362 occidente
1118 5308 1783 5379 Abulkasemebaidallahi

241 5398 381 5451 filius
425 5416 546 5451 cum
594 5404 795 5451 centies
840 5399 983 5451 mille
1030 5400 1159 5453 viris
1190 5402 1567 5452 Alexandriam
1624 5408 1782 5464 cepit,

246 5490 384 5541 unde
418 5499 558 5540 metu
595 5491 926 5541 consternati
971 5500 1095 5542 sunt
1131 5490 1343 5558 Egypti
1380 5490 1589 5542 inculm.
1632 5490 1783 5552 Cepit

239 5580 397 5629 etiam
431 5581 491 5631 Al
518 5582 846 5649 Phayumum
870 5593 921 5633 et
944 5583 1001 5633 Al
1042 5583 1429 5639 Bahnasam,et
1461 5580 1685 5631 insulam
1719 5578 1782 5630 Al

242 5666 553 5720 Aiismariu.
582 5670 749 5735 Cujus
787 5672 861 5719 rei
894 5670 1032 5719 fama
1064 5683 1184 5720 cum
1217 5672 1280 5719 ad
1316 5670 1375 5719 AI
1410 5667 1776 5720 Moktaderunt

247 5758 601 5822 Nncnissct,
633 5760 777 5812 misit
817 5759 902 5810 illc
935 5757 1209 5811 Muncsunt
1243 5761 1545 5810 eunuchum
1583 5772 1775 5825 magno

1871 4586 2188 4653 ceterisque
2232 4600 2351 4652 qua:
2384 4586 2649 4639 habebant
2679 4587 2949 4639 omnibus.

1953 4675 2187 4743 Fugiens
2216 4690 2343 4741 ergo
2391 4674 2725 4729 AbulKasem
2757 4692 2878 4729 cum
2906 4677 3091 4729 amicis
3126 4676 3240 4729 suis
3277 4674 3429 4727 Kira-

1880 4782 2096 4820 wanum
2130 4782 2189 4821 se
2215 4766 2479 4831 contulit;
2523 4768 2684 4835 idque
2716 4783 2900 4821 mense
2936 4767 3015 4819 Dil
3053 4766 3239 4833 liajjz,
3289 4780 3429 4817 anno

1880 4858 2258 4910 trecentesimo
2303 4867 2515 4919 octavo,
2554 4866 2672 4925 post
2706 4859 2846 4924 quod
2876 4873 2997 4910 cum
3040 4857 3176 4908 duos
3210 4869 3421 4907 menses

1877 4946 2208 5000 substitisset
2238 4944 2419 5001 Munes
2455 4948 2757 5005 eunuchus.
2800 4948 3105 5015 Bagdadum
3148 4945 3312 5013 petiit.
3342 4958 3427 4995 re-

1881 5037 2011 5089 licto
2067 5040 2117 5089 in
2172 5037 2405 5106 Egypto
2459 5038 2645 5091 Heialo
2700 5038 2809 5089 Ebn
2868 5038 3055 5091 Badar.
3105 5034 3423 5087 Alexandria

1884 5110 2089 5194 autem,
2128 5144 2247 5183 cum
2299 5130 2499 5183 reversi
2537 5140 2720 5183 essent
2752 5139 3009 5198 quotquot
3048 5126 3429 5195 superfuerunt

1882 5236 1945 5273 ex
1989 5208 2414 5297 ipsiusincolis,
2456 5236 2519 5275 ea
2582 5223 2774 5274 iterum
2812 5222 2949 5272 culta
2992 5228 3089 5272 est.
3128 5218 3294 5269 Porro
3324 5215 3429 5269 Leo

1890 5312 2190 5376 imperator
2218 5312 2410 5363 morbo
2436 5312 2582 5380 gravi
2619 5320 2917 5377 correptus,
2951 5324 3071 5361 Cum
3110 5310 3425 5361 moriturum

1892 5416 1951 5451 se
1992 5396 2226 5461 timeret,
2265 5400 2505 5464 mittens,
2538 5401 2811 5453 Nicolaum
2854 5398 3236 5466 patriarcham,
3267 5408 3423 5461 quem

1879 5489 1998 5541 loco
2029 5497 2289 5552 moverat,
2320 5491 2623 5552 accersivit,
2692 5490 2861 5555 ipsius
2907 5490 3129 5558 gratiam
3160 5486 3423 5546 ambiens,

1882 5594 1943 5631 ac
1974 5581 2149 5647 ipsum
2231 5581 2497 5633 cathedrae
2559 5582 2818 5643 restituit,
2893 5588 3095 5633 semoto
3165 5576 3421 5626 Anthimo

1883 5668 2207 5733 patriarcha,
2243 5685 2402 5735 quem
2449 5670 2514 5720 ad
2560 5672 2943 5723 monasterium
2974 5667 3236 5734 quoddam
3272 5665 3418 5715 (lun-

1883 5760 2418 5827 stautiuopolitanum
2462 5778 2519 5815 sc
2561 5764 2798 5827 recipcri-
2828 5762 3019 5823 juSsIt;
3058 5773 3105 5810 tu
3157 5774 3261 5823 qui)
3294 5770 3412 5807 cun
