4142 6440
609 249 742 316 1151

610 457 685 510 illi
715 458 822 512 Leo
852 461 1169 529 imperator,
1217 467 1426 532 morbo,
1455 485 1564 537 quo
1599 471 1824 528 allectus
1847 490 1981 542 erat,

608 637 785 706 ipsum
845 640 1102 696 Romanis
1151 645 1317 700 frater
1365 650 1538 716 ipsius
1588 654 1900 710 Alexander
1940 637 2160 728 septem

603 741 801 791 annos,
855 731 976 784 dein
1032 731 1190 803 512
1248 751 1494 794 mortuus
1522 754 1623 807 est,
1668 751 1992 805 succedente
2053 754 2156 822 ipsi

603 816 967 874 Constantino
998 825 1189 880 Leonis
1220 829 1347 891 lilio,
1379 835 1469 899 qui
1504 851 1676 889 annos
1708 849 1832 892 tunc
1862 852 2021 896 natus
2049 857 2166 899 erat

602 905 791 974 viginti
845 917 954 964 tres
987 912 1100 978 (vel
1148 919 1449 972 secundum
1492 915 1634 977 aliud
1678 930 1953 997 exemplar
1995 935 2167 988 trede-

608 999 774 1066 cim).
807 1001 975 1070 Cujus
1031 1016 1226 1072 mater,
1285 1015 1502 1068 nomine
1561 1018 1829 1087 Augusta,
1880 1025 2162 1094 imperium

615 1084 1049 1148 administrabat.
1113 1097 1256 1169 illisit
1305 1112 1482 1156 autem
1545 1084 2031 1181 rex'Bnlgarorum
2092 1119 2155 1172 ad

602 1177 1016 1243 Constantinum
1065 1185 1431 1246 Romanorum
1477 1195 1880 1267 imperatorem,
1914 1222 2157 1262 sororem

601 1269 775 1336 ipsius
803 1271 909 1324 lilio
934 1288 1032 1326 suo
1080 1276 1131 1329 in
1177 1294 1394 1334 uxorem
1446 1299 1704 1353 poscens;
1761 1293 1810 1345 in
1840 1312 1969 1361 quo,
2016 1314 2158 1364 cum,

602 1375 711 1414 non
790 1377 1054 1419 annueret
1118 1371 1220 1438 ipsi
1287 1373 1707 1446 Constantinus,
1775 1387 1940 1438 multa
2016 1389 2159 1445 inter

603 1452 749 1520 ipsos
794 1460 1086 1512 commissa
1133 1473 1257 1515 sunt
1285 1468 1488 1533 praelia.
1527 1470 1657 1523 Cum
1695 1490 1821 1543 ergo
1849 1479 1982 1532 bella
2023 1494 2160 1538 inter

601 1542 752 1610 ipsos
795 1549 1102 1602 continuari
1149 1553 1358 1607 videret
1393 1554 1647 1614 Nicolans
1689 1542 2015 1634 patriarcha,
2047 1589 2159 1625 me-

604 1643 772 1689 tuens.
794 1651 859 1690 ne
887 1653 944 1690 se
971 1651 1160 1696 mutuo
1187 1647 1493 1712 perderent,
1519 1651 1709 1705 ducem
1739 1661 2028 1723 quemdam
2060 1678 2157 1716 no-

600 1725 746 1780 mine
793 1726 1110 1794 Domilium,
1156 1735 1424 1790 adscitum
1453 1740 1812 1797 Constantino
1837 1748 1888 1800 in
1931 1750 2155 1817 imperio

601 1815 1030 1876 administrando
1079 1824 1361 1890 adjunxit;
1415 1828 1686 1898 ﬁliamque
1732 1834 1946 1890 Domitii
1999 1815 2157 1896 acce-

597 1915 768 1971 ptam,
815 1909 1172 1965 Constantino
1224 1916 1274 1966 in
1315 1933 1549 1987 quorem
1603 1923 1748 1975 dedit
1793 1945 1804 1978 :
1849 1928 2156 2000 factumque

599 2008 684 2051 est
737 2008 795 2052 ut
843 2010 982 2061 tres.
1025 2005 1228 2058 scilicet
1276 2007 1701 2078 Constantinus,
1753 2016 2053 2082 Domitius,
2101 2033 2154 2078 et

598 2088 1021 2157 Christophorus
1066 2094 1282 2149 Domitii
1331 2100 1492 2165 illius,
1524 2101 1886 2161 Romanorum
1926 2113 2155 2180 impera-

599 2189 748 2234 tores
791 2184 1181 2251 salutarentur,
1212 2205 1271 2239 ac.
1297 2193 1769 2261 siniulimperium
1808 2203 2155 2257 moderaren-

600 2278 706 2323 tur.
759 2272 1094 2342 Domitioque
1127 2278 1285 2331 tiliam
1336 2298 1489 2334 suam
1541 2284 1887 2353 Bulgaroruut
1933 2294 2043 2362 regi
2097 2298 2151 2350 in

595 2374 816 2412 uxorem
849 2363 1033 2426 dante.
1082 2381 1364 2423 cessarunt
1410 2373 1554 2426 inter
1585 2377 1731 2444 ipsos
1772 2381 1930 2438 bella.
1983 2383 2152 2440 Porro

593 2447 936 2505 Almoctader
964 2451 1162 2509 viziero
1185 2457 1550 2535 [consiliario]
1594 2468 1953 2535 suoﬁamedo
1982 2473 2151 2529 Ebnol

595 2543 782 2608 Abasi,
825 2545 1013 2609 iratus,
1056 2549 1233 2616 ipsum
1282 2565 1452 2608 morte
1481 2557 1726 2612 multavit
1771 2578 1954 2617 mense
1984 2563 2151 2622 Rabia

596 2634 798 2701 priore,
875 2653 1020 2690 anno
1091 2646 1478 2699 trecentesimo
1548 2648 1761 2704 decimo
1817 2656 2022 2721 prinio,
2101 2671 2154 2714 et

593 2725 732 2777 Alim
810 2725 925 2780 Ebn
1005 2727 1210 2785 Ahmed
1289 2733 1459 2788 Ebnol
1542 2738 1742 2793 Phorat
1800 2760 1829 2798 e
1910 2761 2128 2804 carcere

593 2815 870 2877 eductum,
933 2819 1189 2873 vizierum
1258 2827 1566 2891 constituit,
1632 2847 1776 2886 nono
1841 2846 1966 2891 ante
2030 2840 2153 2894 lini-

593 2911 706 2956 tum
742 2905 968 2960 Rabiam
1009 2913 1390 2977 posteriorem,
1455 2932 1600 2972 anno
1639 2927 2028 2981 trecentesimo
2056 2945 2153 2984 un-

593 2994 826 3061 decimo,
845 3000 1001 3052 tertia
1025 3001 1136 3068 jam
1164 3006 1301 3060 vice.
1323 3005 1624 3064 Moslemini
1651 3024 1827 3068 autem
1847 3018 2048 3074 Ramlze
2073 3031 2155 3076 tu-
2182 3046 2226 3106 ο

596 3088 871 3152 multuali,
899 3091 1034 3144 duas
1057 3092 1431 3150 Melchitarum
1462 3101 1722 3157 ecclesias
1744 3107 2043 3176 diruerunt,
2075 3114 2150 3164 vi-

594 3176 789 3231 delicet
832 3179 1011 3234 Sancti
1041 3182 1275 3247 anmaa,
1310 3197 1363 3238 et
1389 3187 1571 3242 Sancti
1601 3192 1808 3263 Cyriaci
1830 3214 2044 3254 necnon
2071 3217 2168 3260 ec-.

597 3267 815 3321 clesiam
850 3269 1196 3343 513-515
1229 3275 1647 3335 Askelanensem
1673 3294 1724 3337 ct
1748 3286 2150 3357 C.rsariensem,

594 3357 755 3426 idque
789 3375 966 3414 mense
997 3364 1210 3419 lomada
1247 3371 1567 3436 posteriore,
1610 3390 1747 3428 anno
1783 3383 2154 3437 trecentesimo

594 3451 900 3504 undecimo.
939 3453 1049 3517 Qua
1098 3457 1161 3510 de
1199 3473 1253 3511 re
1279 3475 1399 3512 cum
1459 3461 1747 3518 Christiani
1781 3469 2051 3534 querelam
2085 3472 2152 3527 ad

594 3538 1031 3622 Almoctaderum
1091 3548 1448 3616 detulissent,
1496 3553 1657 3622 jussit
1711 3571 1802 3610 eos
1852 3559 2156 3619 instaurare

595 3631 736 3698 quod
779 3617 906 3699 ips'is
939 3636 1169 3690 dirutum
1212 3638 1409 3695 fuerat.
1460 3642 1723 3699 Concitati
1755 3649 1916 3703 etiam
1951 3650 2154 3708 Mosle-

594 3723 722 3774 mini
757 3722 971 3779 Tennisi
1008 3729 1290 3783 ecclesiam
1323 3731 1715 3802 Melehitarum,
1767 3755 1883 3806 quae
1924 3742 2023 3796 fuit
2055 3759 2154 3798 ex-

599 3827 676 3868 tra
710 3823 887 3871 areem
912 3818 1153 3886 Tennisi,
1174 3826 1289 3892 qua:
1317 3826 1612 3893 appellatur
1634 3832 1864 3886 ecclesia
1891 3833 2152 3899 Butbaur,

598 3909 921 3973 diruerunt,
993 3929 1178 3970 mense
1247 3915 1414 3982 Rajeb
1486 3937 1501 3973 :
1569 3919 1692 3976 dein
1759 3927 2156 3990 exstruentibus

595 3999 914 4054 Christianis
943 4002 1136 4057 ibidem
1160 4006 1460 4072 ecclesiam,
1488 4025 1608 4065 cum
1637 4003 1752 4067 eam
1782 4031 1946 4084 prope
1977 4019 2156 4072 absol-

596 4090 822 4152 visseut,
852 4091 1025 4144 denuo
1053 4096 1299 4149 concitati
1334 4096 1606 4154 Mosemini
1645 4102 1770 4155 illud
1808 4104 1947 4169 quod
1979 4106 2148 4160 labri-

595 4191 854 4235 caverant
906 4182 1136 4236 dirutum
1173 4186 1541 4256 incenderunt,
1593 4201 1646 4243 at
1694 4208 1783 4247 rex
1825 4183 2146 4252 Christianis

597 4284 751 4335 opem
808 4269 926 4324 tulit
980 4272 1113 4327 adeo
1161 4283 1218 4326 ut
1249 4277 1529 4331 ecclesiam
1575 4294 1724 4334 suam
1788 4294 2148 4340 exstruerent.

597 4362 768 4412 Porro
813 4361 981 4414 iratus
1027 4363 1456 4421 AloMoctaderus
1507 4369 1706 4424 viziero
1743 4389 1854 4428 suo
1912 4377 1992 4427 Ali
2040 4375 2151 4430 Ebu

599 4450 936 4516 Al-Phorat,
987 4452 1162 4520 ipsum
1223 4466 1390 4510 morte
1449 4460 1713 4524 multavit,
1771 4473 1828 4516 ut
1878 4473 1932 4518 et
1989 4466 2151 4520 lilium

600 4543 769 4609 ipsius
796 4541 1131 4606 Mobsenum,
1163 4561 1343 4601 mense
1367 4545 1533 4604 Rabia
1561 4553 1751 4619 priori.
1776 4569 1918 4611 anno
1946 4565 2156 4611 trecen-

601 4635 792 4688 tesimo
839 4635 1176 4703 duodecimo,
1221 4639 1270 4692 in
1316 4657 1511 4697 munus
1546 4644 1670 4697 illud
1719 4646 1945 4702 sull‘ecto
1975 4650 2158 4717 Abdil-

601 4727 759 4791 labo,
792 4743 974 4782 mense
1003 4729 1216 4782 lomada
1243 4734 1570 4805 posteriore,
1605 4751 1745 4790 anno
1778 4743 2153 4797 trecentesimo

601 4820 809 4874 decimo
857 4832 1069 4888 quarto.
1093 4822 1358 4877 Concitati
1401 4825 1559 4878 etiam
1586 4827 1881 4883 Moslemini
1916 4831 2157 4888 Damasci

603 4911 886 4965 ecclesiam
922 4911 1130 4967 Sanctae
1163 4912 1341 4968 Mariae
1369 4915 1686 4970 catholicam
1718 4920 1996 4975 diruerunt
2019 4923 2158 4990 (qua:

606 5003 779 5069 ampla
821 5003 1125 5068 admodum,
1174 5020 1360 5073 magna
1407 5021 1470 5061 ac
1501 5008 1716 5075 pulchra
1740 5005 1871 5073 luit“,
1912 5012 1960 5063 in
1997 5027 2156 5080 quam

606 5102 823 5160 erogata
874 5092 1080 5147 fuerant
1111 5096 1336 5151 ducenta
1371 5113 1656 5152 aureorum
1688 5099 1898 5168 millia),
1937 5102 2158 5169 direptis

607 5198 723 5252 quae
751 5182 801 5235 in
843 5199 902 5234 ea
956 5196 1110 5237 erant
1157 5188 1300 5241 vasis
1347 5192 1662 5258 caeterisque
1718 5195 2045 5248 ornamentis
2097 5210 2159 5248 ac

609 5273 758 5326 velis.
801 5273 1036 5340 Spoliata
1070 5287 1194 5329 sunt
1225 5279 1386 5332 etiam
1425 5283 1766 5347 monasteria,
1798 5299 1860 5337 ac
1895 5285 2160 5353 praecipue

611 5365 990 5417 monasterium
1027 5364 1342 5422 {culinarum
1381 5386 1497 5436 quae
1522 5370 1673 5438 juxta
1707 5375 1988 5428 ecclesiam
2040 5375 2156 5429 fuit.

614 5452 1035 5524 Drjccernntque
1068 5458 1324 5524 ecclesias
1376 5459 1740 5516 Melchitarum
1793 5465 1984 5518 multas
2021 5481 2033 5518 :
2075 5465 2158 5519 di-

613 5553 834 5595 ruerunt
865 5544 1488 5602 eliam'Neslorianorum
1513 5552 1793 5606 ecclesiam
1821 5569 1833 5617 ;
1869 5554 2029 5625 idque
2054 5569 2161 5607 me-

617 5633 700 5682 diu
724 5649 898 5686 tthllSC
921 5633 1084 5704 ltajcb
1100 5653 1237 5693 anno
1257 5641 1628 5696 trecentesimo
1643 5642 2153 5713 516duodecimo.

1277 347 1280 351 ι
1382 271 1385 274 ’
1631 266 1994 331 EUTYClIll
2029 272 2554 339 ALEXANDRINI
2588 283 2801 348 PATR.
2936 299 2940 301 ’

607 367 827 423 biennio
879 373 1191 440 mansisset,
1222 385 1468 433 mortuus
1491 370 1594 442 est.
1643 381 1922 451 Superl'uit
1972 398 2147 442 autem
2179 391 2222 444 Α
2255 390 2416 446 Porro
2455 394 2551 448 fuit
2596 399 2676 451 Ali

3690 295 3826 364 “52

2732 400 2840 454 Ebn
2895 401 2992 457 [sae
3034 405 3262 462 Meecha:
3286 413 3350 464 ad
3397 428 3551 481 quem
3601 421 3817 486 scripsit

2028 479 2172 533 labo—
2273 483 2530 538 Ahdollah
2567 488 2794 558 vizierus
2825 502 2881 546 ut
2923 494 2972 548 in
3002 496 3284 567 [Egyptum
3319 479 3587 564 pro—fectus
3623 510 3672 560 in
3713 479 3817 561 Ista—

607 563 735 601 rans
792 568 1004 606 menses
1036 555 1261 622 aliquot,
1295 557 1416 613 dein
1446 561 1598 615 obiit.
1627 563 2024 638 lmperavitqne
2051 581 2169 639 post
2273 585 2380 628 tum
2427 593 2539 639 ejus
2591 567 2653 632 ini

2273 585 2380 628 tum
2427 593 2539 644 ejus
2591 581 2908 648 inquireret.
2960 588 3041 640 Ali
3077 605 3203 657 ergo
3240 591 3348 644 Ehn
3395 594 3486 650 1393
3533 598 3816 668 {Egyptqu

2272 665 2548 731 ingressus
2598 682 2678 722 est
2728 673 2878 727 initio
2926 678 3125 731 mensis
3172 679 3339 748 Rajeb
3381 702 3393 736 :
3431 687 3514 738 ubi
3547 690 3820 755 prehensis

2272 759 2552 811 monachis
2593 767 2645 811 et
2684 763 2961 829 episcopis,
3012 769 3266 823 tributum
3299 759 3379 824 ah.
3416 775 3541 840 ipsis
3591 781 3761 846 exegit
3802 795 3819 832 :

2268 864 2474 916 nempe,
2505 851 2572 903 ab
2604 854 2848 906 omnibus
2882 865 2987 908 tam
3029 863 3303 915 monachis
3337 880 3491 936 quam
3522 867 3743 921 infirmis
3769 879 3824 921 ct

2268 943 2613 1007 pauperibus,
2653 960 2750 997 nec
2788 961 2890 998 non
2942 955 3278 1007 monasteriis
3326 959 3568 1010 omnibus
3609 975 3722 1026 qum
3770 964 3821 1012 in

2269 1033 2506 1085 infcriori
2542 1047 2687 1102 parte
2718 1039 2951 1104 regionis
2978 1040 3102 1093 Said
3131 1058 3302 1108 erant,
3328 1059 3487 1114 atque
3519 1051 3584 1101 ah
3613 1052 3824 1118 cpisco-

2264 1126 2346 1190 pis
2376 1135 2425 1177 et
2463 1131 2738 1184 monachis
2774 1133 2861 1197 qui
2886 1135 2937 1186 in
2971 1137 3297 1190 monasterio
3339 1138 3494 1190 διῆκε.
3533 1141 3820 1194 Monachu-

2265 1230 2381 1267 rum
2403 1231 2529 1284 ergo
2558 1220 2773 1286 quidam
2805 1220 3032 1276 Erakum
3063 1226 3286 1291 profecti
3320 1228 3384 1277 ah
3410 1229 3470 1279 Al
3515 1230 3822 1293 llloktatlcro

2263 1319 2415 1369 opem
2464 1309 2747 1372 petierunt,
2791 1303 2880 1378 qui
2918 1315 3131 1382 scripsit
3166 1317 3291 1384 ipsis
3341 1319 3542 1371 litteras
3579 1319 3816 1390 [julicns]

2264 1411 2328 1446 ne
2375 1398 2442 1449 ab
2496 1399 2620 1465 ipsis
2652 1403 2950 1470 exigeretur
2991 1407 3267 1473 tributum,
3301 1420 3459 1474 atque
3492 1413 3678 1464 eodem
3707 1428 3816 1479 quo

2265 1486 2498 1539 solerent
2530 1491 2736 1556 pridem
2765 1508 2925 1546 cursu
2961 1494 3180 1548 ﬂuerent
3221 1514 3304 1552 res
3334 1515 3539 1552 eorum.
3576 1500 3822 1554 Semoto-

2260 1592 2361 1643 que
2392 1592 2418 1628 a
2454 1579 2632 1632 vizieri
2687 1597 2904 1637 munere
2955 1586 3248 1641 Abdollaho
3290 1591 3401 1642 Ebn
3452 1591 3809 1651 Mohammed,

2192 1712 2234 1765 Β
2263 1666 2371 1718 Elin
2419 1668 2657 1732 Chakan,
2715 1673 2853 1726 idem
2903 1675 3165 1745 delegavit
3203 1679 3301 1730 Abi
3337 1679 3547 1764 Abbaso
3593 1680 3823 1733 Ahmcdi

2261 1759 2375 1812 Ebn
2407 1762 2684 1816 Abdollahi
2717 1763 2831 1818 Ebn
2859 1766 3064 1821 Ahmed
3099 1767 3413 1834 Al-Chasib,
3445 1759 3588 1834 anno,
3615 1783 3829 1826 trecen-

2264 1849 2455 1902 tesimo
2486 1851 2692 1906 decimo
2723 1855 2904 1908 tertio.

2331 1987 2498 2040 Porro
2531 1998 2775 2044 mortuus
2811 2000 2895 2046 est
2922 1991 3517 2064 Nicolaus‘patriarcha
3546 1995 3821 2051 Constan-

2260 2078 2678 2144 tinopolitanus,
2729 2095 2851 2133 cum
2902 2082 3215 2138 cathedram
3258 2094 3576 2150 occupasset
3642 2101 3822 2140 annos

2261 2169 2478 2236 triginta
2515 2178 2646 2236 tres,
2675 2173 2968 2226 constituto
3000 2183 3123 2242 post
3175 2175 3351 2242 ipsum
3401 2174 3678 2244 Stephano
3715 2179 3814 2247 qui

2257 2260 2539 2313 eunuchus
2576 2260 2697 2325 fuit,
2739 2263 2988 2330 quicum
3035 2274 3147 2318 tres
3196 2281 3364 2319 annos
3401 2266 3629 2320 sedisset
3675 2283 3826 2321 mor-

2261 2358 2384 2403 tuus
2408 2357 2508 2403 est.
2554 2351 2818 2419 Apparuit
2851 2362 3028 2407 autem
3063 2355 3114 2406 in
3159 2354 3392 2424 Egypto
3431 2357 3579 2409 stella
3615 2372 3816 2425 magna
3856 2407 3866 2425 ,

2256 2441 2424 2494 radiis
2464 2440 2700 2505 diﬂusis,
2748 2458 2916 2497 cursu
2975 2443 3170 2509 veloci,
3229 2453 3282 2497 et
3339 2445 3592 2498 scintillis
3646 2445 3825 2514 ipsam

2259 2529 2635 2597 sequentibus,
2673 2546 2771 2584 nec
2804 2547 2908 2586 non
2941 2532 3154 2585 ﬂamma
3181 2533 3429 2593 terribili,
3470 2549 3664 2601 magno
3693 2550 3824 2586 cor-

2261 2603 2421 2685 pore,
2469 2622 2653 2674 colore
2696 2621 2989 2675 admodum
3038 2621 3302 2686 rubente,
3364 2635 3392 2672 a
3449 2625 3826 2691 septentrione

2258 2711 2516 2764 orientem
2569 2725 2763 2766 versus
2817 2693 3080 2775 tendens,
3141 2713 3330 2766 hastas
3388 2728 3526 2780 pene
3593 2716 3825 2782 triginta

2261 2803 2442 2871 longa,
2508 2801 2669 2856 hinas
2717 2802 2850 2865 lata,
2909 2802 3086 2856 instar
3115 2805 3419 2871 serpentis;
3467 2804 3629 2888 idque
3667 2808 3824 2888 occi-

2264 2892 2424 2944 dente
2455 2891 2566 2944 sole
2605 2890 2693 2945 die
2728 2890 2978 2944 Mercurii
3010 2891 3368 2962 517-519
3413 2884 3598 2947 Rabire
3629 2884 3822 2963 poste-

2261 2977 2420 3030 rioris
2460 2977 2683 3046 quinto,
2731 2993 2876 3033 anno
2929 2982 3312 3041 trecentesimo
3363 2981 3573 3036 decimo
3617 2986 3820 3049 tertio;

2257 3081 2377 3120 cum
2413 3075 2524 3120 tres
2566 3068 2728 3122 horas
2756 3064 3009 3123 durasset
3035 3069 3304 3124 exstincta
3337 3082 3440 3126 est.
3469 3071 3666 3125 Vizieri
3697 3088 3825 3126 mu-

2257 3173 2384 3211 nere
2415 3158 2664 3212 abdicato
2698 3159 2832 3214 Abul
2871 3160 3088 3214 Abbaso
3120 3161 3286 3216 Ebuol
3311 3161 3535 3224 Chasib,
3574 3164 3625 3216 in
3673 3164 3820 3217 idem

2253 3246 2515 3301 sull'ectus
2568 3255 2652 3301 est
2698 3245 2783 3300 Ali
2843 3248 2959 3301 Ebn
3017 3245 3151 3312 lsaa,
3209 3249 3378 3302 Ebnol
3442 3250 3650 3314 larahi;
3707 3266 3826 3319 quo

2254 3338 2447 3392 deinde
2507 3350 2714 3391 semoto
2765 3320 3026 3392 vizi‘erum
3080 3339 3183 3392 sibi
3229 3339 3516 3394 constituit
3568 3339 3824 3411 [chalira]

2255 3429 2371 3483 Abu
2404 3430 2485 3484 Ali
2517 3429 2631 3484 Ebn
2663 3428 3023 3493 Mohammed,
3058 3429 3172 3493 Ebn
3209 3431 3319 3493 Ali,
3358 3431 3446 3496 die
3471 3431 3618 3485 Jovis
3637 3432 3825 3485 medio

2257 3517 2408 3572 Rabii
2438 3519 2755 3587 posterioris
2785 3535 2928 3572 anno
2957 3522 3345 3575 trecentesimo
3377 3521 3592 3575 decimo
3637 3535 3819 3578 sexto.

2253 3610 2518 3664 Commoti
2553 3620 2729 3681 autem
2775 3619 2902 3664 sunt
2936 3610 3102 3666 duces
3130 3612 3385 3681 ~Bagdadi
3432 3615 3485 3665 in
3529 3614 3590 3667 Al
3615 3614 3826 3668 Molita-

2253 3699 2464 3762 derum,
2499 3709 2556 3752 ut
2593 3700 2766 3768 ipsum
2798 3713 2828 3753 e
2860 3700 3034 3754 medio
3070 3702 3347 3760 tollerent,
3402 3717 3432 3755 e
3463 3703 3665 3769 quibus
3699 3703 3822 3758 fue-

2254 3799 2380 3843 runt
2403 3791 2541 3843 Abul
2581 3789 2756 3857 Hijah,
2780 3787 2986 3852 Nazuk,
3012 3789 3234 3860 aliique.
3269 3792 3334 3843 Al
3356 3791 3634 3847 Moktader
3660 3809 3823 3863 ergo,

2256 3891 2499 3935 metuens
2532 3895 2598 3934 ne
2627 3880 3050 3946 interﬁceretur,
3090 3883 3332 3949 seipsum
3366 3883 3625 3938 chatil‘atu
3659 3885 3783 3938 abdi
3805 3913 3822 3920 -

2256 3971 2417 4032 cavit,
2449 3971 2532 4024 die
2567 3967 2784 4023 Sabbati
2824 3970 3003 4024 medio
3031 3970 3093 4024 Al
3139 3972 3472 4036 Moharram,
3525 3989 3670 4027 anno
3705 3983 3823 4027 tro-

2257 4049 2550 4116 c'entesimo
2578 4061 2792 4115 decimo
2832 4063 3064 4130 septimo
3097 4079 3110 4115 :
3139 4063 3314 4128 .cujus
3353 4064 3471 4117 loco
3504 4074 3821 4120 statuerunt

2259 4159 2476 4212 fratrem
2506 4153 2675 4222 ipsius
2708 4133 3045 4206 Mohammed
3077 4153 3189 4206 Ebn
3220 4155 3452 4217 Ahmch,
3501 4156 3590 4223 qui
3623 4156 3821 4211 diebus

2256 4243 2475 4298 Sabbati
2529 4255 2582 4298 et
2626 4244 2905 4299 Dominico
2939 4243 3096 4297 sedit.
3149 4246 3241 4299 Die
3272 4247 3412 4298 lunae
3449 4247 3641 4314 fautem
3678 4261 3821 4300 con-

2179 4335 2461 4426 Dgregati
2517 4335 2740 4403 pedites,
2792 4333 3139 4403 Alblosaphii
3191 4337 3482 4403 appellati,
3536 4335 3815 4389 Narukum

2258 4443 2307 4484 et
2330 4430 2468 4482 Ahul
2499 4428 2617 4498 Hija
2642 4429 3013 4482 interimentcs
3043 4428 3102 4480 Al
3129 4427 3495 4481 lloktaderum
3525 4427 3816 4482 chalilatui

2256 4517 2631 4580 restituerunt,
2685 4517 2934 4584 doposito
2981 4516 3352 4570 Mohammede
3405 4515 3520 4570 Ebn
3574 4517 3811 4580 Ahmed.

2259 4621 2418 4676 quem
2451 4607 2774 4660 honoratum
2805 4607 3026 4659 domum
3073 4620 3226 4670 suam
3262 4606 3611 4688 remiserunt.
3641 4603 3820 4659 Ferro

2253 4701 2570 4756 acciderunt
2608 4699 2661 4753 in
2707 4699 2942 4770 Egypto
2976 4698 3194 4753 locustae
3229 4699 3548 4763 innumerae,
3577 4700 3717 4753 adeo
3754 4708 3820 4752 ut

2259 4810 2365 4863 pra:
2398 4793 2746 4847 multitudine
2793 4791 3118 4861 impedirent
3164 4791 3344 4845 radios
3397 4791 3600 4844 solares
3648 4804 3714 4844 ne
3745 4796 3814 4847 ad

2259 4893 2455 4939 terram
2503 4885 2903 4953 pertingerent,
2940 4882 3129 4948 quales
3179 4881 3320 4934 haud
3378 4882 3512 4936 alias
3571 4897 3809 4950 unquam

2259 4974 2509 5028 viderunt
2545 4959 2760 5042 .‘Egvpti
2817 4971 3046 5024 incolae:
3082 4985 3202 5038 qua:
3255 4979 3308 5022 et
3356 4969 3591 5038 ipserum
3647 4971 3810 5034 vites,

2258 5065 2491 5126 fructus,
2523 5064 2732 5131 palmas
2764 5069 2818 5114 et
2844 5075 3003 5129 porra
3031 5060 3380 5122 devoraruut,
3414 5060 3546 5114 adeo
3579 5068 3638 5114 ut
3676 5075 3804 5128 per--

2256 5154 2515 5206 derentur
2547 5149 2686 5202 horti
2715 5156 2766 5200 et
2796 5147 2984 5207 vineaa,
3020 5145 3180 5213 idque
3203 5161 3387 5200 mense
3413 5147 3580 5199 liabia
3613 5149 3808 5214 priori,

2257 5257 2400 5295 anno
2439 5240 2820 5294 trecentesimo
2869 5237 3122 5290 vicesimo
3161 5237 3412 5304 septimo,
3455 5237 3534 5291 vel
3591 5239 3807 5306 (secun-

2256 5334 2382 5386 dum
2433 5329 2575 5381 aliud
2615 5325 2910 5395 exemplar)
2947 5325 3331 5378 trecentesimo
3381 5324 3541 5393 520
3589 5325 3804 5378 decimo

2257 5417 2530 5485 septimo).

2327 5550 2495 5605 Porro
2525 5551 2577 5601 in
2609 5549 2671 5601 Al
2692 5545 3011 5611 Yamamah,
3038 5553 3092 5599 et
3119 5546 3180 5598 Al
3213 5544 3444 5598 Bahrain
3481 5534 3681 5613 prodiit
3713 5556 3809 5596 τρο.

2267 5642 2422 5698 bellis
2467 5639 2683 5709 quidam
2717 5639 2935 5693 nomine
2971 5637 3208 5701 Soliman
3256 5635 3424 5691 Ehnol
3476 5631 3807 5710 llasan,_qui
