4082 6446
217 324 371 388 1153

1682 335 2035 394 :iNNALES.

3334 346 3455 404 1154

211 459 267 496 et
295 447 409 498 Abi
453 446 580 499 Said
632 448 933 498 Al'ianna'ni
980 449 1137 517 vulgo
1190 448 1361 510 audit,
1409 451 1499 515 qui
1538 448 1793 501 l’asoram
1827 457 1874 513 Α
1904 462 2077 501 matre
2110 468 2227 511 sua,
2278 452 2362 503 cui
2407 466 2609 503 nomen
2647 450 2748 503 fuit
2784 452 3183 518 Chaizaranah,
3223 459 3461 512 denunti-

213 538 595 601 pervenieus,
652 553 767 589 cam
820 550 1027 604 captam
1077 540 1397 597 devastavit.
1452 550 1505 592 et
1555 557 1801 609 magnam

213 625 531 678 hominum
570 637 800 694 stragem
838 628 891 679 in
921 644 982 679 ea
1016 628 1182 679 edidit
1216 669 1229 689 ,
1265 639 1424 694 atque
1453 630 1573 681 inde
1603 631 1799 683 Cusam

211 714 551 781 proiectus,
578 732 638 768 ea
668 718 827 768 etiam
868 728 1046 783 Capta,
1085 718 1288 771 incolas
1320 718 1538 777 occidit,
1578 723 1803 773 multos-

212 818 333 869 que
362 805 505 857 inde
534 808 773 872 captivos
806 806 1049 866 abduxit,
1075 817 1124 859 et
1169 808 1363 860 multas
1417 812 1593 861 avexit
1646 826 1799 879 opes.

216 892 369 946 Dein
415 912 645 963 pergens
686 912 851 963 prope
903 897 1209 964 Bagdaduui
1248 911 1423 952 castra
1460 903 1639 967 posuit
1686 903 1805 955 loco

212 987 315 1049 qui
352 984 690 1054 TeHrkuph
727 987 913 1051 audit;
948 990 1219 1057 multaque
1254 992 1392 1042 inter
1425 994 1599 1060 ipsum
1632 1002 1683 1045 et
1709 995 1804 1045 Al-

212 1072 551 1127 Moktaderi
586 1062 802 1143 copias
847 1080 1133 1131 commissa
1170 1091 1293 1133 sunt
1336 1085 1514 1148 praelia
1557 1101 1569 1133 :
1599 1094 1653 1134 at
1686 1098 1806 1134 cum

216 1179 339 1214 non
391 1174 784 1231 assequeretur
811 1183 927 1233 qua:
958 1170 1148 1232 voluit,
1201 1171 1394 1222 Cusam
1429 1173 1605 1233 rediit,
1644 1157 1806 1240 idque

217 1248 388 1307 anno
439 1257 818 1309 trecentesimo
869 1258 1079 1310 decimo
1130 1263 1335 1313 tertio:
1383 1263 1515 1327 quin
1566 1269 1619 1313 et
1657 1272 1858 1331 aqntes.

218 1356 464 1413 puteos,
496 1349 547 1399 in
591 1348 675 1399 via
705 1363 824 1415 qua-
858 1346 1124 1400 Meccham
1159 1350 1337 1413 ducit,
1394 1350 1699 1407 obstructos
1727 1363 1809 1405 at-

218 1452 343 1504 que
398 1439 657 1505 impletos
703 1439 1018 1499 exsiccavit,
1072 1441 1204 1493 adeo
1253 1442 1309 1493 ut
1366 1451 1509 1496 metu
1558 1443 1724 1511 ipsius
1780 1458 1810 1497 a

192 1521 782 1594 peregrinationibus
810 1530 1143 1583 abstinerent
1171 1530 1405 1598 Bagu‘adi
1436 1542 1489 1586 et
1513 1532 1811 1587 Chorasani

221 1618 461 1681 incolae,
494 1616 711 1686 Egypti
764 1619 975 1671 interim
1009 1629 1061 1673 et
1093 1620 1262 1688 Syria:
1293 1622 1485 1675 incolis
1518 1638 1608 1677 eas
1635 1625 1813 1679 -insti-

224 1708 550 1760 tuentibus.
574 1706 817 1773 Cumque
856 1718 996 1759 anno
1046 1708 1418 1763 tricentesimo
1462 1712 1673 1765 decimo
1725 1729 1813 1765 se-

1904 553 2063 592 natus
2088 552 2187 592 est.
2221 540 2372 605 Quod
2406 545 2470 593 ad
2505 541 2799 604 Romanus,
2840 556 3051 597 mortuo
3076 546 3463 615 Christuplioro

1910 627 2120 681 Domnii
2154 633 2282 691 tilio,
2326 632 2714 684 monachatum
2744 633 3020 697 amplexus
3052 648 3132 688 est
3171 638 3453 703 Domniua,

1908 724 2164 788 solusque
2195 724 2393 774 mansit
2426 722 2820 776 Constantinus
2852 723 2902 773 in
2938 724 3145 789 imperii
3176 729 3455 795 regimine.

1919 810 2161 863 Mortuus
2189 822 2271 865 est
2300 814 2458 865 etiam
2481 811 2788 881 Stephanus
2806 814 3108 879 patriarcha
3138 816 3421 871 Constanti
3440 844 3455 859 υ

1910 902 2273 968 nopolitanus,
2292 912 2569 969 postquam
2592 892 2898 956 cathedram
2924 904 3156 956 triennio
3176 918 3464 972 occupave-

1916 1001 1998 1043 rat
2027 1008 2040 1043 :
2069 994 2504 1059 conStitutusque
2525 1001 2607 1045 est
2630 992 2825 1044 ibidem
2855 993 3156 1059 patriarcha
3176 995 3463 1061 Atranphi-

1917 1097 2041 1133 nus.
2067 1079 2208 1133 Obiit
2229 1083 2389 1132 etiam
2417 1080 2791 1133 Christodulus
2824 1083 3121 1147 patriarcha
3158 1083 3471 1157 Alexandri—

1919 1186 2020 1225 nus
2047 1170 2135 1223 die
2167 1170 2437 1235 Mercurii,
2462 1171 2747 1224 undecimo
2769 1180 2892 1225 ante
2926 1171 3129 1223 [initum
3168 1173 3243 1224 Dil
3267 1171 3468 1232 Kaada.

1913 1275 2055 1313 anno
2105 1262 2488 1315 trecentesimo
2544 1263 2824 1324 vicesimo,
2868 1263 2960 1329 qui
3000 1271 3085 1316 est
3134 1261 3351 1314 Tishrin
3387 1276 3473 1315 se-

1913 1352 2076 1404 cundi
2112 1354 2402 1407 vicesimus
2432 1354 2679 1421 quintus,
2714 1355 2839 1406 anni
2874 1353 3191 1407 Diocletiani
3240 1367 3467 1405 sexcen-

1916 1442 2092 1493 tesimi
2140 1443 2544 1509 quadragesimi
2583 1444 2706 1496 noui
2763 1461 2779 1499 :
2832 1445 3183 1511 sepultusque
3228 1440 3471 1494 Phostati

1915 1529 2265 1599 {Egyptiace
2298 1548 2419 1585 cum
2454 1532 2505 1583 in
2537 1533 2793 1584 cathedra
2825 1534 3059 1587 sedisset
3083 1546 3255 1585 annos
3283 1531 3469 1600 viginti

1916 1637 2031 1681 sex.
2071 1630 2125 1673 et
2158 1637 2248 1673 sex
2282 1636 2513 1675 menses.
2543 1621 2795 1690 Sepultus
2825 1632 3003 1674 autem
3035 1633 3117 1675 est
3162 1622 3213 1674 in
3236 1620 3469 1673 ecclesia

1915 1710 2211 1763 Michaelis.
2246 1710 2412 1763 Porro
2445 1713 2609 1765 duces
2657 1728 2757 1765 una
2786 1728 2906 1766 cum
2958 1712 3184 1765 Munaso
3222 1710 3473 1765 eunucho

225 1799 424 1864 ptimo
456 1800 701 1850 homines
734 1798 786 1849 in
815 1798 1264 1865 peregrinationis
1304 1798 1593 1870 [religiosa
1624 1805 1813 1856 ritibus
1847 1772 1888 1826 Β
1918 1800 2213 1865 Bagdadiin
2231 1800 2659 1853 AlMoktaderum
2686 1803 3474 1870 insurgentes,ipsumaggres-

225 1886 633 1958 observandis]
666 1897 866 1951 essent,
904 1888 993 1941 die
1036 1886 1240 1952 Martis,
1274 1888 1525 1957 DilHajja:
1558 1894 1811 1971 septimo,

228 1980 528 2032 Meccham
567 1978 887 2047 perveniens
935 1978 1221 2032 Allannabi
1283 1996 1405 2033 cum
1449 1982 1620 2049 copiis
1670 1984 1811 2047 suis,

230 2069 612 2137 eamdemque
656 2070 954 2135 ingressus,
991 2070 1232 2121 homines
1266 2081 1377 2123 tum
1430 2072 1574 2125 circa
1623 2077 1811 2138 aedem,

230 2170 364 2213 tum
404 2162 547 2212 intra
592 2159 895 2211 oratorium
932 2174 1147 2211 sacrum
1193 2168 1245 2213 et
1286 2163 1339 2213 in
1390 2163 1600 2229 plateis,
1642 2165 1805 2216 innu-

233 2268 434 2305 meros
475 2252 716 2314 occidit,
767 2251 902 2303 adeo
947 2261 1004 2303 ut
1050 2252 1204 2304 ca‘sis
1261 2253 1575 2321 impleretur
1620 2265 1813 2321 puteus

234 2342 536 2403 Zaimam,
577 2356 677 2393 nec
717 2354 822 2391 non
858 2340 1049 2398 valles.
1072 2341 1189 2404 vice,
1220 2340 1437 2407 domus,
1470 2352 1523 2396 et
1551 2342 1765 2397 deserta
1798 2362 1813 2400 :

235 2432 398 2501 quod
437 2432 478 2485 si
514 2431 608 2499 qui
644 2430 768 2499 iuga
800 2447 856 2485 se
888 2431 1032 2485 czede
1056 2433 1346 2501 eriperent,
1382 2444 1435 2487 et
1473 2436 1619 2502 ipsos
1647 2436 1816 2489 inter-

237 2520 501 2573 fecerunt
533 2522 759 2584 Arabes,
812 2535 941 2587 opes
990 2520 1232 2589 ipsorum
1278 2506 1819 2590 diripientesﬁErant

238 2621 434 2664 autem
472 2621 523 2664 et
556 2613 648 2679 qui
691 2610 908 2664 loddum
940 2612 1200 2680 fugientes
1231 2613 1365 2665 mari
1386 2611 1727 2682 521-523
1760 2628 1817 2668 se

247 2704 690 2755 committerent.
744 2702 898 2770 Cepit
964 2716 1090 2770 ergo
1148 2701 1501 2757 Allannabius
1551 2719 1709 2770 opum
1764 2713 1817 2757 et

242 2795 614 2861 supellectilis
658 2796 917 2858 majorem
968 2809 1127 2862 quam
1174 2811 1294 2863 qua:
1341 2796 1611 2851 recenseri
1645 2796 1817 2865 possit

243 2888 497 2954 eopiam.
532 2888 804 2955 Quidquid
836 2890 1000 2943 etiam
1040 2890 1179 2943 intra
1214 2890 1383 2943 :edem
1429 2902 1639 2942 sacram
1675 2895 1820 2941 esset

245 2979 375 3029 auri
411 2986 571 3043 atque
599 2979 805 3046 argenti
842 2980 1088 3033 abstulit.
1136 2968 1392 3033 Laminas
1420 2979 1584 3031 etiam
1630 2993 1820 3045 argen-

248 3077 372 3121 teas
407 3084 524 3134 quae
573 3069 819 3136 injanua
867 3070 1051 3139 templi
1100 3080 1255 3123 erant
1304 3071 1519 3123 avulsas
1566 3070 1811 3125 abstulit.
1841 3082 1884 3137 ο

249 3153 495 3223 Fuitque
529 3157 582 3209 in
617 3159 815 3227 angulo
850 3157 982 3212 aedis
1008 3157 1261 3212 exteriori
1287 3158 1421 3225 lapis
1452 3160 1621 3225 niger,
1655 3171 1817 3226 quem

250 3261 591 3314 magnopere
655 3248 896 3301 venerati
969 3246 1215 3302 homines
1275 3255 1328 3300 et
1386 3247 1818 3302 benedictionem

252 3335 391 3389 inde
437 3345 716 3403 captantes
768 3336 1076 3392 deosculari
1130 3336 1397 3399 solebant,
1433 3351 1595 3405 quem
1650 3336 1817 3389 etiam

255 3426 380 3477 loco
443 3436 651 3478 motum
707 3440 891 3480 secum
949 3425 1211 3489 abduxit;
1261 3436 1577 3495 septemque
1627 3426 1819 3481 diebus

256 3511 525 3573 Mecchze,
577 3512 995 3582 eidiripieudte,
1047 3514 1379 3582 insumpsit:
1416 3513 1538 3568 dein
1590 3516 1817 3584 patriam

255 3617 417 3653 suam
458 3618 704 3656 reversus
731 3611 814 3657 est
840 3603 1366 3672 peregrinationibus
1396 3604 1631 3659 abolitis.
1652 3604 1819 3658 Porro

261 3692 406 3744 obiit
457 3691 599 3745 Elias
657 3692 965 3760 patriarcha
1026 3692 1394 3747 Antiochenus
1452 3693 1539 3747 die
1595 3692 1818 3747 Sabbati

261 3783 496 3835 lomada:
531 3784 853 3851 posterioris
905 3783 1116 3837 decimo
1158 3783 1338 3844 tertio.
1377 3797 1518 3836 anno
1549 3792 1817 3839 trecente-

257 3875 404 3925 simo
429 3872 639 3924 decimo
688 3876 919 3941 septimo
944 3906 947 3907 ν
971 3873 1301 3945 [postquam]
1345 3875 1411 3951 in.
1434 3876 1697 3929 cathedra
1733 3891 1817 3929 se-

280 3964 456 4017 disset
504 3978 676 4017 annos
729 3966 911 4032 viginti
957 3975 1097 4019 octo.
1148 3964 1335 4019 Vizieri
1377 3968 1537 4020 etiam
1595 3982 1820 4021 munere

263 4054 509 4119 privatus
542 4063 625 4107 est
658 4053 993 4108 Mohammed
1030 4045 1149 4110 ~Ebn
1184 4056 1292 4114 Ali.
1327 4054 1440 4109 Ebn
1477 4054 1688 4109 Moklah
1731 4055 1819 4114 die

262 4143 478 4203 Martis,
533 4152 659 4195 ante
711 4143 922 4197 [initum
970 4143 1463 4213 lomadapriorem
1507 4146 1816 4210 undecimo,

180 4230 215 4261 ·“
261 4248 391 4283 cum
432 4232 484 4283 in
523 4220 651 4285 illtid
700 4233 938 4286 adscitus
970 4242 1114 4286 esset
1150 4230 1391 4286 Soliman
1438 4234 1612 4287 Ebnol
1642 4232 1820 4286 Hasan

265 4322 383 4373 l‘lbn
409 4321 703 4375 Mochailed
734 4322 820 4374 die
849 4321 1018 4382 lovis,
1063 4321 1274 4375 decimo
1318 4321 1479 4375 tertio
1525 4329 1650 4374 ante
1700 4320 1821 4373 lini-

1915 1890 1958 1944 si
1997 1900 2153 1950 sunt,
2215 1892 2279 1941 ad
2324 1905 2459 1958 quos
2485 1906 2658 1959 pugna
2676 1891 3021 1958 excipiendos
3073 1905 3195 1942 cum
3220 1903 3471 1958 egressus

1915 1988 2080 2041 esset,
2118 1980 2294 2047 ipsum
2340 1978 2751 2040 interfecerunt,
2785 1990 3049 2048 caputque
3080 1979 3247 2030 hasta:
3296 1978 3473 2045 impo-

1916 2071 2077 2123 situm
2127 2071 2268 2123 circa
2315 2070 2501 2123 urbem
2544 2070 2895 2138 525-527
2940 2078 3259 2139 gestarum;
3308 2069 3470 2134 idque

1914 2158 2001 2212 die
2024 2159 2292 2223 Mercurii,
2316 2170 2440 2214 ante
2466 2160 2675 2213 ﬁnitum
2701 2176 2941 2212 mensem
2985 2160 3178 2213 Shawa
3207 2160 3469 2221 secundo,

1923 2264 2065 2307 anno
2092 2249 2471 2302 trecentesimo
2508 2249 2781 2303 vicesimo.
2812 2246 2933 2302 Fuit
2961 2249 3247 2303 chaliiatus
3301 2249 3471 2319 ipsius

1919 2353 2183 2390 annorum
2237 2338 2420 2406 viginti
2476 2348 2731 2405 quatuor,
2784 2340 3047 2391 mensium
3102 2338 3367 2397 undecim.
3419 2345 3473 2390 et

1918 2428 2127 2481 dierum
2162 2429 2473 2495 quindecim
2506 2446 2521 2481 :
2554 2428 2655 2480 iuit
2697 2428 2931 2481 vizierus
2963 2428 3134 2495 ipsius
3176 2426 3472 2493 Alphadlus

1922 2516 2034 2569 Ebn
2084 2514 2283 2578 laafar,
2327 2518 2497 2570 Ebnol
2546 2515 2766 2570 Phorat.
2803 2516 3045 2571 Mortuus
3092 2526 3184 2570 esr
3221 2515 3476 2569 Trikonis

1918 2610 2225 2675 patriarcha
2293 2607 2925 2675 Constantinopolitanus
2976 2622 3098 2661 cum
3160 2608 3472 2661 cathedraut

1916 2698 2287 2765 quinquennio
2337 2702 2695 2765 occupasset,
2751 2696 3144 2765 constituitque
3215 2693 3472 2747 Domnius

1918 2787 2085 2840 lilium
2117 2801 2273 2839 suum
2302 2786 2516 2840 nomine
2548 2783 3036 2855 Theoiihylactum,
3067 2783 3157 2851 qui
3189 2769 3471 2835 euniichus

1920 2879 2043 2939 fuit,
2081 2879 2443 2944 patriarcham
2474 2890 2621 2940 cum,
2660 2876 2876 2943 juvenis
2912 2883 3052 2929 esset
3082 2886 3345 2929 annorum
3380 2872 3463 2923 vi-

1921 2968 2050 3036 ginti
2077 2970 2327 3022 duorum.

2386 3055 2683 3121 Chalifatua
2722 3054 3010 3108 AlKalteri.

1989 3150 2352 3223 lnauguratus
2381 3158 2462 3202 est
2491 3145 2738 3201 Alliaher
2772 3128 2956 3200 billahi
2986 3148 3321 3204 Moliaiumetl
3354 3150 3471 3207 Ebn

1920 3241 2125 3293 Ahmed
2160 3237 2527 3299 AlMotadedi.
2560 3237 2648 3291 die
2672 3236 2841 3301 lovis,
2875 3239 3077 3293 mensis
3112 3237 3349 3293 Shawali
3380 3257 3473 3303 pe-

1921 3328 2168 3391 nultimo,
2195 3342 2337 3381 anno
2366 3328 2750 3383 trecentesimo
2788 3328 3060 3381 vicesimo.
3092 3327 3188 3383 Hic
3216 3332 3474 3388 vizierum

1921 3419 2025 3472 sibi
2069 3418 2302 3471 adscivit
2353 3414 2783 3470 Moliammedem
2842 3415 2957 3471 Ebn
3007 3418 3238 3473 Moklali.
3292 3421 3475 3478 Primo

1919 3507 2207 3561 chalifatus
2268 3508 2447 3575 ipsius
2490 3520 2631 3559 anno
2685 3495 3019 3562 éonstltutus
3060 3518 3141 3561 est
3190 3511 3313 3564 Said
3361 3512 3477 3569 Ebn

1922 3598 2124 3660 Batrik,
2160 3598 2403 3650 medicus
2430 3610 2459 3649 e
2498 3596 2743 3651 Pbostati
2773 3594 3105 3666 Egyptiacze
3128 3582 3349 3657 incolis.
3384 3616 3482 3669 pa-

1932 3686 2169 3740 triarcha
2210 3686 2629 3751 Alexandrinus,
2676 3688 3084 3756 appellatusque
3125 3687 3275 3742 Anka
3310 3689 3479 3759 Euty-

1921 3776 2076 3828 cliius
2110 3792 2123 3827 :
2175 3776 2338 3842 idque
2378 3776 2464 3827 die
2489 3772 2662 3838 Jovls,
2706 3776 2908 3829 mensis
2946 3774 3199 3839 Amshir,
3254 3779 3346 3845 qui
3394 3788 3479 3833 est

1922 3862 2123 3917 Shebat
2160 3902 2175 3925 ,
2227 3864 2357 3916 anni
2403 3863 2724 3918 Diocletiani
2767 3867 3148 3919 sexcentesimi
3190 3868 3480 3937 quadrage-

1922 3954 2044 4007 simi
2072 3955 2223 4016 noni,
2247 3965 2439 4009 octavo
2467 3952 2670 4008 mensis
2702 3952 2933 4025 Saphar,
2962 3972 3107 4011 anno
3133 3956 3357 4028 [Hejric]
3385 3959 3478 4011 lu-

1920 4045 2041 4096 nari
2067 4045 2450 4112 trecentesimo
2480 4045 2741 4099 vicesimo
2775 4047 2975 4113 primo.

1908 4115 1917 4127 .
2302 4133 2465 4201 528
2491 4133 2791 4201 Cltalifatus
2822 4136 2890 4187 Al
2920 4136 3092 4190 Radii.

1988 4220 2350 4291 inauguratus
2372 4232 2455 4276 est
2482 4224 2542 4275 Al
2564 4223 2716 4286 Radi,
2739 4221 2832 4291 qui
2861 4215 3001 4278 idem
3024 4235 3103 4280 est
3126 4227 3267 4280 Abul
3299 4226 3478 4282 Abbas

1920 4309 2254 4367 Mohammed
2288 4306 2804 4380 Ebnol'ﬂoktaderi,
2838 4314 2924 4369 die
2943 4315 3215 4382 Mercurii,
3250 4316 3479 4374 lomada

273 4425 390 4463 tum
437 4412 682 4463 eumdem
730 4425 987 4471 mensem,
1020 4425 1161 4467 anno
1193 4409 1573 4464 trecentesimo
1603 4410 1816 4466 decimo
1846 4398 1898 4457 D
1931 4401 2122 4470 prioris
2152 4412 2329 4469 sexto,
2360 4418 2502 4459 anno
2530 4406 2910 4461 trecentesimo
2932 4409 3192 4461 vicesimo
3218 4412 3475 4466 secundo.

264 4512 493 4563 Octavo;
520 4502 610 4567 qui
640 4508 693 4552 et
727 4515 939 4553 rursum
964 4499 1151 4554 eodem
1178 4510 1419 4554 semotus
1446 4510 1527 4555 est
1560 4500 1648 4555 die
1676 4501 1826 4557 Jovis

266 4588 395 4645 ante
426 4590 630 4643 tlnitmn
674 4587 863 4657 Rajeb,
888 4604 1029 4643 anno
1059 4590 1444 4644 trecentesimo
1491 4590 1704 4647 decimo
1734 4608 1824 4649 se-

266 4682 457 4749 ptimo,
485 4682 684 4733 viziero
718 4680 1018 4733 constituto
1051 4679 1368 4733 Obaidallah
1416 4680 1532 4736 Ebn
1580 4681 1824 4760 Monam-

269 4770 390 4824 med
440 4770 765 4831 Cadanensi,
803 4769 891 4824 die
935 4770 1181 4835 Sabbati,
1214 4781 1370 4825 sexto
1405 4780 1529 4827 ante
1572 4774 1820 4829 eumdem

268 4876 509 4915 mensem
544 4862 747 4913 tinitum
793 4875 934 4914 anno
964 4862 1347 4916 trecentesimo
1376 4863 1585 4917 decimo
1625 4880 1773 4919 .uono
1805 4882 1821 4920 :

270 4968 377 5021 quo
427 4951 621 5004 deinde
665 4960 872 5005 semoto
925 4951 1181 5006 suﬂectus
1228 4960 1311 5006 est
1361 4951 1605 5009 Alﬂasan
1638 4952 1822 5010 Ebnol‘

272 5039 467 5095 Kasem
493 5026 650 5110 5’25
686 5039 806 5102 Εὺη
850 5039 1024 5095 Obaid
1050 5042 1214 5097 oddin
1260 5042 1526 5106 Soliman,
1556 5044 1665 5097 Ebn
1696 5044 1823 5099 Wa;

272 5130 412 5189 had.
465 5133 551 5183 die
613 5130 832 5183 Sahbati
865 5170 879 5194 ,
931 5132 1088 5185 tertio
1138 5143 1261 5186 ante
1320 5131 1529 5185 (initum
1585 5116 1817 5189 mensem

274 5219 509 5282 Shawal,
564 5234 705 5273 anno
749 5207 1125 5277 trecentesimo
1156 5222 1363 5274 decimo
1411 5236 1575 5285 nono,
1619 5238 1821 5293 cogno-

274 5308 615 5375 minatusque
662 5319 744 5361 est
787 5306 1239 5373 Omaidol‘dulah,
1279 5308 1393 5362 Ebu
1426 5308 1816 5365 Walii’ldulahi

276 5414 305 5451 a
331 5412 436 5467 quo
472 5397 669 5452 deinde
714 5399 922 5452 sublata
959 5400 1215 5467 dignitate
1263 5401 1387 5465 ista,
1430 5394 1822 5455 eaur'obtinuit

277 5488 411 5542 Abul
443 5486 571 5539 Fadl
605 5486 721 5540 Ebn
745 5474 943 5549 iaafar,
992 5488 1181 5541 Ebnol’
1225 5489 1407 5551 Ferat,
1454 5490 1565 5542 Ehn
1592 5489 1823 5560 Chaza-

278 5579 443 5637 ranah
480 5580 566 5634 die
608 5579 909 5643 Dominico,
946 5581 1104 5634 tertio
1134 5590 1258 5634 ante
1316 5581 1532 5635 [initum
1590 5582 1818 5636 liabiam

1918 4491 2188 4553 Vizierum
2220 4492 2323 4547 sibi
2366 4494 2597 4549 adscivit
2630 4492 3064 4552 Mobammedem
3098 4499 3208 4551 Ebn
3245 4499 3477 4555 Moklah.

1916 4580 2074 4637 Anno
2123 4583 2410 4639 chalifatus
2444 4586 2561 4654 ejus
2610 4588 2785 4656 primo
2836 4591 3164 4643 constituths
3206 4600 3289 4643 est
3328 4592 3476 4644 Anba

1919 4673 2282 4739 Theodosius,
2332 4679 2424 4745 qui
2474 4677 2614 4731 idem
2648 4688 2730 4743 est
2779 4680 3118 4749 Stephanus,
3154 4683 3352 4747 scriba,
3385 4687 3476 4752 qui

1917 4766 2149 4834 Bagdadi
2185 4766 2361 4821 fuerat
2385 4781 2507 4821 cum
2546 4766 2735 4823 Mune:
2766 4774 3014 4824 eunucho
3046 4773 3341 4825 Antiochiae
3381 4774 3475 4841 Sy-

1918 4858 2016 4911 riae
2051 4858 2382 4924 patriarcha,
2428 4872 2615 4915 mense
2668 4859 2969 4925 Ramadan,
3012 4875 3152 4913 anno
3211 4871 3474 4915 lrt‘C’illB-

1926 4946 2063 4999 sinio
2090 4946 2346 5001 vicesimo
2371 4950 2547 5001 tertio.
2575 4947 2700 5002 Fuit
2726 4957 2905 5003 autem
2938 4951 2993 5002 in
3028 4945 3257 5017 rEgypto
3320 4961 3476 5004 terra:

1926 5045 2105 5092 motus
2126 5036 2343 5106 ingens,
2377 5040 2534 5093 tertio
2562 5039 2841 5095 DilKaadze
2866 5041 3105 5109 ejusdem
3140 5042 3289 5093 aiini.
3308 5040 3475 5097 Valde

1891 5130 2087 5182 'etiam
2126 5128 2339 5197 agitatis
2370 5138 2496 5183 sunt
2527 5132 2695 5185 stella:
2723 5131 2995 5185 cadentes.
3043 5131 3207 5183 Porro
3242 5131 3464 5192 Monam-

1927 5217 2046 5269 med
2076 5215 2188 5276 Ebu
2207 5216 2376 5289 Tuguj
2401 5222 2666 5274 etducum
2692 5222 2989 5289 vulgarium
3015 5220 3219 5290 aliquot
3248 5221 3469 5275 Barium

1924 5306 2206 5375 fugientes,
2236 5323 2359 5373 cum
2401 5310 2471 5363 ibi
2496 5312 2679 5379 copias
2708 5310 3046 5379 collegissent
3092 5312 3466 5364 Alexandriam

1923 5400 2123 5452 reversi
2152 5411 2296 5464 sunt,
2322 5403 2459 5454 umle
2485 5404 2577 5469 qui
2604 5402 2673 5454 ibi
2700 5401 2912 5454 fuerant
2945 5405 3009 5453 ad
3034 5404 3205 5455 rivum
3246 5400 3467 5453 itashidi

1918 5488 2171 5557 fugerunt
2203 5508 2215 5541 :
2247 5492 2320 5544 ad
2369 5507 2505 5557 quos
2545 5490 2659 5545 Ebn
2699 5490 2868 5560 Toguj
2906 5507 3025 5557 cum
3076 5490 3467 5543 AbitThhal‘arn

1920 5579 2085 5633 fratre
2130 5595 2227 5633 suo
2259 5583 2557 5635 exercitum
2613 5582 2832 5635 mittens
2864 5582 3005 5650 ipsos
3038 5581 3089 5632 in
3124 5582 3298 5647 fugam
3339 5595 3462 5632 vcr-

280 5668 655 5738 postcriorcm,
700 5684 841 5724 anno
887 5674 1265 5727 trecentesimo
1312 5670 1605 5740 vicesimo,
1656 5674 1819 5741 qui-a
1912 5671 2005 5736 lit,
2039 5668 2192 5726 caesis
2246 5671 2389 5741 aliis,
2438 5671 2558 5725 aliis
2588 5672 2781 5738 captis,
2820 5671 2978 5740 idque
3018 5684 3157 5722 anno
3207 5679 3460 5722 trecente-
