4064 6206
802 431 839 438 ’θ
1236 423 1696 435 Ψίῄακ-οα-μ-βοο-
1729 422 1753 430 ι..
1895 421 1905 428 ο
2164 419 2228 428 -σ-ο
2283 418 2883 429 --ιι--η-...α--κααυσ-οο

1002 631 1571 744 ΒΕΔΤῙ
1644 626 2383 739 ΒΔΒΔΝῙ
2455 629 3066 749 ΜΔΠΒῙ

1156 883 1539 940 FL'LDENSIS
1572 880 1864 937 ABBATlS
1900 881 1985 934 ET
2024 879 2403 943 MOGUNTLVI
2440 880 2953 945 ARCHIEPISCOPI

1136 1100 1546 1295 ⁴ΒΕ
1649 1095 2896 1239 UNIVEBSO

1047 1375 1258 1440 LIBRI
1304 1375 1609 1436 VlGlNTl
1656 1373 1821 1433 nuo
1866 1371 2217 1450 (SCRIPTI
2265 1374 2497 1438 ClRCA
2568 1381 2848 1445 ANNUM
2901 1384 3069 1466 sit).

1928 1544 2284 1556 _—..._._

1735 1663 2310 1739 ΡΒᾹΞΕΑΤῙΟ

1155 1862 1247 1917 Μ)
1284 1859 1688 1917 LUDOVICUM
1728 1859 1964 1915 REGEM
2005 1861 2520 1919 lNVlCTlSSlMUM
2561 1862 2899 1919 FRANCIJE.

1858 2042 2263 2056 ..ψ

470 2178 700 2232 Domino
741 2170 1221 2235 excellentissimo,
1245 2177 1302 2224 et
1326 2167 1471 2222 omni
1521 2169 1723 2221 honore
1772 2166 1975 2237 dignis-
2008 2175 2056 2231 Α
2083 2168 2257 2221 omnia
2282 2184 2399 2238 quin
2422 2170 2478 2220 in
2504 2170 2577 2222 eis
2612 2179 2732 2223 sunt
2771 2168 3235 2241 (Psal.cxt.v).Sic
3278 2187 3408 2244 ergo
3432 2176 3664 2244 primunt

413 2270 542 2321 simu
560 2266 844 2320 Lceovxco
888 2261 1016 2331 regi,
1058 2259 1329 2322 Russus,
1375 2255 1666 2310 vilissimus
1705 2270 1981 2309 servorum

412 2360 497 2413 l‘ei
524 2371 732 2420 servus,
759 2363 979 2409 mteraae
1006 2349 1353 2408 beatitudinis
1375 2348 1438 2403 in
1467 2346 1684 2402 Christo
1712 2355 1865 2417 optat
1897 2361 1983 2400 sa-

403 2449 590 2502 lutcm.

472 2559 670 2614 Audita
695 2557 832 2612 bona
874 2554 1126 2625 opinione
1148 2560 1353 2619 vestra,
1381 2568 1502 2624 qua:
1531 2550 1856 2623 praedicatur
1887 2563 1984 2621 per

405 2660 545 2705 tutas
576 2648 880 2720 provincias
904 2645 1208 2700 Germaniae
1236 2654 1396 2716 atque
1436 2643 1640 2707 Galliae,
1668 2651 1722 2698 et
1753 2657 1889 2713 pene
1928 2642 1981 2695 in

400 2742 618 2796 cunctis
662 2739 911 2809 partibus
947 2736 1173 2805 Europa:
1219 2735 1427 2791 crebris
1459 2734 1704 2788 laudibus
1751 2732 1982 2796 intonat,

412 2833 543 2887 satis
563 2832 792 2893 exsulto,
814 2842 871 2883 et
892 2828 1103 2883 Domini
1135 2827 1555 2883 misericordiam
1580 2825 1835 2895 imploro;
1859 2839 1987 2894 qua-

417 2930 571 2975 tenus
598 2921 698 2974 hoc
734 2935 858 2975 cum
890 2919 1032 2973 bono
1069 2925 1356 2988 augmento
1408 2917 1476 2970 ad
1518 2916 1785 2971 salubrem
1824 2915 1985 2969 finem

409 3010 688 3079 pervenire
714 3007 994 3063 concedat.
1022 3004 1103 3061 Οἱ)
1130 3006 1232 3060 hoc
1255 3006 1451 3075 quippe
1474 3004 1674 3059 laboris
1696 3004 1800 3058 mei
1826 3019 1988 3074 opus-

408 3099 550 3164 cula,
598 3115 719 3168 qua:
771 3098 822 3152 in
881 3097 1158 3153 servitium
1216 3094 1452 3161 Christi,
1502 3095 1667 3164 ipsius
1721 3096 1988 3165 largiente

406 3189 602 3263 gratia.
646 3202 827 3244 sacras
865 3186 1176 3257 Scripturas
1217 3185 1552 3257 exponendo,
1594 3192 1753 3253 prout
1800 3184 1987 3254 potui,

409 3280 659 3348 expendi,
685 3294 794 3333 non
824 3279 941 3333 sine
966 3285 1143 3332 vestra
1169 3277 1546 3332 communione
1584 3276 1784 3330 habere
1813 3274 1984 3329 volui:

409 3373 501 3427 sed
535 3371 744 3441 aliquos
773 3378 1036 3429 tractatus
1078 3378 1241 3440 atque
1285 3370 1725 3434 commentarios,
1771 3368 1825 3422 in
1855 3368 1990 3422 divi-

410 3479 507 3517 nos
551 3462 719 3516 libros
764 3461 1129 3532 conscriptos,
1175 3471 1372 3517 vestrm
1418 3460 1749 3517 venerationi
1795 3460 1984 3515 direxi.

2086 2255 2153 2309 de
2194 2256 2310 2324 ipso
2349 2271 2559 2313 summo
2597 2257 2738 2312 bono
2772 2268 2829 2313 et
2856 2274 2986 2313 vero
3013 2262 3292 2318 conditore
3321 2273 3527 2332 nostro,
3563 2269 3664 2323 hoc

2082 2352 2196 2409 est,
2238 2345 2417 2412 Patre,
2454 2355 2510 2402 et
2554 2346 2714 2414 Filio,
2740 2356 2796 2403 et
2825 2348 3029 2421 Spiritu
3076 2360 3282 2418 sancto,
3312 2371 3418 2410 uno
3444 2365 3502 2412 et
3547 2359 3663 2413 solo

2073 2435 2450 2505 omnipotente
2505 2438 2646 2504 Deo,
2686 2438 2844 2507 juxta
2894 2443 3216 2512 parvitatem
3267 2444 3468 2517 ingenii
3520 2451 3661 2515 mei,

2082 2534 2346 2599 quantum
2398 2529 2577 2584 divina
2628 2532 2799 2600 gratia
2848 2548 2932 2588 me
2978 2548 3137 2604 posse
3178 2538 3478 2603 concessit,
3524 2540 3662 2594 scri-

2082 2619 2260 2676 bendo
2300 2619 2371 2674 ali
2391 2636 2477 2689 ,ua
2510 2621 2753 2677 disserui.
2783 2621 2975 2678 Postea
3005 2639 3133 2679 vero
3170 2625 3237 2680 de
3271 2626 3583 2684 cretestibus
3609 2637 3667 2684 et

2084 2712 2433 2767 terrestribus
2487 2713 2769 2778 creaturis,
2813 2730 2918 2769 non
2968 2715 3140 2771 solum
3189 2718 3255 2774 de
3303 2729 3526 2786 natura,
3568 2722 3665 2778 sed

2084 2803 2248 2857 etiam
2279 2803 2345 2856 de
2374 2803 2422 2855 vi
2453 2810 2509 2858 et
2535 2801 2812 2858 effectibus
2844 2819 3026 2859 earum
3050 2847 3064 2871 ,
3112 2821 3416 2865 sermonem
3465 2811 3665 2868 habere

2086 2891 2333 2947 institui:
2370 2900 2429 2947 ut
2457 2892 2624 2946 lector
2647 2892 2873 2963 diligens
2918 2894 2971 2947 in
3016 2895 3120 2950 hoc
3165 2911 3327 2966 opere
3366 2906 3421 2953 et
3456 2909 3665 2955 natum:

2087 2984 2469 3053 proprietatem
2507 2983 2663 3054 juxta
2710 2984 3009 3049 historiam,
3034 2994 3089 3040 et
3127 2988 3459 3055 spiritualem
3508 2991 3671 3061 signi-

2088 3074 2390 3129 licationcm
2433 3072 2584 3141 juxta
2616 3076 2900 3146 mysticum
2939 3091 3153 3132 sensum
3184 3078 3343 3133 simul
3367 3080 3542 3150 posita
3581 3082 3667 3135 in.

2088 3168 2314 3223 veniret.
2341 3167 2409 3222 Et
2437 3168 2559 3238 quia
2591 3168 2660 3223 de
2695 3170 2898 3224 sanctis
2933 3171 3239 3227 hominibus
3260 3174 3353 3243 qui
3396 3175 3452 3229 in
3487 3172 3671 3231 Veteri

2089 3270 2144 3315 et
2165 3260 2313 3315 Novo
2340 3256 2686 3316 Testamento
2711 3270 3222 3330 commemorantur,
3255 3278 3549 3337 eorumque
3577 3283 3669 3322 ac-

2092 3348 2329 3405 tionibus
2372 3350 2648 3421 mysticis,
2693 3366 2794 3407 nee
2841 3368 2945 3407 non
2990 3363 3045 3410 et
3091 3355 3156 3411 de
3196 3354 3334 3412 locis
3379 3357 3433 3412 in
3474 3358 3671 3427 quibus

2093 3440 2443 3506 habitabant,
2487 3443 2648 3499 silere
2696 3460 2782 3499 me
2828 3458 2935 3500 non
2967 3448 3253 3503 convenit:
3285 3450 3500 3504 nomina
3531 3451 3673 3521 ipso-

408 3552 591 3623 Nuper
614 3567 830 3622 quoque
857 3552 982 3621 quia
1016 3567 1135 3617 vos,
1164 3553 1379 3621 quando
1406 3553 1460 3607 in
1487 3552 1771 3623 pmsemia
1805 3560 1986 3605 vestra
2017 3554 2063 3612 Β
2092 3547 2207 3585 rum
2247 3532 2405 3587 simul
2430 3542 2503 3623 et
2545 3535 2785 3591 locorum
2811 3553 2878 3593 ex
2917 3537 3179 3594 Hebraica
3209 3540 3387 3612 lingua
3424 3541 3476 3596 in
3522 3541 3671 3596 Lati-

411 3641 505 3704 fni,
538 3648 876 3709 compertum
901 3655 997 3695 vos
1032 3641 1231 3696 habere
1265 3641 1477 3696 dixistis
1511 3641 1727 3712 aliquod
1759 3656 1989 3711 opuscu—

411 3731 516 3783 lum
545 3745 633 3784 me
662 3729 873 3784 noviter
901 3727 1198 3784 confecisse
1226 3730 1290 3785 de
1321 3746 1630 3786 sermonum
1660 3732 1991 3801 proprietate

408 3828 463 3873 et
491 3819 717 3889 mystica
748 3834 927 3873 rerum
970 3818 1393 3887 significatione;
1430 3821 1571 3890 quod
1601 3820 1764 3875 etiam
1803 3837 1831 3873 a
1870 3835 1989 3875 mea

409 3916 677 3982 parvitate
711 3912 1021 3984 postulastis
1049 3911 1198 3965 vobis
1222 3909 1376 3981 dirigi
1405 3927 1418 3962 :
1449 3909 1548 3963 feci
1578 3909 1807 3966 libenter
1847 3911 1990 3981 quod

409 4006 640 4076 petistis,
667 4015 723 4059 et
764 4006 937 4075 ipsum
982 4017 1119 4072 opus
1145 4001 1319 4066 vobis,
1364 4002 1416 4055 in
1453 4001 1640 4071 viginti
1679 4003 1886 4057 duobus
1926 4002 1992 4056 li-

408 4095 528 4148 bris
571 4095 944 4158 terminatum,
989 4091 1262 4146 transmisi
1290 4109 1302 4144 :
1335 4098 1416 4155 ut,
1462 4090 1507 4144 si
1543 4090 1837 4145 Sereuitati
1887 4090 1992 4146 Ve-

411 4193 540 4238 stra:
566 4183 843 4252 placuerit,
869 4196 1053 4238 coram
1101 4181 1250 4235 vobis
1295 4180 1457 4249 relegi
1507 4180 1632 4233 illud
1663 4180 1904 4245 faciatis;
1936 4187 1991 4236 et

412 4276 457 4329 si
483 4274 683 4344 aliquid
726 4275 779 4329 in
810 4290 876 4330 eo
904 4274 1121 4344 dignum
1158 4271 1538 4327 emendatione
1573 4279 1845 4339 repertum
1876 4269 1991 4324 fue-

412 4366 504 4428 rit,
533 4381 655 4419 eum
677 4365 874 4418 vestris
898 4362 1257 4433 sagacissimis
1300 4361 1613 4425 lectoribus,
1648 4370 1809 4430 prout
1850 4360 1990 4414 ratio

410 4455 609 4517 dictat,
661 4451 789 4507 illud
838 4452 1128 4507 emendare
1176 4451 1394 4505 curetis.
1447 4450 1584 4504 Sunt
1630 4450 1774 4504 enim
1824 4450 1878 4503 in
1925 4464 1990 4505 eo

409 4545 560 4612 plura
590 4543 830 4612 exposita
861 4542 929 4597 de
975 4557 1155 4596 rerum
1186 4542 1413 4605 naturis,
1455 4549 1511 4596 et
1540 4540 1823 4595 verborum
1856 4555 1982 4609 pro-

337 4612 349 4623 ’
411 4634 746 4699 ιετίυιτιιίὺιιε.
777 4648 878 4688 nec
907 4648 1012 4686 non
1042 4632 1203 4686 etiam
1232 4632 1297 4686 de
1332 4632 1555 4703 mystica
1603 4648 1783 4687 rerum
1825 4632 1989 4700 signi-

413 4725 677 4777 licalimtu.
725 4723 877 4790 Quod
923 4723 1124 4777 idcirco
1164 4723 1237 4776 ita
1282 4722 1641 4778 ordinandum
1689 4725 1987 4787 :estimavi,

414 4822 470 4865 ut
514 4813 689 4866 lector
749 4810 985 4881 prudens
1047 4811 1401 4865 continuatim
1439 4813 1669 4881 positam
1718 4813 1987 4866 inveniret

2093 3637 2217 3676 nam
2260 3622 2555 3679 transferre
2593 3625 2811 3695 placuit,
2851 3635 2911 3681 ut
2955 3628 3077 3683 inde
3130 3628 3337 3686 facilius
3387 3634 3665 3702 mysticam

2092 3710 2539 3781 significationem
2587 3715 2877 3786 explanare
2929 3734 3164 3788 possem.
3212 3721 3407 3776 Addidi
3453 3740 3669 3795 quoque

2092 3808 2146 3861 in
2180 3809 2429 3878 prmseuti
2472 3812 2729 3879 opusculo
2776 3829 2882 3867 non
2933 3831 3099 3885 pauca
3142 3817 3208 3872 de
3259 3816 3362 3873 fide
3403 3819 3670 3875 catholica

2093 3907 2148 3952 et
2183 3900 2440 3971 religione
2468 3897 2776 3958 Christiana
2803 3923 2816 3958 :
2846 3913 2900 3959 e‘t
2925 3921 2954 3959 e
2995 3909 3267 3964 contrario
3296 3910 3360 3964 de
3389 3911 3669 3981 gentilium

2091 3993 2488 4061 superstitione,
2518 4003 2573 4048 et
2599 3996 2976 4051 haereticorum
3014 4013 3219 4063 errore,
3247 4000 3312 4054 de
3335 4001 3671 4072 philosophis

2093 4092 2148 4136 et
2192 4084 2363 4153 magis
2397 4092 2572 4161 atque
2609 4085 2756 4141 falsis
2793 4087 2913 4149 diis,
2944 4089 3010 4142 de
3050 4086 3248 4158 linguis
3293 4091 3565 4159 gentium,
3603 4092 3671 4147 de

2093 4173 2270 4242 regnis
2312 4181 2365 4226 et
2393 4173 2620 4228 militum
2664 4176 2968 4244 civiumque
2996 4176 3268 4231 vocabulis
3303 4187 3465 4248 atque
3498 4180 3671 4235 aflini-

2093 4264 2322 4328 tatibus;
2356 4265 2421 4318 de
2452 4265 2669 4320 homine
2696 4275 2749 4320 et
2773 4267 3018 4336 partibus
3056 4264 3190 4335 ejus.
3221 4275 3275 4322 et
3300 4269 3520 4341 reliquis
3551 4273 3667 4326 ani-

2094 4353 2407 4408 mantibus:
2448 4354 2516 4408 dc
2559 4354 2844 4425 lapidibus,
2893 4356 3053 4428 lignis
3093 4366 3149 4413 et
3194 4358 3400 4425 herbis,
3447 4377 3564 4429 qua:
3613 4364 3667 4417 in

2092 4450 2237 4497 terra
2268 4445 2558 4515 gignuntur
2582 4464 2595 4498 :
2627 4447 2693 4501 de
2721 4448 2885 4502 variis
2913 4447 3121 4505 artibus
3149 4457 3309 4521 atque
3337 4436 3582 4507 artiﬁciis
3610 4464 3669 4509 et

2092 4534 2212 4589 aliis
2238 4536 2418 4591 multis
2444 4555 2456 4590 :
2485 4553 2604 4608 qua:
2630 4539 2811 4592 omnia
2836 4539 2889 4593 in
2919 4542 3182 4608 proremio
3207 4544 3512 4598 enumerari
3553 4545 3670 4599 lon-

2092 4640 2215 4693 gum
2244 4635 2345 4680 est.
2376 4625 2606 4681 Proinde
2642 4628 2782 4697 quod
2818 4628 2882 4682 de
2910 4629 2993 4684 his
3019 4627 3200 4698 posui,
3230 4646 3372 4686 nunc
3398 4631 3622 4687 suiliciat
3653 4652 3667 4684 :

2092 4723 2344 4768 eteterum
2375 4723 2551 4769 autem
2578 4716 2632 4770 in
2657 4718 2905 4786 capitulis
2933 4718 3263 4788 singulorum
3302 4719 3561 4776 librorum
3592 4722 3668 4777 di-

2094 4800 2343 4871 ligentius
2366 4817 2428 4855 ea
2459 4805 2731 4859 numerari
2763 4806 2965 4860 curavi.
2995 4806 3215 4862 Decrevi
3257 4808 3401 4863 enitn
3443 4810 3545 4864 hoc
3586 4821 3668 4864 to-

411 4901 723 4953 lustoricant
754 4907 808 4953 et
834 4900 1113 4970 mysticam
1144 4899 1470 4969 singularum
1512 4915 1688 4954 reruzn
1734 4900 1987 4970 explana-
2017 4915 2059 4975 α
2095 4903 2205 4946 lum
2232 4908 2366 4963 opus
2404 4893 2490 4965 (ιιι
2512 4911 2672 4965 supra
2705 4897 2836 4968 dixi)
2882 4898 2934 4950 in
2968 4898 3153 4968 viginti
3188 4900 3323 4954 duos
3370 4900 3534 4956 libros
3560 4901 3671 4956 dis-

412 4991 650 5044 tioncm:
684 5001 740 5044 et
783 4990 862 5045 sic
904 4988 1218 5044 satisfacere
1241 5004 1348 5057 quo
1368 4989 1634 5044 tummodo
1681 4998 1862 5058 posset
1889 5005 1987 5044 suo

412 5080 696 5142 desiderio,
730 5079 783 5132 in
809 5094 916 5148 quo
949 5086 1005 5133 et
1048 5078 1289 5132 historia:
1324 5088 1378 5133 et
1422 5078 1689 5142 allegoriae
1721 5080 1990 5133 inveniret

419 5170 919 5224 ipauifestationcm.
969 5169 1117 5226 Unde
1154 5170 1285 5223 mihi
1334 5184 1439 5223 non
1485 5170 1677 5223 melius
1719 5170 1863 5224 aliud
1905 5171 1989 5224 vi-

417 5255 635 5311 debatur
672 5260 829 5325 hujus
856 5258 1037 5327 aperis
1066 5274 1280 5313 sumere
1310 5259 1540 5324 initium,
1571 5270 1734 5328 quam
1778 5261 1846 5314 ab
1876 5261 1992 5331 ipso

414 5347 685 5402 conditore
727 5358 933 5405 nostro,
967 5350 1060 5418 qui
1096 5351 1337 5403 omnium
1383 5366 1561 5405 rerum
1602 5360 1688 5406 est
1733 5361 1894 5422 caput
1938 5362 1995 5408 et

410 5436 766 5508 principium:
796 5441 923 5509 quia
950 5440 1211 5511 quidquid
1242 5442 1562 5497 naturaliter
1602 5444 1870 5507 subsistit,
1899 5453 1993 5497 aut

408 5536 601 5579 auctor
622 5534 674 5581 et
716 5537 934 5583 creator
970 5529 1214 5583 omnium
1251 5538 1372 5594 est,
1419 5539 1511 5584 aut
1554 5532 1623 5584 ab
1670 5547 1737 5587 eo
1770 5532 1992 5587 condita

404 5628 675 5672 creatura.
706 5619 847 5684 Quia
887 5636 953 5674 ea:
983 5620 1096 5690 ipso
1138 5631 1187 5675 et
1223 5638 1315 5690 per
1354 5624 1525 5692 ipsum
1564 5634 1612 5676 et
1642 5624 1698 5677 in
1735 5624 1846 5693 ipso
1873 5633 1994 5677 sunt

407 5711 581 5762 omnia
618 5709 799 5781 (Rom.
826 5711 936 5780 xt);
975 5713 1066 5783 qui
1104 5711 1224 5782 fecit
1251 5711 1435 5767 corium
1457 5721 1503 5766 et
1531 5723 1745 5779 terram,
1775 5730 1925 5767 mare
1945 5730 1993 5769 et

902 5807 1180 5868 Parnon.
1235 5804 1407 5869 CXI.

255 5916 493 6074 ΑΛ

2092 4984 2276 5053 pertiri
2306 5000 2319 5037 :
2346 4986 2445 5039 sub
2490 4999 2595 5055 quo
2642 5000 2863 5040 numero
2894 4988 3059 5042 Vetus
3102 4988 3504 5043 Testamentum
3536 4988 3669 5059 legis

2091 5077 2285 5132 divina:
2347 5078 2611 5148 interpres
2674 5080 2864 5135 beatus
2909 5080 3266 5153 Hieronymus
3325 5082 3671 5154 complexum

2095 5183 2154 5223 se
2196 5170 2426 5224 asseruit
2454 5188 2466 5222 :
2494 5185 2559 5223 ex
2590 5171 2741 5240 cujus
2787 5171 3223 5240 interpretatione
3252 5181 3304 5227 et
3336 5175 3673 5244 expositione

2095 5261 2339 5328 quzedam
2369 5262 2596 5314 obseura
2625 5262 2676 5315 in
2714 5261 2818 5317 hoc
2849 5277 3010 5332 Opere
3042 5263 3326 5320 elueidavi.
3360 5264 3440 5320 Tu
3471 5275 3673 5331 autem,

2097 5349 2267 5403 electe
2294 5349 2508 5406 domine
2531 5360 2584 5404 et
2615 5366 2792 5422 regum
2817 5352 3154 5419 charissime,
3184 5355 3419 5425 acceptis
3443 5355 3528 5411 his
3554 5371 3677 5426 qum

2099 5439 2195 5493 tibi
2224 5441 2517 5502 transmisi,
2551 5449 2702 5496 utere
2728 5442 2809 5497 eis
2837 5452 2895 5496 ut
2924 5444 3112 5500 decet:
3144 5452 3200 5498 et
3228 5452 3335 5499 tam
3364 5444 3486 5512 tibi,
3512 5460 3679 5517 quam

2098 5530 2204 5583 illis
2233 5530 2324 5599 qui
2372 5532 2471 5585 sub
2499 5540 2589 5587 tuo
2636 5532 2901 5603 regimine
2929 5541 3060 5589 sunt
3097 5535 3398 5601 constituti,
3430 5551 3495 5591 ea
3524 5535 3682 5591 utilia

2099 5636 2220 5675 esse
2253 5622 2502 5692 permitte
2524 5637 2541 5675 ':
2573 5631 2837 5691 quatenus
2867 5632 3016 5680 tuum
3046 5625 3247 5681 bonum
3281 5623 3513 5682 studium
3544 5626 3683 5680 mul-

2102 5716 2171 5768 tis
2221 5716 2500 5784 proveniat
2540 5716 2606 5767 al
2656 5716 2951 5786 spiritalem
2990 5718 3319 5789 profectum,
3364 5727 3415 5772 et
3450 5717 3542 5772 fiat
3571 5726 3680 5771 tatu
