4064 6206
370 227 428 288 ῃ
1001 229 1060 285 Β.
1096 225 1355 286 ΒᾹΒΑΝῙ
1390 227 1609 288 MAURI
1641 229 1959 288 ARCIIIEP.
2004 231 2315 292 MOGUNT.
2355 231 2640 292 OPERUM
2678 229 2856 287 PARS
2895 228 2936 287 ll
3576 233 3648 293 Η.

369 347 465 403 tibi
499 360 662 416 quam
714 344 818 402 illis
865 343 1104 416 spiritale
1149 345 1466 400 exercitium
1514 354 1676 416 atque
1715 346 2029 414 caelestisA
2057 351 2229 404 minus
2259 347 2570 403 Salomoui:
2601 348 2738 414 Quia
2771 350 3050 418 postulasti
3073 349 3291 406 verbum
3317 349 3515 420 hoc,“
3540 370 3650 414 non

364 435 545 511 gaudii
603 437 1020 492 incrementum.
1071 437 1286 492 imitare
1339 436 1483 492 illius
1533 438 1794 508 sapientis
1846 439 1948 493 viri

364 527 691 602 centuplum,
718 528 810 600 qui
837 529 902 585 de
927 529 1206 599 sapientiae
1233 529 1391 584 laude
1419 529 1644 599 protulit
1666 529 1771 585 tale
1812 546 1951 601 prte-

363 621 604 685 couium,
634 619 821 675 dicens
845 637 858 674 :
889 618 1156 686 Inuocaui,
1179 629 1228 675 et
1260 622 1404 676 venit
1424 621 1480 676 in
1508 637 1590 675 me
1615 622 1830 691 spiritus
1858 639 1948 677 sa-

362 711 572 783 pientia:
595 724 614 763 :
647 721 696 764 et
737 711 998 781 prwposui
1041 709 1188 764 illam
1228 712 1398 782 regnis
1428 723 1475 765 et
1508 709 1748 776 sedibus;
1785 720 1832 766 et
1863 711 1948 764 di-

365 809 412 857 ri
437 804 518 858 ias
543 801 674 858 nihil
711 819 821 857 esse
843 801 973 857 duxi
995 803 1051 857 in
1075 804 1464 874 comparatione
1487 803 1652 859 illius.
1681 803 1791 859 Nec
1813 821 1952 860 com-

361 893 544 964 paravi
571 893 649 948 illi
687 892 914 964 lapidem
950 894 1256 961 pretiosum,
1291 895 1536 967 quoniam
1579 913 1731 950 omne
1759 911 1952 952 aurum

363 986 418 1040 in
441 985 830 1056 comparatione
856 983 1000 1039 illius
1044 1001 1204 1039 arena
1238 995 1312 1040 est
1352 986 1576 1056 exigua,
1611 997 1658 1041 et
1699 995 1950 1057 tanquam

359 1076 530 1130 lutum
552 1076 899 1132 (estimabitur
917 1086 1195 1147 argentum
1207 1077 1264 1130 in
1289 1087 1562 1147 conspectu
1592 1077 1756 1132 illius.
1783 1076 1953 1149 Super

363 1165 582 1220 salutem
609 1175 655 1220 et
683 1167 902 1236 speciem
939 1165 1100 1220 dilexi
1129 1166 1311 1233 illam,
1341 1177 1388 1221 et
1416 1169 1663 1239 proposui
1701 1185 1796 1240 pro
1835 1168 1950 1224 luce

358 1259 547 1312 habere
570 1256 741 1323 illam,
767 1259 1012 1328 quoniam
1036 1257 1459 1328 inexstinguibile
1485 1269 1560 1314 est
1583 1258 1758 1314 lumen
1780 1259 1947 1314 illius.

369 1347 629 1403 Venerunt
657 1357 833 1402 autent
873 1349 1001 1402 mihi
1031 1349 1210 1403 omnia
1253 1348 1388 1404 bona
1432 1351 1634 1420 pariter
1675 1367 1794 1404 cum
1829 1349 1946 1416 illa,

355 1449 404 1493 et
435 1439 830 1494 innumerabilis
858 1439 1102 1494 honestas
1128 1457 1220 1510 per
1241 1457 1427 1495 manus
1451 1440 1614 1495 illius.
1647 1441 1715 1496 Et
1741 1441 1950 1496 ltetalus

355 1547 472 1584 sunt
500 1531 554 1585 in
578 1530 842 1597 omnibus,
870 1533 1119 1603 quoniam
1144 1533 1479 1588 antecedebat
1503 1550 1584 1588 me
1609 1535 1712 1588 ista
1740 1535 1949 1606 sapien-

355 1621 450 1675 tia.
481 1619 652 1686 Quam
687 1620 800 1676 sine
825 1622 1034 1691 ﬁctione
1057 1622 1238 1688 didici,
1266 1633 1315 1678 et
1351 1623 1463 1678 sine
1491 1625 1687 1680 invidia
1719 1642 1949 1680 commu-

357 1717 494 1781 nico,
517 1724 563 1770 et
586 1715 907 1770 honestatem
931 1713 1074 1769 illius
1098 1731 1203 1770 non
1225 1715 1508 1770 abscondo.
1533 1715 1786 1786 Inﬁnitus
1805 1719 1944 1772 enim
1974 1749 2020 1809 Β

354 1807 629 1861 thesaurus
658 1815 731 1861 est
771 1806 1067 1862 hominibus
1088 1821 1107 1858 :
1134 1824 1238 1878 quo
1263 1809 1354 1880 qui
1385 1809 1468 1863 usi
1494 1820 1634 1874 sunt,
1664 1810 1943 1881 participes

355 1896 481 1954 lacti
509 1906 630 1951 sunt
663 1897 909 1952 amicitiae
951 1897 1072 1961 Dei,
1109 1899 1357 1969 quoniam
1386 1899 1495 1970 ipse
1521 1899 1791 1971 sapientia:
1833 1901 1944 1956 dua:

355 1995 428 2039 est
454 1995 502 2040 et
525 1987 840 2056 sapientium
866 1986 1190 2041 emendator.
1214 1986 1281 2041 In
1306 2004 1467 2042 manu
1489 1989 1626 2043 enim
1655 1987 1798 2043 illius
1824 2000 1945 2044 sunt

355 2086 398 2130 ct
428 2093 542 2140 nos,
578 2084 626 2130 et
653 2093 916 2131 sermones
944 2077 1128 2142 nostri,
1163 2086 1212 2131 et
1242 2078 1410 2131 omnis
1437 2079 1718 2149 sapientia,
1746 2091 1792 2134 et
1823 2097 1946 2152 ope-

354 2181 469 2218 rum
497 2165 716 2220 scientia
737 2175 786 2218 et
813 2165 1112 2235 disciplina.
1136 2165 1256 2236 Ipse
1275 2167 1412 2220 enim
1437 2167 1563 2220 mihi
1588 2167 1728 2222 dedit
1755 2169 1942 2222 horum

350 2269 467 2323 qua:
510 2263 631 2308 sunt
677 2255 950 2308 scientiam
996 2270 1202 2320 veram,
1237 2265 1291 2308 ut
1337 2257 1503 2310 sciam
1549 2257 1940 2328 dispositionem

355 2344 490 2398 orbis
527 2353 822 2410 terrarum,
857 2355 904 2398 et
935 2349 1178 2401 virtutem
1202 2346 1606 2414 elementorum,
1646 2351 1854 2402 initium
1891 2361 1939 2404 et

354 2438 878 2503 consummationem,
918 2448 968 2492 et
1013 2439 1341 2493 medietatem
1385 2451 1702 2510 temporum,
1736 2443 1941 2496 vicissi-

351 2528 594 2585 tudinum
637 2531 1076 2598 permutationes,
1122 2541 1170 2586 et
1223 2533 1700 2587 consummationes
1743 2543 1942 2603 tempo-

352 2632 494 2682 rum,
519 2631 722 2670 morum
742 2618 1072 2684 mutationes,
1097 2628 1144 2673 et
1171 2618 1451 2674 divisiones
1475 2629 1784 2691 temporum,
1813 2621 1940 2676 anni

353 2720 560 2772 cursus,
581 2713 630 2759 et
655 2705 926 2761 stellarum
950 2708 1335 2780 dispositiones,
1358 2721 1576 2764 naturas
1604 2711 1936 2780 animalium,

349 2804 400 2850 et
427 2794 539 2850 iras
566 2793 869 2860 bestiarum,
911 2797 1012 2851 vim
1048 2808 1348 2864 ventorum,
1389 2801 1730 2870 cogitationes
1770 2801 1941 2857 hensi-

353 2899 508 2952 num,
557 2884 880 2954 diﬂ‘erentias
925 2886 1206 2952 arborum,
1251 2898 1299 2942 et
1340 2887 1551 2946 virtutes
1594 2891 1859 2958 radicum,
1891 2902 1940 2948 et

349 2987 666 3046 quwcunquc
686 2985 804 3030 sunt
829 2977 1079 3032 absconsa
1103 2989 1150 3032 et
1177 2980 1452 3049 improvisa
1476 2982 1636 3036 didici
1670 3000 1675 3006 '
1701 2987 1939 3040 omnium

351 3064 486 3118 enim
533 3065 726 3137 artij'ex
770 3067 947 3122 docuit
997 3086 1077 3124 me
1124 3072 1378 3141 sapientia
1426 3071 1573 3145 (Sap.
1615 3077 1734 3147 vn).
1789 3079 1940 3134 Unde

349 3155 515 3211 etiam
560 3157 612 3212 in
659 3157 798 3214 libro
825 3159 1064 3229 gentium
1099 3170 1153 3216 et
1193 3161 1396 3233 Regum
1444 3163 1637 3235 legitur
1670 3165 1938 3223 Dominus

349 3245 614 3314 probasse
658 3247 974 3316 petitionem
1024 3248 1347 3318 Salomonis,
1387 3254 1478 3323 qui
1521 3256 1676 3325 petiit
1708 3259 1774 3309 ah
1824 3256 1940 3326 ipso

349 3333 451 3388 sibi
498 3334 615 3390 dari
659 3352 750 3388 cor
789 3337 1040 3404 docibile,
1084 3351 1140 3394 ut
1177 3341 1424 3412 judicare
1470 3355 1652 3414 posset
1689 3346 1938 3417 populum

350 3439 527 3490 suum,
557 3435 604 3478 et
638 3424 931 3483 discernere
976 3430 1114 3485 inter
1159 3431 1350 3487 bonum
1379 3444 1426 3488 et
1469 3436 1700 3503 malum;
1733 3437 1821 3493 ubi
1863 3439 1940 3494 ita

350 3514 611 3582 scriptum
654 3525 774 3572 est:
807 3517 1014 3574 Placuit
1062 3539 1233 3578 sermo
1281 3541 1458 3578 coram
1511 3527 1759 3596 Domino,
1798 3531 1938 3601 quod

353 3601 600 3658 Salomon
641 3621 746 3659 rem
794 3606 1158 3677 hujuscemodi
1195 3613 1524 3682 postulasset.
1560 3616 1626 3671 Et
1667 3619 1800 3672 dixit
1834 3619 1940 3674 Do—

2049 439 2220 508 petisti
2247 439 2356 492 dies
2384 436 2593 500 multos,
2627 453 2718 491 nec
2745 437 2956 492 divitias
2981 438 3288 510 animasque
3311 440 3649 500 inimicorum

2051 537 2282 593 tuorum,
2312 528 2402 581 sed
2431 525 2713 596 postulasti
2755 526 2847 580 tibi
2889 529 3200 598 sapientiam
3241 528 3311 583 ad
3348 530 3652 590 discerneno

2049 618 2177 672 dum
2210 617 2475 688 judicium
2519 631 2537 670 :
2577 633 2694 672 ecce
2741 617 2840 687 feci
2885 617 2979 672 tibi
3034 620 3320 674 secundum
3381 638 3648 678 sermones

2051 720 2187 777 tuos,
2214 721 2261 765 et
2291 711 2412 765 dedi
2437 711 2531 765 tibi
2571 727 2662 764 cor
2689 711 2896 780 sapiens
2920 720 2968 763 et
2997 709 3309 780 intelligens,
3334 713 3390 767 in
3419 723 3646 778 tantum,

2049 809 2107 854 ut
2143 801 2320 854 nullus
2345 809 2468 854 ante
2497 810 2545 854 te
2579 800 2766 854 similis
2793 801 2868 852 tui
2901 799 3092 869 fuerit,
3122 817 3213 855 nec
3239 814 3353 873 post
3385 813 3435 858 te
3467 822 3649 860 surre-

2050 900 2229 943 cturus
2251 890 2339 942 sit.
2381 888 2490 944 Sed
2519 899 2567 943 et
2607 889 2719 943 haec
2757 905 2876 960 quae
2910 906 3013 943 non
3049 889 3350 960 postulasti,
3375 893 3497 947 dedi
3527 895 3644 960 tibi,

2049 978 2258 1034 divitias
2286 979 2481 1034 scilicet
2510 989 2561 1034 et
2603 979 2860 1051 gloriam,
2900 990 2954 1033 ut
2985 997 3134 1034 nemo
3164 981 3323 1052 fuerit
3353 984 3540 1040 similis
3565 988 3646 1040 tui

2049 1074 2104 1129 in
2129 1073 2334 1144 regibus
2362 1076 2562 1128 cunctis
2591 1085 2728 1129 retro
2755 1075 2957 1129 diebus.
2985 1075 3046 1130 Si
3083 1087 3254 1130 autem
3296 1078 3645 1136 ambulareris

2050 1165 2108 1218 in
2133 1166 2227 1220 viis
2261 1167 2407 1232 meis,
2442 1176 2489 1220 et
2515 1168 2826 1221 custodieris
2859 1177 3119 1238 prtecepta
3151 1186 3287 1235 mea,
3313 1181 3360 1224 et
3392 1172 3646 1228 mandata

2049 1273 2184 1324 utea,
2209 1259 2344 1312 sicut
2374 1258 2658 1313 ambulavit
2694 1258 2862 1313 David
2888 1269 3038 1329 pater
3064 1271 3207 1325 tuus,
3246 1260 3425 1332 longos
3449 1263 3644 1332 faciam

2048 1349 2160 1403 dies
2197 1360 2315 1405 tuos
2361 1349 2479 1422 (III
2509 1349 2638 1422 Reg.
2664 1349 2770 1422 ιιι).
2800 1349 2952 1405 Unde
2994 1351 3336 1407 manifestum
3377 1363 3461 1409 est
3503 1357 3645 1426 quod

2049 1441 2357 1512 quicunque
2404 1458 2566 1497 verus
2610 1451 2695 1497 est
2736 1451 2950 1498 amator
2992 1443 3294 1512 sapientiai,
3319 1452 3372 1499 ct
3417 1446 3646 1517 diligens

2048 1540 2232 1587 custos
2271 1532 2653 1586 mandatorum
2682 1531 2796 1597 Dei,
2839 1539 2894 1586 et
2929 1531 3102 1586 ﬁdelis
3142 1543 3431 1588 exsecutor
3455 1536 3647 1590 volun-

2050 1625 2179 1680 tatis
2204 1624 2372 1694 ipsius
2401 1640 2572 1695 usque
2600 1625 2652 1678 in
2688 1624 2873 1688 linem,
2901 1625 2991 1679 hic
3025 1625 3188 1680 habet
3213 1642 3334 1680 eum
3376 1638 3648 1698 protecto-

2050 1730 2186 1778 rem,
2223 1715 2280 1769 in
2308 1713 2488 1770 futura
2513 1730 2642 1770 vero
2667 1715 2777 1769 vita
2811 1713 3180 1770 ﬁdelissimqu
3210 1717 3336 1773 boni
3363 1720 3526 1774 studii
3559 1737 3648 1777 re-

2047 1812 2445 1861 muneratorem
2486 1813 2542 1860 et
2589 1805 2768 1877 gaudii
2809 1805 2999 1860 aeterni
3044 1805 3378 1876 largitorem.
3411 1809 3638 1875 Idcirco,

2047 1895 2263 1951 domine
2295 1896 2368 1950 mi
2399 1911 2514 1962 rex,
2544 1905 2671 1952 ante
2701 1897 2883 1951 omnia
2931 1912 3145 1967 semper
3183 1899 3418 1954 studium
3449 1901 3520 1956 sit
3546 1903 3644 1958 tibi

2046 1987 2112 2040 ad
2143 1987 2459 2042 discendam
2487 1989 2806 2058 sapientiam
2835 1989 3098 2055 divinam,
3129 1989 3504 2063 Subjectosque
3542 1995 3642 2050 tilu

2046 2075 2278 2146 idipsum
2309 2092 2469 2148 agere
2504 2079 2824 2148 prtecipias:
2857 2088 3130 2149 quatenus
3173 2082 3368 2136 merito
3410 2099 3505 2136 rex
3539 2101 3638 2138 no-

2045 2164 2238 2218 minari
2280 2166 2475 2236 possis,
2519 2167 2610 2236 qui
2650 2167 2996 2237 temetipsum
3027 2177 3084 2222 et
3129 2183 3326 2225 omnes
3371 2173 3467 2228 tibi
3513 2175 3644 2230 ube-

2043 2255 2255 2309 dientes
2279 2257 2573 2310 secundum
2603 2257 2934 2312 voluntatem
2966 2259 3060 2313 Dei
3094 2275 3280 2330 regere
3310 2273 3365 2316 et
3405 2263 3457 2316 in
3495 2265 3637 2320 viam

2042 2346 2290 2400 veritatis
2335 2347 2532 2402 dueere
2562 2347 2777 2402 conaris
2805 2366 2818 2402 :
2851 2350 3040 2420 sicque
3086 2350 3177 2404 ﬁet
3205 2360 3264 2406 ut
3297 2368 3417 2408 cum
3465 2369 3632 2424 appa-

2043 2439 2214 2492 ruerit
2241 2438 2355 2493 Rex
2384 2453 2592 2510 regum,
2616 2450 2670 2494 et
2698 2441 2956 2495 Dominus
2983 2443 3320 2497 dominorum
3350 2442 3549 2498 sederit
3576 2445 3629 2499 in

2041 2527 2168 2582 sedc
2199 2529 2497 2598 majestatis
2523 2545 2654 2596 sate,
2680 2538 2734 2584 ct
2763 2541 3103 2603 congregata:
3134 2531 3334 2587 fuerint
3357 2541 3480 2588 ante
3507 2549 3632 2589 eum

2040 2631 2239 2673 omnes
2256 2627 2464 2690 gentes,
2498 2629 2558 2674 ut
2597 2620 2859 2690 recipiant
2885 2638 3093 2687 omnes,
3129 2622 3284 2692 juxta
3319 2624 3634 2678 meritorum

2041 2708 2270 2778 qualitat
2291 2726 2381 2774 un,
2425 2719 2516 2764 aut
2562 2711 2843 2780 prtemimn
2878 2721 2968 2765 aut
2999 2728 3239 2782 poenam,
3270 2722 3398 2768 tunc
3430 2721 3484 2766 tu
3513 2728 3634 2767 cum

2043 2801 2148 2856 tuis
2173 2816 2205 2855 a
2231 2801 2437 2856 dextris
2461 2800 2576 2870 ejus
2601 2811 2774 2867 stans,
2803 2803 2990 2856 audias
3019 2802 3166 2856 illam
3196 2803 3484 2857 amabilem
3515 2819 3628 2857 scn-

2041 2894 2267 2948 tentiam
2300 2893 2529 2956 Domini,
2563 2908 2728 2963 quam
2759 2893 2825 2946 ad
2869 2909 3058 2948 omnes
3101 2893 3306 2948 electos
3335 2909 3462 2949 suos
3507 2911 3637 2964 pro-

2040 2984 2246 3039 laturus
2295 2993 2410 3048 est,
2454 2985 2684 3039 dicens':
2735 2983 2929 3050 Venite,
2977 2985 3228 3038 benedicti
3275 2978 3454 3040 Patris
3495 2987 3634 3050 mei,

2040 3077 2296 3146 possidete
2346 3076 2485 3130 vobis
2538 3086 2780 3145 paratum
2839 3093 3052 3146 regnum
3101 3076 3164 3130 ab
3204 3077 3403 3147 origine
3447 3077 3634 3132 mundi

2044 3165 2259 3230 (Manli.
2302 3165 2451 3235 xxv).
2503 3166 2701 3236 Sicque
2751 3167 2987 3221 insertus
3040 3176 3349 3222 sanctorum
3404 3167 3638 3222 cmtibus

2043 3253 2147 3310 ibis
2185 3271 2308 3310 cum
2335 3272 2400 3312 eo
2429 3258 2482 3311 in
2522 3259 2686 3311 vitam
2715 3268 2993 3323 :eternam,
3027 3259 3118 3313 ubi
3164 3258 3324 3313 simul
3349 3274 3471 3313 cum
3505 3274 3632 3315 san-

2042 3349 2147 3401 ctis
2183 3348 2388 3418 angelis
2422 3348 2688 3404 Itetaberis
2718 3349 2770 3402 in
2799 3359 3090 3420 conspectu
3139 3351 3325 3420 glorizc
3364 3350 3532 3422 ipsius
3558 3352 3618 3408 [θ’

2041 3435 2219 3492 lieiter
2241 3454 2410 3508 usque
2436 3440 2487 3494 in
2518 3440 2700 3494 ﬁnem.
2729 3439 2982 3510 Majestas
3010 3441 3402 3510 omnipotentis
3427 3440 3520 3496 Dei
3542 3440 3643 3496 diu

2041 3540 2137 3584 vos
2169 3531 2256 3585 hic
2281 3540 2457 3586 servet
2500 3531 2816 3595 incolumes,
2843 3541 2898 3587 et
2922 3540 3108 3604 postea
3137 3533 3190 3587 in
3220 3531 3458 3588 cmlestis
3485 3533 3632 3604 regni

2048 3622 2246 3692 gaudio
2275 3622 2542 3677 beatilieet
2571 3623 2921 3692 sempiterno.

367 3751 863 3772 *ιαμ-ιι*-
883 3760 1943 3786 mw“

2042 3773 3002 3790 Μ

1481 3875 2008 3954 ΡΒίἘΕΑΤΙΟ
2083 3879 2510 3957 ALTERA.

1253 4039 1342 4095 AD
1397 4040 1786 4100 HEMMONEM
1827 4046 2264 4124 [HAYMONEM]
2307 4051 2712 4108 EPISCOPUM.

424 4289 650 4344 Domino
681 4293 1129 4349 rcvcrcudissimo
1156 4335 1170 4358 ,
1220 4302 1276 4350 et
1302 4311 1424 4350 cum
1454 4295 1601 4350 omni
1653 4297 1938 4353 charitatis
1963 4300 2015 4361 D
2042 4304 2612 4361 commemorationem
2667 4309 2720 4364 in
2786 4317 2974 4384 paucis
3024 4317 3264 4375 breviter

352 4379 532 4434 oilicio
565 4379 756 4433 merito
791 4383 1096 4438 venerando
1125 4393 1288 4453 atque
1333 4384 1558 4440 colendo
1594 4384 1740 4440 Patri
1789 4387 1936 4442 lieu-

355 4484 480 4525 uout
513 4469 786 4540 episcopo,
821 4471 1091 4534 ltsessus,
1129 4472 1333 4530 inutilis
1381 4489 1658 4529 servorum
1695 4475 1786 4528 Dci
1822 4492 1937 4530 ser-

358 4579 453 4617 vus
478 4601 494 4626 ,
527 4561 579 4616 in
607 4561 824 4617 Christo
851 4572 1111 4618 tctcrnam
1149 4575 1300 4635 optat
1329 4565 1577 4621 salutem.

424 4653 628 4708 Memor
652 4653 774 4707 boni
807 4655 966 4709 studii
1001 4656 1095 4721 tui,
1125 4667 1311 4712 sancte
1335 4657 1512 4724 Pater,
1538 4657 1678 4729 quod
1706 4658 1936 4714 habuisti

353 4746 406 4797 in
439 4743 626 4812 puerili
659 4751 819 4813 atque
838 4744 1060 4814 juvenili
1114 4756 1281 4803 aetate
1303 4748 1355 4802 in
1387 4748 1688 4804 litterarum
1723 4751 1934 4807 excrci-

357 4835 430 4888 tio
463 4845 516 4889 et
545 4850 823 4890 sacrarum
855 4835 1260 4908 Scripturarum
1305 4841 1674 4909 meditatione,
1721 4845 1938 4912 quando

359 4941 565 4980 mecum
593 4925 807 4996 legebas
837 4943 944 4982 non
995 4929 1166 4985 solum
1199 4931 1410 4989 divinos
1437 4932 1605 4990 libros
1636 4944 1692 4990 et
1717 4946 1936 4993 sancto-

356 5033 472 5072 rum
505 5018 726 5074 Patrum
753 5037 918 5092 super
941 5037 1036 5078 eos
1060 5024 1444 5095 expositiones,
1470 5030 1564 5085 sed
1591 5029 1752 5085 etiam
1777 5031 1944 5103 hujus

357 5109 540 5164 mundi
565 5111 885 5181 sapientium
916 5111 984 5168 d‘c
1013 5131 1190 5170 rerum
1221 5118 1430 5175 naturis
1457 5119 1684 5177 solertes
1707 5122 1934 5193 inquis:-

357 5199 550 5265 tiones,
577 5217 712 5272 quas
739 5202 791 5258 in
824 5204 1123 5261 liberalium
1151 5207 1349 5262 artium
1375 5209 1734 5282 descriptione
1757 5222 1813 5268 et
1835 5229 1940 5270 ca:-

356 5297 593 5346 torarum
624 5307 804 5348 rerum
850 5295 1260 5369 investigatione
1288 5315 1725 5374 composuerunt.
1775 5306 1930 5364 Post-

355 5394 516 5447 quam
546 5397 630 5438 me
677 5384 856 5440 divina
879 5389 1216 5458 providentia
1245 5391 1313 5448 ab
1339 5395 1672 5452 exteriorum
1697 5401 1936 5470 negotio-

359 5486 475 5526 rum
501 5487 630 5527 cura
660 5477 919 5546 absolvit,
952 5491 1113 5552 teque
1139 5483 1191 5538 in
1221 5487 1510 5554 pastoralis
1534 5505 1678 5545 curze
1697 5492 1932 5550 cilicium

358 5561 686 5630 sublimavit,
701 5569 1024 5638 cogitabam,
1051 5575 1178 5642 quid
1195 5575 1321 5631 Tute
1335 5575 1621 5635 Sanctitati
1640 5592 1852 5650 gratum
1879 5596 1935 5640 et

358 5653 484 5708 utile
510 5655 561 5711 in
590 5657 874 5716 scribendo
895 5663 1161 5718 conﬁcere
1185 5682 1429 5736 possem:
1462 5685 1568 5742 quo
1602 5671 1830 5731 haberes
1863 5676 1932 5731 ob

3316 4322 3631 4382 aduocatum

2039 4393 2184 4462 quod
2233 4402 2358 4449 ante
2383 4395 2435 4449 in
2468 4397 2758 4457 multorum
2800 4406 3046 4461 codicum
3079 4410 3434 4479 amplitudine
3464 4424 3516 4470 et
3549 4417 3618 4470 la-

2037 4483 2212 4580 punda
2246 4497 2523 4546 oratorum
2571 4491 2842 4551 locutione
2877 4500 3137 4556 disertum
3165 4505 3386 4574 copiose
3424 4508 3624 4580 legisti.

2037 4572 2220 4644 Neque
2245 4579 2390 4633 enim
2418 4582 2552 4638 mihi
2581 4584 2820 4655 ignotum
2851 4599 2934 4644 est
2960 4593 3174 4662 qualem
3224 4572 3624 4658 infestatidnem

2037 4665 2259 4761 habeas,
2286 4685 2394 4726 non
2437 4674 2611 4730 solum
2637 4694 2673 4761 ᾳ
2695 4682 2921 4761 paganis
2951 4686 3040 4754 qui
3068 4687 3164 4742 tibi
3191 4691 3430 4748 contines
3477 4705 3624 4761 sunt,

2037 4758 2130 4812 sed
2155 4761 2321 4816 etiam
2347 4779 2376 4818 a
2415 4753 2731 4837 populorum
2775 4753 3119 4848 uirbis,iqu:e
3153 4797 3253 4851 per
3279 4753 3623 4844 insolentiam

2036 4862 2092 4906 et
2120 4853 2516 4947 improbitatem
2546 4878 2758 4920 morum
2787 4868 2913 4923 Tuae
2925 4869 3243 4928 Paternitati
3273 4891 3380 4932 non
3400 4893 3623 4947 parvam

2037 4943 2337 5001 molestiam
2366 4948 2636 5021 ingerunt,
2672 4965 2727 5011 et
2752 4959 2823 5013 ob
2851 4961 2961 5015 hoc
2987 4959 3258 5033 frequenti
3283 4943 3512 5024 orationi
3544 4980 3620 5024 at-

2035 5050 2140 5106 que
2159 5037 2388 5095 assidua:
2413 5041 2628 5100 lectioni
2661 5054 2714 5102 te
2740 5063 2934 5106 vacare
2973 5068 3080 5108 non
3107 5059 3446 5125 permittunt.
3499 5059 3622 5115 [hcc

2034 5127 2181 5182 enim
2202 5131 2382 5186 omnia
2413 5133 2544 5190 mihi
2577 5137 2806 5196 sollicite
2831 5145 3084 5198 tractanti
3112 5147 3260 5201 venit
3287 5147 3340 5203 in
3385 5160 3622 5205 mentem

2034 5224 2094 5270 ut
2110 5215 2264 5286 juxta
2289 5237 2494 5280 morem
2523 5229 2864 5299 antiquorum
2892 5234 2984 5303 qui
3014 5235 3079 5290 de
3106 5252 3285 5292 rerum
3313 5242 3524 5296 naturis
3567 5251 3626 5297 ct

2035 5313 2310 5370 hominum
2349 5325 2510 5387 atque
2558 5322 2845 5378 verborum
2893 5327 3232 5400 etymologiis
3286 5330 3439 5400 plura
3489 5349 3620 5390 ωη-

2033 5405 2326 5475 scripsere,
2369 5409 2482 5478 ipse
2509 5411 2603 5468 tibi
2643 5413 2858 5484 aliquod
2896 5420 3210 5488 epusculum
3240 5425 3529 5482 conderem
3562 5433 3626 5483 in.

2032 5510 2140 5564 quo
2167 5496 2392 5554 haberes
2423 5502 2681 5572 scriptum
2709 5519 2814 5560 non
2841 5507 3012 5563 solum
3038 5510 3103 5564 de
3129 5526 3308 5568 rerum
3331 5517 3541 5572 naturis
3564 5527 3619 5571 et

2033 5587 2319 5644 verborum
2351 5593 2769 5664 pr0prietatibus
2792 5638 2807 5660 ,
2841 5599 2934 5653 sed
2975 5601 3138 5656 etiam
3172 5604 3238 5658 de
3276 5607 3501 5678 mystica
3523 5622 3616 5662 ea-

2034 5677 2277 5754 rumdem
2307 5698 2483 5738 rerum
2531 5685 2919 5755 sig-'ilicationc
2953 5699 3051 5747 tut
3077 5677 3431 5754 continuatim
3469 5698 3614 5768 posi-
