4064 6206
409 246 474 307 is
1384 237 1475 295 ne
1510 235 1855 293 UNIVERSO
1891 232 2069 291 [ΑΒΜ
2112 233 2271 288 xxu.
2314 264 2378 273 -
2420 231 2543 285 ua.
2586 231 2621 284 ι.
3578 242 3643 298 η

406 362 518 417 tam
564 356 835 414 invenires
859 355 1174 411 bistoricam
1222 362 1277 407 et
1314 354 1597 423 mysticam
1644 350 1972 423 singularum
2003 364 2047 416 Α
2079 360 2257 402 tamen
2306 348 2450 401 nullo
2506 348 2663 399 modo
2701 344 2986 415 Apostolus
3039 346 3342 414 consentit,
3387 353 3473 418 qui
3528 357 3603 410 ait
3640 371 3653 406 :

407 447 810 519 expositionem.
859 445 941 499 Tu
987 453 1166 499 autem
1192 481 1209 508 ,
1248 442 1418 498 electe
1445 442 1662 497 domine
1688 451 1743 496 et
1765 442 1975 511 episco-
2082 437 2248 490 Nemo
2269 435 2499 489 militans
2537 433 2644 487 Deo
2689 434 2814 503 imp!
2837 445 2910 487 cet
2954 451 3008 488 se
3052 436 3268 505 negotiis
3295 438 3653 510 stecularitus,

408 551 592 607 potum
637 535 979 595 chanssnme,
1012 531 1248 600 acceptis
1290 530 1376 585 bis
1411 546 1531 600 qua:
1557 531 1651 585 tibi
1684 529 1976 594 transmisi,

409 635 556 682 utere
574 624 654 679 eis
684 632 744 678 ut
772 626 945 687 decet,
979 631 1033 676 et
1066 632 1171 675 tam
1202 620 1295 675 tibi
1322 635 1482 690 quam
1510 620 1617 674 illis
1642 621 1732 690 qui
1760 621 1859 674 sub
1887 629 1979 673 tuo

408 715 666 785 regimine
682 720 811 767 sunt
837 711 1138 775 constituti,
1175 709 1306 763 utile
1325 722 1446 764 esse
1476 709 1725 778 permitte
1749 724 1763 773 ;
1794 717 1980 777 quale-

410 822 508 858 nus
535 814 683 859 tuum
704 804 906 857 bonum
940 800 1176 855 studium
1203 800 1388 854 multis
1414 799 1697 869 proveniat
1724 799 1790 852 ad
1823 799 1982 867 spiri-

410 895 567 948 talem
589 892 921 964 prol'ectum,
957 900 1012 946 et
1040 892 1132 945 liat
1162 900 1271 946 tam
1303 890 1396 944 tibi
1424 905 1587 959 quam
1615 889 1720 944 illis
1745 888 1985 958 spiritale

410 984 728 1039 exercitium
753 992 915 1051 atque
947 981 1184 1036 caelestis
1210 981 1388 1051 gaudii
1428 982 1840 1036 incrementum.
1864 982 1988 1034 Imi-

413 1085 527 1129 tare
552 1074 696 1128 illius
723 1072 982 1142 sapientis
1013 1073 1112 1126 viri
1145 1073 1469 1141 exemplum,
1499 1073 1591 1141 qui
1623 1074 1689 1126 de
1714 1072 1989 1143 sapientia:

412 1166 566 1220 laude
588 1165 691 1219 tale
720 1164 941 1234 protulit
978 1164 1306 1232 praeconium
1324 1196 1344 1228 δ
1373 1161 1595 1217 dicens:
1640 1162 1902 1223 Inuocaui,
1943 1172 1990 1216 et

412 1256 542 1309 venit
568 1254 623 1306 in
662 1253 976 1323 mespiritus
999 1252 1303 1321 sapientiw;
1349 1262 1399 1305 et
1432 1252 1691 1321 prteposui
1732 1250 1881 1304 illam
1910 1268 1992 1305 re—

412 1345 522 1414 gnis
541 1353 592 1396 et
618 1342 850 1406 sedibus,
882 1352 929 1395 et
967 1342 1176 1395 divitias
1206 1340 1336 1394 nihil
1361 1357 1470 1394 esse
1493 1341 1621 1394 duxi
1648 1341 1703 1394 in
1723 1356 1994 1410 compara-

412 1435 547 1486 tione
572 1431 737 1485 iliius.
762 1430 875 1485 Nec
896 1430 1191 1501 comparavi
1209 1429 1289 1484 illi
1309 1430 1533 1499 lapidem
1548 1432 1850 1501 pretiosum,
1874 1446 1997 1500 quo-

409 1523 549 1576 niam
592 1537 745 1575 omne
782 1536 971 1574 aurum
1004 1521 1072 1573 in-
1108 1520 1495 1590 comparatione
1534 1519 1677 1573 illius
1720 1535 1881 1573 arena
1920 1528 1995 1572 est

412 1616 623 1684 exigua,
667 1622 715 1666 et
761 1622 1011 1684 tanquam
1045 1609 1212 1664 lutum
1259 1611 1606 1665 testimabitur
1632 1621 1902 1681 argentum
1944 1612 1999 1664 in

2079 541 2134 582 ut
2163 531 2209 583 ei
2229 531 2430 598 placeat
2455 528 2540 580 cui
2567 544 2621 580 se
2646 526 2899 596 probavit.
2933 525 3072 580 Nam
3093 528 3180 598 qui
3205 538 3366 582 certat
3393 530 3445 585 in
3470 548 3656 601 agone,

2082 635 2185 673 non
2231 627 2513 671 coronatur
2560 616 2660 669 nisi
2695 616 2917 685 legitime
2966 618 3233 671 certaverit
3283 618 3370 686 (ll
3405 620 3537 674 Tim.
3571 622 3654 689 tt).

2083 710 2210 764 Item
2248 709 2374 763 alibi
2424 709 2540 763 ait:
2598 708 2811 777 Siquos
2851 707 3255 775 contemptibiles
3288 694 3511 773 Iiabetis,
3563 713 3658 766 lws

2084 799 2379 852 constituite
2406 797 2475 851 ad
2518 796 2853 851 iudicandum
2896 794 3176 849 stvcularia
3223 798 3425 866 negotia
3456 798 3505 870 (Ι
3533 799 3658 853 Cor.

2088 890 2183 958 vi).
2240 889 2405 942 Multo
2434 888 2624 941 melius
2675 896 2758 941 est
2787 887 2928 941 enim
2982 886 3229 940 laborare
3268 889 3577 959 episcopum
3609 892 3662 945 in

2086 982 2328 1037 doctrina
2367 980 2518 1035 verbi
2567 979 2659 1033 Dei
2683 979 2752 1032 ob
2781 978 3004 1032 salutem
3042 979 3343 1034 animarum
3380 982 3478 1035 sibi
3511 998 3663 1037 com-

2090 1072 2395 1133 missarum,
2447 1085 2605 1137 quam
2637 1069 2687 1121 in
2729 1068 3074 1136 disponendis
3103 1076 3156 1121 ct
3194 1068 3511 1124 definiendis
3537 1072 3669 1126 civi-

2090 1163 2230 1216 libus
2263 1160 2679 1231 quaestionibus;
2719 1168 2773 1213 et
2812 1159 2976 1212 variis
3005 1159 3278 1213 hominum
3309 1161 3670 1216 conitentioni-

2094 1251 2191 1305 bus
2230 1260 2452 1314 vacarc,
2500 1248 2591 1317 qui
2616 1256 2831 1318 propter
2872 1257 3138 1301 terrenam
3170 1248 3520 1317 cupiditatem
3545 1251 3668 1307 lites

2093 1349 2148 1393 et
2177 1339 2324 1392 rixas
2360 1339 2688 1392 iureessauter
2740 1346 2976 1401 movent,
3028 1347 3079 1391 ct.
3109 1338 3472 1408 unusquisque
3500 1340 3552 1394 in
3586 1341 3672 1397 bis

2095 1432 2320 1485 alterum
2351 1446 2606 1499 superare
2634 1429 2924 1483 contendit.
2973 1428 3243 1499 Nosquam
3278 1432 3419 1486 enim
3451 1433 3502 1487 in
3527 1433 3673 1490 Scri-

2098 1521 2268 1590 pturis
2301 1522 2471 1575 sacris
2491 1520 2686 1590 legitur
2712 1520 2823 1590 ipse
2850 1520 3114 1583 Salvator,
3143 1532 3234 1575 aut
3265 1521 3505 1592 discipuli
3533 1524 3670 1593 t-jus,

2101 1613 2203 1666 hoc
2226 1611 2399 1682 egisse
2434 1611 2545 1665 sive
2588 1610 2853 1664 docuisse.
2898 1610 3170 1665 Invenitur
3205 1620 3381 1666 tamen
3412 1614 3464 1667 in
3498 1615 3672 1669 Evan-

412 1712 688 1772 eonspectu
708 1700 870 1755 illius.
897 1698 1066 1770 Super
1083 1700 1304 1754 salutem
1329 1710 1376 1754 et
1398 1700 1617 1770 speciem
1640 1701 1804 1753 dilexi
1828 1699 1994 1764 illam,
2031 1702 2073 1759 Β
2102 1700 2239 1771 gebo
2276 1699 2533 1769 scriptum
2574 1699 2715 1769 quod
2756 1700 2973 1768 quidam
3005 1701 3162 1755 homo
3192 1704 3461 1770 rogaverit
3499 1705 3672 1775 ipsum

412 1805 456 1848 ct
476 1794 726 1863 ιιι-θροεκὶ
755 1808 850 1863 pro
875 1791 989 1847 luce
1019 1792 1209 1846 habere
1251 1791 1423 1857 illam,
1472 1793 1720 1862 quoniam
1748 1791 1996 1845 iuexstin-

413 1884 604 1952 guibile
639 1894 715 1937 est
750 1883 927 1936 lu‘men
948 1881 1111 1935 illius.
1173 1880 1430 1935 Venerunt
1461 1893 1634 1934 autem
1663 1881 1790 1934 milii
1821 1881 1998 1933 omnia

415 1974 543 2028 bona
570 1974 772 2045 pariter
809 1989 927 2026 cum
964 1972 1056 2025 illa
1085 1970 1234 2043 (Sap.
1297 1969 1418 2041 vn).
1463 1969 1598 2024 Nam
1644 1979 1701 2025 et
1728 1969 2000 2039 apostolus

417 2064 612 2118 Paulus
650 2063 898 2119 scribens
926 2062 994 2116 ad
1027 2061 1366 2115 Timotheum
1412 2060 1478 2115 de
1501 2060 1743 2115 doctrina
1786 2059 2001 2128 sapien-

418 2158 504 2211 tia:
528 2156 751 2221 divinat,
794 2154 859 2209 ad
887 2155 989 2209 boc
1010 2154 1178 2225 ipsum
1201 2155 1515 2209 exhortatus
1542 2163 1626 2209 est
1644 2169 1787 2218 eum,
1814 2152 2000 2207 dicens

418 2246 470 2315 (Ι
500 2247 635 2301 Tim.
669 2244 745 2317 tv)
774 2264 789 2297 :
833 2244 960 2299 Hcce
982 2261 1269 2315 proponens
1290 2244 1562 2314 fratribus,
1588 2244 1750 2298 bonus
1768 2243 2002 2312 minister

418 2337 515 2390 eris
536 2335 738 2390 Christi
780 2333 935 2400 Iesu,
982 2336 1237 2389 enutritus
1280 2335 1446 2389 verbis
1479 2335 1623 2403 fidei,
1653 2345 1702 2389 et
1733 2334 1879 2388 bona:
1904 2333 2002 2387 do-

415 2426 619 2490 ctrinae,
637 2440 799 2495 quam
815 2434 1084 2478 assecutus
1104 2440 1178 2477 es.
1201 2422 1437 2495 Prwcipe
1462 2426 1574 2479 Ita’c
1588 2434 1641 2478 et
1669 2426 1813 2478 doce.
1836 2424 2001 2478 Nemo

418 2513 825 2567 adolescentiam
868 2521 1016 2566 tuam
1050 2522 1344 2568 contemnat
1378 2530 1398 2567 :
1434 2514 1526 2568 sed
1566 2512 1859 2584 excinplum
1893 2524 2001 2568 esto

416 2602 654 2670 fidelium
680 2603 735 2657 in
766 2602 955 2666 verbo,
1002 2602 1058 2655 in
1094 2605 1508 2670 conversatione,
1544 2605 1598 2658 in
1641 2606 1916 2668 cltaritate,
1947 2606 2002 2658 in

416 2694 543 2761 ﬁde,
593 2696 652 2747 in
677 2695 938 2748 castitate.
996 2694 1125 2749 Haec
1154 2695 1435 2761 meditare,
1484 2707 1540 2750 ut
1584 2696 1845 2767 profectus
1882 2707 2002 2749 tuus

421 2785 732 2854 manifestus
762 2785 829 2838 sit
854 2784 1111 2839 omnibus.
1144 2785 1360 2839 Attende
1402 2786 1495 2840 tibi
1531 2797 1580 2840 et
1600 2787 1851 2840 doctrina:
1876 2800 1893 2837 :
1923 2786 2006 2840 in-

424 2886 497 2929 sta
517 2878 573 2929 in
594 2876 725 2931 illis.
777 2875 897 2931 Hoc
931 2877 1068 2930 enim
1099 2876 1318 2946 faciens,
1369 2888 1416 2931 et
1444 2878 1662 2948 teipsum
1694 2877 1892 2932 salvum
1924 2877 2005 2946 fa-

426 2966 548 3030 cies,
579 2976 631 3018 et
658 2982 750 3020 eos
784 2966 874 3036 qui
903 2975 952 3019 te
974 2967 1216 3019 audiunt.
1252 2965 1403 3022 Unde
1440 2967 1593 3022 decet
1622 2977 1674 3021 te
1702 2967 1833 3021 nihil
1861 2965 2005 3020 aliud

2101 1791 2446 1847 Mediatorem
2481 1800 2723 1845 nostrum
2759 1791 2900 1860 quod
2933 1790 3082 1845 li'a'tri
3105 1807 3203 1847 suo
3219 1792 3435 1861 juberet
3461 1805 3517 1848 ut
3542 1797 3676 1850 divi-

2100 1883 2253 1937 deret
2276 1898 2456 1937 secum
2490 1882 2856 1937 luere._litatem
2885 1898 3057 1938 suam.
3114 1884 3208 1938 Cui
3244 1885 3333 1940 ille
3362 1887 3670 1957 respondit:

2094 1972 2146 2027 0
2170 1974 2346 2038 homo,
2376 1975 2492 2043 quis
2522 1974 2788 2027 constituit
2821 1990 2898 2027 me
2920 1973 3151 2043 judicent
3178 1986 3267 2029 aut
3290 1976 3563 2032 divisorem
3590 1979 3674 2032 in-

2100 2075 2179 2115 ter
2218 2079 2304 2116 ros
2342 2073 2389 2115 et
2428 2060 2696 2131 reliquos?
2746 2061 2895 2133 (Luc.
2934 2065 3055 2133 xu.)
3095 2064 3151 2119 In
3190 2081 3296 2136 quo
3344 2069 3589 2137 probavit
3618 2084 3677 2122 ευ

2103 2154 2241 2209 nolle
2272 2156 2517 2209 doctores
2553 2156 2823 2224 Evangelii
2869 2158 3017 2212 'curis
3059 2166 3113 2212 et
3160 2159 3293 2213 rixis
3339 2161 3677 2216 smcularium

2101 2246 2353 2316 occupari
2394 2246 2475 2300 vel
2524 2246 2801 2300 interesse.
2834 2245 2950 2300 Non
2997 2248 3137 2301 enim
3164 2248 3303 2303 idem
3342 2250 3572 2306 oﬂieium
3595 2265 3680 2307 est

2098 2335 2448 2406 Evangelium
2492 2335 2691 2391 Christi
2720 2336 2771 2390 in
2804 2337 3009 2408 pulpito
3053 2338 3295 2394 ecclesiae
3324 2341 3518 2411 popan
3544 2359 3682 2412 pra:-

2102 2425 2303 2491 dicare,
2351 2426 2485 2480 etin
2537 2426 2732 2495 placito
2760 2427 3094 2482 szecularium
3126 2428 3248 2485 lites
3274 2429 3513 2487 forenses
3540 2427 3681 2487 inter

2103 2517 2346 2573 rixantes
2393 2517 2702 2573 decernere.
2757 2517 2882 2573 Haec
2911 2532 3039 2589 ergo
3073 2532 3195 2574 cum
3236 2519 3561 2587 scribantur,
3605 2520 3677 2577 mi

2104 2607 2338 2671 domine,
2388 2607 2515 2662 nolo
2557 2618 2618 2663 ut
2659 2609 2893 2663 aestimes
2920 2624 3005 2664 me
3034 2625 3227 2663 novam
3276 2610 3443 2682 legem
3473 2610 3683 2669 vivendi

2104 2697 2200 2752 tibi
2224 2699 2572 2763 constituere,
2601 2700 2694 2753 sed
2715 2699 2843 2753 olim
2872 2716 2901 2753 a
2928 2701 3129 2755 sanctis
3168 2701 3297 2756 viris
3322 2701 3584 2772 prolatam
3610 2703 3680 2758 ob

2105 2790 2668 2843 commemorationem
2731 2790 2967 2844 breviter
3013 2777 3453 2846 commemorare.
3508 2793 3683 2848 Crelo

2106 2881 2249 2936 enim
2280 2890 2332 2936 te
2353 2882 2523 2950 magis
2545 2880 2680 2935 velle
2707 2882 2917 2936 interno
2943 2884 3250 2951 conspectui
3281 2884 3575 2939 conditoris
3603 2883 3678 2939 tui

2107 2971 2399 3027 salubriter
2424 2971 2660 3041 placere,
2704 2986 2865 3041 quam
2893 2970 3166 3027 favoribus
3218 2973 3467 3029 humanis
3515 2973 3685 3029 furin-

421 3071 739 3126 pneponere
760 3059 1093 3115 meditationi
1118 3061 1309 3114 divina:
1328 3061 1479 3131 legis,
1500 3069 1558 3115 et
1582 3061 1836 3116 doctrinm
1860 3062 2007 3115 verbi
2036 3067 2081 3129 (ζ
2112 3077 2269 3117 secus
2291 3062 2523 3120 inaniter
2545 3061 2749 3117 extolli.
2793 3061 2916 3116 Ideo
2940 3063 3082 3132 quod
3110 3063 3246 3117 bene
3272 3063 3322 3117 in
3347 3064 3566 3119 servitio
3589 3064 3683 3119 Dei

428 3148 519 3203 Dei
548 3169 563 3204 :
592 3166 697 3206 nec
728 3152 836 3207 ullo
861 3153 1019 3208 modo
1045 3154 1207 3209 debes
1229 3169 1293 3209 ea
1324 3154 1572 3208 deserere
1602 3162 1822 3223 prepter
1848 3169 2001 3207 mun-

428 3244 622 3299 danam
649 3262 838 3300 curam
863 3256 917 3301 et
945 3247 1223 3302 saecularia
1250 3247 1459 3318 negotia
1482 3263 1495 3299 :
1530 3249 1654 3316 quia
1684 3248 1797 3300 hmc
1827 3246 2002 3300 maxi-

430 3350 573 3389 mum
608 3336 1050 3406 impedimentum
1100 3337 1303 3393 faciunt
1332 3339 1481 3407 operi
1524 3337 1703 3393 divino
1745 3339 1883 3408 apud
1913 3353 2008 3393 eos

431 3427 519 3494 qui
565 3429 656 3482 bis
693 3428 1006 3485 abutuntur.
1054 3429 1207 3493 Nam,
1249 3430 1382 3499 proh
1427 3428 1613 3483 dolor!
1669 3429 1821 3482 multi
1863 3428 2011 3482 inve-

429 3518 655 3573 niuntur
686 3518 847 3587 hujus
877 3521 1133 3590 temporis
1164 3521 1265 3574 viri
1288 3521 1338 3575 in
1365 3519 1744 3576 ecclesiasticis
1765 3519 2012 3589 personis

431 3610 546 3677 qui,
574 3610 768 3665 relicto
810 3611 1137 3681 praedicandi
1160 3610 1334 3667 obicio
1366 3622 1420 3667 et
1464 3611 1689 3681 spiritali
1721 3625 2012 3666 conversa-

431 3701 601 3765 tione,
639 3702 691 3756 in
716 3718 783 3758 eo
811 3719 870 3758 se
894 3717 1119 3774 magnos
1136 3704 1421 3769 aestimant,
1459 3704 1503 3759 si
1530 3703 1759 3758 terrenis
1788 3702 2015 3772 negotiis

429 3804 832 3864 praponantur,
884 3805 941 3850 et
989 3795 1464 3866 disceptationibus
1511 3793 1847 3849 smcularium
1878 3808 2015 3862 sche

433 3884 688 3939 intersint
713 3903 727 3937 :
758 3886 832 3939 ita
858 3895 919 3940 ut
949 3887 1002 3940 in
1029 3900 1214 3940 eorum
1235 3884 1586 3940 conventibus
1608 3884 1759 3954 quasi
1785 3883 2016 3936 arbitros

431 3976 773 4043 przcsideant.
812 3986 865 4032 et
885 3992 1071 4033 eorum
1094 3976 1435 4032 conﬂictuum
1457 3975 1666 4043 judiccs
1694 3974 1840 4029 liant.
1863 3972 2017 4039 Quod

2107 3168 2268 3224 agere
2318 3155 2550 3224 cmpisti,
2604 3155 2709 3209 hoc
2737 3155 2928 3210 melius
2977 3169 3039 3210 ac
3069 3155 3261 3211 melius
3304 3172 3516 3227 semper
3561 3175 3689 3230 υνμ-

2110 3246 2280 3301 rando
2315 3261 2482 3316 usque
2513 3247 2569 3300 in
2600 3246 2760 3302 linem
2795 3247 3054 3317 perlicere
3083 3258 3334 3318 satagas:
3381 3256 3442 3303 ut
3480 3248 3534 3303 in
3575 3249 3689 3319 pri-

2112 3334 2215 3390 mis
2240 3336 2370 3389 etin
2415 3336 2616 3391 ultimis
2640 3338 3064 3393 conversationis
3087 3348 3190 3392 tusc
3216 3339 3545 3408 temporibus
3589 3338 3686 3392 Dei

2112 3426 2388 3480 servitium
2422 3424 2658 3495 pcrl‘cctc
2699 3442 2882 3497 agens,
2930 3429 2994 3481 ad
3022 3427 3259 3483 cmlestis
3284 3429 3486 3498 przemii
3518 3428 3687 3497 pleni-

2115 3520 2357 3574 tudinem
2399 3519 2625 3575 feliciter
2660 3520 2943 3590 pervenire
2970 3519 3150 3574 valeas
3179 3536 3193 3584 ;
3230 3530 3490 3589 quatenus
3512 3519 3606 3573 tibi
3635 3518 3687 3572 iu

2115 3622 2361 3667 extremo
2379 3610 2582 3679 judicio
2607 3611 2718 3679 ipse
2746 3624 2988 3665 suumms
3017 3609 3403 3680 paterfamilias
3441 3625 3562 3665 cum
3583 3624 3688 3663 cn!-

2116 3703 2247 3759 teris
2266 3702 2454 3757 electis
2480 3703 2623 3756 dicat
2652 3719 2664 3754 :
2694 3699 2869 3771 Euge,
2915 3718 3056 3756 serre
3097 3701 3225 3756 bone
3257 3712 3304 3755 et
3329 3700 3499 3770 ﬁdelis
3519 3742 3533 3765 ,
3561 3701 3686 3770 quia

2113 3809 2269 3863 super
2287 3808 2454 3863 pauca
2483 3791 2626 3861 fuisti
2653 3792 2852 3861 ﬁdelis,
2884 3808 3038 3862 super
3065 3791 3228 3844 multa
3270 3800 3317 3844 te
3350 3792 3683 3844 constituam.

2117 3884 2265 3938 Intra
2291 3885 2345 3938 in
2367 3884 2615 3954 gaudium
2641 3882 2836 3937 domini
2866 3884 2940 3935 tui
2971 3881 3183 3953 (Matth.
3222 3879 3370 3951 xxv).

497 4118 3674 4154 MM“

1669 4262 1971 4340 LIBER
2042 4258 2460 4338 PRIMUS.

952 4511 1181 4570 CAPUT
1221 4509 1508 4566 PRIMUM.

1102 4602 1181 4656 De
1227 4602 1357 4656 Deo.

503 4695 746 4753 Primum
776 4694 920 4767 apud
957 4693 1214 4749 Hebraeos
1242 4691 1334 4746 Dei
1379 4706 1573 4746 nomen
1625 4689 1743 4744 Ileli
1778 4690 2013 4744 dicitur:

434 4794 575 4862 quod
608 4792 695 4845 alii
723 4791 915 4852 Deum,
950 4787 1062 4852 alii,
1097 4785 1473 4856 etymologiam
1516 4785 1633 4854 ejus
1668 4792 2015 4853 exponentes,

432 4899 636 4952 scyros,
684 4881 844 4937 idest
875 4880 1086 4949 fortem,
1123 4877 1460 4946 interpretati
1505 4884 1668 4940 sunt;
1729 4876 1850 4928 ideo
1875 4876 2018 4942 quod

432 4976 576 5029 nulla
629 4973 944 5029 inﬁmitate
987 4968 1339 5040 opprimitur,
1371 4966 1464 5022 sed
1504 4966 1658 5021 fortis
1685 4974 1768 5020 est
1792 4974 1848 5020 et
1868 4963 2015 5019 sulli-

435 5067 586 5121 ciens
636 5065 706 5119 ad
761 5062 939 5117 omnia
988 5058 1371 5129 perpetranda.
1444 5056 1750 5112 Secundum
1796 5071 2013 5118 nomen,

436 5156 654 5218 Eloim;
687 5154 927 5215 tertium,
963 5150 1092 5204 Eloe
1113 5164 1131 5200 :
1181 5149 1324 5218 quod
1354 5156 1642 5216 utrumque
1684 5147 1737 5200 in
1766 5144 2015 5199 Latinum

436 5244 579 5298 Deus
607 5244 825 5298 dicitur.
867 5240 1019 5306 Quod
1047 5254 1242 5294 nomen
1273 5239 1327 5293 in
1361 5237 1609 5291 Latinum
1631 5244 1803 5290 estex
1827 5235 2013 5289 Graeca

432 5333 796 5405 appellatione
855 5330 1213 5385 translatum:
1268 5344 1391 5383 nam
1440 5328 1581 5381 Deus
1629 5326 1816 5381 Graece
1864 5326 2016 5381 tbcos

433 5421 647 5495 [Forte,
667 5420 800 5495 δίας]
827 5421 979 5477 l'cbor
1003 5418 1201 5494 [ᾠϐρς]
1231 5419 1448 5483 dicitur,
1477 5419 1632 5472 idest
1656 5417 1835 5471 timor.
1863 5416 2017 5471 Unde

434 5525 672 5573 tractum
713 5526 794 5572 est
842 5531 1038 5570 nomen
1093 5513 1209 5575 Dei,
1255 5510 1398 5581 quod
1443 5524 1566 5564 eum
1612 5507 1909 5563 colentibus
1946 5508 2020 5560 sit

433 5608 620 5663 titnor.
689 5608 826 5662 Deus
875 5613 1059 5661 autem
1092 5601 1308 5673 proprie
1354 5614 1549 5656 nomen
1578 5607 1662 5654 est
1711 5596 2017 5656 Trinitatis.

2045 4515 2094 4573 D
2120 4511 2395 4580 pertinens
2437 4511 2502 4563 ad
2551 4508 2782 4573 Patrem,
2831 4516 2886 4562 et
2912 4503 3125 4571 Filium,
3172 4516 3227 4561 ct
3270 4506 3531 4576 Spiritum
3565 4518 3694 4564 san-

2120 4612 2285 4655 ctum.
2333 4602 2414 4654 Ad
2462 4615 2623 4669 quam
2658 4599 2975 4653 Trinitatem
3019 4599 3181 4652 etiam
3233 4598 3459 4668 reliqua,
3489 4615 3606 4669 qua:
3633 4600 3686 4653 in

2122 4693 2231 4746 Deo
2256 4691 2394 4744 infra
2422 4698 2548 4745 sunt
2589 4689 2781 4758 posita,
2824 4689 3081 4742 vocabula
3134 4687 3459 4744 referuntur.
3515 4689 3688 4756 Quar-

2119 4791 2232 4836 tum
2260 4796 2451 4835 nomen
2482 4789 2565 4834 est
2591 4779 2854 4843 Sabaoth,
2903 4779 3045 4848 quod
3075 4782 3302 4834 vertitur
3326 4783 3376 4835 in
3414 4779 3687 4847 Latinum,

2120 4871 2438 4923 exercituum
2465 4870 2578 4921 sive
2614 4870 2881 4932 virtutum.
2937 4867 3011 4920 De
3060 4884 3165 4935 quo
3194 4869 3246 4922 in
3274 4869 3477 4937 psalmo
3506 4870 3572 4923 ab
3592 4885 3688 4924 an-

2122 4960 2253 5029 gelis
2280 4960 2478 5013 dicitur
2505 4977 2518 5010 :
2550 4958 2677 5022 Quis
2711 4969 2785 5012 est
2818 4960 2914 5011 iste
2947 4957 3055 5011 Rea:
3076 4958 3277 5026 gloritt',
3317 4958 3567 5011 Dominus
3586 4961 3689 5012 vir-

2121 5061 2289 5102 tutum
2314 5051 2341 5102 .’
2383 5047 2553 5119 (Psal.
2582 5050 2763 5115 xxut.)
2807 5048 2941 5103 Sunt
2971 5057 3146 5101 autem
3181 5048 3233 5100 in
3265 5047 3561 5115 lmjusmoli
3599 5064 3689 5101 or-

2120 5142 2390 5197 dinatione
2415 5142 2640 5196 virtutes
2665 5140 2859 5204 mulce,
2888 5147 2948 5192 ut
2974 5138 3170 5207 angeli,
3188 5137 3517 5207 archangeli,
3542 5140 3693 5208 prino

2120 5232 2329 5300 cipatus
2353 5237 2408 5282 et
2433 5236 2744 5297 potestates,
2779 5228 3062 5294 cunctique
3089 5224 3322 5279 cmlestis
3365 5225 3564 5279 militirc
3596 5242 3690 5280 or-

2122 5323 2306 5375 dines:
2347 5335 2573 5387 quorum
2607 5328 2781 5371 tamen
2810 5317 2895 5370 illc
2928 5315 3183 5369 Dominus
3207 5324 3309 5381 est,
3334 5329 3520 5371 omnes
3545 5316 3688 5370 enim

2121 5413 2220 5466 sub
2243 5412 2358 5481 ipso
2387 5417 2510 5464 sunt
2534 5408 2754 5478 ejusque
2781 5407 3073 5461 dominatui
3110 5405 3405 5473 subiacent.
3435 5404 3690 5472 Quintum

2123 5520 2316 5559 nomen
2340 5516 2424 5558 est
2458 5503 2642 5564 Elian,
2673 5501 2813 5570 quod
2841 5500 3299 5569 interpretaturin
3326 5499 3569 5552 Latinum
3587 5511 3683 5550 οπο

2117 5594 2305 5659 celsus,
2332 5595 2420 5663 qui
2447 5609 2609 5665 super
2630 5590 2793 5647 ctelos
2816 5600 2918 5656 est,
2949 5591 3085 5645 sicut
3106 5590 3361 5660 scriptum
3383 5597 3468 5644 est
3493 5588 3559 5642 de
3578 5601 3645 5641 eo
3666 5596 3688 5636 ο
