4064 6206
369 297 431 349 (ὁ

1000 293 1057 347 ll.
1096 294 1347 348 llABANl
1386 294 1600 351 ΜΛΕΙ-ὶι
1640 295 1952 349 Al‘tCl’llEP.
1997 293 2302 350 MUCUNT.
2345 293 2625 349 Ol’ERUM
2665 293 2839 346 PARS
2878 292 2937 347 ll.

3526 294 3591 355 ιδ

366 407 614 460 Iixcelstts
645 405 916 469 Dominus,
958 415 1003 458 et
1048 422 1202 475 super
1229 407 1378 462 uetas
1403 423 1570 477 gloria
1612 425 1726 478 ejus
1758 406 1926 479 (Psal.
1961 415 2004 470 Α
2033 416 2136 461 εει.
2194 408 2447 462 Aiternus
2474 418 2573 473 est,
2610 409 2736 476 quia
2764 408 2881 463 sine
2907 418 3145 477 tempore
3166 418 3277 464 est:
3328 423 3435 466 non
3461 414 3606 469 enim

362 496 514 567 exn).
569 494 825 549 Excelsus
855 503 1034 549 autem
1078 495 1254 552 dictus
1291 514 1387 568 pro
1417 499 1565 552 valde
1607 499 1801 554 celsus.
1851 499 1936 553 Ex
2035 499 2199 554 habet
2228 499 2438 553 initium
2467 513 2641 568 neque
2670 498 2849 554 linem.
2895 498 3029 554 Hinc
3050 506 3106 553 et
3130 501 3514 570 sempiternus,
3541 520 3609 559 eo

362 585 504 638 enim
547 597 647 653 pro
680 581 826 636 valde
872 583 1104 653 ponitur,
1158 586 1298 640 sicut
1320 587 1557 648 eximius.
1590 588 1744 657 quasi
1788 588 1935 642 ualde
2034 588 2179 659 quod
2243 589 2314 643 sit
2357 601 2569 657 semper
2627 596 2880 643 aeternus.
2946 587 2992 642 Δ
3054 589 3372 658 quibusdam
3426 600 3606 647 autem

361 674 605 730 emimus.
636 670 881 739 Sextum,
923 671 1051 738 hic,
1080 674 1132 727 id
1160 682 1244 728 est
1269 676 1356 744 qui
1382 684 1477 729 est.
1508 678 1650 732 Deus
1673 677 1818 731 enim
1848 692 1935 732 so-
2034 686 2269 732 asternus
2295 677 2364 731 ab
2388 679 2587 732 :ethere
2620 677 2860 732 creditur
2881 677 3057 733 dictus
3077 718 3091 742 ,
3119 680 3388 747 quomodo
3412 680 3607 735 cadum

363 765 465 829 ius,
497 763 622 834 quia
663 773 898 819 aeternus
920 772 1022 829 est,
1074 765 1177 820 hoc
1202 774 1304 830 est,
1343 768 1469 836 quia
1500 767 1776 823 exordium
1823 784 1932 823 non

2037 768 2195 822 sedes
2217 766 2331 834 ejus
2353 768 2595 822 habetur.
2644 766 2795 823 Unde
2817 774 2903 821 est
2928 767 3088 822 illud:
3140 767 3339 823 Caelum
3365 769 3609 823 cali-Do-

363 857 543 922 babct,
588 855 832 910 essentia:
874 870 1068 910 nomen
1117 863 1278 910 tenet.
1334 856 1445 911 lloc
1470 859 1613 913 enim
1647 875 1837 914 nomen
1863 860 1930 914 ad
2031 858 2171 911 mino
2198 855 2368 928 (Psal.
2415 855 2587 926 cxxn).
2639 857 2707 911 Et
2733 856 2849 911 haec
2872 856 2975 911 ista
2998 865 3229 926 quatuor
3250 873 3415 912 unum
3444 858 3607 930 signi-

361 958 601 1004 sanctum
634 948 847 1018 Moysen
874 963 970 1017 per
994 948 1237 1018 angelum
1258 958 1342 1002 est
1373 950 1627 1005 delatum.
1661 951 1930 1017 Qumrenti
2030 946 2210 1001 ﬁcanl.
2240 945 2372 1000 Nam
2399 962 2503 1000 una
2542 947 2839 1016 eademque
2878 961 2966 1001 res
3011 947 3211 1002 dicitur
3246 948 3359 1002 sive
3397 949 3611 1003 dicatur

360 1040 504 1093 ειιὶιυ
532 1039 671 1107 quod
693 1045 835 1092 esset
864 1052 1059 1093 nomen
1093 1038 1209 1109 ejus
1228 1038 1321 1108 qui
1348 1053 1468 1093 eum
1494 1056 1715 1112 pergere
1744 1043 1933 1111 prazci-

359 1131 538 1200 piabat
560 1130 626 1183 ad
673 1129 922 1199 populum
956 1144 1022 1184 ex
1049 1128 1280 1201 Egypto
1324 1129 1678 1196 liberandum,
1711 1147 1930 1202 respon-

358 1225 435 1274 dit
469 1238 480 1272 :
539 1219 647 1289 Ego
675 1235 807 1280 sum,
840 1218 928 1289 qui
952 1231 1105 1271 sum:
1136 1228 1183 1271 et
1230 1219 1369 1274 dices
1406 1221 1534 1290 ﬁliis
1568 1220 1777 1276 Israel:
1824 1221 1928 1288 Qui

358 1324 453 1380 est,
496 1314 633 1366 misit
668 1329 748 1367 me
776 1312 845 1366 ad
890 1329 976 1366 eos
1021 1311 1215 1382 (Exod.
1246 1312 1366 1383 ιιι);
1425 1321 1678 1382 tanquam
1710 1312 1763 1366 in
1811 1314 1928 1383 ejus

357 1404 755 1475 comparatione
778 1403 868 1473 qui
898 1418 1022 1457 vere
1046 1411 1150 1468 est,
1193 1403 1317 1473 quia
1349 1404 1799 1459 incommutabilis
1823 1413 1926 1470 est,

355 1512 418 1549 ea
446 1510 562 1564 quae
586 1494 983 1549 commutabilia
1002 1502 1126 1549 sunt
1152 1494 1301 1564 quasi
1326 1509 1431 1548 non
1455 1494 1580 1549 sint.
1610 1494 1766 1562 Quod
1782 1495 1924 1550 enim

354 1587 569 1651 dicitur,
608 1586 732 1655 fuit,
760 1600 865 1639 non
886 1595 967 1639 est
991 1601 1007 1650 ;
1044 1593 1099 1639 et
1133 1584 1275 1654 quod
1296 1584 1513 1650 dicitur,
1541 1585 1660 1650 erit,
1690 1586 1925 1640 nondum

353 1687 454 1733 cst.
507 1677 647 1731 Deus
673 1685 853 1732 autem
896 1685 1102 1730 tantum
1135 1692 1245 1730 esse
1285 1677 1475 1730 novit:
1512 1676 1673 1741 fuisse
1700 1687 1753 1731 et
1781 1678 1925 1746 futu-

354 1786 471 1823 rum
500 1784 608 1823 esse
634 1782 741 1822 non
768 1767 935 1822 novit.
966 1766 1129 1821 Solus
1148 1774 1328 1820 autem
1354 1766 1514 1819 Pater
1542 1783 1661 1820 Clllll
1691 1766 1826 1821 Filio
1868 1775 1925 1822 et

352 1855 557 1924 Spiritu
592 1861 778 1908 sancto
814 1852 1079 1907 veraciter
1120 1862 1238 1905 est:
1291 1851 1444 1920 cujus
1486 1852 1735 1906 essentia:
1780 1867 1926 1906 com-

349 1954 595 2017 paratum
616 1957 734 1999 esse
758 1951 1001 1998 nostrum
1042 1958 1144 1996 non
1168 1957 1286 1996 esse
1312 1952 1414 1995 est.
1448 1940 1599 1997 Unde
1637 1951 1694 1996 et
1740 1942 1792 1997 in
1815 1942 1925 1997 col-

349 2034 529 2103 loquio
551 2032 813 2088 dicimus:
854 2030 987 2085 Vivit
1016 2030 1172 2096 Deus,
1207 2031 1299 2101 qui
1321 2032 1554 2086 essentia
1591 2033 1723 2087 vivit
1759 2048 1921 2102 quam

349 2140 495 2179 mors
516 2139 621 2177 non
646 2123 824 2177 habet.
870 2120 1191 2190 Septimum,
1228 2121 1465 2186 Adonai,
1487 2123 1627 2191 quod
1658 2123 1925 2193 generali-

347 2227 428 2269 ter
448 2215 848 2283 interpretatur,
883 2210 1134 2265 Dominus
1160 2228 1177 2264 :
1206 2226 1311 2281 quo
1337 2211 1641 2265 dominetur
1660 2224 1923 2269 creatura:

344 2316 572 2370 cunctae,
609 2303 695 2358 vel
725 2303 866 2372 quod
897 2310 1142 2356 creatura
1169 2302 1347 2358 omnis
1370 2302 1667 2357 dominatui
1691 2304 1808 2373 ejus
1831 2307 1923 2359 de-

342 2400 564 2455 serviat.
615 2401 875 2456 Dominus
914 2415 1041 2469 ergo
1076 2407 1131 2454 et
1164 2399 1301 2453 Deus
1328 2398 1411 2452 vel
1450 2399 1591 2467 quod
1617 2400 1923 2455 dominetur

343 2491 614 2556 tlilllllbus,
644 2490 729 2546 vel
755 2491 895 2559 quod
921 2490 1172 2544 timeatur
1195 2505 1225 2542 a
1251 2491 1478 2543 cunctis.
1531 2490 1814 2554 Octavum,
1843 2494 1918 2556 ia,

342 2582 486 2650 quod
509 2581 564 2634 in
592 2581 702 2636 Deo
729 2589 934 2634 tantum
964 2579 1219 2650 ponitur:
1269 2580 1412 2648 quod
1435 2580 1600 2633 etiam
1624 2581 1677 2634 in
1705 2580 1918 2635 alleluia

344 2673 398 2726 in
437 2672 732 2727 novissima
771 2671 973 2742 syllaba
1005 2679 1180 2726 sonat.
1220 2670 1471 2735 Nonum,
1523 2682 1920 2743 tctmgramma-

341 2773 451 2825 ton,
502 2762 606 2816 hoc
630 2769 712 2815 est
737 2770 964 2831 quatuor
994 2759 1309 2826 litterarum,
1355 2762 1498 2831 quod
1536 2763 1753 2832 proprie
1777 2762 1917 2833 apud

345 2851 602 2904 llcbt'mos
651 2850 706 2904 in
747 2850 855 2904 Deo
895 2850 1112 2920 ponitur
1142 2868 1161 2904 :
1190 2850 1298 2916 iod,
1348 2851 1430 2916 Ite,
1461 2868 1582 2916 mu,
1619 2854 1704 2917 Iw,
1758 2852 1809 2905 id
1835 2860 1919 2907 est

1952 1738 1997 1797 Β

2026 1046 2261 1091 :eternus
2291 1036 2453 1102 Dens,
2487 1038 2602 1092 sive
2633 1036 2973 1102 immortalis,
3007 1037 3120 1091 sive
3163 1037 3606 1107 incorruptibilis,

2027 1127 2141 1183 sive
2175 1128 2545 1183 immutabilis.
2574 1127 2712 1182 Nam
2741 1128 3025 1183 invisibilis
3069 1130 3210 1185 Deus
3235 1130 3454 1195 dicitur,
3481 1131 3605 1199 quia

2027 1234 2298 1288 nunquam
2326 1233 2423 1287 per
2450 1219 2804 1275 substantiam
2828 1235 2979 1274 suam
3000 1222 3248 1291 apparuit
3270 1221 3439 1277 oculis
3468 1237 3608 1277 mor-

2026 1310 2211 1365 talium
2239 1311 2497 1377 Trinitas,
2521 1311 2625 1367 nisi
2653 1327 2751 1383 per
2777 1313 3009 1383 speciem
3038 1311 3292 1381 subjectae
3323 1322 3604 1381 creaturae,
3628 1327 3639 1343 '

2024 1399 2368 1470 ejusdemque
2394 1416 2685 1471 corporeae.
2718 1400 2853 1455 Nam
2894 1417 3050 1457 nemo
3087 1410 3266 1472 potest
3291 1404 3460 1473 ipsam
3492 1419 3605 1458 ma-
3678 1461 3685 1467 ,

2026 1487 2420 1545 nifcstationem
2445 1492 2689 1546 essentiae
2714 1491 2808 1546 Dei
2833 1492 3016 1547 videre
3041 1499 3098 1546 et
3131 1492 3335 1557 vivere,
3365 1494 3508 1548 sicut
3543 1505 3603 1550 et

2024 1578 2225 1632 dictum
2278 1588 2361 1634 est
2412 1578 2599 1650 Moysi.
2634 1579 2787 1636 Unde
2833 1590 2889 1636 et
2940 1580 3198 1636 Dominus
3227 1582 3280 1635 in
3317 1582 3608 1651 Evangelia

2024 1668 2138 1723 ait:
2171 1668 2339 1723 Deum
2378 1686 2526 1725 nemo
2574 1670 2700 1725 cidit
2730 1688 2958 1742 unquam
3005 1670 3273 1743 (lactus).
3322 1672 3605 1729 Invisibilis

2023 1763 2166 1818 enim
2196 1778 2293 1819 res
2308 1772 2412 1831 est,
2443 1765 2671 1836 ideoque
2696 1782 2802 1822 non
2830 1767 3004 1832 oculo,
3038 1767 3133 1821 sed
3162 1768 3321 1822 corde
3360 1784 3606 1838 quaaren-

2025 1853 2124 1907 dus
2160 1861 2263 1908 est.
2306 1854 2677 1925 lmpassibilis,
2723 1858 2864 1927 quod
2912 1857 3070 1911 nullis
3115 1860 3608 1927 perturbationibus

2022 1940 2273 2008 allicitur,
2309 1943 2505 2012 quibus
2553 1943 2814 2015 fragilitas
2862 1946 3091 2001 humana
3126 1949 3443 2003 succumbit.
3490 1949 3604 2004 Non

2022 2033 2170 2085 enim
2209 2033 2479 2104 attingunt
2504 2050 2627 2089 eum
2680 2035 2801 2090 ulla:
2852 2037 3147 2106 passiones,
3176 2046 3237 2091 ιιι
3281 2037 3463 2102 libido,
3497 2040 3605 2092 im-

2021 2121 2241 2186 cundia,
2269 2124 2553 2191 cupiditas,
2584 2125 2765 2189 timor,
2815 2140 3035 2191 maeror,
3068 2127 3285 2191 invidia,
3327 2138 3459 2193 cte.,
3481 2131 3605 2199 qni-

2021 2210 2121 2264 bus
2155 2226 2308 2268 mens
2335 2213 2567 2267 humana
2599 2214 2863 2269 turbatur.
2915 2214 3022 2270 Sed
3070 2233 3192 2273 cum
3244 2218 3439 2274 dicitur
3467 2220 3608 2275 Deus

2021 2302 2208 2365 irasci,
2237 2313 2329 2357 aut
2363 2303 2560 2366 uelare,
2618 2312 2711 2358 aut
2760 2305 2960 2369 dolere,
3010 2317 3194 2362 nostro
3253 2324 3352 2363 usu
3385 2310 3603 2363 dicitur.

2017 2392 2172 2462 Apud
2204 2392 2369 2448 Deum
2399 2395 2542 2449 enim
2566 2404 2649 2450 est
2674 2397 3009 2465 perturbatio
3056 2398 3219 2464 nulla,
3260 2400 3400 2469 apud
3444 2416 3603 2469 qucm

2019 2483 2383 2552 tranquillitas
2399 2500 2605 2540 summa
2626 2494 2727 2541 est.
2758 2486 2999 2557 Simplex.
3024 2498 3201 2543 autem
3231 2490 3446 2555 dicitur,
3487 2493 3604 2547 sive

2019 2588 2123 2625 non
2157 2575 2450 2630 amittendo
2475 2577 2615 2645 quod
2643 2577 2823 2643 habet,
2873 2593 2968 2633 seu
3018 2581 3142 2650 quia
3181 2596 3286 2635 non
3336 2583 3481 2637 aliud
3510 2592 3595 2638 est

2018 2662 2149 2731 ipse,
2181 2674 2236 2719 ct
2269 2665 2412 2720 aliud
2435 2666 2577 2735 quod
2604 2667 2658 2722 in
2682 2668 2798 2737 ipso
2824 2678 2905 2723 est
2933 2689 2951 2722 ι
2975 2670 3113 2724 sicut
3142 2671 3194 2724 in
3226 2672 3463 2736 homine,
3505 2689 3605 2727 cu-

2011 2748 2102 2818 jus
2124 2755 2265 2810 aliud
2295 2766 2377 2811 est
2423 2774 2554 2823 esse,
2583 2768 2640 2813 et
2665 2759 2806 2816 aliud
2839 2778 3061 2831 sapere;
3089 2778 3214 2817 nam
3266 2773 3321 2818 et
3347 2780 3466 2821 esse
3508 2782 3610 2836 po-

2017 2853 2140 2907 test,
2170 2857 2223 2900 et
2249 2849 2462 2917 sapiens
2489 2864 2592 2903 non
2618 2865 2759 2905 esse.
2806 2851 2948 2906 Deus
2994 2852 3153 2909 habet
3175 2856 3487 2921 essentiam,
3516 2858 3604 2912 ha-

340 2940 549 2997 duabus
575 2941 624 2995 ia
652 2959 664 2995 :
698 2957 815 3011 quae
860 2941 1126 3012 duplicata
1151 2941 1421 2997 ineffabile
1454 2942 1581 2998 illud
1621 2950 1677 2998 et
1720 2943 1918 3014 glorio-
2016 2935 2107 2988 he!
2130 2944 2183 2989 el
2207 2937 2565 3005 sapientiam:
2599 2941 2692 2993 scd
2720 2942 2867 3010 quod
2891 2941 3074 3008 habet,
3110 2943 3213 2998 hoc
3239 2952 3361 3012 est;
3410 2956 3465 3001 et
3488 2962 3604 3001 om-

339 3046 457 3085 sum
487 3047 680 3086 nomen
716 3031 812 3107 Dei
842 3030 1095 3086 alliciunt.
1150 3030 1359 3086 Dicitur
1386 3044 1564 3086 autem
1609 3032 1910 3103 ine/fabilis,

340 3138 443 3175 non
473 3122 607 3191 quia
650 3122 753 3177 dici
807 3136 913 3176 non
946 3128 1137 3190 potest,
1199 3123 1291 3176 sed
1323 3123 1447 3192 quia
1490 3123 1632 3177 ﬁniri
1662 3139 1823 3179 sensu
1859 3132 1914 3178 et

338 3211 611 3267 intellectu
638 3212 874 3267 humano
901 3211 1205 3266 nullaenus
1228 3221 1405 3281 potest
1432 3230 1445 3266 :
1476 3222 1533 3267 et
1552 3214 1674 3269 ideo
1697 3215 1823 3284 quia
1848 3216 1916 3270 de

336 3317 401 3354 eo
427 3302 557 3356 nihil
585 3303 741 3373 digne
769 3302 871 3356 dici
902 3311 1095 3371 potest,
1143 3301 1422 3357 inelfabilis
1468 3313 1569 3358 est.
1602 3304 1874 3360 Decimum
1896 3346 1911 3371 ,

338 3391 559 3456 Saddai,
590 3393 642 3447 id
678 3401 781 3456 est,
829 3393 1167 3462 omnipotens.
1213 3390 1445 3448 Vocatur
1466 3402 1646 3448 autem
1667 3395 1913 3465 omnipo-

339 3491 456 3537 tens
484 3497 550 3536 eo
572 3482 715 3552 quod
738 3482 916 3536 omnia
942 3490 1155 3552 potest;
1208 3482 1305 3538 scd
1331 3491 1387 3537 et
1410 3499 1439 3536 a
1483 3483 1729 3539 faciendo
1764 3485 1911 3554 quod

340 3572 466 3637 vult,
501 3588 609 3626 non
639 3588 668 3626 a
691 3573 940 3643 patiendo
964 3572 1106 3642 quod
1149 3588 1256 3627 non
1291 3572 1421 3626 vult.
1475 3572 1628 3640 Quod
1653 3574 1698 3627 si
1734 3574 1782 3629 ei
1819 3590 1913 3628 ac—

336 3664 573 3727 cmlcret,
605 3678 943 3733 nequaquam
967 3665 1306 3732 omnipotens
1347 3672 1508 3718 esset.
1561 3662 1713 3718 Facit
1757 3664 1902 3718 enim

337 3756 477 3821 quod
528 3754 658 3819 vult,
708 3762 763 3810 et
812 3753 935 3807 inde
962 3752 1319 3823 omnipotens.
1370 3753 1501 3807 item
1549 3755 1910 3823 omnipotens,

336 3847 477 3915 quod
515 3845 682 3915 ipsius
705 3852 829 3899 sunt
849 3845 1027 3899 omnia
1057 3861 1177 3914 quae
1197 3843 1392 3913 ubique
1413 3852 1555 3897 sunt.
1589 3841 1746 3899 Solus
1768 3844 1910 3898 enim

338 3940 504 3994 totius
557 3938 742 3992 mundi
789 3937 953 3992 habet
988 3937 1290 4006 imperium.
1346 3934 1608 3989 Dicuntur
1646 3944 1823 3989 autem
1857 3945 1910 3990 et

336 4031 439 4083 alia
464 4030 704 4100 qumdam
731 4028 784 4083 in
812 4028 976 4082 Deum
1003 4026 1431 4083 substantialitcr
1458 4026 1697 4091 nomina,
1727 4035 1788 4080 ut
1808 4027 1909 4081 im-

338 4120 599 4185 mortalis,
645 4117 1085 4189 incorruptibilis,
1143 4116 1620 4182 incommutabilis,
1670 4126 1726 4171 et
1752 4125 1909 4173 aeter-

338 4227 455 4265 nus.
509 4209 660 4265 Unde
708 4218 762 4265 et
795 4210 992 4265 merito
1033 4217 1240 4265 cuncta:
1270 4208 1597 4278 praeponitur
1625 4216 1904 4264 creatum.

336 4300 677 4365 immortalis,
710 4302 849 4354 sicut
876 4300 943 4354 de
966 4315 1031 4354 eo
1060 4300 1318 4369 scriptum
1349 4307 1431 4354 est
1457 4317 1473 4352 :
1515 4297 1618 4365 Qui
1647 4298 1789 4354 solus
1811 4300 1907 4353 ha-

333 4394 411 4445 bet
439 4391 880 4445 immortalitatem
912 4389 964 4461 (l
1011 4389 1144 4443 Tim.
1188 4390 1260 4460 vi)
1286 4406 1300 4454 ;
1332 4390 1457 4459 quia
1486 4389 1538 4443 in
1564 4388 1679 4458 ejus
1710 4398 1903 4444 natura

336 4480 477 4534 milia
514 4489 597 4533 est
617 4480 984 4534 commutatio.
1037 4477 1170 4532 Nam
1194 4478 1371 4532 omnis
1417 4479 1751 4534 mutabilitas
1796 4496 1901 4535 non

336 4569 772 4625 inconvenienter
806 4565 1106 4621 mortalitas
1156 4565 1354 4621 dicitur
1383 4585 1396 4620 :
1447 4568 1739 4622 secundum
1765 4569 1908 4637 quod

331 4670 387 4713 et
414 4660 592 4714 anima
620 4657 820 4713 dicitur
848 4658 1005 4723 mori,
1035 4672 1140 4712 non
1167 4657 1292 4727 quia
1319 4656 1373 4711 in
1401 4671 1594 4728 corpus
1623 4657 1707 4713 vel
1733 4659 1786 4712 in
1816 4659 1910 4713 ali-

334 4765 495 4819 quam
529 4747 752 4804 alteram
798 4746 1152 4802 substantiam
1198 4753 1437 4801 mutatur
1464 4755 1520 4800 et
1542 4747 1785 4811 vertitur,
1813 4748 1908 4803 sed

336 4840 389 4894 in
417 4854 535 4910 ipsa
563 4854 658 4893 sua
688 4836 1011 4903 substantia,
1036 4835 1297 4906 quidquid
1325 4834 1430 4890 alio
1454 4834 1615 4891 modo
1662 4851 1804 4890 nunc
1825 4845 1911 4890 est

330 4940 423 4983 aut
448 4928 550 4984 fuit
596 4927 888 4984 secundum
934 4926 987 4981 id
1015 4926 1158 4996 quod
1188 4925 1395 4981 destitit
1437 4941 1580 4992 esse,
1619 4928 1760 4996 quod
1785 4938 1905 4981 erat

332 5020 572 5075 mortalis
596 5019 783 5089 utique
805 5017 1242 5087 deprehenditur.
1286 5016 1366 5073 Ac
1390 5032 1488 5088 per
1518 5019 1621 5074 hoc
1645 5018 1788 5074 Deus
1815 5035 1901 5075 so-

327 5114 410 5168 lus
436 5113 635 5169 dicitur
656 5111 994 5178 immortalis,
1021 5111 1146 5182 quia
1178 5110 1324 5166 solus
1353 5112 1804 5168 incommutabilis
1828 5114 1904 5167 in-

329 5202 803 5273 corruptibilisque
833 5202 1149 5274 appellatur,
1174 5202 1298 5271 quia
1325 5203 1592 5273 corrumpi
1607 5211 1661 5258 et
1681 5202 1898 5258 dissolvi

327 5309 435 5347 non
463 5301 642 5364 potest
679 5308 780 5348 nec
804 5293 987 5347 dividi.
1035 5292 1303 5362 Quidquid
1328 5294 1469 5348 enim
1509 5295 1654 5363 capit
1685 5295 1903 5350 divisio-

331 5400 452 5440 nem
485 5394 539 5441 ct
574 5386 849 5441 interitum
881 5385 1041 5455 capit.
1089 5384 1180 5439 Ille
1227 5400 1328 5440 nec
1354 5385 1518 5441 dividi
1548 5395 1754 5456 potest,
1799 5403 1899 5443 nec

326 5475 591 5531 interire:
643 5476 767 5531 inde
821 5476 1242 5547 inorruptibilis
1289 5484 1388 5533 est.
1443 5477 1898 5533 lncommutabilis

322 5575 425 5628 est,
476 5565 601 5635 quia
644 5580 859 5629 semper
879 5574 1059 5621 manet
1092 5574 1147 5620 et
1174 5568 1374 5623 mutari
1406 5567 1613 5621 nescit:
1644 5581 1742 5621 nec
1777 5583 1899 5636 pcr-

326 5655 451 5719 ticit,
506 5656 628 5725 quia
655 5654 926 5728 perfectus
946 5666 1061 5721 est;
1104 5674 1206 5713 nec
1255 5658 1470 5726 delicit,
1514 5657 1636 5728 quia
1664 5668 1897 5716 :etcrnus

1931 4441 1983 4499 D

2016 3026 2103 3078 nia
2141 3043 2296 3093 unus,
2343 3044 2407 3083 ac
2453 3031 2675 3099 proinde
2713 3031 2940 3102 simplex
2985 3042 3086 3100 εει,
3126 3036 3258 3105 quia
3296 3052 3401 3092 non
3454 3038 3508 3093 in
3536 3053 3611 3095 eor

2017 3116 2217 3185 aliquid
2244 3119 2501 3174 accedere
2528 3130 2723 3188 potest.
2761 3122 2867 3177 Sed
2896 3131 2952 3179 et
2975 3125 3118 3195 quod
3143 3134 3250 3192 est,
3272 3136 3328 3181 et
3358 3128 3500 3197 quod
3544 3129 3599 3184 in

2017 3199 2133 3274 ipso
2161 3216 2269 3271 est,
2299 3210 2803 3277 essentialitercst;
2831 3223 3061 3285 excepto
3108 3216 3249 3286 quod
3282 3217 3507 3274 relative
3535 3220 3603 3275 ad

2015 3308 2394 3364 quamcunque
2422 3313 2708 3367 personam
2753 3312 2855 3357 est.
2889 3302 3110 3358 Summe
3145 3305 3339 3372 bonus,
3369 3308 3495 3377 quia
3527 3309 3609 3363 in—

2015 3386 2411 3441 commutabilis
2439 3398 2542 3443 est.
2594 3389 2851 3446 Creatura
2900 3408 3031 3448 vero
3077 3394 3301 3460 bonum,
3351 3397 3446 3451 sed
3492 3414 3601 3454 non

2014 3488 2282 3528 summum
2319 3487 2421 3541 est,
2452 3478 2577 3546 quia
2601 3481 2872 3537 mutabilis
2896 3491 2981 3537 est
3003 3500 3019 3549 ;
3060 3492 3116 3539 et
3142 3484 3267 3539 dum
3293 3486 3364 3541 sit
3384 3486 3600 3556 quidem

2012 3562 2239 3630 bonum,
2265 3580 2370 3620 non
2395 3575 2572 3623 tamen
2623 3584 2744 3625 esse
2766 3580 2941 3640 potest
2964 3582 3020 3628 et
3070 3588 3361 3629 summum.
3421 3575 3600 3631 incor-

2011 3668 2207 3723 poreus
2237 3664 2413 3711 autem
2449 3658 2533 3711 vel
2564 3658 2929 3730 incorporalis
2964 3662 3086 3718 ideo
3112 3663 3312 3718 dicitur
3344 3666 3507 3731 Deus,
3539 3675 3608 3719 ut

2011 3745 2232 3813 spiritus
2262 3748 2512 3803 credatur
2535 3750 2619 3802 vel
2667 3750 2997 3823 intelligatur
3024 3767 3170 3820 esse,
3205 3768 3312 3808 non
3359 3769 3594 3825 corpus:

2011 3851 2135 3890 nam
2172 3837 2299 3891 dum
2330 3839 2531 3895 dicitur
2560 3842 2805 3911 spiritus,
2837 3844 2953 3915 ejus
2980 3845 3317 3916 signiﬁcatur
3341 3847 3595 3902 substan-

2010 3928 2104 3982 tia.
2136 3928 2453 3995 lmmcnsus,
2479 3933 2623 4002 quod
2652 3943 2846 3989 cuncta
2873 3936 3183 4002 concludat,
3202 3945 3258 3992 et
3277 3937 3392 4008 ipse
3418 3952 3451 3991 a
3472 3937 3593 3992 nul-

2007 4017 2061 4072 lo
2089 4019 2455 4085 concludatur,
2484 4022 2577 4076 sed
2601 4024 2781 4077 omnia
2829 4025 2970 4079 intra
2999 4026 3115 4096 ejus
3151 4028 3592 4098 omnipotentiam

2008 4117 2369 4164 coarctentur.
2397 4109 2679 4168 Perfectus
2711 4113 2929 4182 dicitur,
2980 4116 3105 4186 quia
3145 4117 3277 4171 nihil
3322 4118 3372 4172 ei
3418 4126 3599 4188 potest

2008 4200 2190 4268 adjici.
2242 4201 2309 4255 Et
2349 4211 2529 4257 tamen
2583 4204 2650 4258 de
2702 4209 3165 4263 consummatione
3192 4207 3415 4277 alicujus
3462 4209 3590 4264 facti

2008 4293 2267 4361 perfectio
2290 4293 2491 4349 dicitur
2516 4314 2541 4349 :.
2582 4297 2723 4354 Deus
2763 4308 2963 4366 autem,
2993 4301 3084 4370 qui
3120 4318 3228 4356 non
3271 4311 3354 4357 est
3397 4302 3601 4366 factusr

2008 4391 2287 4458 quomoda
2302 4400 2384 4445 est
2408 4389 2724 4460 perfectus?
2764 4393 2858 4447 sed
2898 4393 2998 4449 hoc
3034 4394 3350 4449 vocabulum
3397 4396 3462 4451 de
3493 4413 3602 4452 usu

2011 4496 2195 4541 nostro
2252 4488 2481 4557 sumpsit
2535 4488 2774 4542 humana
2828 4488 3027 4559 inopia,
3084 4490 3224 4545 sicut
3281 4498 3337 4546 et
3387 4491 3590 4560 reliqua

2010 4581 2193 4643 verba,
2219 4589 2487 4649 quatenus
2526 4581 2580 4635 id
2616 4582 2759 4651 quod
2783 4581 3053 4639 inell'abile
3079 4593 3163 4640 est
3189 4594 3458 4656 utcunque
3485 4586 3601 4642 dici.

2009 4668 2519 4739 possit:quomodo
2568 4672 2678 4726 Deo
2730 4673 2862 4727 nihil
2892 4673 3050 4745 digne
3100 4676 3367 4732 humanus
3414 4693 3603 4732 sermo

2009 4757 2165 4821 dicit,
2189 4757 2329 4813 sicut
2364 4767 2495 4813 sunt
2516 4766 2570 4813 et
2616 4759 2741 4815 alia.
2788 4760 3017 4818 Creator
3058 4764 3231 4819 dictus
3281 4780 3379 4834 pro
3423 4766 3594 4822 totius

2011 4851 2194 4905 mundi
2223 4852 2381 4905 rebus
2409 4852 2478 4907 ab
2515 4852 2632 4922 ipso
2672 4855 2912 4909 creatis:
2963 4855 3097 4910 nihil
3145 4856 3288 4909 ciiim
3342 4865 3425 4910 est
3453 4857 3592 4924 quod

2006 4954 2113 4993 non
2138 4939 2399 5009 originem
2429 4955 2461 4994 a
2484 4940 2595 4995 Deo
2629 4943 2874 4997 traxerit.
2927 4942 3046 5013 ipse
3089 4952 3146 4997 et
3169 4959 3329 5008 unus,
3358 4945 3482 5014 quia
3513 4945 3594 4998 di-

2007 5031 2115 5085 vidi
2143 5046 2248 5086 non
2278 5039 2481 5100 potest,
2504 5032 2591 5087 vel
2616 5033 2743 5106 quia
2775 5033 2906 5088 nihil
2935 5034 3081 5089 aliud
3102 5049 3222 5089 esse
3247 5041 3425 5105 potest
3450 5034 3592 5103 quod

2008 5122 2342 5177 tantumdem
2386 5123 2561 5191 capiat
2610 5126 2910 5194 potestatis.
2964 5124 3087 5180 Haec
3124 5126 3305 5195 igitur,
3362 5141 3481 5196 qua:
3527 5125 3593 5180 de

2009 5215 2119 5269 Deo
2138 5213 2279 5269 dicta
2307 5223 2451 5279 sunt,
2482 5217 2547 5270 ad
2594 5225 2761 5272 tutam
2801 5218 3076 5287 pertinent
3104 5218 3444 5281 Trinitatem,
3474 5232 3592 5287 pro»

2007 5313 2129 5373 pter
2157 5321 2317 5358 unam
2344 5313 2400 5359 et
2422 5317 2748 5361 cozeternam
2781 5308 3159 5373 substantiam,
3190 5308 3303 5365 sive
3324 5309 3377 5364 in
3410 5308 3590 5373 Patre,

2007 5394 2120 5448 sive
2162 5393 2214 5447 in
2260 5393 2397 5447 Filio
2424 5394 2542 5464 ejus
2569 5396 2884 5467 unigenito:
2935 5397 2989 5450 in
3041 5396 3217 5451 forma
3246 5407 3426 5451 autem
3476 5394 3588 5459 Dei,

2006 5484 2117 5538 sive
2142 5483 2193 5537 in
2222 5483 2424 5553 Spiritu
2455 5492 2664 5551 saneto,
2697 5486 2788 5556 qui
2815 5502 2956 5541 unus
3000 5497 3083 5542 cst
3113 5485 3350 5557 Spiritus
3377 5487 3472 5541 Dei
3500 5486 3594 5541 νεα

2006 5574 2125 5637 tris,
2155 5585 2212 5629 et
2260 5574 2379 5629 Filii
2419 5574 2535 5644 ejus
2560 5577 2840 5647 unigeniti.
2890 5577 3031 5632 Sunt
3073 5586 3127 5633 et
3156 5580 3401 5648 quoidam
3426 5590 3592 5631 voea-

2005 5663 2127 5718 bula
2157 5681 2221 5719 ex
2250 5681 2350 5720 usu
2396 5677 2581 5722 nostro
2609 5666 2676 5720 ad
2735 5667 2931 5737 Deum,
2977 5678 3191 5739 sumpta
3222 5669 3288 5725 dc
3331 5663 3595 5723 membris
