4064 6206
436 393 501 449 ιτ
714 370 719 377 ’
1430 398 1517 452 ns
1557 397 1903 455 umvsnso
1942 397 2000 452 LI

2102 399 2119 452 ι
2162 399 2320 457 XX“.
2357 433 2426 444 —-
2465 404 2588 460 LIB.
2633 406 2677 461 1.
3632 417 3694 470 i8

425 513 652 579 nostris,
682 513 797 568 sive
821 512 890 568 de
918 512 1299 567 inferioribus:
1339 511 1431 580 qui
1472 512 1527 566 in
1559 512 1773 581 propria
1814 521 2004 567 natura
2034 517 2085 573 Α
2109 529 2200 566 cor
2222 530 2391 569 meum
2414 518 2624 570 verbum
2646 519 2836 570 bonum
2863 518 3031 588 (Psal.
3068 521 3237 592 thv).
3264 522 3547 579 Brachium
3591 527 3691 581 Do~

427 603 721 660 invisibilis
746 609 803 658 et
827 602 1180 679 incorporeus
1204 609 1308 667 est,
1340 616 1440 670 pro
1458 598 1815 656 ellicientibus
1836 609 2013 656 tamen

423 708 718 753 causarum
770 694 826 748 in
874 692 1011 762 ipso,
1067 707 1250 748 rerum
1299 691 1509 761 species
1554 691 1919 756 ascribuntur,
1956 700 2017 745 ut

424 803 579 844 more
606 787 900 843 locutionis
950 793 1151 841 nostra:
1194 784 1409 839 facilius
1458 783 1692 854 seipsum
1733 784 2012 839 insinuet:

424 889 487 931 ut
524 878 653 947 quia
709 876 894 932 omnia
941 875 1111 940 videt,
1159 873 1369 929 dicatur
1419 873 1644 939 oculus;
1686 882 1743 928 et
1795 882 2016 942 propter

423 969 570 1040 quod
597 968 750 1023 audit
771 967 976 1030 omnia,
1009 965 1221 1020 dicatur
1240 965 1389 1041 auris
1418 981 1433 1029 ;
1460 978 1557 1033 pro
1580 978 1645 1019 eo
1670 972 1850 1018 autem
1871 962 2015 1032 quod

425 1057 715 1123 avertitur,
753 1055 1042 1111 ambulat:
1096 1069 1195 1125 pro
1242 1069 1308 1108 eo
1352 1054 1496 1123 quod
1539 1061 1838 1123 exspectat,
1883 1062 2008 1107 stat.

424 1149 520 1209 Sic
548 1150 605 1204 in
627 1151 839 1204 caeteris
866 1148 1060 1201 horum
1089 1144 1356 1201 similibus
1382 1145 1448 1198 ab
1473 1144 1723 1198 humanis
1742 1142 2011 1198 mentibus

424 1240 663 1295 trahitur
690 1237 988 1293 similitudo
1020 1235 1089 1291 ad
1116 1235 1308 1299 Deum,
1336 1235 1476 1289 sicut
1499 1243 1583 1288 est
1613 1232 1936 1287 oblivisccns
1955 1242 2010 1286 et

422 1343 754 1385 memorans.
803 1327 942 1381 liinc
983 1334 1067 1380 est
1108 1326 1251 1394 quod
1294 1324 1559 1394 propheta
1587 1323 1751 1377 dicit:
1799 1321 2008 1374 λιιι·αυίι

422 1419 682 1473 Dominus
721 1415 1041 1472 exercituum
1082 1431 1174 1484 per
1216 1414 1446 1468 animam
1479 1427 1629 1466 suam
1670 1409 1803 1481 (lsa.
1850 1409 2002 1480 xw);

420 1526 529 1565 non
554 1509 700 1581 quod
723 1509 866 1563 Deus
890 1507 1123 1561 animam
1147 1505 1361 1570 habeat,
1386 1504 1480 1559 sed
1507 1503 1649 1572 quod
1670 1511 1856 1556 nostro
1885 1515 2007 1554 nar-

422 1608 509 1655 rat
529 1598 750 1654 allecto.
788 1595 927 1651 Nam
962 1605 1015 1651 ct
1044 1594 1213 1650 facies
1255 1595 1351 1650 Dei
1387 1594 1438 1647 in
1481 1592 1776 1662 Scripturis
1802 1591 2006 1646 sanctis

419 1708 529 1747 non
562 1705 713 1753 caro,
737 1689 833 1744 sed
857 1688 1038 1743 divina
1067 1686 1301 1757 cognitio
1332 1684 1667 1754 intelligitur,
1701 1683 1887 1738 eadem
1910 1697 2003 1736 ra-

421 1785 568 1838 tione
590 1798 698 1852 qua
728 1796 825 1851 per
853 1779 1045 1835 faciem
1090 1787 1432 1848 conspectam
1463 1776 1691 1845 quisque
1719 1774 1999 1845 cognosci—

2121 604 2270 668 mini,
2303 604 2490 669 Filius,
2540 620 2638 675 per
2683 620 2843 676 quem
2884 609 3064 662 omnia
3102 620 3356 681 operatus
3400 624 3503 681 est,
3546 624 3605 669 ut
3638 617 3693 671 in

2116 695 2377 763 propheta
2408 695 2581 750 ls..ia:
2638 695 2705 748 Et
2743 696 3013 750 brachium
3043 698 3257 754 Domini
3301 703 3386 756 cui
3413 703 3694 761 revelatam

2115 793 2188 836 cst
2224 783 2358 853 (lsa.
2389 784 2529 854 un).
2576 785 2773 839 Dextra
2813 786 2933 851 Dei,
2960 787 3014 842 id
3056 796 3139 843 est
3168 788 3351 853 Filius,
3385 800 3444 847 nt
3476 793 3530 848 in
3559 794 3699 865 psal-

2117 885 2241 924 mo:
2301 871 2525 925 Dextera
2576 873 2786 927 Domini
2839 876 2960 943 fecit
3011 878 3248 931 virtutem
3306 877 3477 950 (Psal.
3504 885 3691 947 cxvii).

2113 959 2245 1015 Item
2270 961 2486 1017 dextera
2512 963 2744 1030 Domini,
2765 963 2953 1034 gloria,
2981 966 3095 1021 sive
3113 966 3390 1024 beatitudo
3413 980 3693 1041 perpetua,

2113 1050 2251 1104 sicut
2283 1050 2337 1104 in
2368 1051 2656 1122 Evangelio
2684 1054 2749 1108 de
2775 1053 2909 1110 Filio
2936 1056 3173 1111 dicitur:
3217 1058 3372 1114 Sedet
3410 1062 3480 1115 ad
3509 1063 3691 1119 dexte-

2112 1156 2226 1194 ram
2264 1141 2358 1195 Dei
2412 1141 2606 1213 (Marc.
2644 1144 2778 1214 xw).
2809 1146 3043 1201 Rursum
3095 1149 3315 1204 dextera
3367 1150 3482 1217 Dei,
3535 1153 3691 1210 electi

2110 1247 2315 1299 omnes,
2360 1243 2419 1289 ut
2461 1235 2515 1288 in
2547 1236 3000 1293 Deutcronomio:
3040 1239 3109 1294 In
3152 1243 3365 1297 dextera
3393 1246 3508 1315 ejus
3539 1248 3691 1318 ignea

2108 1321 2193 1375 lex
2222 1322 2399 1392 (Deut.
2441 1326 2656 1396 χχχιιι).
2684 1326 2795 1380 Alae
2841 1327 3073 1395 Domini,
3103 1334 3367 1400 protectio
3404 1335 3602 1402 divina,
3635 1348 3694 1391 ut

2108 1414 2162 1467 in
2190 1413 2433 1483 psalmo:
2474 1414 2541 1469 In
2584 1418 2767 1473 umbra
2791 1418 2997 1473 alarum
3024 1431 3236 1476 tuarum
3270 1428 3485 1495 sperabo
3516 1424 3689 1497 (Psal.

2106 1506 2238 1576 ινι).
2291 1506 2533 1578 Scapula:
2561 1509 2771 1566 Domini
2814 1513 2991 1568 divina
3018 1516 3295 1585 patientia,
3344 1532 3449 1586 qua
3476 1528 3691 1589 portare

2106 1596 2359 1664 dignatur
2382 1597 2643 1665 infirmos,
2668 1609 2725 1654 ut
2753 1601 2805 1655 in
2829 1596 3280 1671 Deuteronomio;
3309 1605 3546 1677 Suscepit
3576 1625 3684 1673 eos,

2104 1696 2152 1740 et
2185 1688 2452 1757 supposuit
2482 1690 2712 1760 scapulis
2753 1693 2862 1746 suis
2913 1692 3090 1765 (Deut.
3118 1695 3311 1769 sun).
3360 1697 3548 1755 Manus
3577 1699 3683 1754 Do-

2103 1779 2259 1844 mini,
2283 1780 2461 1835 divina
2485 1783 2743 1852 operatio,
2767 1793 2826 1838 ut
2858 1785 2913 1839 in
2939 1786 3248 1856 prophetia:
3276 1788 3466 1845 Nonne
3497 1807 3686 1845 manus

420 1885 526 1930 tur.
560 1875 675 1931 Hoc
698 1875 844 1929 enim
872 1873 926 1927 in
949 1872 1193 1927 oratione
1213 1870 1408 1925 dicitur
1433 1869 1541 1924 Deo
1566 1886 1579 1922 :
1610 1866 1835 1921 Ostende
1857 1867 2001 1921 nobis
2033 1866 2076 1925 Β
2105 1888 2231 1927 mea:
2255 1872 2485 1941 fecerunt
2506 1874 2617 1928 hwc
2643 1877 2859 1931 omnia?
2876 1876 3010 1948 (Isa.
3029 1878 3197 1952 uri.)
3219 1879 3428 1952 Digitus
3449 1882 3682 1947 Domini,

420 1965 611 2027 [aciem
648 1973 795 2017 tuam
827 1959 1000 2033 (Psal.
1026 1959 1214 2032 vam)
1242 1976 1255 2025 ;
1281 1974 1345 2014 ac
1369 1958 1415 2013 si
1460 1958 1766 2012 diceretur:
1798 1956 1873 2011 Da
1903 1972 1999 2011 no-

421 2055 503 2110 bis
531 2054 894 2123 cognitionem
927 2060 1091 2106 tuam.
1126 2050 1217 2105 Sic
1255 2060 1308 2104 ct
1336 2048 1560 2118 vestigia
1596 2047 1690 2102 Dei
1722 2045 1997 2112 dicuntur,

418 2147 563 2216 quod
585 2160 728 2199 nunc
747 2143 893 2198 Deus
919 2158 1017 2213 per
1046 2141 1321 2212 speculum
1346 2139 1708 2210 cognoscitur.
1758 2137 1838 2192 Ad
1875 2153 2003 2206 pcr-

418 2236 620 2290 fectum
656 2248 789 2289 vero
817 2232 1157 2302 omnipotens
1188 2230 1514 2301 reperietur,
1551 2228 1677 2283 dum
1722 2227 1776 2281 in
1819 2226 2001 2282 futuro

416 2330 559 2386 facie
584 2329 654 2385 ad
688 2328 884 2384 faciem
927 2327 1230 2397 quibusque
1265 2325 1451 2381 electis
1479 2324 1914 2395 praesentahitur,
1943 2330 2002 2378 ut

414 2424 592 2492 ipsam
620 2420 853 2490 speciem
882 2416 1331 2488 contemplentur,
1377 2415 1532 2485 cujus
1578 2429 1724 2470 nunc
1773 2414 2000 2483 vestigia

417 2510 876 2583 comprehendere
900 2516 1186 2572 conantur,
1226 2507 1329 2562 hoc
1369 2514 1475 2572 est,
1503 2520 1663 2577 quem
1697 2504 1880 2560 videre
1904 2520 2002 2573 per

412 2604 694 2674 speculum
714 2602 988 2657 dicuntur.
1038 2599 1171 2654 Nam
1197 2606 1252 2655 et
1277 2600 1432 2663 situs,
1464 2606 1519 2654 et
1565 2597 1797 2660 habitus,
1826 2604 1880 2651 et
1923 2597 2003 2652 lo-

413 2711 536 2759 cus,
558 2702 614 2748 et
651 2701 860 2763 tempus
896 2691 951 2745 in
981 2690 1094 2745 Deo
1137 2704 1243 2744 non
1272 2689 1506 2760 proprie,
1540 2688 1635 2745 sed
1664 2702 1761 2757 per
1802 2687 1997 2742 simili-

414 2788 664 2843 tudinem
715 2783 977 2840 translate
1021 2783 1293 2839 dicuntur.
1350 2782 1551 2838 Sedere
1595 2781 1793 2851 quippe
1838 2793 2002 2849 super

419 2879 685 2935 cherubin
713 2877 932 2943 dicitur,
962 2874 1105 2945 quod
1129 2883 1211 2930 est
1251 2873 1317 2928 ad
1346 2874 1509 2930 situm
1534 2890 1551 2939 ;
1577 2880 1632 2928 et
1658 2872 1852 2943 abysso
1881 2881 2001 2926 tan-

410 2984 577 3041 quam
601 2969 922 3024 vestimento
950 2965 1204 3028 amictus,
1231 2964 1374 3035 quod
1398 2969 1481 3018 cst
1508 2962 1577 3017 ad
1603 2962 1840 3018 habitum
1865 2979 1879 3028 ;
1907 2969 1997 3016 et:

411 3062 555 3118 Anni
580 3063 657 3115 tui
704 3076 809 3114 non
852 3058 1092 3128 deﬁcient
1135 3054 1439 3127 (Psal.el);
1488 3052 1630 3125 quod
1678 3053 1746 3108 ad
1793 3059 2002 3123 tempus

411 3153 684 3224 pertinet;
710 3160 794 3204 et:
827 3149 887 3205 Si
915 3146 1198 3203 ascendere
1223 3147 1277 3199 in
1301 3144 1507 3204 caelum,
1534 3153 1593 3196 tu
1614 3141 1724 3197 illic
1748 3159 1802 3196 es
1825 3138 1996 3213 (Psal.

2103 1960 2334 2030 Spiritus
2384 1973 2623 2029 sanctus,
2669 1965 2823 2034 cujus
2866 1968 3179 2038 operatione
3228 1970 3424 2026 tabulae
3467 1970 3601 2044 legis
3627 1972 3681 2028 in

2098 2053 2285 2108 Exodo
2309 2054 2524 2124 scripta:
2573 2053 2914 2123 referuntur;
2964 2067 3021 2114 et
3065 2059 3120 2113 in
3167 2060 3497 2132 Evangelio:
3538 2060 3602 2117 Si
3628 2064 3682 2117 in

2098 2142 2262 2214 digito
2286 2142 2388 2197 Dei
2414 2143 2566 2213 ejicio
2592 2144 2871 2200 dwmonia.
2915 2149 3075 2217 Digiti
3102 2149 3334 2215 Domini,
3383 2151 3680 2221 legislator,

2101 2232 2333 2303 Moyses,
2361 2232 2475 2287 sive
2494 2234 2787 2304 propheta,
2817 2243 2877 2290 ut
2904 2236 2961 2290 in
2982 2237 3191 2307 psalmo
3215 2256 3229 2293 :
3289 2238 3480 2294 Videbo
3507 2247 3680 2304 cistas,

2100 2326 2204 2381 hoc
2233 2333 2339 2391 est,
2369 2324 2503 2396 legis
2524 2325 2693 2382 libros
2719 2335 2775 2382 et
2796 2330 3202 2399 prophetarum,
3221 2348 3377 2402 opera
3400 2333 3683 2404 digitorum

2100 2424 2311 2469 tuorum
2358 2412 2693 2489 (Psal.vut).
2724 2416 3023 2488 Sapientia,
3075 2421 3171 2475 Dei
3220 2420 3406 2485 Filius,
3456 2422 3513 2476 in
3535 2419 3682 2492 Apo-

2100 2510 2240 2565 stolo
2264 2528 2277 2563 :
2308 2506 2550 2564 Christus
2579 2509 2675 2566 Dei
2703 2513 2864 2566 virtus
2898 2522 2946 2566 et
2973 2512 3071 2567 Dei
3096 2515 3351 2584 sapientia
3373 2513 3423 2585 (Ι
3455 2514 3577 2569 Cor.
3609 2515 3678 2584 I);

2098 2610 2154 2657 et
2180 2602 2237 2656 in
2288 2600 2614 2657 Salomone:
2668 2600 2939 2672 Sapientia
2985 2602 3197 2658 Domini
3246 2604 3453 2675 attingit
3497 2620 3530 2657 a
3579 2605 3684 2672 [ine

2098 2710 2261 2765 usque
2308 2693 2377 2747 ad
2418 2693 2578 2764 ﬁnem
2626 2692 2834 2763 fortiter
2876 2692 3027 2765 (Sap.
3052 2693 3190 2768 vni).
3229 2694 3424 2751 Uterus
3449 2695 3681 2759 Domini,

2098 2793 2369 2840 secretum
2413 2784 2725 2848 divinitatis,
2772 2799 2840 2839 ex
2885 2800 2995 2854 quo
3043 2783 3234 2840 Filium
3260 2786 3501 2856 protulit,
3545 2787 3682 2841 utin

2099 2876 2305 2948 psalmo
2331 2895 2344 2931 :
2374 2876 2460 2931 Ea;
2487 2885 2636 2931 utero
2662 2886 2782 2931 ante
2803 2876 3080 2953 luciferum
3096 2879 3251 2948 genui
3276 2889 3326 2932 te
3356 2875 3529 2950 (Psal.
3548 2887 3680 2947 cxx).

2099 2966 2270 3022 Pedes
2298 2966 2531 3032 Domini,
2573 2966 2841 3022 stabilitas
2868 2967 3206 3031 aeternitatis,
3253 2976 3312 3021 ut
3343 2969 3396 3021 in
3434 2967 3681 3036 psalmo:

2100 3059 2170 3113 Et
2194 3058 2363 3129 caligo
2400 3059 2496 3113 sub
2520 3058 2736 3129 pedibus
2757 3058 2872 3128 ejus
2896 3055 3068 3128 (Psal.
3094 3058 3248 3130 ιιι-ιι).
3297 3057 3548 3114 Thronus
3578 3059 3684 3114 Do-

2100 3150 2254 3215 mini,
2285 3149 2481 3220 angeli,
2506 3149 2621 3203 sive
2644 3148 2837 3213 sancti,
2869 3148 2953 3203 vel
2980 3148 3091 3218 ipsa
3124 3149 3382 3219 regnandi
3420 3158 3683 3219 potestas,

408 3242 717 3311 cum");
748 3240 893 3309 (Ῑυοδ
940 3239 1009 3293 ad
1040 3238 1217 3292 locum
1266 3244 1467 3291 ηιίὶηθι·
1517 3233 1651 3289 Νωη
1696 3242 1750 3289 cl
1780 3233 1834 3287 in
1866 3247 1994 3302 PI‘O-
2023 3229 2067 3290 C
2100 3239 2237 3293 utin
2259 3238 2501 3310 psalmo:
2532 3238 2772 3291 Thronus
2790 3248 2934 3303 tuus,
2963 3238 3124 3302 Deus,
3149 3239 3202 3292 in
3230 3239 3477 3292 sa'culum
3500 3240 3683 3295 sa'culi

410 3335 575 3403 pheta
624 3329 849 3401 plaustri
900 3326 1169 3398 portantis
1222 3326 1404 3380 fetuum
1462 3324 1668 3395 species
1721 3324 1790 3378 ad
1834 3323 2000 3378 Deum

409 3422 659 3476 ducitur:
678 3428 734 3475 et
744 3419 861 3474 hac
870 3418 1049 3473 omnia
1066 3430 1161 3488 per
1175 3416 1400 3487 ﬁguram
1418 3416 1638 3471 dicuntu
1648 3432 1672 3469 r
1685 3415 1842 3479 Deus,
1858 3416 2002 3484 quod

410 3513 548 3568 nihil
569 3514 761 3568 horum
785 3512 855 3567 ad
874 3511 1252 3581 proprietatem
1277 3508 1595 3565 substantia:
1613 3507 1731 3578 ejus
1748 3507 1997 3576 pertinet.

485 3607 554 3661 Et
573 3606 721 3676 quia,
747 3605 889 3660 sicut
923 3603 1175 3665 diximus,
1209 3600 1451 3656 membra
1497 3601 1735 3654 humana
1764 3605 1822 3652 et
1850 3595 2005 3650 habi-

412 3710 503 3754 tus
540 3708 702 3767 atque
732 3694 957 3750 allectus
988 3692 1209 3747 humani
1262 3707 1359 3763 per
1401 3692 1630 3761 ligurem
1678 3689 1788 3743 Deo
1832 3686 1999 3741 ascri-

412 3792 637 3850 buntur,
667 3786 907 3841 breviter
929 3799 993 3837 ea
1041 3798 1162 3851 qua:
1208 3782 1274 3836 de
1318 3781 1403 3835 his
1448 3780 1648 3850 scripta
1694 3776 2005 3840 recnlimus,

411 3881 759 3933 adnotamus.
809 3875 982 3944 Caput
1030 3873 1242 3928 Domini
1274 3872 1387 3941 ipsa
1433 3869 1707 3935 divinitas,
1758 3883 1824 3923 eo
1851 3868 1993 3936 quod

410 3971 738 4043 principium
784 3977 839 4023 et
885 3975 1100 4022 creator
1144 3965 1216 4020 sit
1263 3964 1505 4020 omnium
1557 3977 1758 4017 rerum.
1810 3960 2000 4029 Capilli

408 4071 595 4116 autem
626 4058 841 4114 Domini
875 4056 1088 4111 candidi
1117 4056 1170 4109 in
1204 4053 1463 4124 propheta
1496 4051 1715 4107 Daniele
1759 4050 2003 4106 scribun-

409 4162 614 4215 tur,eo
666 4149 809 4220 quod
849 4148 1103 4215 antiquus
1146 4145 1218 4199 sit
1261 4144 1468 4200 dierum
1518 4142 1677 4215 (Dan.
1704 4141 1821 4214 vn).
1846 4139 2000 4196 Oculi

408 4246 583 4299 Deum
612 4240 874 4315 [Domini]
912 4239 1174 4310 inspectio
1196 4237 1403 4303 divina,
1433 4250 1499 4291 eo
1523 4236 1664 4306 quod
1713 4235 1894 4289 omnia
1926 4234 2001 4288 vi-

405 4338 561 4401 deat,
585 4342 648 4388 ut
672 4341 759 4388 est
777 4332 908 4387 illud
934 4331 989 4385 in
1015 4328 1272 4400 Apostolo
1298 4326 1457 4401 (Heb.
1480 4327 1556 4398 iv)
1585 4344 1598 4380 :
1647 4325 1840 4381 Omnia
1863 4324 2001 4380 enim

405 4427 557 4481 suda
603 4435 654 4479 et
702 4434 883 4494 aperta
938 4429 1060 4475 sunt
1106 4419 1272 4473 oculis
1317 4417 1453 4488 ejus.
1505 4416 1783 4488 Palpebra:
1830 4416 1998 4470 Deum

2103 3329 2274 3423 (Psal.
2333 3327 2517 3401 xuv).
2565 3326 2736 3385 Sedes
2781 3327 3016 3392 Domini,
3062 3329 3115 3382 id
3159 3338 3265 3395 est,
3318 3328 3460 3398 quod
3495 3344 3679 3400 supra,

2102 3420 2275 3492 angeli
2299 3420 2382 3475 vel
2402 3420 2593 3482 sancti,
2619 3420 2763 3488 quod
2793 3420 2844 3474 in
2876 3420 2960 3474 his
3004 3420 3260 3476 Dominus
3297 3421 3517 3487 sedeat;
3547 3430 3608 3475 ut
3631 3424 3682 3474 in
3719 3475 3728 3484 ,

2102 3511 2339 3581 psalmo:
2369 3510 2512 3565 Deus
2538 3511 2679 3565 sedet
2708 3527 2866 3580 super
2887 3511 3056 3565 sedem
3077 3521 3311 3564 sanctam
3336 3527 3486 3565 suam
3507 3508 3680 3583 (Psal.

2102 3604 2268 3675 xm).
2310 3601 2613 3657 Descensus
2653 3602 2886 3667 Domini,
2913 3602 3149 3658 visitatio
3183 3601 3297 3671 ejus
3326 3603 3393 3656 ad
3418 3603 3682 3667 homines,

2101 3693 2241 3747 sicut
2267 3692 2321 3747 in
2357 3692 2617 3748 Michaea:
2670 3692 2807 3747 Ecce
2835 3693 3094 3748 Dominus
3143 3693 3437 3764 egredietur
3463 3694 3527 3747 de
3570 3694 3683 3747 loco

2101 3799 2218 3848 suo,
2248 3792 2295 3836 et
2331 3784 2602 3838 descendet
2623 3783 2936 3839 conculcans
2963 3794 3196 3839 extrema
3222 3794 3376 3839 terrm
3403 3783 3590 3857 (Mich.
3607 3792 3680 3853 1);

2100 3873 2230 3927 item
2254 3873 2307 3926 in
2345 3872 2541 3927 malam
2572 3884 2807 3944 partem,
2834 3884 2896 3930 ut
2922 3876 2976 3930 in
2999 3874 3199 3931 Genesi
3228 3893 3241 3930 :
3271 3875 3553 3930 Descendit
3577 3876 3685 3929 Do-

2098 3969 2273 4022 minus
2303 3978 2357 4021 ut
2381 3967 2572 4021 rideret
2608 3968 2796 4020 turrim
2836 3965 2991 4038 (Gen.
3019 3966 3118 4037 xl).
3150 3965 3421 4021 Ascensus
3447 3965 3682 4023 Domini.

2099 4057 2326 4111 elevatio
2358 4057 2589 4112 hominis
2613 4056 2872 4124 assumpti
2901 4070 2931 4109 a
2957 4065 3099 4110 terra
3126 4056 3192 4109 ad
3232 4056 3421 4121 caelos,
3443 4066 3502 4109 ut
3524 4066 3608 4110 est
3632 4057 3683 4110 in

2098 4148 2304 4218 psalmo
2329 4166 2341 4201 :
2371 4148 2475 4211 Qui
2508 4148 2740 4201 ascendit
2767 4161 2923 4216 super
2957 4145 3112 4198 caelos
3135 4143 3382 4198 caelorum
3406 4144 3476 4197 ad
3513 4147 3686 4199 orien-

2098 4250 2200 4293 tem
2253 4238 2587 4310 (Psahmn
2628 4235 2670 4309 ).
2721 4236 2877 4290 Stare
2904 4236 3140 4301 Domini,
3172 4236 3432 4307 patientia
3482 4237 3678 4294 Divini-

2098 4329 2250 4395 tatis,
2284 4343 2382 4399 per
2407 4341 2567 4397 quam
2588 4335 2904 4397 peccatores
2929 4328 2995 4383 ad
3023 4327 3398 4398 paenitentiam
3430 4330 3679 4395 sustinet,

2097 4420 2238 4475 sicut
2263 4419 2318 4473 in
2342 4416 2621 4473 Habacue:
2653 4417 2805 4472 Stetit
2830 4427 2879 4471 et
2904 4435 3113 4473 mensus
3133 4429 3207 4474 est
3234 4429 3427 4475 terram
3453 4418 3683 4494 (Hahae.

406 4514 677 4593 [Domini]
717 4514 927 4570 occulta
957 4523 1014 4569 et
1054 4511 1353 4582 spiritualia
1382 4512 1437 4565 in
1478 4509 1675 4565 divinis
1714 4507 1998 4579 praeceptis
2022 4573 2073 4593 n
2101 4513 2223 4582 in);
2257 4519 2312 4565 ct
2335 4510 2388 4563 in
2417 4510 2736 4580 Evangelio:
2779 4507 2934 4564 Stetit
2963 4509 3141 4577 Iesus,
3171 4521 3220 4567 et
3253 4512 3416 4582 jussit
3460 4529 3578 4570 eum
3604 4530 3686 4569 co-

406 4573 692 4683 inysterim
720 4616 781 4661 ut
825 4614 912 4661 est
939 4606 993 4659 in
1021 4573 1263 4674 psalmo:
1310 4601 1584 4674 Palpebrn:
1630 4601 1745 4672 ejus
1774 4601 1995 4655 ἔκιε-νο-
2022 4573 2074 4632 D
2105 4573 2221 4655 cari
2252 4594 2322 4655 ad
2343 4617 2399 4654 se
2445 4573 2638 4672 (Marc.
2664 4598 2743 4671 ι),
2774 4601 2876 4655 hoc
2899 4610 3005 4668 est,
3034 4573 3564 4659 coelumITransitus
3591 4604 3689 4659 Do-

403 4712 535 4774 gant
558 4700 701 4770 ﬁlios
724 4698 992 4752 hominum
1038 4694 1206 4766 (Psal.
1234 4694 1311 4766 ι),
1350 4696 1453 4749 hoc
1482 4703 1583 4759 est,
1610 4694 1828 4764 probant
1854 4692 1992 4762 ﬁlios

403 4795 699 4847 hominum.
742 4787 1011 4844 Odoratus
1043 4786 1277 4850 Domini,
1302 4784 1588 4840 delectatio
1634 4783 1752 4853 ejus
1801 4785 1853 4838 in
1882 4798 1995 4838 mo-

403 4884 561 4938 ribus
587 4883 705 4935 sive
730 4880 987 4951 operibus
1023 4886 1356 4943 sanctorum,
1386 4886 1444 4930 ut
1475 4877 1526 4930 in
1559 4877 1753 4930 Genesi
1784 4893 1797 4928 :
1847 4872 1991 4927 Odo-

403 4984 656 5042 mtasque
683 4981 759 5025 est
792 4970 1046 5023 Dominus
1091 4968 1305 5022 odorem
1349 4967 1624 5022 suavitatis
1671 4966 1824 5039 (Gen.
1850 4966 1990 5039 vni).

401 5071 477 5121 Us
507 5065 738 5129 Domini,
769 5064 939 5118 Filius
964 5063 1082 5134 ejus
1124 5062 1206 5118 vel
1235 5077 1414 5118 sermo
1441 5062 1508 5116 a.l
1547 5061 1813 5124 homines,
1856 5068 1915 5114 ut
1941 5061 1993 5113 in

401 5157 655 5226 psalmo:
705 5155 778 5210 Os
824 5155 1035 5210 Domini
1075 5155 1305 5209 locutum
1345 5164 1420 5208 est
1458 5153 1593 5226 (Isa.
1622 5153 1661 5225 ι)
1695 5162 1793 5218 ;ει
1822 5152 1947 5208 alibi
1980 5170 1992 5204 :

402 5247 482 5302 Os
514 5246 724 5301 Domini
749 5247 818 5300 ad
866 5246 1198 5300 iracundiam
1245 5254 1649 5317 prouocauerunt
1675 5243 1890 5317 (Thr-en.
1927 5244 1991 5310 ι).

398 5337 611 5408 Lingua
641 5335 876 5401 Domini,
905 5335 1141 5406 Spiritus
1168 5336 1284 5406 ejus
1306 5344 1543 5399 sanctus,
1581 5335 1716 5389 utin
1747 5334 1990 5405 psalmo:

398 5427 612 5499 Lingua
646 5443 762 5481 mea
812 5425 1055 5481 calamus
1103 5425 1274 5499 (Psal.
1320 5428 1487 5497 κων).
1540 5426 1728 5482 Facies
1758 5424 1990 5488 Domini,

394 5522 647 5582 ostensio
690 5522 808 5591 ejus
858 5538 959 5594 per
990 5522 1186 5578 Filium
1238 5524 1355 5594 ejus
1402 5524 1469 5578 ad
1517 5523 1785 5589 homines,
1829 5531 1890 5576 ut
1940 5522 1992 5575 in

396 5617 634 5673 Exodo:
695 5613 885 5670 Facies
934 5633 1050 5671 mea
1112 5617 1367 5686 prlecedet
1424 5627 1473 5669 te
1523 5613 1719 5686 (Exod.
1755 5613 1990 5683 xxxi");

395 5723 451 5768 ct
508 5713 563 5767 in
628 5710 881 5781 psalmo:
946 5709 1134 5765 Facies
1203 5711 1414 5765 Domini
1460 5710 1657 5765 dimisit
1710 5726 1817 5765 eos.
1867 5710 1997 5765 Ver-

396 5810 527 5860 Lum
593 5800 862 5871 Domini,
925 5799 1142 5869 Filius,
1212 5812 1267 5857 ut
1316 5801 1369 5856 in
1419 5801 1666 5874 psalmo:
1723 5801 1995 5857 Eructarit

2104 4691 2471 4757 mini,,carnis
2517 4690 2835 4762 assumptio,
2883 4705 2981 4761 per
3021 4707 3183 4762 quam
3233 4695 3521 4760 nascendo,
3572 4709 3687 4749 mo-

2101 4786 2313 4851 riendo,
2345 4785 2694 4854 resurgendo,
2721 4785 2779 4838 in
2807 4783 2974 4839 caelos
2998 4786 3357 4852 ascendendo,
3400 4786 3686 4856 quemdam

2101 4876 2388 4932 transitum
2424 4876 2585 4931 fecit:
2635 4877 2688 4931 in
2734 4878 2963 4933 Cantico
2997 4878 3366 4934 canticorum:
3415 4876 3551 4932 Ecce
3590 4879 3686 4931 iste

2100 4969 2231 5023 renit
2258 4969 2451 5024 saliens
2488 4970 2545 5022 in
2568 4970 2849 5035 montibus,
2873 4971 3176 5026 transiliens
3209 4971 3365 5026 colles
3396 4969 3572 5043 (Cant.
3595 4973 3680 5042 ιι).

2097 5058 2330 5113 Gressus
2356 5058 2592 5125 Domini,
2624 5060 2889 5115 adventus
2915 5060 3001 5115 vel
3026 5061 3260 5116 visitatio
3287 5059 3420 5130 ejus.
3447 5061 3560 5118 Viae
3581 5061 3687 5117 Do-

2099 5150 2250 5217 mini,
2281 5152 2524 5222 Operatio
2548 5152 2876 5219 Divinitatis,
2899 5154 3038 5209 sicut
3069 5153 3123 5207 in
3148 5153 3246 5209 Job
3283 5168 3383 5224 pro
3425 5153 3635 5210 diabolo
3664 5173 3678 5209 :

2096 5241 2218 5313 Ipse
2238 5251 2314 5296 est
2356 5244 2671 5313 principium
2721 5244 2923 5299 viarum
2955 5243 3056 5297 Dei
3103 5243 3244 5317 (Job.
3269 5248 3358 5317 xi.)
3388 5265 3402 5314 ;
3432 5249 3561 5302 item
3583 5248 3684 5303 via:

2096 5337 2327 5403 Domini,
2355 5345 2618 5408 praecepta
2645 5337 2878 5401 Domini,
2909 5346 2969 5392 ut
2998 5339 3053 5393 in
3084 5338 3258 5395 Osee:
3299 5340 3572 5406 Quomodo
3604 5357 3685 5396 re-

2095 5439 2192 5484 ctm
2214 5428 2308 5482 vim
2344 5427 2581 5493 Domini,
2609 5440 2655 5483 et
2695 5429 2829 5499 justi
2870 5428 3137 5483 ambulant
3183 5430 3239 5483 in
3268 5430 3343 5484 eis
3375 5427 3519 5501 (Ose.
3547 5431 3681 5503 xiv).

2099 5520 2337 5591 Vcstigia
2384 5520 2618 5585 Domini,
2670 5537 2895 5591 operum
2944 5529 3275 5575 secretorum
3326 5522 3497 5594 signa,
3544 5531 3599 5577 ut
3630 5524 3682 5578 in

2096 5614 2349 5684 psalmo:
2400 5614 2469 5668 Et
2516 5615 2728 5684 vestigia
2781 5624 2873 5668 tua
2936 5629 3039 5667 non
3087 5625 3459 5686 cognoscentur
3508 5612 3680 5687 (Psal.

2098 5706 2305 5778 Lxxvt).
2355 5705 2603 5777 Cognitio
2623 5709 2626 5712 ’
2644 5704 2877 5770 Domini,
2904 5705 3044 5775 quod
3072 5714 3458 5776 cognoscentes
3481 5720 3579 5758 nos
3608 5704 3684 5757 la-

2101 5803 2202 5858 cial
2233 5821 2245 5869 ;
2277 5803 2417 5859 unde
2458 5800 2587 5858 dicit
2618 5801 2683 5855 ad
2711 5800 2985 5856 Abraham
3013 5820 3024 5854 :
3087 5797 3241 5855 Nunc
3287 5799 3500 5869 cognovi
3545 5799 3681 5867 quod
