4064 6206
379 397 446 452 19
992 396 1053 450 Β.
1093 397 1343 452 [MBAN]
1385 399 1598 454 MAURI
1637 397 1954 452 ARGIHEP.
1979 395 2303 452 MOGUNT.
2345 395 2630 452 OPEliUM
2665 393 2844 449 PARS
2881 392 2940 446 il.
3535 385 3610 441 ‘20

345 509 554 574 ,tinteas
583 507 746 562 Deum
771 507 918 578 (Gen.
945 507 1102 580 nn),
1139 509 1240 564 hoc
1263 518 1366 575 est,
1389 525 1712 580 cognoscere
1742 519 1794 565 te
1819 510 1939 565 feci.
1969 514 2018 572 Α
2046 509 2341 564 substantia
2359 508 2503 564 enim
2541 507 2626 562 vel
2653 509 2887 563 essentia
2915 504 3100 561 Graec
3119 505 3235 560 usia
3256 504 3489 570 dicitur;
3521 505 3619 558 ho-

372 597 592 658 NeSCire
613 599 801 659 Deum.
821 600 1109 670 reprobare
1130 610 1230 668 est,
1254 612 1312 656 ut
1330 603 1382 656 in
1405 602 1724 672 Evangelia:
1750 601 1942 656 Nescio

375 702 462 746 vos
505 686 717 760 (Matth.
740 691 886 754 xxv).
915 689 1238 746 Recordatio
1279 692 1514 757 Domini,
1575 690 1942 752 misericordia

369 789 511 860 eius,
541 799 639 854 per
663 801 824 854 quam
853 785 1072 855 respicit
1093 795 1148 841 et
1175 787 1460 840 miseretur
1497 786 1582 840 cui
1611 787 1759 850 vult;
1805 785 1944 840 sicut

374 871 429 930 iu
456 873 649 930 Genesi
672 891 686 928 :
739 873 1059 930 Recordatus
1081 885 1156 928 est
1181 874 1436 928 Dominus
1463 874 1579 928 Noe
1604 873 1755 943 (Gen.
1785 872 1942 944 vttt);

347 973 431 1035 ,ει
454 965 617 1022 alibi:
653 965 972 1022 [lacernatus
1020 976 1093 1023 est
1141 966 1391 1022 Dominus
1435 968 1612 1038 populi
1659 969 1741 1021 sui
1769 965 1941 1038 (Paul.

375 1056 599 1113 uxvttl.
627 1056 946 1114 Pmniteutia
988 1057 1199 1113 Domini
1243 1074 1420 1114 rerum
1450 1060 1694 1124 mutatio,
1725 1060 1862 1114 sicut
1893 1059 1944 1112 in

400 1150 516 1202 th'o
547 1147 788 1217 Regum:
841 1146 1060 1202 Pomitet
1107 1165 1188 1202 me
1239 1149 1376 1219 quod
1421 1150 1774 1202 constituerim
1815 1147 1948 1202 Soul

375 1251 543 1304 regem
575 1233 624 1305 (1
649 1233 985 1306 Reg.xv).lta
1016 1245 1070 1291 et
1112 1236 1261 1292 furor
1302 1235 1536 1301 Domini,
1575 1237 1708 1290 ultio
1755 1234 1952 1289 Divini-

377 1323 503 1379 tatis
531 1325 586 1378 in
617 1335 949 1394 peccatores,
1000 1327 1292 1382 secundum
1339 1325 1627 1381 vindictam
1679 1325 1948 1394 patientis,

375 1427 483 1466 non
519 1413 812 1470 secundum
835 1414 1142 1482 aequitatem
1164 1411 1455 1482 iudicantis
1479 1429 1494 1478 ;
1535 1422 1594 1466 ut
1622 1412 1675 1466 in
1702 1412 1904 1481 psalmo
1933 1429 1948 1464 :

379 1501 442 1557 In
471 1501 553 1556 ira
581 1519 680 1558 sua
715 1512 762 1557 et
786 1503 838 1556 in
863 1503 1044 1573 furore
1083 1521 1179 1558 suo
1204 1505 1529 1558 conturbabit
1558 1519 1644 1556 eos
1667 1500 1838 1572 (l’snl.
1868 1503 1948 1573 tt).

378 1591 623 1648 Dormire
651 1591 864 1649 Domini
891 1603 992 1660 est,
1025 1594 1150 1650 dum
1185 1595 1239 1650 in
1287 1595 1641 1664 quorumdam
1675 1593 1952 1648 hominum

375 1685 630 1740 cordibus
679 1684 810 1741 ﬁdes
834 1684 950 1755 ejus
999 1687 1220 1744 minime
1245 1687 1454 1757 vigilat,
1499 1694 1557 1740 ut
1601 1687 1654 1740 in
1697 1685 1948 1756 psalmo:

375 1773 635 1846 Exsurge,
667 1792 829 1848 quare
857 1777 1140 1842 obdormis,
1170 1777 1430 1832 Domine?
1458 1774 1630 1850 (Psal.
1657 1775 1832 1846 xuu.)
1869 1776 1954 1830 Vi-

2043 617 2184 668 mos,
2207 617 2393 656 unum.
2425 600 2722 671 Utrumque
2757 601 2902 655 enim
2924 601 3269 671 coniunctum
3307 607 3470 654 sonat
3511 613 3618 653 una

2042 691 2351 747 substantia.
2389 691 2718 762 Principium
2751 708 2820 747 eo
2845 694 2989 755 quod
3017 695 3085 744 ab
3108 692 3224 760 ipso
3247 700 3374 744 sunt
3415 691 3617 757 omnia,

2043 792 2098 836 et
2122 781 2248 850 quia
2277 791 2405 836 ante
2435 797 2561 836 eum
2588 780 2720 835 nihil
2761 788 2865 836 est.
2895 779 3068 845 Finis,
3094 779 3180 834 vel
3207 781 3333 849 quia
3366 778 3624 850 dignatus

2045 881 2128 926 est
2177 873 2228 927 in
2276 873 2379 927 line
2415 872 2732 927 saeculorum
2787 871 3061 925 humiliter
3092 871 3142 924 in
3181 886 3344 925 carne
3389 871 3540 926 nasci
3569 880 3626 925 at

2047 965 2181 1018 mori
2209 980 2223 1028 ;
2247 963 2328 1016 vel
2353 964 2476 1033 quia
2497 961 2752 1033 quidquid
2780 962 3009 1032 agimus.
3031 961 3097 1015 ad
3122 961 3269 1014 illum
3301 960 3618 1016 referimus-

2047 1064 2246 1111 etcum
2276 1055 2343 1110 ad
2390 1055 2538 1108 illum
2575 1055 2998 1124 pervenerimus.
3027 1053 3189 1116 ultra,
3236 1054 3379 1121 quod
3409 1069 3622 1123 quaera—

2049 1162 2186 1208 mus,
2214 1160 2320 1198 non
2344 1145 2619 1200 habemus.
2641 1144 2714 1199 Os
2736 1145 2832 1198 Dei
2849 1150 2954 1208 est,
2980 1158 3106 1212 quia
3136 1149 3358 1196 verbum
3387 1143 3621 1213 estcjus.

2049 1237 2182 1290 Nam
2211 1237 2350 1291 sicut
2377 1251 2473 1306 pro
2500 1236 2679 1290 verbis
2709 1251 2826 1304 quae
2868 1250 2964 1304 per
2998 1235 3233 1304 linguam
3277 1233 3432 1300 ﬁunt,
3485 1250 3628 1304 sa-pe

2049 1327 2278 1380 dicimus
2306 1325 2393 1380 illa
2433 1325 2514 1379 vel
2541 1326 2626 1380 illa
2659 1326 2878 1395 lingua:
2908 1325 2984 1378 ita
3021 1339 3120 1393 pro
3149 1323 3240 1378 Dei
3289 1325 3450 1378 verbo
3473 1324 3630 1395 poni-

2052 1425 2243 1482 tnros,
2285 1418 2411 1487 quia
2437 1433 2554 1472 tnos
2595 1426 2680 1471 est
2707 1425 2768 1470 ut
2793 1431 2888 1471 ore
2929 1417 3093 1471 verba
3139 1415 3461 1470 formentur.
3495 1415 3629 1470 Ver-

2051 1506 2176 1560 bum
2205 1515 2384 1560 autcm
2433 1506 2552 1560 ideo
2579 1507 2792 1570 dicitur,
2836 1505 2958 1574 quia
2984 1520 3080 1574 per
3101 1521 3222 1560 eum
3260 1507 3441 1560 omnia
3466 1506 3629 1562 Pater

2053 1597 2292 1653 condidit
2311 1598 2424 1652 sive
2445 1596 2644 1666 jussit;
2671 1597 2892 1661 veritas,
2915 1596 3042 1666 quia
3072 1611 3179 1649 non
3221 1593 3376 1660 fallit,
3408 1597 3502 1650 sed
3533 1597 3630 1650 tri-

2053 1691 2168 1745 buit
2187 1690 2330 1760 quod
2355 1689 2630 1759 promisit;
2655 1688 2786 1752 vita,
2809 1688 2932 1756 quia
2956 1687 3136 1740 omnia
3160 1686 3423 1752 viviﬁcat;
3450 1685 3629 1754 imago

2053 1779 2252 1834 dicitur
2282 1788 2503 1850 prepter
2533 1793 2716 1849 parem
2740 1777 3143 1832 similitudinem
3179 1776 3398 1843 Patris;
3431 1777 3626 1847 ﬁgura,

373 1866 496 1938 gilia
526 1867 757 1934 Domini,
789 1869 843 1925 in
864 1868 1158 1928 electorum
1189 1884 1407 1928 suorum
1449 1868 1690 1924 custodia
1715 1883 1811 1938 per
1830 1883 1958 1938 prae-
1991 1860 2031 1918 Β
2064 1873 2204 1942 quod
2226 1872 2523 1941 suscipiens
2545 1869 2772 1925 formam
2802 1869 2942 1924 servi
2971 1883 3070 1937 per
3107 1883 3332 1938 operum
3355 1869 3636 1923 virtutum-

374 1959 655 2014 scientiam
684 1959 993 2020 Divinitatis
1029 1975 1244 2032 semper
1279 1965 1490 2026 adesse,
1520 1971 1578 2017 ut
1621 1962 1674 2016 in
1705 1962 1908 2032 psalmo
1939 1979 1951 2014 :

379 2049 512 2106 Ecce
536 2068 640 2106 non
659 2051 958 2114 dormitabit
992 2070 1152 2124 neque
1179 2054 1464 2110 obdormiat
1496 2053 1666 2126 (Psal.
1691 2053 1836 2126 cxx).
1863 2054 1960 2109 Se-

374 2139 504 2194 dere
533 2139 842 2204 Dominum,
899 2157 1123 2214 regnare
1169 2153 1275 2209 est,
1314 2153 1375 2198 ut
1420 2145 1474 2198 in
1521 2145 1764 2214 psalmo:
1817 2145 1957 2198 Dens

373 2227 516 2282 sedet
537 2245 695 2300 super
718 2230 892 2290 sedent
913 2242 1150 2290 sanctam
1172 2249 1326 2287 suam
1349 2231 1522 2305 (Psal.
1547 2234 1715 2304 XLVI).
1748 2233 1962 2288 Scabel-

375 2321 487 2374 lum
529 2319 767 2386 Domini,
807 2323 968 2378 homo
1022 2334 1328 2394 assumptus
1376 2341 1406 2379 a
1439 2324 1636 2390 Verbo,
1660 2324 1740 2381 vel
1785 2326 1958 2380 sancti

376 2409 496 2480 ejus
523 2428 553 2466 a
580 2412 899 2481 quibusdam
931 2423 1210 2482 putantur,
1259 2425 1318 2470 ut
1351 2415 1403 2469 in
1439 2415 1688 2484 psalmo:
1731 2415 1960 2468 Adorate

375 2499 658 2556 senbellunt
693 2503 882 2574 pedum
919 2503 1054 2572 ejus,
1093 2506 1339 2575 quoniam
1379 2515 1616 2558 sanctum
1665 2515 1738 2558 est
1784 2502 1956 2573 (Psal.

381 2591 565 2662 κει-ιιι)
592 2609 606 2657 ;
632 2593 757 2647 item
789 2594 1077 2650 scutellum
1117 2603 1202 2650 est
1231 2595 1630 2651 humiliatorum
1677 2593 1956 2662 subiectio,

383 2691 442 2736 ut
470 2683 524 2736 in
552 2682 758 2753 psalmo
787 2701 800 2736 :
831 2683 1007 2744 Donec
1035 2701 1228 2754 ponam
1264 2685 1502 2739 inimicos
1533 2696 1649 2738 tuos
1675 2683 1957 2740 scabellum

377 2771 566 2842 pedum
589 2783 798 2826 tuorum
821 2771 993 2844 (Psal.
1019 2774 1151 2844 ctx).
1193 2774 1499 2832 Ambulatio
1532 2777 1762 2841 Domini,
1791 2775 1962 2831 decla-

383 2859 517 2916 ratio
538 2859 844 2917 Divinitatis
890 2863 943 2922 in
992 2866 1246 2934 operibus
1292 2866 1590 2922 electorum
1632 2883 1870 2932 suorum,
1901 2877 1960 2922 ut

383 2952 440 3004 in
466 2949 726 3020 propheta
756 2967 770 3004 :
822 2950 888 3004 Et
937 2953 1272 3008 inambulabo
1305 2957 1359 3010 in
1401 2955 1526 3020 illis,
1555 2967 1601 3011 et
1641 2973 1729 3010 ero
1751 2955 1959 3011 illorum

386 3037 638 3094 Dominus
675 3038 818 3112 (Leu.
845 3040 1015 3114 xxvi).
1051 3043 1199 3098 Tuba
1221 3045 1340 3112 Dei,
1362 3062 1465 3101 vox
1491 3045 1794 3112 ntanifesta,
1826 3056 1886 3102 ut
1907 3047 1960 3100 in

381 3131 672 3200 Apostolo:
718 3131 788 3187 In
820 3133 978 3204 jussu
1017 3145 1064 3188 et
1093 3134 1148 3190 in
1179 3153 1296 3191 voce
1319 3137 1638 3208 archangeli,
1666 3149 1712 3192 et
1751 3137 1954 3194 intuba

381 3218 480 3276 Dei
515 3221 786 3278 descendet
817 3223 880 3284 de
905 3223 1033 3285 caelo
1055 3225 1104 3297 (1
1137 3225 1314 3282 Thess.
1341 3225 1438 3299 tv).

1013 3333 1240 3391 CAPUT
1267 3336 1331 3391 ll.

963 3404 1043 3463 De
1069 3404 1212 3462 Filio
1249 3407 1368 3463 Dei.

451 3491 634 3549 Multis
657 3493 822 3554 etiam
868 3497 1043 3553 modis
1086 3496 1335 3554 Christus
1377 3499 1431 3554 in
1479 3497 1776 3570 Scripturis
1815 3501 1964 3557 inve-

383 3587 529 3641 nitur
575 3587 791 3646 divinis.
840 3588 975 3650 .Nam
1021 3591 1135 3661 ipse
1168 3591 1263 3646 Dei
1309 3590 1487 3648 Patris
1535 3593 1840 3662 unigenitus
1881 3601 1965 3650 est

383 3677 568 3743 Filius,
589 3679 680 3748 qui
709 3679 833 3737 dum
855 3689 998 3741 esset
1021 3681 1240 3751 aqualis
1285 3681 1450 3750 Patri,
1495 3694 1714 3755 propter
1735 3685 1963 3740 salutem

385 3777 622 3824 nostram
649 3768 876 3825 formam
903 3772 1045 3826 servi
1073 3773 1300 3842 accepit.
1335 3773 1566 3829 Proinde
1587 3777 1832 3845 quaedam
1858 3792 1959 3832 no-

385 3859 530 3912 mina
577 3861 634 3916 in
681 3861 772 3919 illo
803 3877 872 3918 ex
917 3863 1213 3919 divinitatis
1255 3865 1572 3932 substantia,
1623 3868 1867 3938 qumdam
1893 3883 1959 3923 ex

381 3947 780 4016 dispensatione
827 3961 1088 4022 susceptae
1133 3954 1483 4014 humanitatis
1512 3966 1784 4027 assumpta
1814 3967 1958 4012 sunt.

382 4039 632 4097 Christus
661 4060 892 4115 namque
916 4044 1102 4102 Graece
1127 4061 1157 4106 a
1187 4046 1479 4102 chrismate
1519 4049 1814 4118 appellatus
1854 4057 1958 4114 est,

384 4133 485 4188 hoc
513 4143 600 4189 est
631 4145 838 4194 unctus.
889 4135 1214 4194 Sacerdotes
1234 4152 1363 4208 ergo
1391 4148 1447 4192 et
1493 4155 1647 4208 reges
1687 4139 1826 4210 apud
1871 4138 1963 4194 Ju-

387 4222 528 4280 daeos
554 4241 707 4280 sacra
736 4227 990 4283 unctione
1014 4228 1069 4282 in
1095 4229 1273 4286 Veteri
1316 4229 1659 4289 Testamento
1686 4231 1961 4301 angeban-

393 4323 492 4382 tur,
533 4317 731 4374 etitleo
757 4317 1004 4375 Christus
1049 4329 1242 4375 unctus
1289 4321 1611 4391 appellatur,
1649 4321 1740 4392 qui
1789 4339 1878 4376 rex
1907 4331 1962 4377 et

382 4407 634 4462 sacerdos
657 4418 777 4471 est;
825 4411 914 4479 qui
956 4426 1060 4466 non
1085 4411 1202 4467 oleo
1230 4413 1514 4476 matcriali,
1547 4413 1639 4468 sed
1685 4413 1803 4469 oleo
1831 4413 1963 4470 lacti-

2055 1978 2162 2032 que
2187 1960 2587 2016 similitudinem
2619 1958 2796 2012 Patris
2835 1957 2888 2012 in
2936 1973 2997 2012 se
3035 1957 3318 2039 imaginem
3349 1966 3508 2026 atque
3533 1957 3636 2012 im-

2057 2067 2298 2106 mensam
2339 2051 2759 2122 magnitudinem
2787 2049 3122 2121 designavit;
3173 2065 3365 2104 manus
3403 2050 3498 2104 Dei
3526 2059 3630 2115 est,

2057 2144 2200 2214 quod
2233 2144 2414 2198 omnia
2442 2159 2537 2213 per
2563 2142 2736 2212 ipsum
2777 2139 2924 2196 facta
2947 2149 3090 2195 sunt.
3135 2139 3272 2196 Hine
3297 2147 3352 2194 et
3389 2141 3632 2204 dextera,

2059 2245 2276 2306 propter
2325 2233 2574 2289 effectum
2621 2231 2801 2300 operis
2845 2231 3008 2286 totius
3059 2238 3320 2286 creatura:
3364 2245 3491 2299 qua:
3538 2243 3636 2298 per

2060 2331 2234 2398 ipsum
2261 2326 2491 2381 formata
2514 2333 2634 2390 est;
2681 2323 2986 2388 brachium,
3033 2323 3176 2392 quod
3202 2322 3272 2376 ab
3305 2323 3420 2392 ipso
3455 2322 3635 2376 omnia

2059 2418 2439 2481 continentur;
2467 2416 2654 2489 virtus,
2691 2415 2832 2484 quod
2861 2428 3072 2468 omnem
3101 2411 3278 2466 Patris
3309 2420 3633 2482 potestatem

2061 2509 2113 2562 in
2160 2508 2447 2577 semetipso
2495 2505 2710 2568 habeat,
2758 2513 2814 2558 et
2860 2505 3038 2558 omnia
3081 2512 3294 2574 potest;
3342 2504 3632 2572 sapientia,

2058 2600 2200 2670 quod
2225 2600 2338 2668 ipse
2364 2597 2564 2652 revelct
2592 2597 2844 2668 mysteria
2870 2597 3105 2652 scientia:
3121 2604 3178 2651 et
3197 2611 3393 2650 arcana
3417 2596 3634 2664 sapien-

2063 2689 2186 2756 tiae;
2236 2689 2504 2760 splendor,
2563 2699 2782 2758 prepter
2829 2686 2970 2756 quod
3027 2684 3376 2748 manifestat;
3423 2683 3632 2750 lumen,

2060 2780 2184 2850 quia
2215 2779 2515 2846 illuminat;
2567 2779 2678 2844 lux,
2707 2778 2832 2848 quia
2857 2777 2925 2832 ad
2951 2777 3238 2832 veritatem
3267 2775 3638 2846 contemplam-

2060 2872 2182 2926 dam
2229 2870 2406 2927 cordis
2448 2869 2635 2925 oculos
2683 2876 2928 2933 reserat;
2981 2867 3082 2932 sol,
3130 2869 3254 2936 quia
3298 2865 3634 2930 illustrator;

2059 2965 2263 3029 oriens,
2298 2964 2423 3033 quia
2465 2961 2681 3016 luminis
2721 2961 2856 3026 fons,
2883 2968 2940 3014 et
2970 2960 3112 3029 quod
3159 2959 3292 3012 oriri
3323 2974 3423 3013 nos
3471 2956 3636 3012 facint

2060 3055 2128 3110 ad
2162 3055 2325 3109 vitam
2367 3061 2618 3108 aeternam
2645 3069 2660 3119 ;
2695 3050 2836 3116 fons,
2863 3052 2990 3121 quia
3027 3065 3206 3104 rerum
3233 3049 3386 3120 origo
3419 3057 3522 3112 est,
3553 3048 3638 3102 vel

2056 3146 2198 3218 quod
2218 3145 2380 3202 faciat
2399 3146 2662 3202 sitientes.
2693 3143 2810 3213 Ipse
2833 3157 3044 3212 quoque
3065 3165 3097 3197 α
3119 3149 3176 3196 ει
3193 3165 3253 3207 ω,
3278 3142 3402 3210 quia
3425 3141 3636 3195 initium

2065 3249 2122 3295 et
2147 3240 2286 3294 ﬁnis.
2320 3237 2636 3300 I'araclitus,
2666 3237 2718 3291 id
2752 3245 2837 3292 est
2861 3237 3169 3298 advocatus,
3213 3234 3336 3302 quia
3362 3248 3460 3304 pro
3483 3233 3641 3287 nobis

2067 3330 2350 3386 intercedit
2375 3327 2514 3399 apud
2540 3328 2778 3391 Patrem,
2807 3337 2861 3380 et
2884 3325 2950 3380 ad
2987 3323 3172 3394 culpas
3210 3333 3427 3378 nostras
3462 3336 3642 3376 remo-

2063 3423 2268 3478 vendas
2297 3435 2484 3476 curam
2506 3418 2681 3491 gerit;
2711 3432 2960 3488 sponsus,
2987 3415 3113 3485 quia
3147 3413 3215 3468 de
3241 3412 3379 3468 collo
3417 3413 3642 3468 descen-

2065 3515 2195 3570 dens
2217 3513 2444 3568 adhaesit
2465 3511 2738 3574 Ecclesia},
2769 3517 2830 3564 ut
2865 3517 3047 3563 essent
3081 3507 3187 3562 duo
3214 3506 3266 3560 in
3307 3519 3472 3560 carne
3509 3519 3638 3557 una.

2065 3603 2296 3675 Angelus
2332 3603 2530 3658 dicitur
2553 3609 2772 3670 propter
2809 3597 3268 3653 annuntiationem
3309 3603 3548 3666 paterna:
3577 3609 3642 3648 ac

2065 3711 2175 3750 suae
2198 3692 2520 3755 voluntatis;
2552 3691 2692 3746 unde
2728 3699 2780 3744 et
2809 3688 2948 3758 apud
2980 3689 3293 3758 prophetam
3317 3684 3493 3754 magni
3518 3701 3644 3738 con.

2063 3783 2170 3838 silii
2194 3783 2406 3852 angelus
2434 3780 2648 3852 legitur,
2681 3779 2808 3833 dum
2834 3779 2904 3833 sit
2929 3779 3070 3832 Deus
3096 3785 3149 3832 et
3185 3775 3442 3830 Dominus
3485 3788 3643 3842 ange-

2065 3875 2255 3928 lortt'm.
2303 3871 2496 3926 Missus
2524 3868 2918 3938 dicitur,.qu5a
2969 3865 3202 3920 Verbum
3249 3879 3376 3918 caro
3433 3862 3636 3917 factum

2063 3975 2168 4031 est.
2201 3963 2373 4017 Homo
2414 3962 2628 4025 dicitur,
2669 3960 2793 4030 quia
2841 3959 3152 4013 incarnatus
3179 3964 3297 4022 est;
3355 3955 3640 4017 mediator,

2063 4056 2187 4126 quia
2221 4057 2286 4110 de
2315 4063 2490 4108 morte
2539 4054 2607 4108 ad
2661 4053 2822 4106 vitam
2873 4067 2969 4106 nos
3016 4050 3302 4121 perduxit;
3353 4048 3640 4118 propheta,

2063 4147 2206 4214 quod
2233 4144 2409 4199 futura
2437 4144 2730 4208 revelavit;
2761 4143 3036 4206 sacerdos,
3066 4140 3207 4210 quod
3234 4154 3332 4209 pro
3357 4139 3514 4193 nobis
3547 4138 3644 4192 hov

2064 4238 2220 4292 stiam
2257 4252 2315 4290 se
2339 4233 2568 4298 obtulit;
2606 4243 2812 4302 pastor,
2837 4232 2963 4302 quia
2991 4241 3174 4288 custos
3197 4239 3280 4285 est
3304 4245 3320 4294 ;
3365 4229 3640 4298 magister,

2065 4329 2187 4398 quia
2219 4335 2503 4391 ostensor;
2554 4324 2843 4378 Nazaruaus
2867 4338 2998 4380 vero
3037 4338 3068 4376 a
3111 4321 3229 4376 loco
3273 4319 3539 4376 Nazareth
3566 4335 3580 4384 ;
3609 4335 3641 4373 a

2063 4418 2279 4480 merito,
2309 4415 2360 4469 id
2385 4425 2490 4480 est,
2519 4421 2757 4478 sanctus,
2787 4414 2900 4468 sive
2928 4413 3177 4477 mundus,
3206 4411 3332 4480 quia
3357 4419 3641 4479 peccatum

382 4499 488 4564 tiae,
517 4500 621 4554 hoc
646 4508 730 4558 est
757 4499 961 4571 Spiritu
990 4512 1196 4567 sancto,
1232 4512 1316 4558 est
1354 4514 1552 4562 unctus
1573 4519 1684 4572 prae
1713 4504 1962 4559 omnibus
1990 4545 2039 4605 υ
2068 4525 2173 4563 non
2213 4507 2357 4562 fecit.
2414 4506 2688 4574 Siquidem
2738 4514 2794 4559 et
2833 4506 2898 4559 de
2945 4503 3066 4558 aliis
3111 4501 3454 4556 inferioribus
3483 4501 3643 4554 rebus

381 4591 730 4662 participibus
755 4594 886 4649 suis.
915 4595 1164 4654 Christus
1189 4611 1316 4649 vero
1342 4595 1600 4650 llebraice
1641 4595 1863 4650 Messias
1883 4597 1962 4650 di-

378 4681 536 4738 citur.
585 4679 744 4738 Jesus
785 4682 1088 4748 Hebraeum,
1119 4683 1305 4741 Graece
1335 4694 1497 4749 sotcr,
1531 4683 1720 4738 Latine
1757 4683 1960 4742 saluta-

381 4771 476 4836 ris,
514 4772 598 4828 vel
624 4773 858 4830 salvator
885 4773 1294 4843 interpretatur,
1336 4789 1434 4844 pro
1459 4791 1525 4830 eo
1567 4775 1710 4844 quod
1754 4775 1962 4835 cunctis

379 4867 630 4939 gentibus
673 4865 918 4922 salutifer
961 4867 1131 4924 venit.
1183 4866 1498 4922 Emmanuel
1545 4883 1610 4921 ex
1653 4866 1874 4920 Hebraeo
1905 4867 1960 4920 in

384 4955 632 5012 Latinum
663 4957 930 5029 signiﬁcat
965 4957 1232 5011 nobiscum
1261 4957 1421 5022 Deus,
1450 4955 1660 5016 scilicet
1698 4957 1839 5024 quod
1865 4969 1962 5024 per

381 5047 650 5117 Virginem
682 5057 841 5104 natus
867 5047 1010 5110 Deus
1028 5047 1335 5107 hominibus
1359 5048 1412 5102 in
1437 5063 1600 5102 carne
1627 5045 1840 5101 mortali
1865 5061 1958 5114 ap-

379 5137 576 5208 paruit.
621 5137 764 5194 Deus
784 5139 982 5194 dicitur
1004 5147 1221 5210 propter
1247 5139 1452 5192 unitum
1491 5153 1612 5193 cum
1648 5135 1808 5190 Patre
1832 5135 1958 5190 sub-

375 5227 628 5284 stantiam
656 5244 670 5292 ;
704 5227 986 5295 Dominus,
1019 5237 1238 5300 propter
1265 5229 1586 5284 servientem
1612 5226 1714 5281 sibi
1748 5235 1958 5284 creatu-

379 5335 530 5373 ram:
565 5319 711 5375 Deus
753 5331 933 5398 autem
973 5333 1030 5376 et
1079 5322 1260 5386 homo,
1303 5320 1430 5390 quia
1462 5319 1694 5374 Verbum
1726 5326 1779 5373 et
1805 5333 1954 5373 caro.

383 5409 698 5479 linigenitus
723 5421 900 5468 autem
947 5423 1170 5470 vocatur
1215 5427 1313 5482 per
1351 5411 1647 5466 divinitatis
1691 5411 1956 5471 excellen-

379 5502 534 5560 tiam.
560 5501 685 5568 quia
717 5502 833 5558 sine
873 5501 1169 5558 fratribus:
1217 5503 1627 5574 pritnogenitus,
1654 5519 1749 5572 per
1776 5517 1958 5557 susce-

377 5591 615 5670 ptionem
640 5591 898 5657 hominis,
939 5595 993 5648 in
1019 5609 1125 5663 qua
1154 5609 1250 5662 per
1276 5595 1616 5664 adoptionem
1646 5593 1833 5665 gratiae
1864 5593 1954 5646 ha-

380 5689 508 5748 bere
532 5683 730 5740 fratres
758 5687 1008 5756 dignatus
1027 5694 1128 5750 est,
1152 5688 1347 5755 quibus
1371 5695 1518 5743 esset
1548 5685 1954 5756 primogenitus.

381 5776 699 5839 llotnousios
729 5775 875 5836 l‘alt'i
921 5777 987 5830 ah
1029 5777 1230 5830 unitate
1275 5778 1589 5833 substantiae
1619 5775 1953 5848 appellatur:

2065 4598 2340 4651 nominum
2391 4595 2596 4665 species
2621 4594 2690 4648 ad
2738 4608 2798 4648 se
2826 4593 2992 4646 trahit
3020 4592 3285 4656 Christus,
3332 4599 3391 4644 ut
3431 4590 3643 4645 facilius

2065 4687 2411 4756 intelligatur.
2445 4686 2649 4740 Dicitur
2671 4692 2850 4739 autem
2896 4683 3073 4753 panis,
3119 4683 3244 4751 quia
3291 4680 3640 4745 caro;vitis,

2063 4777 2188 4846 quia
2221 4792 2288 4832 ex
2317 4776 2573 4845 sanguine
2599 4775 2765 4846 ipsius
2805 4774 3065 4844 redempti
3095 4787 3317 4836 sumus;
3367 4769 3486 4833 llos,
3516 4768 3643 4836 quia

2063 4868 2296 4932 electus;
2323 4867 2433 4930 via,
2461 4867 2585 4936 quia
2608 4882 2703 4937 per
2727 4867 2902 4937 ipsum
2928 4867 2994 4920 ad
3016 4865 3184 4919 Deum
3213 4863 3385 4928 imus;
3417 4861 3638 4924 ostium,

2064 4958 2188 5027 quia
2235 4974 2331 5027 per
2359 4958 2531 5026 ipsum
2567 4958 2636 5012 ad
2683 4959 2850 5012 Deum
2891 4957 3254 5026 ingredimur;
3305 4969 3480 5020 mons,
3515 4953 3642 5022 quia

2064 5049 2260 5115 fortis;
2304 5057 2477 5118 petra,
2525 5048 2648 5118 quia
2691 5047 2922 5104 ﬁrmitas
2969 5055 3057 5110 est
3087 5045 3458 5108 credentium;
3505 5042 3645 5111 lapis

2065 5139 2360 5210 angularis,
2385 5138 2469 5192 vel
2493 5139 2620 5208 quia
2647 5137 2781 5192 duos
2807 5138 3042 5208 parietes
3065 5153 3096 5193 e
3121 5137 3358 5200 diverso,
3385 5134 3439 5194 id
3463 5142 3546 5188 est
3576 5133 3644 5189 de

2063 5227 2471 5284 circumcisione
2495 5237 2552 5282 et
2582 5229 2862 5298 pneputio,
2895 5228 2949 5284 in
2981 5242 3142 5284 unam
3172 5225 3430 5281 fabricam
3459 5221 3645 5278 Eccle-

2063 5321 2157 5382 size
2175 5320 2391 5390 jungit:
2419 5320 2502 5377 vel
2531 5321 2674 5391 quod
2699 5336 2888 5392 pacem
2926 5319 3130 5389 angelis
3153 5325 3208 5372 et
3248 5314 3556 5372 hominibus
3587 5313 3644 5368 in

2061 5425 2120 5466 se
2144 5411 2311 5476 facit;
2339 5410 2476 5479 lapis
2501 5409 2838 5474 offensionis,
2878 5409 3003 5478 quia
3034 5407 3258 5462 veniens
3288 5404 3530 5468 humilis,
3559 5401 3642 5457 of:

2059 5502 2344 5558 fenderunt
2389 5501 2444 5555 in
2486 5517 2611 5556 eum
2654 5500 2916 5558 increduli
2952 5498 3219 5563 homines,
3263 5508 3319 5553 et
3361 5494 3534 5548 factus
3562 5502 3648 5556 est

2061 5601 2214 5661 petra
2243 5591 2500 5654 scandalj.
2531 5591 2960 5648 Fundamentum
3005 5596 3184 5643 autem
3233 5587 3354 5642 ideo
3397 5594 3648 5652 vocatur,

2061 5681 2186 5751 quia
2210 5683 2344 5736 ﬁdes
2369 5681 2420 5735 in
2451 5697 2515 5735 co
2553 5680 2772 5736 fundata
2803 5691 2904 5744 est,
2937 5679 3018 5740 vel
3048 5679 3172 5748 quia
3218 5692 3379 5746 super
3409 5689 3531 5729 cum
3553 5689 3654 5728 03-.

2065 5772 2260 5827 tltolica
2309 5771 2546 5840 Ecclesia
2597 5781 2903 5827 constructa
2933 5781 3035 5832 est.
3081 5768 3266 5840 Agnus
3292 5765 3488 5820 dicitur
3511 5779 3641 5836 ιπε-
