4064 6206
398 391 461 449 21
1056 388 1063 394 ‘
1404 393 1492 451 nr:
1537 394 1880 453 unrvnnso
1919 391 2093 448 unm
2136 390 2293 446 xxu.
2336 423 2404 432 --
2443 391 2570 447 LIB.
2608 389 2650 446 ι.
3599 346 3670 455 9,9:

399 517 520 577 pter
562 502 973 569 Innocentiam;
1022 503 1158 570 ovis,
1208 514 1433 576 propter
1483 507 1986 571 mansuetudinem;
2018 507 2069 566 Α
2094 503 2297 569 divina,
2348 519 2750 575 comparamur.
2791 504 2988 559 Dentes
3029 504 3231 560 Chrisui
3276 506 3502 577 apostoli
3545 520 3673 565 sunt

400 599 565 661 aries,
590 604 815 666 propter
843 597 1210 667 principatum
1236 614 1251 663 ;
1299 598 1508 665 haedus,
1550 609 1771 670 prepter
1803 598 1993 653 simili-

401 689 641 741 tudinem
666 686 852 742 carnis
878 688 1087 756 peccati
1115 705 1129 753 ;
1177 696 1231 741 et
1256 689 1478 753 vitulus,
1507 706 1606 760 pro
1635 707 1700 746 eo
1728 690 1869 759 quod
1892 703 1993 757 pro

397 779 558 832 nobis
584 784 667 832 est
687 776 1039 844 immolatus;
1069 777 1153 831 ιω
1190 794 1288 848 pro
1336 793 1502 850 regno
1548 788 1604 835 et
1641 779 1988 843 fortitudine;

399 883 623 937 serpens
647 883 749 939 pro
773 877 951 922 morte
975 876 1033 923 et
1054 869 1338 937 sapientia.
1378 870 1523 923 Idem
1547 878 1602 923 et
1627 869 1846 931 vermis,
1868 869 1993 938 quia

400 962 735 1026 resurrexit;
761 960 961 1030 aquila,
990 976 1088 1030 pro
1112 976 1180 1014 eo
1220 961 1360 1029 quod
1390 968 1513 1030 post
1548 961 1992 1015 resurrectionem

401 1057 472 1109 ad
496 1064 644 1109 astra
690 1054 976 1109 remeavit.
1026 1053 1137 1108 Nec
1181 1053 1377 1106 mirum
1426 1054 1472 1108 si
1501 1053 1696 1107 vilibus
1726 1051 1995 1122 signiﬁca-

402 1144 641 1199 tionibus
673 1142 960 1212 ﬁguretur,
1011 1142 1101 1211 qui
1143 1155 1313 1209 usque
1342 1142 1411 1195 ad
1450 1149 1756 1195 nostrarum
1787 1141 1995 1210 passio-

402 1250 533 1288 num
554 1249 649 1290 seu
678 1234 859 1289 carnis
888 1232 1244 1288 contumelias
1262 1231 1605 1286 descendisse
1631 1232 1992 1302 cognoscitur,

398 1326 495 1394 qui
519 1326 645 1379 dum
676 1325 746 1378 sit
778 1323 873 1378 Dei
905 1323 1085 1377 Patris
1109 1330 1407 1377 coaeternus
1434 1332 1560 1377 ante
1586 1322 1777 1377 smcula
1803 1322 1992 1386 Filius,

398 1424 693 1484 postquam
727 1414 877 1468 venit
904 1413 1183 1483 plenitudo
1222 1412 1496 1481 temporis,
1525 1419 1746 1482 prepter
1766 1411 1993 1465 salutem
2034 1451 2038 1454 .

404 1514 645 1557 nostram
693 1502 922 1557 formam
968 1502 1110 1559 servi
1141 1503 1366 1571 accepit,
1398 1511 1455 1557 et
1500 1502 1675 1557 factus
1719 1512 1801 1557 est
1830 1502 1995 1557 Filius

404 1595 497 1647 Dei
541 1595 682 1648 ﬁlius
729 1593 982 1648 hominis.
1039 1591 1189 1647 Unde
1223 1592 1467 1660 quadam
1504 1593 1569 1647 de
1617 1592 1707 1646 illo
1754 1593 1808 1647 in
1840 1590 1994 1646 Scri-

402 1685 580 1755 ptnris
632 1682 930 1739 secundum
981 1682 1208 1737 formam
1256 1684 1374 1748 Dei,
1422 1684 1668 1753 quaedam
1699 1686 1993 1740 secundum

402 1776 637 1830 formam
671 1775 814 1830 servi
840 1775 1113 1830 dicuntur.
1148 1774 1388 1842 Quorum
1426 1774 1653 1845 exempli
1685 1777 1857 1846 gratia
1889 1775 1995 1829 duo

2092 602 2150 647 et
2190 593 2568 663 prmdicatorcs
2613 592 2747 648 Novi
2790 594 3164 662 Testamenti;
3222 597 3364 654 unde
3404 600 3667 671 scriptum

2093 692 2215 737 est:
2256 682 2448 737 Dentes
2483 683 2598 753 ejus
2632 681 2763 738 lacte
2804 683 3139 740 candidiores
3171 684 3324 758 (Gen.
3349 687 3520 761 χιιι).
3563 677 3668 759 Qui

2093 778 2388 847 praacidnnt
2424 779 2492 833 ab
2529 778 2808 833 erroribus
2844 778 3108 844 homines,
3156 788 3213 836 et
3251 796 3345 837 eos
3384 783 3540 854 quasi
3578 799 3671 839 co-

2094 868 2355 923 medendo
2387 868 2440 924 in
2461 868 2660 924 Christi
2696 884 2890 940 corpus
2929 871 3276 927 transferunt.
3319 872 3549 930 Nomine
3573 891 3670 930 au—

2096 967 2204 1015 tem
2230 960 2383 1016 lactis
2414 961 2658 1016 doctrina
2685 962 2820 1031 legis
2843 963 3192 1034 signiﬁcatur.
3237 965 3444 1037 Lingua
3469 964 3668 1022 Christi

2093 1051 2440 1120 evangelicus
2460 1066 2638 1107 sermo
2660 1060 2772 1106 est:
2804 1051 3003 1123 Lingua
3035 1069 3150 1108 mea
3175 1054 3397 1108 adhwsit
3426 1055 3669 1125 faucibus

2094 1140 2222 1194 meis
2249 1139 2421 1212 (Psal.
2451 1142 2585 1213 XXI).
2634 1140 2842 1197 Fauces
2880 1142 3081 1198 Christi
3125 1138 3505 1214 praedicatures
3545 1155 3673 1201 sunt

2095 1230 2390 1302 Evangelii.
2436 1230 2570 1286 Nam
2604 1230 2671 1286 de
2696 1240 2914 1304 gutture
2952 1232 3094 1288 illius
3124 1234 3198 1288 ita
3232 1234 3427 1305 legitur
3450 1236 3505 1290 in
3531 1235 3673 1291 Can-

2098 1321 2203 1376 tieo
2258 1322 2591 1376 canticorum
2635 1340 2648 1376 :
2716 1321 2913 1376 Cuttur
2964 1322 3108 1377 illius
3170 1325 3537 1378 suavissimum
3595 1333 3673 1378 est

2095 1411 2273 1484 (Cant.
2301 1411 2376 1483 v).
2436 1412 2494 1466 in
2555 1420 2772 1482 gutture
2833 1414 3045 1468 interna
3104 1413 3328 1470 dulcedo
3380 1415 3671 1470 verborum

2097 1503 2238 1557 illius
2282 1510 2655 1557 memoratur:
2708 1518 2869 1572 quam
2928 1504 3022 1572 qui
3083 1503 3259 1574 sapit,
3319 1519 3427 1558 non
3479 1505 3668 1559 esurit.

2096 1594 2263 1650 Labia
2307 1594 2539 1659 Christi,
2582 1594 2993 1649 atinuntiatores
3033 1593 3215 1659 verbi,
3259 1601 3319 1647 ut
3358 1594 3410 1647 in
3448 1593 3673 1649 Cantico

2097 1686 2428 1741 canticorum
2460 1703 2472 1738 :
2515 1684 2681 1740 Labia
2723 1685 2864 1739 illius
2903 1684 3216 1739 distillantia
3253 1684 3521 1754 myrrham
3557 1685 3670 1755 pri-

2096 1792 2237 1833 mam
2263 1773 2440 1846 (Cant.
2469 1776 2543 1848 v).
2597 1775 2771 1830 Barba
2812 1774 3035 1840 Christi,
3082 1774 3244 1830 homo
3289 1783 3597 1844 assumptus
3642 1791 3672 1829 a

408 1866 655 1936 quaedam
680 1874 1193 1929 commemorantur,
1216 1873 1277 1919 ut
1298 1864 1509 1933 singula
1531 1865 1599 1919 ad
1625 1864 1833 1935 singula
1861 1863 1997 1919 refe-
2026 1858 2072 1917 B
2100 1865 2299 1931 Verbo,
2330 1867 2416 1921 vel
2446 1866 2670 1937 perfecti
2705 1881 2916 1929 omnes,
2942 1875 3002 1920 ut
3033 1876 3119 1921 est
3150 1867 3204 1921 in
3243 1866 3450 1937 psalmo
3474 1885 3487 1921 :
3522 1866 3673 1921 Sicut

406 1965 619 2012 rantur.
647 1955 955 2011 Secundum
984 1955 1214 2011 formam
1246 1957 1390 2011 enim
1412 1955 1509 2011 Dei
1531 1957 1596 2011 de
1620 1957 1797 2025 seipse
1834 1955 1991 2010 dicit:

404 2049 519 2119 Ego
547 2058 594 2103 et
622 2050 782 2102 Pater
800 2065 969 2107 unum
993 2066 1173 2103 sumus
1213 2046 1395 2119 (Ioan.
1423 2048 1480 2119 ι)
1507 2065 1522 2114 ;
1572 2046 1865 2103 secundum
1890 2046 1998 2101 for-

408 2155 555 2193 suam
582 2138 817 2194 hominis
844 2139 976 2194 dicit
1002 2157 1015 2191 :
1056 2137 1218 2192 Pater
1240 2139 1416 2209 major
1437 2154 1518 2192 me
1542 2149 1615 2192 est
1645 2136 1828 2207 (Joan.
1852 2136 1994 2206 xui).

408 2228 669 2282 Homines
691 2236 895 2292 autem,
927 2228 1107 2283 minus
1147 2228 1507 2298 intelligentes
1534 2228 1660 2296 quid
1685 2236 1741 2281 et
1774 2225 1839 2279 ad
1868 2225 1998 2295 quid

403 2320 655 2375 dicantur
677 2334 740 2375 ea
771 2334 894 2388 quae
921 2327 1146 2390 propter
1189 2318 1417 2374 formam
1467 2318 1606 2373 servi
1655 2317 1799 2371 dicta
1848 2323 1994 2379 sunt,

404 2410 595 2464 volunt
631 2408 926 2463 transferre
952 2408 1019 2462 ad
1052 2408 1278 2463 formam
1325 2408 1417 2461 Dei
1446 2424 1462 2472 ;
1495 2415 1551 2462 et
1573 2422 1762 2462 rursus
1790 2421 1853 2459 ea
1878 2420 1997 2474 quae

407 2500 550 2553 dicta
584 2507 711 2554 sunt
733 2499 803 2553 ad
831 2497 1062 2554 formam
1094 2499 1207 2562 Dei,
1236 2506 1296 2552 ut
1328 2499 1394 2552 ad
1415 2514 1474 2553 se
1500 2498 1728 2551 invicem
1753 2511 1998 2566 persona:

407 2589 734 2655 referantur,
762 2588 951 2644 volunt
1007 2588 1222 2641 nomina
1268 2602 1390 2641 esse
1435 2594 1642 2640 natura:
1670 2591 1830 2653 atque
1871 2584 1997 2639 sub-

405 2681 640 2743 stantize,
666 2688 721 2734 et
749 2678 957 2734 faciunt
1001 2694 1240 2733 errorem
1294 2679 1348 2732 in
1394 2679 1516 2732 ﬁde.
1577 2676 1668 2732 Sic
1704 2677 1848 2731 enim
1900 2677 1993 2732 Dei

406 2768 548 2824 Filio
588 2766 877 2836 conjuncta
924 2777 1008 2822 est
1054 2769 1289 2823 humana
1340 2776 1553 2832 natura,
1601 2775 1661 2821 ut
1697 2780 1761 2820 ex
1790 2766 1998 2823 duabus

409 2862 723 2916 substantiis
772 2861 928 2916 ﬁeret
972 2876 1078 2915 una
1122 2875 1373 2930 persona.
1424 2858 1583 2914 Solus
1629 2858 1791 2929 igitur
1835 2859 1999 2913 homo

407 2956 623 3026 pertulit
669 2969 907 3019 crucem,
963 2954 1059 3008 sed
1101 2962 1317 3023 propter
1359 2951 1620 3006 unitatem
1659 2965 1902 3020 personae
1945 2957 2000 3004 et

407 3048 552 3102 Deus
575 3048 778 3102 dicitur
800 3046 1108 3117 pertulisse.
1146 3045 1281 3100 Hinc
1306 3052 1390 3100 est
1413 3045 1556 3113 quod
1600 3044 1858 3100 scribitur
1883 3058 1897 3097 :
1936 3042 1999 3099 Si

406 3140 541 3192 enim
566 3137 946 3208 cognovissent,
976 3152 1240 3206 nunquam
1285 3134 1450 3188 Deum
1488 3132 1668 3203 gloriw
1699 3133 1994 3202 cruci/iris-

406 3240 516 3284 sent
542 3228 593 3296 (Ι
616 3204 739 3283 Cor.
767 3228 849 3299 tt).
881 3227 1073 3281 Filium
1098 3204 1243 3281 enim
1269 3225 1361 3280 Dei
1389 3223 1707 3279 cruciﬁxum
1739 3222 1990 3288 fatemur,
2021 3204 2065 3266 (ἶ

408 3335 514 3373 non
543 3334 608 3373 ex
635 3319 836 3372 virtute
862 3317 1181 3380 divinitatis,
1213 3316 1305 3370 sed
1346 3329 1413 3368 ex
1449 3312 1767 3367 inﬁrmitate
1803 3312 1993 3366 huma-

408 3410 634 3464 uitatis:
686 3424 794 3463 non
836 3424 905 3463 ex
947 3424 1060 3463 sum
1107 3414 1312 3465 natura:
1361 3404 1757 3474 permansione,
1805 3401 1897 3457 sed
1926 3416 1992 3456 ex

409 3507 608 3554 nostra
635 3497 996 3569 susceptione.

478 3587 833 3642 Inveniuntur
867 3600 998 3655 ergo
1042 3585 1286 3639 membra
1336 3582 1637 3653 corporalia
1693 3584 1809 3653 ipso
1855 3583 1993 3637 Filio

409 3675 505 3730 Dei
530 3675 752 3739 ascribi,
785 3690 994 3729 necnon
1020 3682 1078 3727 et
1111 3674 1324 3730 habitus
1352 3675 1614 3745 corporis,
1657 3673 1721 3728 de
1747 3689 1854 3743 quo
1878 3674 1993 3744 jam

406 3781 571 3836 supra
607 3765 785 3834 aliqua
814 3766 1112 3834 posuimus,
1163 3772 1219 3819 et
1248 3765 1423 3820 adhuc
1476 3764 1581 3819 alia
1626 3763 1990 3832 subjiciemus.

407 3855 543 3910 Nam
571 3863 736 3925 caput
772 3853 973 3910 Christi
1006 3855 1147 3909 Deus
1182 3870 1304 3910 esse
1333 3855 1386 3909 in
1412 3854 1668 3926 Apostolo
1693 3855 1906 3924 legitur,
1937 3862 1992 3908 et

404 3955 571 4015 caput
611 3945 866 4000 Ecclesiae
908 3944 1178 4011 Christus,
1229 3954 1289 3999 ut
1325 3954 1408 4000 est
1446 3945 1614 4000 illud:
1670 3942 1807 3999 Nam
1838 3953 1991 4015 caput

409 4036 644 4090 mulieris
673 4045 748 4089 est
771 4036 880 4090 vir:
911 4045 1065 4105 caput
1087 4044 1261 4088 autem
1288 4035 1383 4089 viri
1406 4033 1662 4100 Christus,
1699 4045 1851 4105 caput
1876 4052 1991 4088 vero

408 4123 607 4178 Christi
636 4134 709 4178 est
741 4123 885 4178 Deus
926 4123 979 4197 (Ι
1007 4123 1129 4177 Cor.
1157 4124 1254 4197 χι).
1288 4124 1498 4195 Corpus
1526 4124 1743 4194 quidem
1783 4124 1989 4180 Christi

404 4222 594 4269 sancta
627 4223 710 4269 est
739 4213 1002 4277 Ecclesia,
1031 4214 1170 4268 sicut
1203 4215 1370 4272 etiam
1416 4216 1555 4270 idem
1587 4215 1874 4285 Apostolus
1902 4231 1991 4271 os-

405 4307 598 4365 tendit.
631 4305 819 4377 Capilli
852 4322 1083 4375 namque
1116 4305 1317 4363 Christi
1342 4308 1552 4363 eandidi
1594 4307 1989 4364 multitudinem

403 4406 720 4452 sanctorum
742 4396 1108 4453 dealbatorum
1139 4398 1189 4451 in
1214 4398 1534 4470 Apocalypsi
1555 4399 1875 4468 exprimunt,
1900 4399 1991 4453 ubi

402 4488 667 4557 scriptum
697 4498 816 4543 est:
857 4486 1026 4560 Caput
1065 4498 1238 4542 autem
1263 4489 1377 4559 ejus
1405 4498 1453 4543 et
1482 4488 1659 4560 capilli
1687 4499 1833 4543 erant
1862 4506 1987 4543 can-

2097 1966 2419 2027 unguentum
2444 1958 2497 2011 in
2522 1958 2712 2028 capite,
2733 1958 2872 2029 quod
2895 1957 3156 2021 descendit
3182 1958 3236 2011 in
3259 1957 3474 2016 barbam
3495 1957 3676 2012 Aaron

2095 2045 2269 2118 (Psal.
2301 2046 2529 2119 cxxxu).
2580 2047 2770 2103 Manus
2813 2047 3032 2114 Christi,
3080 2050 3315 2119 operarii
3338 2050 3580 2119 iustitiae,
3606 2049 3674 2104 ad

2096 2147 2256 2187 omne
2291 2148 2426 2203 Opus
2469 2135 2670 2188 bonum
2714 2136 2921 2204 parati,
2971 2144 3034 2190 ut
3070 2145 3155 2191 est
3193 2136 3322 2191 illud
3366 2138 3419 2191 in
3444 2136 3671 2192 Cantico

2097 2223 2429 2277 canticorum
2454 2241 2466 2277 :
2497 2222 2687 2276 Manus
2713 2224 2826 2293 ejus
2850 2223 3122 2278 tornatiles
3148 2241 3343 2280 aurem.
3381 2225 3547 2295 Digiti
3573 2227 3672 2280 mei

2094 2311 2233 2382 pleni
2254 2321 2373 2366 sunt
2396 2313 2607 2382 myrrha
2633 2310 2810 2382 (Cant.
2839 2312 2914 2385 v).
2959 2313 3015 2368 in
3043 2315 3293 2371 manibus
3315 2317 3457 2371 enim
3485 2332 3670 2386 opera,

2096 2404 2150 2458 in
2176 2403 2356 2472 digitis
2391 2402 2645 2459 discretio
2669 2402 2984 2474 designatur
3009 2421 3021 2457 :
3068 2404 3124 2459 in
3148 2404 3368 2476 myrrha
3395 2405 3674 2460 continen-

2099 2494 2172 2549 tia
2216 2501 2271 2549 et
2312 2493 2609 2563 passiones,
2653 2509 2773 2563 quae
2810 2502 2935 2550 tunc
2977 2495 3354 2564 probatissima
3390 2505 3506 2563 est,
3547 2513 3668 2553 cum

2096 2587 2431 2642 solummodo
2468 2602 2569 2658 pro
2603 2587 2869 2644 charitate
2914 2589 3008 2644 Dei
3051 2597 3107 2644 et
3143 2590 3394 2660 proximi,
3424 2590 3507 2645 vel
3533 2608 3664 2646 eon-

2096 2681 2320 2736 tinentia
2347 2680 2429 2735 vel
2464 2682 2741 2751 passiones
2772 2681 2924 2737 ﬁunt.
2969 2683 3198 2737 Dextera
3220 2682 3452 2747 Domini,
3482 2683 3672 2738 Testa-

2097 2781 2336 2826 mentum
2386 2770 2630 2838 Novum;
2679 2772 2938 2837 sinistra,
2983 2772 3167 2828 Vetus.
3230 2771 3361 2827 Item
3407 2772 3671 2835 dextera,

2095 2860 2370 2917 beatitudo
2405 2868 2691 2931 perpetua;
2733 2861 2972 2926 sinistra,
3005 2862 3115 2915 vita
3150 2875 3414 2930 praesens;
3454 2861 3593 2914 sicut
3619 2861 3671 2913 in

2097 2951 2320 3007 Cantico
2364 2951 2694 3006 canticorum
2744 2950 2983 3007 Ecclesia
3023 2951 3154 3005 dicit
3182 2968 3194 3004 :
3220 2948 3373 3005 ιωυα
3416 2949 3532 3020 ejus
3572 2949 3667 3004 sub

2098 3040 2265 3109 capite
2287 3055 2419 3103 meo,
2441 3048 2490 3093 et
2511 3039 2724 3094 dextera
2745 3040 2859 3110 ejus
2880 3038 3261 3110 amplexabitur
3280 3056 3360 3093 me
3383 3037 3559 3110 (Cant.
3584 3038 3670 3110 ιι).

2098 3130 2229 3185 Item
2270 3131 2515 3198 dextera,
2556 3130 2752 3194 electi;
2799 3131 3048 3198 sinistra,
3091 3131 3304 3200 reprobi
3342 3146 3564 3197 omnes,
3613 3142 3675 3188 ut

2097 3220 2151 3276 in
2187 3220 2514 3290 Evangelio:
2561 3220 2768 3276 Statuet
2805 3238 2920 3276 oves
2953 3240 2985 3276 a
3022 3223 3242 3287 dextris,
3279 3222 3457 3278 Iliados
3496 3235 3673 3278 autem

2097 3328 2130 3365 α
2167 3311 2391 3366 sinistris
2418 3310 2633 3385 (Matth.
2662 3312 2811 3382 xxv).
2860 3312 3039 3370 Ubera
3080 3313 3317 3379 Christi,
3362 3315 3672 3385 evangelica

2098 3400 2373 3468 doctrina;
2423 3409 2483 3456 ut
2527 3402 2581 3456 in
2618 3401 2841 3458 Cantica
2871 3403 3244 3458 canticorum:
3292 3402 3515 3458 Meliora
3551 3412 3673 3459 sunt

2098 3491 2259 3545 ubera
2302 3502 2393 3546 tua
2433 3494 2549 3549 riuo
2578 3490 2755 3565 (Cant.
2783 3491 2844 3564 ι).
2892 3492 3140 3547 Mamilia:
3178 3491 3408 3558 Domini,
3436 3494 3543 3549 duo
3568 3495 3673 3550 Tc-

2098 3591 2365 3638 stamenta
2392 3600 2423 3651 ;,
2466 3586 2609 3642 unde
2653 3586 2850 3659 legitur
2898 3587 2953 3642 in
3001 3586 3322 3658 Apocalypsi
3359 3605 3372 3641 :
3424 3588 3491 3642 Et
3536 3605 3672 3644 sana

2097 3689 2261 3727 aurea
2298 3673 2438 3728 circa
2478 3674 2741 3730 mamillas
2770 3675 2952 3747 (Apoc.
2981 3674 3045 3749 r).
3097 3675 3296 3731 Venter
3332 3676 3556 3744 Christi,
3595 3678 3674 3732 la-

2100 3780 2319 3822 vacrum
2367 3766 2834 3839 regenerationis,
2897 3782 2965 3823 es
3007 3782 3114 3836 quo
3157 3767 3358 3823 electos
3401 3783 3527 3824 suos
3572 3783 3671 3836 per

2097 3856 2398 3925 adoptionis
2431 3857 2660 3927 gratiam
2683 3857 2735 3912 in
2759 3858 2898 3914 ﬁlios
2919 3867 3158 3930 generat.
3203 3858 3339 3914 Illuc
3365 3858 3420 3912 in
3447 3858 3670 3914 Cantico

2097 3942 2432 3998 canticorum
2464 3944 2696 3999 dicitur:
2739 3943 2922 4001 Venter
2945 3947 3354 4001 tuuseburneus
3383 3945 3560 4018 (Cant.

2094 4032 2350 4087 Intestina
2384 4034 2611 4099 Domini,
2641 4045 2907 4091 secretum
2933 4036 3248 4102 divinitatis,
3292 4038 3404 4095 sive
3432 4037 3486 4091 in
3515 4053 3668 4092 sacra

2097 4121 2374 4193 Scriptura
2414 4124 2623 4179 occulta
2664 4134 3030 4190 sacramenta;
3075 4125 3201 4181 hinc
3230 4125 3284 4179 in
3316 4125 3502 4183 Exodo
3528 4142 3664 4180 scrt-

2094 4220 2242 4281 ptum
2286 4221 2408 4267 est:
2453 4211 2623 4283 Caput
2664 4230 2781 4267 cum
2822 4213 3035 4278 pedibus
3057 4222 3104 4268 et
3137 4215 3394 4273 intestinis
3419 4216 3667 4270 rorabitis

2097 4301 2292 4373 (Exod.
2322 4300 2442 4373 xu).
2491 4304 2661 4357 Crura
2704 4301 2821 4372 ejus
2846 4344 2862 4370 ,
2903 4304 3131 4374 apostoli
3175 4304 3272 4360 vel.
3301 4307 3482 4362 ueteri
3526 4323 3655 4377 pra;-

2094 4389 2389 4455 dicatores,
2445 4398 2613 4445 totum
2655 4390 2909 4449 Ecclesiae
2947 4406 3143 4463 corpus
3182 4394 3551 4463 sustinentes;
3601 4397 3668 4451 de

2093 4493 2200 4547 quo
2233 4478 2285 4532 in
2309 4477 2530 4534 Cantico
2555 4479 2886 4535 canticorum
2926 4480 3126 4539 dicitur
3149 4501 3161 4535 :
3189 4482 3358 4537 Crura
3387 4485 3502 4554 ejus
3530 4485 3665 4539 sicut

401 4555 532 4629 didii
562 4587 816 4647 tanquam
861 4555 984 4632 lana
1033 4577 1153 4631 alba
1200 4588 1248 4632 et
1286 4555 1554 4651 tanquam
1595 4580 1685 4633 nia:
1712 4579 1893 4651 (Apoc.
1923 4580 1985 4652 ι).

2093 4570 2346 4621 columna:
2384 4584 2690 4626 marmorea:
2727 4569 2901 4643 (Cant.
2938 4571 3015 4644 v).
3072 4572 3239 4628 Pedes
3278 4574 3529 4640 Domini,
3573 4592 3662 4630 as-

398 4666 716 4735 Antiquitas
741 4675 797 4720 et
826 4666 1204 4722 immortalitas
1232 4666 1530 4736 maiestatis
1559 4668 1611 4722 in
1643 4669 1833 4738 capitis
1860 4684 1990 4722 can-

401 4756 536 4809 dore
564 4756 886 4811 ostenditur.
920 4755 1018 4811 Cui
1045 4758 1314 4829 praacipue
1336 4758 1466 4828 justi
1497 4759 1698 4829 quique
1727 4758 1865 4813 velut
1892 4773 1987 4812 ea-

400 4846 515 4914 pilli
543 4847 914 4914 adhaerentes,
962 4857 1186 4918 propter
1208 4865 1340 4904 oves
1370 4850 1437 4905 ad
1468 4850 1745 4904 dexteram
1779 4838 1988 4903 futuras

402 4938 577 4990 instar
607 4936 772 5002 lanae,
805 4948 859 4992 et
889 4947 1111 5010 propter
1135 4939 1505 4994 dealbatorum
1536 4938 1984 4994 innumerabilem

400 5026 617 5080 turbam
653 5034 707 5081 et
737 5027 1034 5082 electorum
1077 5043 1108 5082 c
1146 5028 1283 5084 cmlo
1316 5029 1564 5083 datorum
1585 5070 1599 5094 ,
1647 5029 1820 5084 instar
1846 5027 1987 5083 nivis

396 5114 677 5187 cﬂ’ulgent.
724 5116 875 5172 Oculi
905 5118 1109 5175 Christi
1158 5128 1425 5189 praecepta
1469 5128 1594 5175 sunt
1638 5119 1984 5191 evangelica;

398 5205 546 5260 unde
583 5206 637 5261 in
666 5206 865 5262 Genesi
894 5207 1130 5279 legitur:
1166 5206 1503 5265 Pulcltriores
1538 5217 1658 5264 sunt
1700 5208 1837 5263 oculi
1873 5209 1986 5278 ejus

397 5296 523 5349 sino
553 5293 704 5369 (Gen.
736 5297 912 5371 χιιι),
961 5299 1066 5353 hoc
1113 5309 1227 5364 est,
1278 5299 1480 5354 veteris
1526 5300 1659 5371 legis
1704 5298 1982 5354 doctrinis.

396 5385 535 5438 Item
562 5386 704 5440 oculi
732 5387 938 5443 Christi
969 5388 1221 5443 doctores
1255 5397 1409 5452 sunt,
1454 5404 1553 5459 per
1581 5404 1715 5458 quos
1743 5387 1983 5443 Ecclesia

394 5474 547 5528 videt
571 5490 692 5545 quae
721 5485 868 5530 recta
900 5484 1058 5541 sunt,
1104 5484 1165 5530 ut
1201 5484 1284 5532 est
1312 5476 1442 5530 illud
1475 5477 1529 5530 in
1554 5475 1779 5532 Cantieo
1805 5476 1983 5533 canti-

392 5576 588 5617 corum
613 5579 627 5615 :
664 5562 823 5619 Oculi
847 5564 981 5634 ejus,
1005 5565 1140 5619 sicut
1162 5563 1416 5619 columba!
1437 5582 1594 5635 super
1616 5564 1808 5620 rivulos
1828 5583 1990 5636 aqua-

394 5671 516 5707 rum
542 5653 725 5727 (Cant.
753 5655 833 5727 v).
871 5658 974 5727 Qui
1011 5659 1171 5724 bene,
1202 5659 1495 5725 columbae,
1533 5668 1752 5730 pr0pter
1780 5662 1986 5730 simpli-

393 5743 619 5801 citatem
645 5788 660 5814 ,
712 5755 770 5803 et
818 5749 1007 5804 rivulis
1052 5764 1310 5821 aquarum
1336 5792 1350 5816 ,
1403 5756 1620 5822 prbptcr
1652 5750 1982 5806 charismata

2089 4665 2334 4727 sumptus
2363 4659 2524 4714 homo
2561 4675 2592 4713 a
2618 4660 2815 4727 Verbo,
2842 4663 2926 4717 vel
2958 4664 3130 4723 sancti
3169 4666 3430 4735 apostoli;
3465 4666 3530 4721 de
3556 4684 3664 4736 quo

2088 4750 2143 4802 in
2181 4750 2592 4807 Deuteronomio
2616 4746 2887 4823 scriptum
2930 4765 3056 4810 est:
3101 4755 3205 4822 Qui
3246 4760 3662 4829 appropinquant

2085 4840 2300 4910 pedibus
2322 4841 2458 4912 ejus,
2478 4844 2730 4914 accipient
2752 4844 2817 4898 de
2834 4844 3071 4901 doctrina
3093 4846 3235 4899 illius
3251 4845 3428 4918 (Deut.
3442 4849 3660 4916 xxxx”);

2086 4941 2140 4986 et
2190 4933 2243 4989 in
2298 4933 2556 5004 psalmo:
2613 4935 2963 4990 Adorabimus
3010 4937 3066 4990 in
3106 4935 3219 4991 loco
3271 4936 3359 4990 ubi
3408 4945 3662 4991 steterunt

2085 5024 2239 5093 pedes
2276 5025 2389 5096 ejus
2415 5022 2587 5096 (Psal.
2613 5025 2817 5097 cxxxi).
2864 5026 3001 5084 Ossa
3029 5027 3251 5093 Christi,
3279 5028 3448 5083 fortes
3473 5028 3526 5082 in
3553 5028 3659 5082 Ee-

2087 5117 2288 5182 clesia,
2350 5134 2469 5188 qua:
2513 5125 2596 5173 est
2634 5134 2829 5188 corpus
2867 5116 3025 5186 ejus;
3083 5118 3149 5172 de
3187 5132 3294 5187 quo
3345 5119 3400 5173 in
3450 5117 3659 5189 psalmo

2088 5208 2344 5277 scriptum
2384 5216 2467 5263 est
2494 5226 2518 5267 ε,
2552 5207 2797 5278 Dispersa
2833 5218 2954 5262 sunt
2985 5207 3160 5262 omnia
3193 5224 3315 5263 ossa
3340 5225 3454 5263 mea
3482 5205 3654 5280 (Psal.

2086 5297 2225 5368 χχι).
2283 5297 2487 5353 Carnes
2531 5296 2732 5353 Christi
2776 5297 2973 5351 inﬁrmi
3019 5295 3073 5351 in
3114 5296 3394 5363 Ecclesia;
3443 5297 3509 5351 de
3548 5312 3661 5365 quo

2088 5389 2284 5444 dicitur
2326 5389 2379 5443 in
2425 5388 2631 5460 psalmo
2666 5408 2681 5443 :
2725 5388 2863 5442 Dum
2915 5388 3330 5459 appropinquant
3382 5403 3538 5459 super
3576 5404 3657 5442 me

2088 5487 2345 5544 nocentes,
2391 5488 2445 5533 ut
2483 5478 2638 5532 edant
2680 5494 2865 5532 carnes
2908 5493 3047 5530 meas
3074 5475 3243 5547 (Psal.
3270 5475 3441 5549 sxw).
3482 5474 3659 5533 Vesti-

2087 5577 2265 5623 menta
2312 5568 2546 5632 Domini,
2574 5583 2701 5621 caro
2745 5573 3048 5634 assumpta;
3102 5566 3243 5620 unde
3281 5564 3336 5620 in
3374 5565 3658 5621 Ezechiele

2086 5660 2343 5729 propheta
2401 5659 2659 5728 scriptum
2715 5666 2798 5712 est
2840 5672 2854 5711 :
2918 5656 3052 5712 Ecce
3110 5658 3189 5711 uir
3241 5657 3451 5711 vestitus
3504 5656 3655 5713 lineis

2087 5749 2299 5813 (Ezcrli.
2333 5750 2426 5823 Ix).
2470 5750 2522 5804 id
2561 5755 2662 5813 est,
2702 5763 2861 5803 carne
2903 5748 3114 5803 munda.
3168 5748 3297 5802 Item
3338 5748 3653 5803 vestimenta
