4064 6206
340 376 410 430 τε
988 369 1049 424 Β.
1093 365 1345 422 l'lABANl
1387 363 1614 428 MAURI
1649 360 1970 418 ARCHZEP.
2012 359 2322 418 MOGUNT.
2359 361 2646 418 OPERUM
2687 361 2864 416 PARS
2903 360 2964 416 ll.
3542 364 3610 421 ει

338 489 580 556 Christi,
632 487 792 543 electi
830 499 1055 552 omnes,
1104 493 1164 540 ut
1205 485 1263 538 in
1305 483 1452 540 Job:
1497 481 1786 538 Circumda
1826 480 1921 537 tibi
1947 482 2002 543 Δ
2027 480 2097 536 Et
2135 482 2250 538 inec
2287 481 2524 536 Trinitas
2567 497 2707 537 unus
2745 489 2832 536 est
2867 481 3032 544 Deus,
3073 480 3218 535 solus
3259 481 3452 546 bonus,
3493 497 3611 539 ma-

339 581 577 640 ἀξιωθείη
603 587 772 643 σιω,
797 587 843 632 et
871 577 1116 648 speciosis
1152 576 1370 631 induere
1411 575 1634 631 uestibus
1657 575 1782 649 (Job
1805 573 1920 648 xu).

340 672 544 728 Tunica
565 670 788 736 Christi,
822 669 942 739 ejus
982 667 1242 732 Ecclesia,
1283 665 1440 736 cuius
1473 665 1702 738 figuram
1739 665 1921 720 tunica

339 765 430 822 illa
461 763 652 820 habuit
675 763 745 818 de
776 777 881 831 qua
919 761 976 815 in
996 758 1285 830 Evangelia
1311 758 1566 814 scribitur
1593 775 1606 810 :
1638 756 1762 810 Non
1785 756 1925 810 sci-n-

339 859 527 914 damus
561 855 730 917 illam,
756 853 1042 907 sortimur
1071 851 1135 905 de
1165 849 1259 904 illa
1295 851 1450 920 cujus
1479 849 1545 903 sit
1571 847 1756 921 (Joau.
1783 845 1920 918 XIX).

342 948 491 1005 Stola
527 945 758 1008 Christi,
790 960 920 999 caro
953 950 1253 1013 assumpta,
1297 941 1566 1014 passionis
1605 940 1732 996 vino
1768 957 1926 994 mun-

341 1041 507 1104 data;
553 1037 682 1092 hinc
728 1037 782 1090 in
823 1035 1019 1091 Genesi
1063 1034 1324 1104 scriptum
1367 1041 1498 1089 est:
1546 1031 1767 1087 Lauabit
1805 1032 1924 1087 sine

339 1129 529 1185 stolam
549 1146 701 1184 suam
728 1127 882 1202 (Gen.
907 1125 1078 1199 ms).
1130 1127 1281 1184 Uade
1303 1127 1524 1196 pallium
1547 1125 1770 1190 Christi,
1801 1141 1926 1181 san-

339 1234 427 1280 cta
465 1224 734 1289 Ecclesia,
769 1221 889 1290 ejus
920 1237 1141 1294 aspersa
1179 1239 1408 1289 cruore;
1453 1225 1596 1279 unde
1626 1231 1677 1278 et
1717 1237 1877 1292 supra
1907 1241 1921 1276 :

342 1316 413 1372 In
451 1316 706 1388 sanguine
762 1331 874 1370 uete
922 1315 1145 1388 pallium
1183 1331 1340 1370 suum
1385 1314 1596 1388 (litim).
1657 1316 1926 1370 Lumbare

342 1407 592 1474 Domini,
627 1408 858 1479 populus
897 1405 1234 1471 ludmorum,
1277 1408 1544 1478 superbia:
1580 1407 1710 1462 vitio
1737 1416 1924 1476 putre-

343 1500 586 1566 factum;
643 1499 712 1554 de
756 1514 868 1569 quo
908 1499 964 1552 in
1008 1495 1244 1554 Ieremia
1289 1498 1550 1568 scriptum
1592 1507 1719 1553 est:
1774 1497 1924 1552 Sicut

342 1590 578 1644 lumbare
598 1588 830 1644 adltmret
855 1589 1086 1659 corpori,
1109 1589 1186 1643 sic
1207 1586 1466 1659 appellavi
1489 1588 1740 1660 populum
1766 1589 1925 1642 istum

341 1685 411 1736 ad
449 1698 550 1744 me,
591 1679 717 1734 dicit
751 1679 1009 1734 Dominus
1040 1677 1176 1750 (Jer.
1203 1679 1342 1745 ιω).
1367 1679 1650 1749 Cingulum
1690 1678 1924 1744 Christi,

335 1773 544 1842 iustitia
571 1773 686 1828 sive
706 1771 840 1827 fides
863 1769 997 1839 eius.
1043 1769 1254 1826 lliucin
1283 1769 1422 1825 lsaia
1446 1771 1640 1841 legitur
1664 1789 1678 1825 :
1703 1769 1925 1826 Iustitia

2023 587 2184 642 gnus,
2225 581 2478 637 Meritus,
2503 571 2864 642 munipotcns.
2905 571 3032 640 Ipse
3061 570 3165 626 sibi
3211 571 3411 636 unitas,
3457 573 3604 629 divi-

2025 665 2190 730 nitas,
2235 665 2566 735 magnitudo,
2608 665 2847 730 bonitas,
2891 664 3315 734 onmipotentia,
3353 673 3410 721 et
3448 667 3616 737 (prid...

2025 757 2153 828 quid
2199 756 2266 811 ad
2315 769 2375 810 se
2411 755 2842 811 substantialiter
2877 753 3096 808 dicitur.
3137 754 3257 809 Non
3299 755 3372 810 ita
3416 755 3476 810 in
3519 770 3605 811 ro-

2023 847 2202 902 latiris
2246 847 2524 902 vocabulis
2565 846 2969 916 intelligendum
3015 856 3100 902 est
3142 845 3226 902 vel
3273 847 3559 903 dicendum
3587 889 3604 912 ,

2022 940 2150 1010 quia
2191 939 2296 993 dici
2340 955 2446 994 non
2483 945 2682 1008 potest,
2725 937 2886 992 Pater
2927 937 3030 993 sibi
3073 937 3258 1002 Pater,
3307 937 3392 992 vel
3438 938 3610 995 Filius

2023 1031 2128 1086 sibi
2169 1030 2364 1095 Filius,
2400 1030 2486 1085 vel
2527 1029 2761 1100 Spiritus
2796 1037 3016 1084 sanctus
3057 1029 3158 1083 sibi
3203 1029 3440 1099 Spiritus
3479 1047 3609 1085 sanv

2023 1133 2144 1178 ctus
2172 1141 2184 1178 :
2221 1125 2315 1178 scd
2341 1121 2705 1178 bacerelativa
2731 1121 2992 1176 voeabula
3025 1122 3092 1176 ad
3129 1121 3290 1176 aliam
3317 1137 3608 1191 personam

2027 1213 2354 1270 referuntur.
2399 1213 2533 1268 Nam
2577 1221 2633 1269 et
2675 1214 2780 1269 hoc
2819 1228 3022 1268 nomen
3056 1211 3200 1284 quod
3245 1213 3491 1286 Spiritus.
3523 1215 3610 1270 di-

2027 1307 2192 1372 citur,
2237 1323 2344 1362 non
2385 1320 2601 1376 semper
2645 1306 2938 1362 secundum
2987 1308 3038 1362 id
3079 1309 3221 1378 quod
3267 1307 3502 1365 refertur
3543 1312 3622 1366 ad

2027 1398 2268 1469 aliquid,
2329 1399 2424 1453 sed
2461 1399 2756 1453 secundum
2799 1399 2850 1454 id
2891 1400 3034 1469 quod
3081 1401 3318 1472 aliquam
3362 1413 3612 1459 naturam

2027 1491 2328 1561 significat,
2375 1490 2711 1562 intelligitur.
2759 1490 2949 1546 Omnis
2988 1491 3134 1546 enim
3172 1493 3491 1564 incorporea
3518 1511 3616 1549 na-

2029 1589 2150 1635 tura
2191 1581 2416 1651 spiritus
2449 1581 2506 1635 in
2546 1579 2842 1650 Scripturis
2877 1581 3052 1636 sacris
3084 1582 3404 1652 appellatur.
3459 1583 3624 1640 Unde

2027 1686 2137 1726 non
2177 1679 2386 1725 tantum
2423 1670 2572 1725 Patri
2617 1679 2674 1726 et
2707 1670 2846 1726 Filio
2891 1680 2947 1727 et
2993 1671 3223 1743 Spiritui
3265 1683 3480 1741 sancto,
3517 1676 3614 1731 sed

2025 1762 2175 1817 omni
2217 1761 2470 1816 rationali
2510 1771 2779 1817 creatum
2819 1771 2876 1816 et
2909 1763 3108 1818 auium:
3148 1764 3253 1820 hoc
3293 1766 3615 1822 vocabulum

343 1865 608 1934 cingulum
642 1864 936 1919 lumborum
975 1865 1112 1934 ejus,
1150 1873 1198 1916 et
1237 1862 1367 1930 fides
1402 1862 1712 1917 cinerei-ium
1745 1878 1927 1917 renum
1955 1853 2004 1912 B
2031 1853 2296 1923 congruit.
2344 1851 2580 1923 Spiritus
2613 1862 2833 1908 sanctus
2857 1854 2979 1908 ideo
3005 1869 3110 1909 non
3137 1855 3337 1911 dicitur
3376 1859 3612 1928 genitus,

341 1958 459 2026 ejus
484 1955 619 2028 (Isa.
647 1954 746 2026 at).
789 1953 1168 2014 Calceamenta
1207 1955 1438 2014 Domini,
1485 1953 1801 2026 mysterium
1849 1955 1930 2008 in-

343 2047 705 2112 carnationis,
742 2047 809 2102 de
849 2061 960 2117 quo
995 2044 1232 2101 Joannes
1268 2044 1508 2114 Baptista
1549 2044 1604 2098 in
1635 2042 1931 2115 Evangelia

345 2141 458 2194 ait:
487 2138 654 2209 Cujus
685 2155 787 2192 non
812 2153 929 2192 sum
958 2137 1147 2207 dignus
1175 2135 1519 2207 procumbens
1543 2133 1739 2188 solvere
1766 2133 1923 2188 corri-

344 2233 485 2304 giam
511 2229 849 2284 calceameuti
876 2227 990 2298 ejus
1017 2227 1170 2300 (Luc.
1198 2225 1304 2299 ut).

961 2337 1188 2395 CAPUT
1227 2338 1311 2392 lli.

857 2410 937 2465 De
973 2409 1174 2480 Spiritu
1207 2419 1410 2464 sancto.

417 2503 656 2574 Spiritus
693 2509 916 2558 sanctus
956 2500 1076 2556 ideo
1113 2499 1442 2569 praedicatur
1470 2499 1644 2564 Deus,
1689 2500 1816 2569 quia
1861 2516 1928 2556 ex

346 2593 508 2650 Patre
534 2591 782 2662 Filioque
809 2590 1076 2662 procedit,
1111 2599 1168 2646 et
1194 2590 1553 2646 substantiam
1581 2589 1698 2657 eius
1742 2591 1927 2646 habet.

347 2683 533 2755 Neque
562 2682 706 2738 enim
735 2681 878 2736 aliud
905 2681 978 2738 de
1002 2681 1161 2736 Patre
1190 2681 1483 2752 procedere
1524 2683 1727 2751 potuit,
1767 2697 1932 2751 quam

347 2774 492 2845 quod
518 2773 634 2844 ipse
663 2780 748 2828 est
778 2770 960 2830 Pater.
1021 2770 1257 2842 Spiritus
1295 2779 1517 2829 sanctus
1545 2781 1724 2828 autem
1755 2771 1934 2828 dictus

348 2875 434 2920 est
470 2865 767 2920 secundum
807 2863 864 2918 id
911 2863 1054 2934 quod
1104 2865 1174 2918 ad
1221 2863 1424 2933 aliquid
1471 2862 1724 2918 refertur.
1782 2863 1936 2920 Sient

349 2956 495 3012 enim
528 2954 753 3010 relative
778 2951 944 3009 Pater
968 2961 1025 3008 et
1053 2952 1222 3009 Filius
1260 2955 1533 3020 dicuntur,
1585 2955 1660 3010 ita
1706 2961 1762 3010 et
1807 2953 1931 3025 Spio

350 3049 488 3102 ritus
516 3055 737 3102 sanctus
767 3045 836 3100 ad
865 3044 1080 3100 Patrem
1109 3053 1165 3098 et
1191 3043 1388 3098 Filium
1417 3043 1817 3114 quodammodo
1845 3058 1932 3099 re-

352 3139 512 3196 lative
535 3138 755 3204 dicitur,
786 3139 912 3208 quia
941 3137 1120 3196 Patris
1156 3145 1212 3192 et
1245 3136 1366 3192 Filii
1395 3136 1632 3208 Spiritus
1664 3147 1750 3194 est
1773 3152 1801 3192 :~
1834 3137 1928 3194 sed

2029 1959 2100 2000 ne
2141 1945 2248 1999 duo
2294 1945 2348 2000 in
2391 1944 2660 1999 Trinitate
2705 1943 2798 2000 lilii
2844 1946 3274 2015 suspicarentur.
3337 1947 3460 2010 ideo
3505 1965 3614 2002 non

2029 2037 2358 2108 praedicatur
2377 2037 2672 2109 ingenitus,
2701 2053 2777 2092 ne
2795 2038 2901 2092 duo
2927 2046 3112 2108 patres
3133 2039 3188 2094 in
3213 2040 3324 2110 ipsa
3347 2035 3618 2096 'l‘rinitate

2028 2128 2342 2183 credantur.
2408 2127 2716 2182 Procedens
2774 2135 2954 2182 autem
3022 2128 3242 2194 dicitur,
3307 2121 3618 2185 testimonio

2029 2217 2244 2273 Domini
2291 2218 2523 2274 dicmtis
2559 2236 2572 2272 :
2625 2217 2759 2272 Cum
2809 2228 2984 2272 autem
3041 2220 3233 2274 venerit
3281 2222 3570 2292 paraclitus
3600 2263 3616 2285 ,

2029 2331 2180 2384 quem
2224 2329 2317 2383 ego
2355 2313 2559 2366 mittam
2599 2311 2744 2366 vobis
2783 2329 2816 2365 a
2858 2311 3038 2376 Patre,
3075 2311 3332 2382 Spiritum
3358 2316 3616 2380 veritatis,

2029 2404 2120 2474 qui
2163 2421 2194 2456 η
2235 2403 2394 2456 Patre
2429 2401 2682 2472 procedit,
2723 2401 2814 2457 ille
2854 2403 3206 2458 testimonium
3235 2406 3523 2476 perhibebit
3553 2408 3620 2461 de

2031 2515 2113 2551 me
2139 2497 2320 2568 (Joan.
2351 2495 2441 2565 xv)
2461 2539 2476 2556 .
2525 2503 2577 2548 et
2598 2511 2831 2552 rursum:
2852 2497 3169 2568 Ille,iuquil,
3183 2515 3262 2552 me
3275 2498 3618 2566 clari/icabit,

2033 2591 2156 2662 quia
2198 2589 2262 2643 de
2299 2605 2412 2644 meo
2455 2589 2674 2660 accipiet
2713 2601 2759 2645 et
2799 2590 3131 2646 annuntiabit
3171 2592 3331 2646 vobis.
3379 2593 3477 2649 llic
3515 2611 3618 2649 ωι-

2034 2694 2142 2739 tem
2197 2698 2300 2738 non
2344 2682 2515 2738 solum
2562 2690 2757 2738 natura
2804 2685 3048 2754 procedit
3079 2726 3092 2747 ,
3153 2685 3246 2740 sed
3292 2700 3508 2757 semper
3549 2686 3618 2742 ad

2032 2772 2338 2844 peragenda
2390 2787 2554 2842 opera
2601 2771 2886 2827 Trinitatis
2937 2773 3309 2830 indesinenter
3353 2776 3618 2846 procedit.

2033 2861 2150 2920 Hoc
2195 2865 2422 2919 interest
2465 2862 2608 2917 inter
2645 2869 2955 2918 nascentem
2999 2862 3197 2918 Filium
3236 2873 3292 2918 et
3329 2865 3623 2934 procedam.

2033 2961 2141 3012 tem
2176 2954 2437 3026 Spiritum
2469 2961 2738 3018 sanctum,
2766 2953 2908 3024 quod
2935 2953 3101 3008 Filius
3125 2969 3190 3008 ex
3217 2970 3329 3009 uno
3355 2955 3622 3018 nascitur,

2034 3047 2270 3117 Spiritus
2308 3053 2526 3100 sanctus
2565 3060 2630 3099 ex
2673 3053 2904 3114 utroque
2931 3044 3195 3114 procedit.
3244 3043 3311 3099 Et
3339 3045 3461 3100 ideo
3492 3045 3623 3100 dicit

2035 3135 2360 3206 Apostolus:
2405 3132 2511 3200 Qui
2551 3144 2725 3188 autem
2763 3133 3022 3204 Spiritum
3060 3133 3259 3190 Christi
3301 3153 3406 3190 non
3445 3135 3622 3197 habet,

353 3235 467 3303 ipsa
499 3231 691 3286 relatio
719 3205 954 3300 Spiritus
999 3228 1173 3284 sancti
1221 3243 1330 3284 non
1380 3205 1453 3284 ita
1506 3229 1932 3300 reciprocatione
1961 3205 2005 3265 δ
2036 3205 2121 3280 hic
2163 3242 2265 3280 non
2305 3235 2379 3279 est
2419 3224 2534 3294 ejus
2565 3223 2738 3296 (llam.
2767 3224 2906 3296 rm).
2971 3223 3105 3278 Nam
3143 3223 3311 3279 Pater
3347 3239 3623 3294 nunquam

351 3321 594 3376 (converti
620 3321 849 3392 poterit,
895 3321 1037 3376 sicut
1080 3319 1244 3374 Pater
1285 3325 1342 3374 et
1381 3319 1569 3374 Filius.
1611 3318 1744 3374 Nam
1775 3320 1936 3374 Pater

355 3413 473 3468 Filii
506 3412 668 3468 Pater
693 3407 917 3478 dicitur,
957 3419 1013 3468 et
1039 3410 1209 3466 Filius
1245 3411 1423 3466 Patris
1454 3411 1667 3485 [Filius]
1699 3412 1944 3468 dicitur:

356 3502 594 3573 Spiritus
626 3511 846 3559 sanctus
873 3517 1004 3560 vero
1031 3501 1376 3561 uniformiter
1401 3502 1599 3558 dicitur
1625 3503 1692 3558 ad
1718 3503 1933 3558 Patrem

353 3602 412 3649 et
435 3592 654 3659 Filium,
681 3593 816 3664 quia
835 3589 1012 3648 Patris
1039 3601 1094 3647 et
1117 3591 1240 3647 Filii
1271 3591 1509 3662 Spiritus
1543 3602 1646 3648 est.
1697 3593 1938 3650 Dicimus

353 3684 501 3740 enim
537 3685 801 3754 Spiritum
843 3692 1112 3750 sanculm,
1142 3682 1406 3754 Spiritum
1443 3683 1646 3750 Patris,
1693 3683 1787 3740 sed
1830 3699 1938 3739 non

355 3775 594 3832 vicissim
635 3775 868 3831 dieiums
907 3774 1121 3830 Patrem
1165 3773 1400 3845 Spiritus
1426 3775 1624 3842 sancti,
1669 3789 1737 3831 ne
1771 3775 1940 3832 Filius

357 3866 477 3936 ejus
503 3863 834 3938 intelligatur
856 3865 1095 3938 Spiritus
1118 3875 1356 3922 sanctus.
1405 3866 1538 3926 item
1564 3867 1796 3923 dicimus
1819 3867 1942 3938 Spi-

358 3961 522 4014 ritum
563 3967 848 4024 sanctum,
898 3957 1159 4031 Spiritum
1205 3957 1368 4025 Filii,
1415 3959 1512 4014 sed
1556 3974 1664 4022 non
1709 3960 1942 4017 dicimus

360 4049 554 4104 Filium
599 4048 836 4120 Spiritus
875 4049 1049 4106 sancti
1073 4091 1089 4111 .
1140 4065 1208 4104 ne
1247 4048 1409 4114 Pater
1450 4051 1568 4123 ejus
1613 4051 1944 4122 intelligatur

361 4143 596 4214 Spiritus
634 4153 876 4202 sanctus.
934 4142 1144 4199 Dicitur
1179 4151 1236 4200 et
1275 4143 1416 4199 idem
1463 4143 1700 4215 Spiritus
1744 4145 1940 4199 donum

361 4235 494 4298 Dei,
543 4235 669 4304 quia
711 4235 858 4292 Deus
911 4236 1142 4291 donator
1189 4233 1315 4290 doni
1357 4235 1440 4291 sui
1483 4243 1586 4291 est.
1647 4235 1703 4290 lu
1749 4235 1944 4306 quibus

362 4324 670 4379 nominibus
727 4325 1068 4382 circumferri
1130 4334 1309 4396 potest
1363 4327 1602 4383 vicissim
1667 4327 1946 4384 relationis

365 4413 572 4484 regula,
599 4423 660 4469 ut
702 4415 784 4471 sic
827 4417 1037 4470 dicatur
1077 4416 1310 4472 donator
1350 4418 1475 4474 doni
1513 4427 1570 4474 et
1603 4420 1806 4476 donum
1851 4420 1946 4475 do-

2037 3316 2234 3387 legilur
2277 3315 2498 3376 missus,
2544 3313 2784 3384 Spiritus
2825 3331 2956 3369 vero
2999 3315 3227 3380 missus;
3273 3324 3333 3369 ut
3371 3323 3454 3370 est
3495 3314 3624 3369 illa-l

2038 3406 2420 3464 Dominicnm:
2469 3405 2797 3471 Paraclitus,
2842 3406 3058 3476 inquit,
3103 3405 3334 3478 Spiritus
3373 3416 3619 3468 sanctus,

2037 3516 2190 3571 quem
2227 3500 2390 3552 mittet
2437 3495 2598 3556 Pater
2634 3499 2690 3552 in
2735 3498 2944 3552 nomine
2987 3515 3120 3564 meo,
3164 3497 3254 3552 ille
3296 3513 3386 3552 vos
3424 3499 3631 3553 docclit.

2039 3591 2214 3647 omnia
2235 3601 2282 3645 et
2307 3601 2544 3662 suggeret
2568 3589 2708 3644 vobis
2731 3589 2906 3644 omnia
2931 3589 3113 3661 (Joan.
3140 3590 3275 3662 xw).
3325 3589 3628 3645 Pill‘ilClllilS

2039 3686 2183 3740 enim
2209 3683 2415 3748 Graiae,
2439 3683 2640 3740 Latine-
2667 3683 3058 3754 interpretatur
3081 3683 3411 3745 consolator,
3439 3698 3468 3736 a
3496 3699 3626 3738 cou-

2041 3778 2336 3844 solatione;
2379 3777 2660 3848 paraclisis
2699 3777 2841 3831 enim
2883 3775 3180 3833 consolatio
3213 3776 3631 3847 interpretatur.

2041 3867 2292 3924 Christus
2333 3868 2478 3924 enim
2525 3879 2648 3922 eum
2695 3867 3006 3936 lugentibus
3046 3866 3214 3931 misit,
3242 3876 3526 3937 postquam
3557 3868 3627 3920 at:

2043 3971 2231 4015 eorum
2271 3959 2445 4014 oculis
2485 3958 2602 4029 ipse
2645 3958 2702 4012 in
2747 3957 2944 4012 omium
2995 3956 3258 4011 ascendit.
3309 3956 3630 4012 Consolator

2043 4052 2187 4106 enim
2235 4049 2483 4105 tristibus
2524 4047 2794 4112 mittitur,
2857 4047 3162 4102 secundum.
3196 4046 3343 4101 illam
3385 4045 3626 4116 ejusdmn

2044 4139 2257 4197 Domini
2296 4139 2664 4194 sententiam:
2715 4137 2864 4191 Beati
2909 4136 3182 4208 lugentes,
3236 4138 3484 4208 quoniam
3529 4137 3627 4207 ipsi

2045 4229 2454 4286 consolabuntur
2497 4227 2709 4299 (Matth.
2753 4226 2830 4298 v).
2893 4225 3013 4297 Ipse
3051 4227 3218 4281 etiam
3263 4227 3433 4280 dicit:
3481 4224 3630 4280 Tunc

2044 4321 2288 4392 lugebunt
2313 4320 2412 4392 ﬁlii
2435 4319 2634 4390 sponsi,
2671 4333 2788 4372 cum
2811 4317 2874 4371 ab
2895 4318 2972 4372 eis
2998 4317 3205 4372 ablatus
3229 4317 3384 4384 fuerit
3408 4335 3638 4389 sponsus,

2047 4413 2262 4480 (Matth.
2291 4413 2390 4486 ιχ).
2436 4411 2569 4466 Item
2607 4409 2927 4481 paraclitus,
2967 4425 3068 4480 pro
3105 4425 3171 4464 eo
3203 4407 3346 4480 quod
3384 4408 3632 4464 consola-

364 4509 602 4574 naturis;
649 4508 776 4578 quia
819 4509 872 4562 in
912 4508 999 4564 his
1030 4509 1308 4564 vocabulis
1350 4511 1525 4580 potuit
1565 4511 1793 4566 inveniri
1833 4512 1943 4566 usi—
1969 4569 2016 4580 __
2048 4505 2246 4560 tionem
2271 4510 2492 4574 pmstat
2515 4502 2710 4556 animis
2739 4501 2829 4570 qui
2863 4501 3116 4572 gaudium
3141 4500 3438 4570 temporale
3464 4502 3628 4555 amit-

370 4609 481 4656 tata
521 4569 1012 4670 huic-categorias,
1046 4613 1167 4668 qua:
1211 4569 1410 4653 dicitur
1452 4599 1519 4653 ad
1561 4599 1793 4670 aliquid,
1835 4600 1944 4655 cir—
1969 4569 2022 4630 Ῑ)
2051 4603 2190 4650 tunt.
2233 4569 2338 4648 Alii
2375 4591 2697 4662 paraclitum
2737 4569 2926 4644 [satine
2967 4569 3355 4645 oratoremivel
3393 4591 3628 4646 advoca-

369 4689 642 4748 eumlatio.
713 4688 854 4760 Ergo
905 4689 1011 4744 hoc
1059 4690 1259 4746 donum
1301 4689 1437 4758 Dei,
1487 4691 1540 4745 id
1587 4699 1670 4748 est
1713 4689 1947 4760 Spiritus

369 4790 610 4842 sanctus.
653 4781 743 4852 qui
786 4781 851 4836 de
884 4765 1052 4836 Patre
1099 4789 1154 4836 et
1193 4780 1332 4838 Filio
1365 4781 1644 4853 aequaliter
1681 4783 1944 4852 procedit,

368 4873 654 4929 inell'abilis
697 4871 940 4942 qutedam
985 4872 1164 4928 Patris
1203 4871 1432 4943 Filiique
1473 4873 1783 4928 communio
1822 4883 1942 4928 est:

367 4973 423 5020 et
463 4963 585 5018 ideo
629 4961 862 5017 fortasse
899 4959 981 5016 sic
1020 4961 1338 5032 appellatur,
1365 4961 1490 5030 quia
1529 4959 1676 5016 Patri
1719 4971 1775 5016 ct
1811 4959 1947 5017 Filio

366 5063 546 5126 potest
587 5053 777 5110 eadem
823 5051 1109 5124 appellatio
1151 5052 1460 5108 convenire.
1512 5049 1646 5105 Nam
1690 5053 1794 5106 hoc
1835 5052 1949 5122 ipse

367 5145 586 5218 proprie
635 5143 873 5208 dicitur,
937 5143 1081 5218 quod
1130 5141 1205 5196 illi
1249 5142 1610 5200 communiter
1651 5143 1944 5196 dicuntur:

366 5239 493 5308 quia
535 5246 590 5292 et
633 5235 796 5292 Pater
833 5233 1070 5306 Spiritus
1109 5243 1166 5294 et
1209 5233 1383 5290 Filius
1430 5233 1682 5304 Spiritus,
1711 5241 1766 5288 et
1791 5233 1952 5290 Pater

369 5339 626 5396 sanctus,
671 5339 730 5385 ct
769 5328 941 5385 Filius
982 5333 1203 5384 sanctus
1247 5335 1394 5382 recte
1436 5326 1652 5382 dicitur.
1707 5327 1848 5399 Ergo
1894 5335 1952 5382 ut

367 5421 678 5479 nominibus
712 5419 917 5489 junctis
941 5460 958 5484 ,
1006 5433 1128 5494 qua:
1167 5417 1456 5489 separatim
1499 5417 1780 5487 utriusque
1827 5432 1946 5488 per-

368 5529 515 5569 suum
556 5511 911 5573 conveniunt,
940 5509 1223 5580 Utriusque
1262 5505 1570 5562 communio
1615 5507 1831 5580 proprie
1877 5505 1947 5560 si-

368 5607 671 5678 gniﬁcetur,
699 5611 926 5658 vocatur
947 5603 1183 5672 Spiritus
1230 5613 1450 5657 sanctus
1474 5618 1486 5653 :
1530 5599 1654 5670 quia
1680 5609 1764 5655 est
1790 5601 1946 5656 tertia

369 5703 422 5755 in
465 5707 650 5755 Silllcla
691 5693 958 5751 Trinitatc
1011 5709 1238 5763 persona
1267 5733 1281 5756 ,
1349 5693 1495 5748 Patri
1559 5701 1615 5746 et
1669 5691 1804 5746 Filio
1853 5708 1949 5763 per

369 5792 548 5848 omnia
585 5788 830 5861 mtplalis,
875 5804 982 5863 qua
1023 5796 1324 5845 certemus
1363 5797 1416 5844 et
1451 5787 1945 5843 consubstantialis.

2049 4695 2160 4741 tum
2189 4685 2636 4755 interpretantur.
2661 4685 2780 4754 ipse
2799 4683 2940 4737 enim
2963 4680 3200 4752 Spiritus
3225 4691 3442 4739 sanctus
3463 4683 3630 4738 dicit:

2047 4776 2164 4848 ipse
2195 4777 2390 4842 docet;
2444 4789 2542 4844 per
2571 4775 2745 4845 ipsum
2784 4773 2946 4829 datur
2975 4789 3154 4830 sermo
3195 4774 3510 4844 sapientia);
3563 4774 3633 4832 all

2049 4869 2165 4940 ipso
2211 4875 2397 4924 sancta
2429 4866 2707 4936 Scriptura
2753 4865 3015 4935 inspirata
3063 4873 3167 4920 est.
3227 4865 3352 4922 Ideo
3399 4865 3631 4937 Spiritus

2049 4967 2267 5016 sanctus
2311 4956 2640 5026 scptiformis
2680 4964 3045 5026 nuncupatur,
3093 4963 3313 5027 propter
3341 4955 3480 5011 dona
3511 4973 3632 5026 qua:

2045 5051 2113 5106 de
2149 5049 2450 5104 divinitatis
2487 5045 2605 5115 ejus
2646 5045 2980 5117 plenitudine
3009 5044 3374 5116 particulatim
3405 5045 3632 5117 quique,

2045 5149 2104 5196 ut
2149 5141 2295 5212 digni
2345 5147 2508 5206 sunt,
2562 5137 2820 5208 consequi
2867 5147 3266 5208 promerentur.
3320 5136 3439 5208 Ipse
3489 5139 3631 5192 enim

2046 5235 2271 5306 spiritus
2298 5233 2579 5304 sapientia:
2605 5237 2660 5286 et
2688 5229 3028 5295 intellectus,
3069 5229 3297 5299 spiritus
3334 5229 3544 5285 consilii
3581 5238 3636 5285 rt

2048 5325 2399 5390 fortitudinis,
2429 5323 2653 5392 spiritus
2680 5321 2919 5376 scientia:
2949 5329 3004 5376 et
3028 5320 3268 5390 pietatis,
3305 5321 3535 5391 Spiritus
3565 5321 3632 5374 til-

2053 5416 2221 5471 moris
2249 5413 2459 5470 Domini
2489 5411 2686 5468 dicitur
2711 5409 2844 5484 (lsa.
2872 5411 2972 5480 xu).
3011 5408 3245 5480 Spiritus
3273 5419 3456 5465 autem
3487 5410 3630 5478 prin-

2053 5507 2240 5578 cipalis
2273 5507 2327 5560 in
2362 5504 2568 5576 psalmo
2605 5502 3054 5572 quinquagesimo
3093 5500 3308 5572 legitur.
3361 5499 3462 5556 Ubi
3505 5507 3636 5571 quia

2055 5600 2212 5655 tertio
2255 5597 2467 5664 spiritus
2513 5593 2796 5664 repetitur,
2849 5591 3090 5646 nonnulli
3121 5591 3440 5647 Trinitatem
3471 5591 3631 5646 intel-

2055 5697 2320 5755 lexerunt,
2354 5693 2473 5748 ideo
2507 5690 2631 5760 quia
2671 5689 2933 5758 scriptum
2963 5695 3088 5742 est:
3127 5685 3270 5740 Dcus
3297 5683 3528 5752 Spiritus
3556 5692 3632 5735 est

2058 5784 2236 5848 (.Ionn.
2269 5783 2362 5848 iv).
2396 5780 2546 5848 Quoi
2576 5778 2719 5833 enim
2751 5793 2856 5832 non
2884 5787 2970 5832 cst
2987 5791 3202 5847 corpus,
3231 5784 3282 5830 et
3314 5782 3494 5832 tamen
3524 5783 3631 5836 εει,
