4064 6206
410 335 483 390 25
1418 336 1504 392 DE
1547 336 1893 396 UMVERSO
1930 338 2109 395 LIBRI
2151 338 2314 394 XXII.
2352 372 2423 382 —
2457 340 2588 396 LIB.
2611 334 2670 398 Ἰ.
3628 347 3700 404 96

411 447 626 503 ridetur
678 454 893 502 restare
949 454 1009 501 ut
1063 446 1286 518 spiritus
1334 450 1426 504 sit.
1502 451 1813 525 lntelligunt
1856 454 2002 509 enim
2030 460 2077 519 Α
2107 464 2167 509 ιιι
2191 456 2378 525 quanti
2409 457 2477 511 ad
2504 471 2650 521 eum,
2681 458 2869 527 quanti
2899 459 2968 514 ad
2995 459 3202 515 crinem
3231 463 3485 532 purpurei
3515 465 3698 533 splen-

413 537 491 592 ἰὺὶ
521 535 762 591 nonnulli
793 536 1124 595 Trinitatem
1156 539 1449 608 signiﬁcari
1476 561 1489 595 :
1534 543 1585 597 in
1617 545 1820 614 Spiritu
1852 547 2002 615 prin-

410 628 571 698 cipali
616 627 839 683 Patrem
860 668 877 694 ,
928 628 983 682 in
1029 628 1237 700 Spiritu
1266 640 1418 687 recto
1448 632 1681 700 Filium,
1715 636 1768 691 in
1801 635 2006 707 Spiritu

411 728 601 775 sancto
627 718 897 791 Spiritum
926 731 1193 776 sanctum.
1246 721 1483 793 Spiritus
1508 735 1729 780 sinetus
1760 726 1880 782 ideo
1906 728 2002 783 do—

409 829 543 869 num
561 812 656 868 Dei
685 813 909 876 dicitur,
944 829 1011 868 eo
1042 814 1187 883 quod
1216 814 1396 869 datur.
1436 815 1482 869 A
1513 816 1694 871 dando
1724 818 1869 872 enim
1906 820 2002 871 do-

407 922 543 961 num
574 915 661 960 est
690 914 1084 975 nuncupatum.
1136 906 1489 962 Notissimum
1525 916 1609 962 est
1644 909 1786 964 enim
1817 909 2000 964 Domi-

410 1011 541 1050 num
563 995 750 1052 Jesurn
772 996 1076 1062 Christum,
1098 1014 1220 1053 eum
1250 1007 1374 1067 post
1402 999 1519 1070 ejus
1552 1002 2001 1055 resurrectionem

408 1102 444 1141 a
498 1087 735 1143 mortuis,
776 1089 1024 1143 ascendit
1074 1088 1130 1142 in
1182 1088 1422 1153 cmlum,
1475 1090 1691 1145 dedisse
1738 1090 2000 1160 Spiritum

406 1186 706 1236 sanctum:
749 1193 861 1243 quo
905 1179 1190 1237 credentes
1231 1180 1474 1251 impleti,
1529 1180 1726 1252 linguis
1758 1183 1999 1237 oruuium

405 1270 653 1338 gentium
683 1270 1069 1339 loquebantur.
1126 1271 1182 1326 ln
1225 1280 1432 1326 tantum
1464 1274 1663 1327 donum
1703 1274 1797 1328 Dei
1829 1285 1913 1328 est
1945 1275 1996 1328 in

405 1368 675 1428 quantum
706 1361 867 1415 datur
890 1362 971 1416 eis
996 1362 1087 1431 qui
1113 1378 1209 1431 per
1229 1378 1351 1417 cum
1378 1363 1606 1435 diligunt
1628 1363 1818 1419 Deum.
1845 1365 1998 1434 Apud

405 1466 471 1505 se
487 1460 670 1505 autem
689 1451 833 1507 Deus
852 1462 957 1518 est,
973 1454 1116 1523 apud
1135 1469 1235 1509 nos
1258 1454 1459 1507 donum
1486 1462 1589 1517 est,
1609 1455 1703 1509 sed
1721 1454 2002 1525 sempiter-

405 1560 480 1599 ne
508 1543 749 1615 Spiritus
779 1555 1003 1600 sanctus
1033 1546 1231 1600 donum
1260 1553 1382 1610 est,
1411 1545 1747 1601 distribuens
1774 1545 1999 1616 singulis

400 1648 567 1708 prout
591 1639 732 1705 vult,
759 1640 1060 1709 gratiarum
1090 1642 1227 1696 dona
1252 1640 1299 1712 (l
1324 1640 1445 1696 Cor.
1471 1641 1594 1713 xu).
1632 1640 1767 1695 Nam
1795 1650 1851 1697 et
1876 1656 1999 1711 pro-

402 1731 623 1799 phetis,
669 1732 870 1801 quibus
897 1733 1045 1797 vult,
1096 1733 1369 1804 impartit;
1417 1741 1473 1789 et
1508 1744 1764 1803 peccata,
1801 1734 1998 1804 quibus

2108 549 2255 604 doris
2284 550 2625 619 aspexerint,
2666 551 2831 607 tantis
2857 553 3031 608 visum
3069 569 3181 609 sua:
3208 554 3346 610 lucis
3376 555 3693 625 impertiat,

2106 641 2273 695 tantis
2299 642 2616 710 mysterium
2646 641 2729 696 sui
2751 643 3003 698 muneris
3036 645 3256 709 tribuat,
3288 656 3345 700 et
3370 647 3482 717 ipse
3509 649 3563 702 in
3593 666 3691 705 sua

2106 731 2454 785 nihilominus
2492 732 2801 802 integritate
2836 741 3170 802 permaneat.
3211 734 3446 805 Spiritus
3468 749 3691 794 sanctus

2104 821 2322 874 nomine
2346 835 2498 889 aqua:
2527 820 2828 891 appellatur
2854 822 2907 876 in
2945 823 3266 893 Evangelio,
3313 824 3542 880 Domino
3573 827 3624 881 cl
3659 858 3689 871 -

2104 920 2286 964 mante
2306 920 2359 964 ct
2381 912 2591 966 dicente
2616 931 2628 964 :
2661 911 2718 967 Si
2742 914 2858 983 quis
2884 915 3016 979 sitit,
3039 916 3207 968 veniat
3235 916 3304 969 ad
3330 933 3430 982 me,
3454 927 3501 971 et
3523 918 3686 972 bibat.

2106 1003 2210 1068 Qui
2237 1004 2397 1056 credit
2428 1006 2481 1058 in
2509 1021 2612 1069 me,
2655 1007 2878 1075 [lumina
2907 1024 3057 1076 aqua:
3084 1009 3208 1062 ritur
3233 1010 3396 1078 ﬂuent
3426 1010 3491 1063 de
3518 1022 3693 1065 ventre

2103 1093 2215 1161 ejus
2255 1092 2436 1164 (Joan.
2464 1094 2583 1165 rit).
2643 1096 2982 1169 Evangelista
3026 1107 3207 1153 autem
3256 1102 3505 1169 exposuit
3545 1103 3689 1158 unde

2103 1182 2345 1248 diceret.;
2402 1194 2621 1239 secutus
2668 1188 2811 1241 enim
2862 1189 2978 1243 ait:
3032 1188 3148 1244 Hoc
3192 1191 3330 1244 enim
3374 1192 3577 1247 dicebat
3623 1195 3688 1247 de

2103 1270 2302 1341 Spiritu
2325 1291 2477 1343 queat
2504 1279 2767 1347 accepturi
2793 1290 2943 1333 erant
2971 1281 3234 1336 credentes
3261 1284 3317 1336 in
3339 1300 3457 1338 eum
3474 1284 3617 1354 (Ibid
3625 1286 3685 1355 .).

2104 1360 2209 1415 Sed
2233 1363 2377 1417 aliud
2400 1374 2484 1419 est
2508 1381 2645 1435 aqua
2673 1371 3019 1435 sacramenti,
3042 1372 3189 1427 aliud
3212 1389 3354 1443 aqua
3378 1391 3497 1444 qua:
3523 1377 3689 1447 signi-

2101 1452 2228 1507 ﬁcat
2264 1452 2526 1524 Spiritum
2566 1458 2678 1512 Dei.
2729 1459 2882 1530 Aqua
2918 1463 3066 1517 enim
3104 1467 3429 1519 sacramenti
3460 1467 3690 1523 visibilis

2099 1553 2211 1610 est,
2242 1561 2381 1616 aqua
2411 1546 2647 1619 Spiritus
2676 1550 2962 1607 invisibilis
2991 1562 3093 1609 est.
3136 1555 3243 1609 Ista
3271 1556 3442 1611 abluit
3466 1573 3688 1628 corpus,

2098 1642 2155 1690 et
2199 1636 2471 1707 significat
2517 1642 2659 1709 quod
2708 1642 2770 1695 lit
2817 1642 2871 1696 in
2919 1644 3138 1698 anima:
3182 1660 3279 1715 per
3317 1645 3466 1700 illum
3506 1658 3690 1703 autem

2102 1726 2362 1796 Spiritum
2385 1740 2630 1785 sanetum
2658 1732 2770 1800 ipsa
2793 1733 2973 1788 anima
3001 1736 3294 1790 mandatur
3313 1744 3370 1792 et
3387 1738 3688 1809 saginatur.

403 1822 542 1888 vult,
568 1823 797 1879 dimittit
821 1842 836 1878 :
872 1840 996 1878 nam
1027 1834 1246 1895 peccata
1278 1831 1465 1880 nostra
1492 1824 1610 1880 sine
1640 1825 1843 1894 Spiritu
1871 1840 1997 1880 sau-
2024 1818 2070 1877 B
2100 1815 2338 1887 Spiritus
2365 1829 2587 1877 sanctus
2614 1822 2736 1878 ideo
2764 1824 2948 1879 unctio
2973 1826 3192 1892 dicitur,
3211 1825 3419 1883 Joanne
3443 1829 3690 1898 apostolo
3752 1878 3757 1879 ν

402 1923 497 1968 eto
542 1930 650 1967 non
696 1915 991 1969 donantur.
1044 1913 1279 1984 Spiritus
1320 1919 1543 1970 sanctus
1588 1915 1713 1970 inde
1751 1914 1993 1970 charitas

400 2005 626 2075 preprie
658 2014 1041 2075 nuncupatur:
1077 2007 1158 2061 vel
1187 2006 1313 2075 quia
1342 2006 1662 2062 naturaliter
1689 2023 1784 2063 eos
1812 2024 1842 2062 a
1870 2008 1993 2078 qui-

398 2095 506 2148 bus
543 2095 829 2164 procedit,
880 2095 1162 2168 conjungit
1193 2105 1249 2151 et
1290 2113 1350 2153 se
1389 2114 1553 2153 unum
1594 2113 1718 2153 cum
1753 2099 1836 2155 eis
1871 2115 1992 2155 esse

399 2187 677 2251 ostendit;
719 2186 806 2240 vel
832 2188 960 2255 quia
990 2187 1043 2241 in
1079 2188 1235 2243 nobis
1266 2189 1318 2243 id
1345 2189 1489 2261 agit,
1532 2198 1592 2243 ut
1632 2191 1687 2244 in
1727 2191 1840 2245 Deo
1878 2206 1994 2245 ma-

398 2294 653 2343 neamus,
682 2288 737 2333 et
765 2279 879 2348 ipse
903 2280 958 2335 in
989 2280 1164 2336 nobis.
1202 2280 1353 2337 Unde
1383 2292 1439 2337 et
1466 2283 1520 2338 in
1550 2283 1708 2339 donis
1735 2283 1830 2338 Dei
1859 2283 1992 2338 nihil

401 2369 579 2438 majus
600 2379 687 2425 est
708 2371 1003 2438 charitate,
1034 2381 1091 2427 et
1118 2373 1322 2427 nullum
1350 2383 1435 2429 est
1462 2373 1638 2443 majus
1663 2374 1865 2430 donum
1895 2376 1990 2430 Dei

400 2477 565 2530 quam
594 2462 831 2532 Spiritus
860 2472 1101 2537 sanctus.
1136 2463 1254 2533 Ipse
1278 2475 1362 2520 est
1387 2476 1444 2519 et
1472 2466 1644 2535 gratia
1673 2484 1687 2519 :
1719 2482 1839 2536 qua:
1862 2468 1991 2537 quia

399 2568 509 2607 non
540 2570 643 2623 pro
674 2555 884 2609 meritis
908 2557 1141 2620 nostris,
1184 2557 1276 2611 sed
1304 2557 1579 2613 voluntate
1607 2558 1787 2612 divina
1822 2560 1993 2630 gratis

398 2643 580 2710 datur,
630 2646 756 2700 inde
799 2647 981 2717 gratia
1024 2657 1388 2719 nuncupatur.
1442 2649 1594 2705 Sicut
1642 2653 1861 2707 unicum
1895 2653 1990 2708 Dei

400 2734 640 2790 Verbum
676 2738 903 2805 proprie
940 2753 1200 2793 vocamus
1238 2740 1455 2795 nomine
1496 2742 1772 2811 sapientia:
1797 2782 1814 2809 ,
1865 2757 1990 2798 eum

398 2825 471 2880 sit
496 2824 681 2892 Pater,
708 2837 765 2882 et
792 2827 982 2893 Filius,
1011 2838 1069 2884 et
1089 2828 1325 2901 Spiritus
1354 2841 1578 2888 sanctus
1607 2834 1990 2890 universaliter

399 2916 704 2985 sapientia:
743 2918 820 2971 ita
857 2918 1096 2989 Spiritus
1134 2930 1354 2977 sanctus
1400 2924 1613 2993 proprie
1642 2935 1989 2996 nuncupatur

398 3008 664 3063 vocabulo
682 3008 1003 3075 ebaritatis,
1037 3026 1163 3066 cum
1193 3012 1262 3066 sit
1290 3011 1456 3067 Pater
1482 3022 1539 3067 et
1566 3013 1734 3071 Filius
1764 3016 1984 3071 univer-

396 3100 587 3155 saliter
611 3101 875 3158 cbaritas.
930 3102 1169 3173 Spiritus
1196 3113 1419 3160 sanctus
1447 3104 1645 3174 digitus
1692 3106 1784 3161 Dei
1838 3123 1983 3174 esse,

397 3191 451 3245 in
479 3190 636 3246 libris
656 3192 936 3265 Evangelii
961 3195 1303 3265 apertissime
1320 3195 1649 3251 declaratur.
1682 3196 1815 3275 Cum
1838 3198 1986 3254 enim

396 3300 539 3338 unus
564 3286 895 3355 evangelista
933 3286 1196 3341 dixisset:
1242 3286 1309 3341 In
1347 3289 1511 3359 digito
1542 3288 1641 3343 Dei
1678 3291 1833 3359 ejicio
1870 3290 1985 3344 da:-

394 3375 746 3443 mom‘a(an.
765 3378 868 3450 si),
903 3378 1045 3433 alius
1072 3378 1177 3433 hoc
1206 3378 1347 3434 idem
1377 3380 1451 3434 ita
1480 3381 1617 3435 dixit
1642 3399 1653 3435 :
1684 3381 1750 3435 In
1782 3381 1988 3453 Spiritu

391 3466 496 3520 Dei
532 3468 687 3537 ejicio
723 3468 986 3522 dwmonia
1019 3467 1234 3540 (Matth.
1265 3469 1386 3540 xu).
1431 3471 1584 3527 Unde
1612 3481 1669 3527 et
1695 3472 1863 3542 digito
1888 3472 1985 3527 Dei

390 3560 602 3630 Scripta
628 3559 716 3614 lex
745 3569 852 3626 est,
879 3561 1005 3615 datu
1034 3562 1124 3616 die
1150 3562 1592 3632 quinquagesima
1621 3564 1690 3617 ab
1714 3565 1986 3621 occisione

390 3652 524 3722 agni
548 3670 565 3705 :
596 3661 654 3706 et
691 3653 781 3708 die
820 3652 1267 3724 quinquagesima
1304 3656 1450 3709 venit
1490 3654 1726 3725 Spiritus
1764 3665 1987 3713 sanctus

390 3759 423 3796 a
454 3744 713 3813 passione
755 3744 970 3798 Domini
1008 3745 1179 3799 nostri
1205 3742 1330 3800 Jesu
1359 3744 1584 3799 Christi.
1636 3745 1761 3800 Ideo
1801 3755 1983 3802 autem

390 3834 600 3904 digitus
632 3835 730 3889 Dei
770 3834 994 3900 dicitur,
1047 3846 1107 3889 ut
1156 3833 1272 3903 ejus
1318 3836 1627 3906 operatoria
1660 3837 1833 3892 virtus
1860 3854 1982 3893 eum

390 3925 560 3981 Patre
581 3935 639 3982 et
661 3926 800 3981 Filio
826 3928 1182 3999 signiﬁcetur.
1218 3928 1372 3984 Unde
1398 3938 1454 3983 et
1476 3928 1676 3984 Paulus
1704 3930 1781 3985 ait
1806 3948 1818 3984 :
1857 3930 1985 3984 llrrc

392 4028 571 4072 autem
599 4020 780 4072 omnia
805 4028 1056 4089 operatur
1085 4036 1219 4073 unus
1260 4029 1415 4090 atque
1444 4020 1583 4074 idem
1615 4019 1866 4090 Spiritus,
1898 4021 1983 4075 di-

391 4111 575 4164 eidem
602 4109 825 4180 singulis
864 4118 1019 4181 prout
1061 4111 1167 4165 vult
1198 4110 1250 4184 (1
1279 4109 1403 4166 Cor.
1437 4112 1559 4183 sit).
1616 4111 1771 4167 Sicut
1805 4123 1982 4169 autem

390 4218 497 4274 per
522 4202 853 4273 baptismum
894 4203 948 4258 in
988 4203 1207 4259 Christo
1236 4204 1498 4259 morimur
1526 4215 1581 4259 et
1622 4208 1982 4273 renascimur,

392 4296 471 4347 ita
501 4293 707 4364 Spiritu
739 4295 1037 4365 signamur,
1078 4294 1169 4363 qui
1199 4304 1282 4349 est
1308 4293 1508 4365 digitus
1535 4294 1631 4350 Dei
1661 4302 1716 4349 et
1744 4296 1985 4366 Spiritale

392 4383 754 4455 signaculum.
815 4384 1050 4454 Spiritus
1096 4394 1317 4439 sanctus
1363 4384 1567 4440 idcirco
1618 4386 1670 4439 in
1719 4387 1983 4442 columba:

393 4480 577 4548 specie
607 4480 819 4533 venisse
848 4478 1125 4544 scribitur,
1174 4486 1233 4532 ut
1280 4486 1471 4531 natura
1520 4475 1638 4546 ejus
1684 4493 1781 4547 per
1826 4496 1979 4534 avem

393 4571 764 4641 simplicitatis
793 4579 846 4626 et
870 4570 1190 4625 innocentia:
1217 4570 1543 4625 declaretur.
1593 4570 1745 4626 Unde
1780 4580 1836 4626 et
1876 4572 1982 4627 Do-

397 4667 578 4721 minus
620 4684 633 4719 :
690 4664 909 4731 Estote,
961 4665 1175 4735 inquit,
1226 4665 1486 4735 simplices
1535 4667 1671 4720 sicut
1730 4665 1983 4720 columba:

396 4756 617 4827 (Matth.
659 4756 739 4827 ι).
798 4755 923 4812 Haec
958 4757 1102 4811 enim
1140 4756 1255 4810 avis
1301 4756 1656 4826 corporaliter
1700 4756 1815 4827 ipso
1861 4755 1983 4810 felle

396 4858 587 4914 caret,
652 4848 859 4903 habens
906 4856 1116 4902 tantum
1179 4847 1544 4902 innocentiam
1607 4854 1661 4901 et
1718 4860 1981 4900 amorem.

397 4942 634 5013 Spiritus
674 4951 899 4996 sanctus
936 4941 1060 4995 inde
1098 4940 1314 4995 nomine
1363 4939 1503 5009 ignis
1549 4939 1849 5008 appellatur
1884 4953 1982 5009 pro

395 5052 463 5091 eo
511 5035 657 5105 quod
712 5035 766 5089 in
818 5032 1182 5105 apostolorum
1230 5032 1456 5087 Actibus
1520 5047 1618 5100 per
1660 5032 1980 5086 divisionem

392 5133 702 5203 linguarum
750 5137 812 5184 ut
856 5128 999 5201 ignis
1045 5129 1333 5198 apparuit:
1369 5128 1461 5198 qui
1508 5135 1556 5181 et
1600 5126 1787 5181 insedit
1827 5142 1983 5196 super

394 5237 814 5294 unumquemque
842 5235 1023 5274 eorum
1054 5218 1192 5290 (Act.
1224 5219 1310 5289 ιι).
1365 5218 1662 5288 Propterea
1692 5226 1871 5272 autem
1901 5217 1983 5273 di-

392 5331 675 5370 versarum
729 5314 1037 5387 linguarum
1088 5311 1319 5383 gratiam
1374 5309 1633 5380 apostolis
1685 5310 1870 5371 dedit,
1924 5318 1983 5363 ut

392 5407 572 5461 idonei
617 5405 965 5461 edicerentur
1007 5403 1242 5457 ﬁdelium
1287 5402 1590 5456 eruditione
1635 5398 1975 5469 pepulerunt.

390 5497 548 5566 Quod
592 5512 718 5552 vero
764 5510 931 5567 supra
980 5493 1223 5565 singulos
1272 5493 1478 5547 sedisse
1530 5500 1879 5553 memoratur,
1927 5488 1980 5543 id

390 5605 570 5645 causa:
604 5598 688 5644 est
726 5597 785 5642 ut
824 5586 1158 5656 intelligatur
1183 5600 1279 5654 per
1306 5583 1485 5654 plures
1513 5599 1619 5637 non
1650 5583 1812 5637 fuisse
1840 5582 1978 5636 divi-

390 5696 507 5745 sus,
533 5682 628 5736 sed
653 5679 920 5734 mansisse
947 5680 1000 5732 in
1026 5676 1249 5747 singulis
1279 5686 1443 5738 totus,
1468 5674 1609 5728 sirut
1632 5675 1742 5729 fere
1769 5674 1981 5743 ignibus

393 5790 511 5837 titus
537 5782 640 5830 est.
690 5771 840 5829 lianc
871 5770 1016 5827 enim
1049 5769 1209 5830 habet
1245 5776 1495 5829 naturam
1532 5765 1668 5839 ignis
1699 5781 1977 5824 accensus,

2008 4531 2061 4590 D

2095 1921 2332 1970 testante
2362 1915 2412 1985 (1
2439 1916 2602 1972 Joan.
2628 1918 2728 1986 ll);
2762 1920 2888 1989 quia
2919 1921 3059 1976 sicut
3086 1922 3265 1978 oleum
3295 1924 3529 1978 naturali
3555 1939 3688 1994 pon-

2094 2004 2224 2060 dere
2244 2007 2583 2076 superl'ertur
2607 2011 2753 2064 onmi
2778 2011 3008 2080 liquore,
3033 2014 3105 2068 ita
3131 2014 3184 2069 in
3208 2015 3474 2086 principio
3496 2031 3687 2086 super-

2094 2096 2369 2153 ferebatur
2386 2099 2619 2169 Spiritus
2634 2111 2859 2158 sanctus
2870 2105 3044 2173 aquis.
3063 2105 3214 2161 Unde
3225 2116 3280 2161 et
3298 2107 3555 2162 Dominus
3566 2107 3686 2161 oleo

2092 2189 2489 2255 exsultationis,
2542 2192 2645 2247 hoc
2685 2200 2772 2248 est
2812 2192 3018 2263 Spiritu
3055 2205 3269 2260 sancto,
3295 2195 3494 2264 legitur
3518 2194 3686 2252 fuisse

2094 2290 2311 2337 unctus.
2344 2283 2413 2337 Et
2437 2282 2675 2340 Joannes
2699 2286 2976 2355 apostolus
3005 2286 3268 2356 Spiritum
3299 2295 3548 2342 sanctum
3579 2305 3682 2341 un-

2093 2374 2328 2427 etionem
2362 2383 2537 2440 vocat,
2570 2376 2754 2431 dicens
2782 2375 2972 2448 (Ibid.)
2999 2397 3012 2430 :
3049 2375 3120 2430 Et
3147 2393 3233 2431 ros
3260 2378 3557 2430 unctionem
3587 2375 3682 2447 [Et

2093 2462 2316 2534 unctio],
2344 2480 2499 2534 quam
2527 2466 2800 2535 accepistis
2830 2466 2895 2519 ab
2914 2482 2998 2530 eo,
3018 2476 3319 2536 permaneat
3348 2466 3402 2519 in
3430 2465 3588 2519 vobis.
3616 2466 3684 2520 Et

2094 2570 2297 2609 necesse.
2333 2572 2437 2609 non
2468 2554 2668 2610 habetis
2715 2567 2770 2610 ut
2818 2556 3011 2628 aliquis
3038 2557 3221 2611 doceat
3260 2573 3373 2621 vos,
3417 2557 3506 2610 sed
3547 2557 3680 2610 sicut

2093 2646 2269 2699 unctio
2295 2646 2411 2715 ejus
2437 2646 2583 2701 docet
2610 2664 2698 2702 vos
2722 2648 2786 2702 de
2812 2649 2954 2703 omni
2981 2666 3052 2703 re.
3092 2649 3208 2719 Ipse
3231 2656 3317 2704 est
3340 2648 3485 2703 enim
3510 2648 3687 2718 Spiri—

2094 2745 2180 2793 tus
2208 2750 2432 2795 sanctus
2456 2741 2640 2795 unctio
2668 2742 2973 2798 invisibilis.

2714 2852 2941 2909 CAPUT
2980 2852 3069 2908 ιν.

2582 2923 2657 2978 De
2694 2924 2876 2978 cadent
2915 2923 3172 2978 Trinitate

2162 3012 2401 3068 Trinitas
2423 3013 2691 3084 appel'ata
2715 3013 2858 3083 quod
2880 3013 2974 3068 liat
2997 3021 3170 3068 totum
3193 3028 3357 3067 unum
3378 3028 3443 3067 ex
3464 3013 3679 3083 quihus-

2090 3102 2214 3157 dam
2239 3103 2434 3168 tribus,
2455 3105 2611 3175 quasi
2639 3103 2855 3159 trinitas
2881 3122 2893 3157 :
2928 3112 2987 3158 ut
3016 3103 3296 3167 memoria,
3327 3104 3681 3175 intelligentia

2089 3208 2146 3255 et
2170 3199 2451 3265 voluntas,
2498 3200 2552 3254 in
2594 3199 2790 3270 quibus
2824 3214 2978 3255 mens
3012 3199 3176 3254 habet
3206 3200 3259 3254 in
3294 3214 3353 3254 se
3387 3200 3677 3269 quamdam

2090 3290 2380 3361 imaginem
2420 3291 2619 3346 divina:
2661 3290 2963 3345 Trinitatis.
3025 3289 3161 3345 Nam
3207 3290 3335 3345 dum
3381 3291 3486 3345 tria
3530 3291 3681 3357 sint,

2088 3397 2254 3437 unum
2287 3390 2448 3447 sunt;
2483 3382 2610 3453 quia
2638 3390 2693 3437 et
2721 3381 2929 3453 singula
2959 3382 3013 3438 in
3041 3398 3102 3438 se
3128 3391 3379 3450 manent,
3418 3391 3474 3439 et
3497 3384 3681 3440 omnia

2089 3473 2143 3527 in
2169 3474 2441 3528 omnibus.
2796 3538 2805 3550 _

2156 3565 2346 3620 Omnis
2371 3566 2550 3636 itaque
2574 3565 2854 3637 Scriptura
2876 3565 3090 3622 Veteris
3110 3580 3174 3620 ac
3193 3564 3324 3619 Novi
3348 3563 3682 3619 Testamenti

2088 3656 2344 3710 divinitus
2376 3657 2636 3726 inspirata
2656 3697 2670 3721 ,
2712 3657 2757 3711 si
2788 3656 3052 3712 catholico
3080 3654 3418 3724 intelligitur,
3458 3654 3560 3710 hoc
3589 3653 3674 3707 in-

2082 3748 2267 3801 sinuat
2296 3747 2439 3817 quod
2474 3748 2657 3813 Pater,
2706 3756 2761 3802 et
2803 3747 2998 3814 Filius,
3048 3757 3103 3802 et
3150 3746 3385 3818 Spiritus
3431 3754 3677 3811 sanctus,

2086 3850 2227 3891 unus
2252 3837 2323 3892 sit
2353 3837 2515 3901 Deus,
2547 3838 2898 3909 ejusdemque
2926 3838 3265 3901 substantizn,
3296 3837 3565 3906 uniusque
3591 3851 3681 3891 es-

2087 3930 2275 3984 sentia:
2317 3938 2483 3999 atque
2524 3929 2902 4000 inseparabilis
2942 3929 3303 3984 indivinitatis
3332 3926 3681 4001 {divinitatis}

2084 4020 2294 4075 unitate
2319 4037 2332 4074 :
2363 4020 2590 4091 ideoque
2620 4038 2725 4077 non
2752 4030 2874 4076 sunt
2907 4030 3019 4075 tres
3045 4020 3139 4086 dii,
3164 4020 3260 4075 sed
3286 4035 3463 4073 unus:
3494 4019 3679 4082 Pater,

2085 4118 2141 4164 et
2166 4110 2352 4175 Filius,
2379 4123 2434 4165 et
2456 4109 2695 4180 Spiritus
2722 4118 2943 4165 sanctus
2968 4128 2981 4164 :
3016 4108 3268 4178 quamvis
3292 4106 3454 4160 Pater
3477 4106 3677 4160 Filium

2084 4206 2352 4277 genuerit,
2380 4214 2435 4259 et
2462 4205 2585 4260 ideo
2613 4204 2783 4259 Filius
2815 4219 2922 4257 non
2953 4202 3024 4257 sit
3048 4201 3137 4271 qui
3166 4200 3333 4255 Pater
3355 4207 3459 4263 est,
3487 4198 3681 4253 Filias-

2085 4312 2190 4367 que
2221 4311 2251 4349 a
2282 4296 2443 4350 Patre
2492 4295 2564 4350 sit
2609 4293 2823 4366 genitus
2845 4334 2860 4357 ,
2902 4300 2957 4363 et
2998 4292 3119 4347 ideo
3142 4290 3307 4346 Pater
3340 4305 3446 4345 non
3483 4290 3554 4345 sit
3587 4290 3680 4360 qui

2084 4388 2253 4444 Filius
2274 4397 2355 4442 est
2380 4405 2393 4442 :
2426 4387 2664 4458 Spiritus
2690 4394 2911 4442 sanctus
2934 4401 3033 4443 nec
3054 4385 3219 4442 Pater
3244 4385 3332 4447 sit,
3361 4400 3461 4441 nec
3488 4384 3677 4465 Filius,

2085 4483 2178 4538 sed
2216 4490 2421 4536 tantum
2456 4480 2633 4535 Patris
2680 4487 2736 4535 et
2781 4478 2903 4533 Filii
2935 4477 3172 4549 Spiritus
3197 4520 3212 4543 ,
3265 4478 3412 4533 Patri
3453 4486 3508 4533 et
3540 4478 3679 4533 Filio

2087 4575 2249 4629 etiam
2279 4574 2391 4642 ipse
2418 4573 2707 4643 coarqualis
2735 4582 2792 4628 et
2820 4573 2886 4628 ad
2915 4572 3200 4628 Trinitatis
3242 4572 3522 4643 pertinens
3551 4574 3676 4628 uni-

2087 4673 2273 4721 tatem.
2307 4665 2373 4719 Et
2396 4665 2509 4720 hare
2530 4664 2770 4720 Trinitas
2796 4680 2935 4719 unus
2959 4673 3039 4720 est
3066 4664 3227 4729 Deus,
3248 4679 3315 4718 ex
3341 4679 3449 4734 quo
3471 4665 3674 4727 omnia,

2083 4770 2184 4824 per
2209 4770 2367 4825 quem
2397 4755 2611 4819 omnia,
2642 4762 2697 4809 et
2744 4754 2797 4808 in
2830 4769 2938 4824 quo
2967 4756 3179 4820 omnia,
3209 4755 3373 4810 beato
3398 4754 3567 4810 Paulo
3595 4766 3679 4812 at-

2085 4859 2357 4916 testante,
2400 4851 2489 4904 ubi
2532 4850 2647 4904 ait:
2683 4848 2957 4915 Quomodo
2987 4846 3299 4919 [Quoniam]
3344 4863 3410 4900 ea:
3446 4846 3580 4916 ipso,
3626 4857 3676 4902 et

2084 4959 2175 5013 per
2194 4943 2386 5011 ipsum,
2409 4951 2454 4995 et
2481 4942 2537 4994 in
2562 4941 2672 5011 ipso
2694 4947 2813 4993 sunt
2841 4940 3017 4993 omnia
3040 4951 3059 4989 :
3083 4938 3182 5007 ipsi
3208 4936 3377 5008 gloria
3400 4937 3456 4989 in
3477 4936 3683 4993 stecula.

2082 5031 2415 5088 strcuiorum.
2448 5031 2612 5085 Amen
2661 5028 2833 5099 (Rom.
2857 5028 2956 5099 xl).
2981 5028 3148 5099 Igitur
3169 5026 3474 5081 firmissime
3498 5027 3676 5082 credi-

2083 5141 2224 5187 mus,
2254 5123 2495 5186 Patrem,
2523 5130 2578 5176 et
2598 5120 2815 5185 Filium,
2838 5127 2893 5175 et
2917 5117 3181 5189 Spiritum
3209 5125 3481 5181 sanctum,
3505 5132 3673 5170 unum

2081 5230 2202 5268 esse
2232 5212 2551 5268 naturaliter
2580 5211 2747 5266 Deum
2773 5228 2787 5264 :
2830 5223 3005 5278 neque
3038 5216 3219 5262 tamen
3251 5207 3426 5276 ipsum
3456 5205 3679 5269 Patrem.

2082 5322 2202 5363 esse
2230 5306 2321 5376 qui
2352 5303 2523 5359 Filius
2550 5313 2653 5370 est,
2684 5317 2782 5358 nec
2810 5300 3006 5355 Filium
3039 5299 3214 5371 ipsum
3246 5312 3369 5353 esse
3394 5297 3486 5366 qui
3511 5296 3673 5353 Pater

2082 5406 2183 5460 est,
2214 5411 2314 5452 nec
2343 5395 2607 5465 Spiritum
2637 5400 2885 5448 sanctum
2917 5391 3090 5458 ipsum
3121 5403 3241 5443 esse
3269 5387 3360 5458 qui
3390 5385 3555 5441 Pater
3579 5394 3678 5443 aut

2081 5488 2252 5542 Filius
2279 5494 2380 5541 est.
2423 5485 2539 5541 Una
2569 5495 2655 5539 est
2683 5483 2826 5539 enim
2856 5480 3061 5545 Patris,
3091 5488 3147 5535 et
3176 5478 3318 5543 Filii,
3352 5487 3407 5534 et
3437 5477 3673 5548 Spiritus

2082 5582 2254 5637 sancti
2280 5579 2554 5636 essentia:
2589 5578 2641 5632 in
2680 5590 2786 5646 qua
2833 5588 2939 5629 non
2985 5570 3243 5627 estaliud
3289 5571 3477 5637 Pater,
3525 5570 3678 5642 aliud

2082 5671 2270 5738 Filius,
2308 5670 2453 5726 aliud
2482 5667 2718 5740 Spiritus
2749 5674 3006 5720 sanctus:
3041 5662 3287 5733 quamvis
3316 5659 3673 5733 personaliteg

2084 5763 2152 5818 sit
2181 5763 2320 5818 alius
2349 5761 2530 5825 Pater,
2576 5757 2713 5814 alius
2748 5755 2939 5821 Filius,
2984 5753 3120 5809 alius
3150 5752 3385 5822 Spiritus
3425 5759 3665 5821 sanctus:
