4064 6206
367 336 432 388 οἳ
1005 333 1067 389 Β.
1112 333 1364 390 ῐὶΑΒΑΝΙ
1403 329 1624 388 ΜΑυιει
1662 327 1957 386 ARCHIEP

2054 324 2330 383 IOGUNT.
2372 323 2654 382 OPERUM
2693 325 2874 382 PARS
2911 325 2973 383 II.
3555 329 3627 389 93

369 451 518 519 Quod
546 451 699 505 nobis
723 449 954 504 maxime
981 450 1034 503 in
1065 451 1181 518 ipso
1207 457 1517 504 sanctarum
1545 445 1944 515 Scripturarum
1975 455 2022 503 Λ

369 543 772 597 demonstratur
802 539 978 603 initio,
1026 541 1115 594 ubi
1160 541 1302 594 Deus
1339 537 1503 592 dicit:
1539 534 1823 588 Faciamus
1851 541 1946 586 tto-

371 633 560 686 minem
582 630 650 684 ad
674 631 954 699 imaginem
979 640 1026 683 et
1046 629 1440 684 similitudinem
1463 637 1693 680 nostram
1711 623 1865 696 (Gen.
1881 623 1942 694 ι).

369 719 506 774 Cum
535 719 676 772 enim
716 717 972 788 singulari
1015 733 1241 772 numero
1268 717 1406 770 dixit
1438 715 1736 786 imaginem,
1767 721 1946 768 osten-

372 807 453 862 dit
494 823 656 862 unam
700 815 948 861 naturam
984 823 1103 862 esse
1142 808 1209 862 ad
1252 806 1404 876 cujus
1449 806 1738 874 imaginem
1786 804 1948 858 homo

375 900 566 966 Iiebat;
611 916 732 956 cum
755 915 883 954 vero
911 900 1043 954 dicit
1088 900 1366 971 pluraliter
1395 909 1630 954 nostram
1657 939 1672 962 ,
1714 898 1949 953 ostendit

378 993 570 1058 Deum,
615 992 682 1046 ad
721 990 873 1059 cujus
910 987 1198 1062 imaginem
1227 992 1388 1045 homo
1418 991 1608 1054 (iebat,
1649 1004 1754 1044 non
1786 1004 1949 1043 unam

373 1093 494 1136 esse
525 1092 826 1148 personam.
873 1078 932 1132 Si
960 1079 1104 1134 enim
1140 1078 1230 1133 illa
1256 1094 1364 1133 una
1393 1079 1626 1133 essentia
1659 1077 1858 1142 Patris,
1897 1084 1952 1130 et

375 1171 523 1238 Filii,
545 1178 602 1228 et
625 1170 859 1241 Spiritus
887 1173 1060 1228 sancti
1088 1189 1193 1227 una
1219 1181 1361 1228 esset
1391 1187 1643 1243 persona,
1676 1189 1782 1228 non
1810 1173 1953 1228 dice-

375 1269 544 1327 retur,
561 1263 630 1314 ad
651 1261 927 1330 imaginem
951 1271 1202 1325 nostram,
1224 1263 1340 1325 sed,
1360 1263 1428 1314 ad
1450 1261 1728 1331 imaginem
1750 1277 1950 1325 meam;

376 1367 474 1406 nec
499 1350 748 1412 dixisset,
781 1352 1061 1420 faciamus,
1091 1352 1208 1416 sed,
1241 1352 1455 1421 faciam.
1497 1350 1554 1406 Si
1587 1365 1718 1406 vero
1755 1351 1810 1404 in
1847 1351 1953 1406 illis

375 1445 548 1500 tribus
576 1446 820 1515 personis
851 1455 963 1500 tres
981 1453 1164 1500 essent
1189 1444 1544 1516 intelligendas
1564 1443 1650 1498 vel
1673 1442 1954 1498 credenda:

375 1537 711 1602 substantize,
730 1553 834 1591 non
858 1537 1150 1601 diceretur,
1167 1535 1235 1589 ad
1256 1536 1533 1605 imaginem
1562 1543 1812 1595 nostram,
1837 1533 1951 1600 sed,

375 1628 446 1682 ad
474 1629 726 1696 imagines
763 1637 988 1682 nostras.
1047 1627 1154 1682 Sed
1178 1628 1246 1681 ad
1271 1641 1433 1680 unam
1473 1625 1759 1696 imaginem
1793 1623 1955 1678 unius

377 1718 472 1774 Dei
504 1719 666 1774 homo
709 1716 886 1773 factus
919 1718 1134 1782 dicitur,
1186 1726 1246 1772 ut
1290 1733 1398 1772 una
1441 1725 1645 1771 sancta:
1671 1715 1955 1770 Trinitatis

375 1811 734 1868 essentialiter
755 1809 1010 1866 divinitas
1041 1811 1334 1866 intimatur:
1374 1809 1526 1865 Hanc
1550 1824 1764 1878 quoque
1793 1808 1951 1862 triui-
1981 1786 2026 1844 Β

379 1909 544 1956 tatem
571 1915 922 1970 personarum
953 1910 1112 1971 atque
1139 1901 1402 1956 unitatem
1443 1908 1650 1955 naturze
1688 1899 1950 1969 propheta

377 1991 545 2047 lsaias
575 1990 864 2046 revelatam
895 1991 997 2044 sibi
1038 2005 1142 2044 non
1184 1990 1388 2054 tacuit,
1437 2005 1561 2044 cum
1597 2003 1656 2043 se
1687 1989 1820 2042 dicit
1851 2003 1950 2042 au-

377 2081 522 2136 disse
549 2081 804 2150 seraphin
835 2081 1124 2136 clamantia
1151 2097 1164 2134 :
1199 2079 1444 2141 Sanctus,
1478 2089 1712 2143 sanctus,
1741 2089 1952 2132 sanctus

378 2171 632 2226 Dominus
663 2169 804 2222 Deus
844 2167 1058 2223 sabaoth
1093 2167 1226 2238 (Isa.
1254 2167 1353 2238 vr).
1410 2167 1510 2222 Ubi
1555 2181 1779 2236 prorsus
1809 2169 1860 2220 in
1889 2181 1954 2220 eo

381 2257 520 2326 quod
548 2256 744 2312 dicitur
771 2256 949 2320 tertio,
969 2266 1200 2318 sanctus,
1223 2270 1578 2325 personarum
1602 2253 1950 2320 Trinitatem;

385 2349 435 2400 in
477 2363 542 2403 eo
569 2363 700 2404 vero
737 2349 880 2417 quod
917 2349 1082 2402 semel
1125 2349 1342 2414 dicitur,
1393 2348 1651 2402 Dominus
1689 2346 1830 2401 Deus
1869 2364 1956 2401 sa-

385 2437 537 2492 baoth
555 2479 569 2502 ,
601 2438 793 2492 divinae
820 2448 1030 2492 natum
1057 2438 1431 2506 cognoscimus
1459 2439 1740 2491 unitatem.
1791 2436 1956 2492 Plane

384 2529 584 2597 absque
624 2528 771 2582 omni
812 2527 1148 2588 dubitatione
1177 2526 1504 2582 credendum
1535 2534 1650 2590 est,
1698 2526 1914 2580 Patrem
1935 2567 1952 2589 ,

384 2626 438 2671 et
465 2617 688 2684 Filium,
733 2625 787 2672 et
828 2617 1088 2686 Spiritum
1125 2625 1401 2682 sanctum,
1445 2631 1610 2670 unum
1637 2631 1757 2671 esse
1789 2617 1955 2671 Deum

387 2709 598 2762 Patrem
629 2708 1069 2778 omnipotentem,
1101 2715 1385 2772 aeternum,
1422 2707 1911 2762 incommutabilem
1937 2725 1950 2762 :

385 2809 440 2855 et
471 2799 665 2871 singuli
699 2790 1080 2863 horum'Deus,
1111 2807 1165 2854 et
1193 2799 1352 2855 simul
1389 2813 1579 2854 omnes
1608 2815 1745 2854 unus
1774 2801 1951 2854 Deus:

387 2899 440 2944 et
483 2888 709 2960 singulis
754 2888 981 2958 quisque
1031 2890 1222 2944 horum
1249 2929 1265 2955 ,
1317 2889 1472 2958 plena
1522 2897 1576 2943 et
1623 2889 1861 2958 perfecta
1902 2899 1956 2944 et

385 2987 586 3034 caterua
614 2980 912 3035 substantia
937 2997 950 3034 :
983 2988 1038 3034 et
1060 2979 1219 3034 simul
1245 2993 1453 3044 omnes,
1477 2994 1583 3033 una
1611 2980 1909 3035 Substantia
1938 2997 1950 3033 :

387 3069 511 3139 quia
560 3069 819 3140 quidquid
860 3076 944 3124 est
989 3068 1166 3132 Pater,
1209 3083 1317 3138 quo
1351 3068 1494 3122 Deus
1524 3077 1642 3134 est,
1686 3084 1794 3138 quo
1828 3071 1955 3124 sub-

2593 460 2598 464 '
2629 443 2896 500 CAPUT
2965 443 3032 499 γ.

2677 535 2756 590 De
2783 535 3000 606 angelis.

2116 629 2305 700 Angeli
2331 627 2518 683 Graece
2545 633 2826 690 vocantur,
2855 625 3119 682 Hebraice
3147 628 3402 695 malaoth,
3434 629 3627 688 Latine

2047 731 2176 772 vero
2215 716 2385 771 nuntii
2423 716 2878 785 interpretantur,
2919 716 2987 770 ab
3017 731 3082 771 eo
3112 717 3254 787 quod
3292 717 3503 774 Domini
3529 734 3626 775 vo-

2047 807 2304 862 luntatem
2334 805 2544 877 populis
2579 806 2845 860 nuntient.
2888 805 3216 876 Angelorum
3252 815 3430 862 autem
3461 823 3626 865 voca-

2047 895 2232 950 bulum
2259 894 2419 951 ollicii
2453 909 2646 949 nomen
2675 903 2792 961 est,
2821 909 2927 948 non
2963 902 3190 949 natura.
3231 893 3456 966 Semper
3480 896 3626 951 enim

2049 997 2176 1042 sunt
2199 987 2420 1058 spiritus
2440 1028 2454 1050 ,
2497 988 2592 1040 sed
2625 1001 2748 1040 cum
2789 986 3098 1053 mittuntur,
3131 997 3392 1042 vocantur
3429 987 3624 1058 angeli.

2049 1080 2254 1147 Quibus
2288 1079 2409 1132 ideo
2437 1078 2700 1148 pictorum
2739 1077 2957 1132 licentia
2981 1089 3187 1147 pennas
3215 1076 3362 1142 facit,
3392 1083 3451 1131 ut
3478 1077 3627 1134 cele-

2051 1187 2164 1226 rem
2207 1185 2394 1225 eorum
2433 1169 2486 1221 in
2527 1175 2720 1222 cuncta
2763 1166 3067 1221 discursum
3109 1166 3412 1236 signiﬁcent
3442 1183 3456 1220 :
3487 1167 3629 1222 sicut

2050 1270 2106 1316 et
2116 1260 2271 1329 juxta
2297 1257 2503 1312 fabulas
2526 1265 2804 1326 poetarum
2829 1259 2970 1311 venti
2993 1273 3197 1327 pennas
3217 1256 3418 1312 habere
3443 1258 3632 1313 dicun-

2055 1360 2162 1415 tur,
2197 1357 2415 1419 propter
2443 1347 2780 1402 velocitatem
2811 1347 3033 1401 scilicet.
3060 1345 3213 1402 Unde
3233 1355 3288 1400 et
3307 1361 3460 1402 sacra
3481 1346 3628 1402 Scri-

2051 1449 2206 1510 ptura
2251 1437 2379 1492 dicit
2426 1455 2440 1491 :
2497 1435 2602 1501 Qui
2643 1434 2877 1490 ambulat
2922 1451 3078 1506 super
3118 1453 3314 1506 pennas
3357 1444 3628 1492 vetitorum

2055 1530 2236 1604 (Psal.
2269 1528 2416 1597 CIII).
2446 1527 2648 1582 Novem
2688 1535 2868 1582 autem
2906 1542 3029 1582 esse
3067 1527 3284 1583 ordines
3319 1527 3630 1599 angelorum

2052 1637 2222 1678 sacrm
2262 1623 2555 1692 Scripturae
2593 1628 2892 1686 testantur,
2918 1621 2974 1675 id
2999 1629 3114 1686 est,
3153 1621 3366 1690 angeli,
3400 1622 3632 1676 archan-

2053 1714 2178 1786 geli,
2206 1713 2408 1778 throni,
2428 1713 2838 1776 dominationes,
2864 1711 3112 1776 virtutes,
3137 1720 3452 1781 potestates,
3481 1712 3633 1780 prin-

2055 1806 2296 1875 cipatus,
2333 1804 2595 1859 cherubin
2630 1811 2685 1858 et
2721 1803 3012 1872 serapbim.
3057 1802 3294 1871 Quorum
3333 1801 3630 1858 olliciorum

2051 1895 2309 1952 voeabula
2349 1910 2448 1950 cur
2485 1895 2557 1948 ita
2594 1893 2701 1948 sint
2737 1893 2912 1959 dicta,
2944 1893 3346 1964 interpretando
3385 1894 3634 1964 exsequi-

2051 2001 2192 2041 mur.
2220 1985 2404 2056 Angeli
2433 1993 2695 2040 vocantur
2731 1993 2952 2054 propter
2982 1985 3124 2053 quod
3151 1985 3218 2040 de
3253 1985 3407 2041 caelis
3435 1984 3502 2040 ad
3530 2000 3630 2039 an-

2053 2076 2408 2130 nuntiandum
2468 2074 2776 2129 hominibus
2831 2074 3139 2130 mittuntur.
3195 2073 3434 2145 Angelus
3485 2077 3630 2131 enim

2053 2165 2271 2231 Graece,
2317 2164 2507 2219 Latine
2553 2164 2777 2224 nuntius
2816 2165 3031 2220 dicitur.
3086 2165 3402 2238 Arcimngeli
3445 2167 3634 2223 Graeca

2055 2256 2234 2328 lingua
2263 2257 2460 2312 summi
2489 2257 2658 2310 nuntii
2685 2257 3128 2324 interpretantur.
3155 2255 3256 2323 Qui
3283 2259 3428 2312 enim
3464 2273 3628 2328 parva

2054 2347 2139 2402 vel
2185 2347 2403 2401 minima
2451 2346 2770 2400 annuntiant
2797 2387 2811 2412 ,
2851 2345 3058 2418 angeli;
3101 2347 3192 2416 qui
3227 2362 3358 2402 vero
3399 2363 3635 2414 summa,

2054 2435 2362 2506 archangeli
2398 2445 2796 2504 nuncupantur.
2837 2434 3157 2506 Archangeli
3208 2437 3334 2491 dicti
3381 2452 3447 2492 eo
3493 2439 3636 2508 quod

2055 2526 2341 2596 primatum
2371 2532 2592 2579 teneant
2612 2525 2756 2578 inter
2775 2525 3022 2596 angelos;
3049 2526 3242 2581 archos
3260 2527 3404 2582 enim
3425 2525 3635 2592 Graece,

2056 2617 2243 2672 Latine
2279 2617 2527 2686 princeps
2569 2615 2974 2685 interpretatur.
3018 2616 3154 2670 Sunt
3199 2617 3346 2672 enim
3381 2627 3434 2672 et
3471 2618 3638 2674 duces

2055 2707 2342 2778 principes,
2376 2709 2477 2762 sub
2501 2723 2730 2777 quorum
2768 2709 2959 2763 ordine
2997 2709 3285 2779 unicuique
3323 2709 3632 2780 angelorum

2055 2799 2224 2856 ollicia
2268 2801 2520 2870 deputata
2567 2809 2712 2855 sunt.
2763 2798 2896 2854 Nam
2926 2800 3056 2870 quia
3091 2802 3396 2872 archangeli
3434 2802 3638 2874 angelis

2054 2898 2322 2960 praesunt,
2361 2889 2651 2946 Zacharias
2690 2891 2953 2968 propheta
2983 2899 3215 2946 testatur
3243 2893 3465 2948 dicens:
3493 2892 3635 2947 Ecce

2055 2979 2270 3050 angelus
2291 3021 2306 3046 ,
2332 2981 2420 3051 qui
2445 2979 2754 3052 loquebatur
2773 2981 2831 3036 in
2857 2997 2937 3035 me
2953 3021 2969 3048 ,
2997 2982 3357 3052 egrediebatur
3382 2999 3400 3038 :
3425 2993 3475 3037 et
3499 2983 3638 3038 alius

2058 3069 2274 3140 angelus
2313 3069 2670 3140 egrediebatur
2707 3071 2762 3124 in
2800 3087 3073 3126 occursum
3113 3073 3231 3142 ejus
3253 3113 3270 3137 ,
3307 3084 3356 3127 et
3397 3073 3530 3128 dixit
3568 3074 3638 3127 ad

385 3135 593 3215 stantia
614 3135 729 3224 est,
768 3173 876 3229 quo
899 3159 1177 3214 aeternitas
1201 3135 1312 3223 est,
1358 3159 1461 3214 hoc
1490 3159 1680 3225 Filius,
1706 3135 1813 3214 hoc
1839 3157 1960 3229 Spi-
1985 3135 2028 3197 (ἶ
2059 3135 2178 3213 eum
2201 3173 2220 3212 :
2249 3135 2432 3224 Curre,
2463 3158 2671 3229 loquere
2700 3159 2770 3213 ad
2792 3175 3012 3231 puerum
3039 3135 3217 3228 istum,
3249 3135 3425 3218 dicens
3457 3177 3476 3214 :
3506 3161 3641 3217 Abs-

388 3252 524 3308 ritus
572 3258 790 3306 sanctus
835 3257 936 3304 est.
989 3249 1066 3304 lta
1111 3249 1273 3304 etiam
1315 3257 1372 3305 et
1411 3249 1610 3315 Filius,
1647 3265 1714 3305 eo
1742 3265 1848 3320 quo
1876 3260 1961 3306 est

389 3343 550 3406 Deus,
578 3357 685 3412 quo
713 3341 1010 3396 substantia
1050 3351 1164 3407 est,
1219 3357 1326 3410 quo
1371 3341 1646 3397 aeternitas
1671 3340 1804 3407 'est,
1855 3343 1960 3398 hoc

388 3430 548 3486 Pater
575 3441 658 3486 est
698 3439 753 3486 et
789 3430 977 3486 Filius.
1040 3431 1156 3487 Una
1205 3432 1262 3485 in
1309 3431 1482 3486 tribus
1512 3432 1801 3497 divinitas,
1851 3447 1960 3487 una

385 3521 617 3576 essentia
643 3561 658 3585 ,
706 3537 814 3574 una
857 3521 1264 3592 omnipotentia.
1323 3521 1393 3576 Et
1421 3523 1679 3592 quidquid
1709 3523 1961 3578 substan-

389 3611 590 3664 tialitcr
621 3610 686 3664 de
711 3611 820 3664 Deo
851 3609 952 3664 dici
984 3619 1180 3679 potest,
1210 3611 1255 3666 si
1287 3610 1426 3666 forte
1453 3612 1519 3666 de
1549 3612 1710 3667 Patre
1740 3611 1853 3666 solo
1881 3613 1962 3666 in-

391 3707 691 3770 terrogatus
715 3698 900 3764 fueris,
925 3699 1052 3768 quid
1079 3701 1151 3755 sit
1176 3700 1354 3766 Pater,
1381 3703 1664 3771 responde,
1691 3703 1832 3758 Deus
1855 3713 1956 3758 est.

390 3791 756 3861 Interrogatus
789 3790 854 3844 de
887 3789 1044 3856 Filio,
1077 3792 1362 3861 responde,
1395 3793 1555 3848 Deus.
1593 3793 1962 3865 Interrogatus

388 3879 454 3934 de
485 3878 686 3948 Spiritu
729 3888 940 3945 sancto,
971 3882 1255 3949 responde,
1291 3883 1451 3938 Deus.
1500 3883 1558 3938 Si
1597 3885 1961 3956 interrogatus

389 3968 554 4024 fueris
580 3969 738 4023 simul
767 3969 833 4024 de
858 3969 1036 4035 Patre,
1057 3980 1112 4024 et
1136 3971 1291 4036 Filio,
1316 3981 1370 4026 et
1392 3972 1596 4042 Spiritu
1623 3985 1828 4036 sancto.
1854 3991 1959 4032 non

389 4062 539 4127 deos,
567 4061 661 4116 sed
689 4060 856 4114 Deum
889 4061 1150 4132 responde
1180 4079 1367 4127 unum,
1398 4063 1841 4133 omnipotentem,
1875 4067 1958 4122 in-

388 4150 844 4206 commutabilem.
879 4151 1166 4206 Sciendum
1197 4161 1282 4208 est
1311 4155 1454 4223 quod
1482 4157 1725 4224 quaedam
1755 4157 1822 4212 de
1851 4158 1960 4214 Deo

389 4242 816 4298 substantialitcr
844 4244 1116 4312 dicuntur,
1147 4256 1206 4299 ut
1236 4255 1342 4312 est,
1375 4247 1533 4312 Deus,
1567 4264 1813 4320 magnus,
1845 4267 1962 4306 om-

389 4331 641 4401 nipotens
667 4349 680 4386 :
713 4342 767 4386 et
793 4333 1053 4402 quidquid
1079 4335 1144 4388 ad
1174 4351 1232 4390 se
1259 4337 1474 4402 dicitur,
1506 4339 1557 4392 id
1585 4347 1687 4404 est,
1717 4342 1963 4396 substan-

391 4423 517 4476 tiam
562 4420 858 4475 divinitatis
897 4422 1242 4492 signiﬁcans:
1287 4428 1528 4495 quaedam
1570 4429 1752 4498 itaque
1783 4430 1955 4504 [vero]

391 4509 608 4564 relative
643 4510 932 4564 dicuntur:
983 4520 1041 4562 ut
1077 4510 1240 4567 Pater
1280 4514 1347 4567 ad
1392 4514 1624 4583 Filium,
1676 4519 1841 4574 Filius
1889 4523 1955 4576 ad

392 4603 635 4668 Patrem,
679 4612 732 4657 et
771 4602 1002 4672 Spiritus
1040 4614 1256 4660 sanctus
1288 4607 1508 4664 relative
1545 4610 1612 4664 ad
1649 4610 1864 4667 Patrem
1903 4624 1956 4669 et

392 4691 617 4758 Filium;
669 4693 737 4747 ad
775 4709 832 4748 se
867 4702 1047 4749 autem
1089 4695 1202 4750 sive
1235 4697 1413 4763 Pater,
1457 4700 1570 4755 sive
1610 4702 1796 4767 Filius,
1843 4705 1957 4760 si.e

391 4784 624 4855 Spiritus
674 4792 930 4850 sanctus,
977 4785 1119 4840 Deus
1166 4787 1380 4843 dicitur.
1447 4789 1630 4860 Itaque
1685 4792 1848 4846 Pater
1891 4810 1956 4849 eo

387 4895 494 4950 quo
522 4888 606 4934 est
634 4880 791 4944 Deus,
823 4879 924 4934 hoc
949 4879 1064 4948 ipso
1093 4880 1388 4936 substantia
1415 4892 1497 4939 est
1521 4903 1534 4938 :
1564 4884 1689 4954 quia
1717 4886 1955 4957 ejusdem

391 4973 701 5028 substantiae
747 4971 954 5038 Filius,
1012 4973 1199 5042 procul
1247 4975 1408 5031 dubio
1461 4984 1516 5030 et
1559 4976 1728 5032 Filius
1771 4979 1952 5046 Deus,

386 5072 440 5118 et
483 5062 715 5133 Spiritus
758 5071 976 5119 sanctus
1020 5063 1184 5119 Deus.
1234 5065 1306 5120 At
1343 5083 1474 5122 vero
1518 5068 1691 5133 Deus,
1741 5085 1806 5124 eo
1849 5085 1956 5139 quo

393 5153 548 5206 Pater
581 5161 686 5217 est,
730 5153 954 5208 relative
990 5153 1205 5233 dicitur,
1233 5158 1356 5223 quia
1385 5171 1490 5210 non
1518 5158 1832 5214 substantia:
1861 5176 1956 5216 n0-

391 5260 510 5300 men
543 5254 656 5309 est,
694 5244 789 5300 sed
824 5242 1058 5298 refertur
1085 5244 1152 5299 ad
1190 5244 1404 5299 Filium.
1453 5245 1566 5300 Non
1611 5248 1689 5303 sic
1729 5249 1956 5305 dicimus

393 5332 583 5386 Filium
635 5333 852 5388 Patrem
911 5347 1074 5396 esse,
1135 5335 1402 5403 quomodo
1467 5336 1694 5392 dicimus
1761 5335 1954 5392 Filium

395 5421 558 5474 Deum
599 5436 758 5478 esse:
798 5438 900 5478 nec
940 5423 1014 5476 ita
1054 5423 1283 5477 dicimus
1325 5424 1540 5479 Patrem
1578 5425 1774 5480 Filium
1813 5443 1954 5492 esse,

389 5512 530 5567 sicut
558 5511 785 5568 dicimus
818 5514 985 5568 Deum
1013 5528 1166 5581 esse;
1210 5515 1332 5585 quia
1363 5516 1503 5571 Deus
1531 5518 1960 5573 substantialitcr

391 5603 609 5664 dicitur,
639 5601 814 5665 Pater,
849 5612 903 5656 ct
927 5604 1111 5668 Filius,
1145 5615 1200 5661 et
1229 5606 1462 5679 Spiritus
1491 5617 1710 5664 sanctus
1739 5609 1958 5664 relative

393 5695 658 5751 dicuntur.

2059 3265 2158 3319 que
2185 3265 2334 3302 muro
2378 3249 2698 3304 habitabitur
2733 3249 3030 3306 Jerusalem
3069 3251 3254 3324 (Zach.
3290 3252 3374 3325 ιι).
3405 3252 3466 3309 Si
3493 3253 3636 3308 enim

2062 3339 2116 3394 in
2145 3338 2276 3408 ipsis
2301 3337 2492 3394 otiiciis
2519 3340 2832 3411 angelorum
2861 3356 3201 3412 nequaquam
3226 3350 3522 3415 potestates
3547 3359 3640 3400 su-

2058 3429 2304 3499 periores
2329 3428 2610 3484 inferiores
2629 3431 2991 3502 disponerent,
3015 3431 3162 3487 nullo
3186 3434 3346 3489 modo
3369 3435 3472 3490 hoc
3493 3437 3638 3505 quod

2061 3521 2266 3576 homini
2293 3521 2500 3576 diceret
2524 3521 2744 3592 angelus
2761 3561 2776 3588 ,
2805 3523 2874 3578 ab
2902 3523 3092 3594 angelo
3116 3528 3474 3596 cognovisset.
3503 3527 3637 3594 Qui-

2059 3612 2184 3666 dam
2219 3621 2398 3666 autem
2437 3613 2884 3684 archangelorum
2919 3615 3144 3684 privatis
3186 3617 3495 3672 nominibus
3538 3633 3638 3688 ap-

2058 3699 2347 3771 pellantur,
2378 3707 2436 3754 ut
2463 3715 2559 3770 per
2582 3701 2838 3757 vocabula
2865 3704 2979 3773 ipsa
3007 3705 3061 3759 in
3089 3721 3256 3776 opere
3272 3707 3402 3776 quid
3425 3708 3640 3764 valeant

2059 3789 2390 3862 designetur.
2415 3789 2631 3846 Gabriel
2654 3790 2941 3860 I-Iebraice,
2966 3793 3020 3848 in
3045 3794 3228 3865 lingua
3259 3806 3445 3851 nostra
3466 3806 3638 3852 verti-

2063 3892 2148 3938 tur
2187 3881 2438 3953 fortitudo
2495 3882 2608 3937 Dei.
2657 3883 2759 3940 Ubi
2793 3885 2936 3940 enim
2973 3887 3212 3956 potentia
3253 3889 3337 3943 vel
3378 3888 3638 3944 fortitudo

2060 3971 2467 4038 manifestatur,
2496 3972 2714 4030 Gabriel
2743 3976 2994 4031 mittitur.
3033 3977 3186 4034 Unde
3211 3988 3269 4034 et
3303 3995 3370 4036 eo
3397 3989 3638 4050 tempore

2059 4078 2167 4133 quo
2201 4071 2318 4118 erat
2353 4063 2613 4119 Dominus
2658 4066 2964 4122 nasciturus
3007 4077 3062 4122 et
3109 4069 3534 4140 triumphaturus
3571 4071 3640 4128 de

2061 4154 2278 4218 mundo,
2307 4151 2522 4208 Gabriel
2549 4154 2696 4208 venit
2717 4156 2784 4210 ad
2813 4155 3055 4222 Mariam,
3084 4165 3145 4212 ut
3173 4157 3320 4212 illum
3351 4161 3636 4217 annuntiat-

2060 4253 2160 4307 ret,
2191 4243 2281 4311 qui
2306 4243 2374 4296 ad
2405 4242 2748 4299 debellandas
2771 4245 2947 4300 aerias
2977 4255 3270 4316 potestates
3294 4249 3511 4304 humilis
3539 4265 3634 4305 ve-

2061 4326 2178 4387 nire
2216 4333 2466 4403 dignatus
2508 4343 2612 4389 est.
2658 4334 2882 4390 Michael
2925 4337 3307 4408 interpretatur
3339 4339 3457 4406 quis
3500 4340 3635 4394 sicut

2061 4422 2239 4476 Deus?
2264 4423 2488 4490 Quando
2517 4427 2658 4481 enim
2689 4427 2890 4498 aliquid
2931 4430 2984 4483 in
3021 4431 3222 4486 mundo
3247 4432 3398 4486 mirae
3423 4433 3636 4490 virtutis

1986 4487 2034 4546 D
2062 4513 2150 4576 lit,
2195 4513 2283 4568 hic
2310 4515 2662 4584 archangelus
2699 4487 2932 4573 mittitur
2965 4528 3058 4574 :et
3087 4537 3154 4575 ex
3189 4521 3306 4591 ipso
3342 4537 3502 4592 opere
3538 4539 3636 4579 no-

2058 4619 2182 4657 men
2225 4615 2307 4658 est
2345 4604 2488 4672 ejus,
2531 4606 2656 4676 quia
2692 4621 2849 4660 nemo
2885 4608 3028 4664 valet
3063 4609 3242 4667 facere
3283 4613 3426 4682 quod
3457 4613 3635 4669 facere

2056 4701 2234 4760 potest
2265 4693 2422 4748 Deus.
2450 4694 2688 4764 Raphael
2722 4697 3107 4770 interpretatur
3142 4703 3343 4756 curatio
3369 4703 3452 4758 vel
3475 4697 3638 4758 medi.

2057 4786 2174 4840 cina
2206 4785 2322 4840 Dei.
2352 4787 2666 4858 Ubicunque
2695 4790 2836 4844 enim
2865 4793 3083 4848 curandi
3110 4809 3244 4862 Opus
3269 4797 3634 4851 necessarium

2056 4885 2158 4939 est,
2190 4877 2278 4930 hic
2303 4879 2657 4949 archangelus
2681 4896 2710 4933 a
2737 4881 2848 4936 Deo
2868 4883 3120 4950 mittitur,
3143 4894 3196 4939 et
3221 4887 3344 4942 inde
3371 4887 3632 4942 medicina

2057 4965 2151 5023 Dei
2181 4973 2424 5022 vocatur.
2469 4967 2616 5024 Unde
2653 4978 2708 5024 et
2742 4972 2809 5025 ad
2850 4972 3072 5027 Tobiam
3107 4975 3242 5030 idem
3281 4977 3635 5048 archangelus

2048 5057 2290 5122 missus,
2325 5057 2498 5125 oculis
2533 5058 2650 5129 ejus
2684 5061 3016 5116 curationem
3055 5063 3328 5131 adhibuit,
3373 5075 3428 5122 et
3470 5069 3633 5122 caeci-

2059 5160 2168 5206 tate
2199 5153 2412 5208 detersa
2439 5154 2612 5208 visum
2645 5156 2899 5211 restituit.
2929 5155 3170 5213 Nominis
3202 5160 3347 5215 enim
3373 5159 3634 5230 interpre-

2059 5243 2258 5297 tatione
2283 5252 2339 5298 et
2372 5243 2545 5314 angeli
2579 5243 2812 5300 olIicium
2836 5247 3161 5319 designatur.
3200 5247 3340 5303 Uriel
3375 5249 3636 5319 interpre-

2058 5340 2201 5386 tatur
2229 5333 2363 5403 ignis
2403 5334 2530 5400 Dei,
2573 5335 2714 5390 sicut
2752 5335 2980 5404 legimus
3017 5345 3332 5407 apparuisse
3371 5344 3549 5410 Ignem
3579 5341 3636 5398 in

2058 5423 2210 5478 rubo.
2248 5425 2496 5494 Legimus
2529 5425 2694 5480 etiam
2721 5427 2896 5497 ignem
2927 5428 3150 5482 missum
3180 5429 3430 5501 desuper,
3456 5439 3510 5484 ct
3541 5431 3635 5490 in»

2058 5515 2232 5584 plesse
2260 5517 2402 5584 quod
2430 5525 2756 5586 praeceptum
2787 5527 2888 5572 est.
2921 5517 3122 5574 Throni
3151 5529 3352 5586 autem,
3379 5529 3435 5576 et
3464 5521 3634 5575 domi-

2061 5611 2336 5670 nationes,
2376 5615 2429 5661 et
2467 5609 2830 5678 principatus,
2871 5619 2928 5663 et
2953 5618 3280 5680 potestates,
3305 5620 3360 5667 et
3386 5613 3628 5674 virtutes,

2062 5699 2250 5770 quibus
2277 5710 2526 5754 «tinctam
2553 5701 2822 5757 οωιυειριιι
2847 5702 3156 5758 societatem
3183 5685 3467 5772 Apostolus
3487 5720 3626 5760 cont-
