4064 6206
421 362 493 415 ἴε*
816 432 823 437 1
1413 359 1501 413 DE
1542 355 1888 415 UNIVERSO
1925 355 2101 411 LIBRI
2140 356 2299 412 XXII.
2342 388 2412 399 ——
2450 357 2580 413 LIB.
2615 358 2654 413 I.
3611 363 3682 418 30

422 476 692 545 ιιιοςῑῐιιιτ,
720 475 943 530 ordines
972 474 1283 546 angelorum
1306 482 1361 530 et
1383 473 1672 543 dignitates
1700 475 2003 545 intelligun-
2029 476 2079 532 Α
2107 471 2258 542 (Cen.
2290 473 2364 541 t);
2396 474 2647 528 nimirum
2682 473 2969 529 ostendens
3008 474 3152 545 quod
3190 483 3311 547 post
3342 476 3549 531 ruinam
3582 495 3682 537 an-

422 579 526 623 tur.
570 568 635 623 Et
673 584 773 639 pro
810 569 916 622 hac
966 569 1083 638 ipsa
1130 568 1502 622 distributione
1541 565 1871 632 ofﬁciorum,
1916 567 2005 621 alii

421 658 622 722 throni,
654 657 745 712 alii
780 657 1198 721 dominationes,
1225 657 1314 711 alii
1354 657 1703 727 principatus,
1736 657 1825 712 alii
1853 665 2002 726 pote-

418 759 587 803 states
616 749 903 813 dicuntur,
939 765 1040 819 pro
1072 749 1236 803 certis
1271 749 1622 819 dignitatibus
1647 748 1841 817 quibus
1867 747 2007 801 invi-

417 854 533 892 cem
561 837 989 908 distinguuntur.
1040 836 1268 892 Virtutes
1299 838 1538 907 angelica
1566 838 1807 907 quzedam
1847 836 2005 890 mini-

416 928 579 982 steria
620 928 1009 997 perhibentur,
1050 943 1145 997 per
1182 943 1318 996 quas
1355 928 1506 995 signa
1552 937 1605 980 et
1643 926 1900 981 miracula
1949 926 2001 980 in

416 1018 621 1071 mundo
648 1018 804 1081 ﬁunt,
833 1026 1054 1086 propter
1083 1018 1224 1086 quod
1252 1026 1307 1071 et
1334 1018 1562 1072 virtutes
1589 1017 1860 1071 dicuntur.
1894 1017 2001 1070 Po-

413 1117 627 1162 lestates
654 1116 782 1161 sunt
808 1109 1006 1176 quibus
1043 1108 1272 1163 virtutes
1301 1110 1539 1163 adversae
1572 1109 1825 1179 subjectm
1855 1117 1998 1172 sunt,

415 1204 469 1250 et
505 1196 633 1250 inde
672 1206 997 1266 potestatum
1029 1199 1244 1252 nomine
1270 1208 1663 1268 nuncupantur,
1696 1200 1819 1267 quia
1844 1198 1999 1252 mali-

366 1288 507 1355 ἐιιί
541 1286 783 1355 Spiritus
807 1303 993 1342 eorum
1026 1297 1290 1357 potestate
1324 1297 1662 1353 coercentur,
1699 1306 1765 1343 ne
1793 1297 1998 1343 tantum

414 1386 647 1430 noceant
673 1385 937 1445 quantum
964 1378 1204 1446 cupiunt.
1234 1377 1540 1448 Pincipatus
1565 1387 1688 1432 sunt
1713 1380 1765 1432 1ιί
1789 1380 1879 1447 qui
1908 1395 2002 1432 an-

2105 564 2347 633 gelorum
2384 566 2647 620 malorum
2689 566 2741 620 hi
2775 567 2865 635 qui
2892 576 3334 637 permanserunt,
3371 567 3677 623 ﬁrmitatem

2102 663 2317 707 teternte
2336 656 2746 723 perseverantia:
2767 658 3041 712 consecuti
3063 666 3210 723 sunt,
3233 657 3379 712 nullo
3392 658 3503 728 jam
3526 658 3678 727 lapsu

2103 744 2309 808 aversi,
2340 744 2482 799 nulla
2520 746 2767 815 superbia
2794 748 3049 802 cadentes
3074 765 3089 800 :
3121 750 3215 803 sed
3245 750 3470 803 tlrmiter
3499 749 3552 803 in
3584 750 3675 806 Dei

2104 848 2288 888 amore
2318 842 2372 888 et
2395 837 2847 905 contemplatione
2875 848 3155 894 manentes
3188 840 3319 894 nihil
3352 840 3493 894 aliud
3525 840 3679 896 dulce

2104 925 2323 990 habent,
2349 927 2449 981 nisi
2480 943 2601 982 eum
2630 945 2658 982 a
2686 945 2792 999 quo
2818 932 2983 985 creati
3016 941 3157 987 sunt.
3184 932 3334 999 Quod
3359 941 3537 987 autem
3574 934 3680 989 duo

2103 1018 2372 1085 seraphin)
2394 1018 2446 1072 in
2470 1018 2604 1074 Isaia
2635 1021 2900 1090 leguntur.
2921 1015 3211 1093 figuraliter
3233 1024 3443 1079 Veteris
3464 1033 3519 1078 et
3542 1024 3677 1080 Novi

2102 1110 2430 1166 Testamenti
2472 1112 2914 1183 signiﬁcationem
2942 1119 3248 1173 ostendunt.
3292 1119 3414 1172 Ideo
3448 1136 3575 1175 vero
3606 1119 3680 1173 fa-

2101 1202 2238 1255 ciem
2284 1212 2338 1257 et
2384 1205 2547 1274 pedes
2590 1203 2685 1259 Dei
2731 1209 3017 1276 operiunt,
3066 1210 3189 1277 quia
3237 1211 3508 1278 przeterita
3555 1220 3680 1266 ante

2102 1295 2355 1347 mundum
2376 1336 2389 1357 ,
2420 1304 2474 1347 et
2502 1294 2679 1349 futura
2720 1308 2843 1367 post
2880 1299 3135 1352 mundum
3166 1300 3305 1354 scire
3345 1316 3449 1353 non
3486 1316 3676 1369 possu-

2101 1401 2248 1449 mus,
2288 1387 2381 1440 sed
2422 1387 2594 1441 media
2640 1397 2844 1443 tantum
2884 1405 3069 1443 eorum
3100 1390 3406 1445 testimonio
3434 1401 3678 1446 contem-

410 1467 657 1535 gelorum
688 1467 991 1536 agminibus
1031 1477 1267 1536 praesunt
1299 1486 1311 1521 :
1353 1469 1444 1537 qui
1470 1484 1569 1538 pro
1595 1483 1660 1522 eo
1691 1470 1831 1538 quod
1869 1470 1997 1522 sub-
2098 1473 2325 1543 plamur.
2369 1475 2575 1544 Singuli
2615 1491 2774 1531 senas
2808 1481 2921 1532 alas
2950 1479 3177 1544 habent,
3217 1479 3342 1548 quia
3372 1480 3436 1532 de
3469 1478 3672 1535 fabrica

410 1557 555 1610 ditos
581 1558 805 1628 angelos
832 1556 901 1611 ad
928 1558 1246 1627 explendum
1279 1560 1592 1628 mysterium
1623 1559 1864 1612 divinum
1892 1560 2000 1614 dis—
2101 1572 2306 1617 tantum
2343 1566 2562 1630 mundi,
2603 1582 2723 1636 quae
2762 1567 2814 1620 in
2855 1582 2947 1623 sex
2998 1569 3184 1623 diebus
3234 1567 3373 1623 facta
3421 1578 3573 1633 sunt,
3618 1571 3673 1626 in

407 1656 644 1717 ponunt,
669 1649 1004 1718 principatus
1030 1650 1344 1705 vocabulum
1374 1660 1717 1719 acceperunt.
1745 1652 1877 1705 Nam
1905 1652 1995 1705 alii
2096 1655 2347 1723 praesenti
2387 1656 2583 1709 smculo
2620 1657 2886 1711 novimus.
2927 1657 3078 1724 Quod
3118 1658 3351 1713 clamant
3394 1667 3498 1724 ter,
3530 1658 3673 1715 San-

409 1749 539 1794 sunt
568 1742 661 1809 qui
691 1742 1092 1806 administrant,
1122 1743 1211 1796 alii
1233 1743 1322 1812 qni
1354 1744 1625 1797 assistunt
1663 1743 1798 1797 sicut
1823 1751 1875 1797 et
1901 1758 1997 1811 per
2028 1810 2055 1813 ᾗ
2098 1755 2240 1809 ctus,
2277 1746 2414 1799 alter
2453 1747 2520 1801 ad
2559 1748 2822 1813 alterum,
2852 1749 3131 1804 Trinitatis
3166 1750 3218 1803 in
3257 1766 3361 1804 una
3395 1751 3674 1805 divinitate

411 1830 693 1885 Danielem
725 1830 925 1885 dicitur
956 1849 970 1885 :
1003 1831 1176 1885 Millia
1209 1810 1429 1885 millium
1455 1832 1821 1887 ministrabant
1844 1810 1920 1897 ei
1948 1841 1995 1885 et
2025 1810 2070 1869 Β
2098 1834 2431 1890 demonstrat
2453 1838 2786 1907 mysterium.
2809 1810 2922 1893 'Sed
2950 1840 3077 1909 quid
3111 1840 3328 1910 prodest
3358 1855 3452 1894 nos
3478 1843 3542 1894 de
3571 1857 3670 1895 an-

408 1920 583 1973 decies
616 1929 831 1974 centena
871 1920 1039 1975 millia
1070 1922 1378 1976 assistebant
1419 1921 1498 1974 illi
1538 1921 1698 1992 (Dan.
1731 1921 1849 1993 vn).
1884 1922 1994 1974 Do-

409 2011 728 2065 minationes
754 2020 879 2066 sunt
907 2012 960 2067 1ιί
984 2014 1075 2082 qui
1110 2014 1270 2068 etiam
1296 2014 1583 2068 virtutibus
1610 2021 1662 2069 et
1685 2014 1997 2084 principati-

407 2100 512 2157 bus
537 2101 918 2170 praeeminent;
948 2104 1037 2172 qni
1068 2119 1166 2173 pro
1189 2119 1253 2158 eo
1271 2105 1411 2172 quod
1441 2104 1653 2159 caeteris
1681 2104 1993 2173 angelorum

407 2193 718 2258 agminibus
735 2194 1102 2258 dominantur,
1117 2194 1511 2250 dominationes
1532 2204 1811 2250 vocantur.
1833 2193 1875 2247 Τ
1874 2194 1994 2248 ltro-

411 2285 469 2335 rri
494 2293 623 2338 sunt
645 2286 860 2355 agmina
898 2285 1211 2356 angelorum
1246 2287 1335 2357 qui
1376 2286 1568 2341 Latino
1600 2286 1813 2355 eloquio
1848 2284 1993 2340 sedes

409 2376 697 2442 dicuntur;
728 2384 785 2432 et
813 2378 987 2432 vocati
1018 2376 1218 2441 throni,
1245 2378 1370 2447 quia
1401 2378 1505 2432 illis
1534 2377 1783 2447 prmsitlet
1809 2375 1993 2431 condi-

410 2477 516 2531 tor,
545 2478 598 2522 et
623 2484 722 2538 per
749 2485 843 2523 eos
863 2469 1064 2539 judicia
1095 2484 1190 2523 sua
1222 2468 1473 2539 disponit.
1505 2467 1783 2522 Cherubim
1813 2476 1991 2522 autem

408 2566 463 2611 et
488 2558 590 2627 ipsi
626 2558 885 2612 sublimes
911 2557 1170 2611 ctelorum
1199 2565 1496 2627 potestates
1531 2566 1585 2612 et
1618 2556 1855 2626 angelica
1892 2556 1992 2611 mi-

412 2650 634 2703 nisteria
654 2664 779 2703 esse
799 2649 1170 2718 perhibentur,
1185 2648 1275 2718 qui
1298 2664 1365 2703 ex
1390 2648 1656 2703 Ilebraico
1680 2648 1732 2701 in
1754 2648 1989 2717 linguam

412 2747 655 2794 nostram
711 2739 1176 2809 interpretantur,
1225 2739 1453 2793 scientia
1498 2737 1798 2791 multitudo.
1853 2736 1991 2792 Sunt

412 2831 555 2885 enim
578 2829 895 2887 sublimiora
917 2829 1134 2898 agmina
1152 2828 1492 2898 angelorum;
1515 2829 1604 2898 qui
1626 2844 1724 2897 pro
1742 2843 1806 2883 eo
1825 2828 1986 2899 quod,

414 2921 643 2974 vicinius
669 2920 853 2989 positi,
884 2920 1065 2973 divina
1091 2919 1312 2973 scicntia
1340 2918 1549 2973 caateris
1578 2918 1805 2988 amplius
1832 2918 1987 2989 plena

413 3019 569 3072 sunt,
599 3008 910 3068 Clterubim,
942 3009 997 3063 id
1027 3017 1109 3063 est
1136 3008 1401 3078 plenitudo
1427 3009 1683 3070 scientim,
1715 3008 1986 3078 appellan-

413 3110 519 3153 tur.
544 3100 660 3169 lpsa
685 3109 811 3154 sunt
838 3099 925 3154 illa
965 3101 1072 3154 duo
1094 3098 1343 3156 animalia
1370 3114 1532 3169 super
1557 3100 1985 3169 propitiatorium

408 3206 550 3245 arca:
575 3190 716 3245 facta
747 3205 815 3244 ex
855 3190 1073 3246 metallo
1094 3230 1110 3255 ,
1140 3199 1357 3260 propter
1388 3189 1794 3259 signiﬁcandam
1821 3205 1986 3262 ange-

411 3283 584 3337 lorum
604 3282 971 3353 prtesentiam,
987 3283 1040 3336 in
1063 3297 1287 3350 quorum
1310 3282 1488 3336 medio
1505 3281 1808 3336 ostenditur
1823 3281 1983 3336 Deus.

410 3371 687 3441 Seraphim
720 3387 933 3442 quoque
957 3371 1205 3427 similiter
1234 3370 1517 3428 multitudo
1542 3379 1625 3427 est
1651 3371 1986 3441 angelorum,

403 3462 500 3531 qui
526 3476 595 3517 ex
624 3461 851 3516 Hebraeo
890 3463 943 3515 in
982 3460 1234 3515 Latinum
1273 3460 1512 3515 ardentes
1548 3459 1634 3514 vel
1661 3459 1988 3514 incendentes

401 3555 851 3623 interpretantur.
884 3552 985 3620 Qui
1018 3552 1220 3608 idcirco
1248 3551 1500 3607 ardentes
1527 3557 1807 3612 vocantur,
1845 3549 1989 3619 quod

402 3647 548 3701 inter
574 3660 672 3700 eos
690 3653 748 3700 et
772 3645 941 3699 Deum
968 3642 1100 3698 nulli
1125 3642 1214 3697 alii
1239 3642 1410 3713 anchi
1434 3641 1767 3708 consistunt;
1792 3650 1847 3695 et
1866 3640 1987 3696 ideo

401 3745 669 3806 quantum
696 3735 928 3790 vicinius
961 3748 1145 3789 coram
1171 3747 1237 3788 eo
1263 3734 1598 3798 consistunt,
1638 3740 1788 3787 tanto
1816 3732 1989 3804 magis

400 3828 654 3883 claritate
678 3827 846 3882 divini
874 3826 1095 3880 luminis
1118 3823 1537 3879 inﬂammantur.
1563 3822 1689 3878 Haec
1718 3823 1879 3893 igitur
1898 3838 1990 3877 vo-

376 3920 598 3974 -eabula
624 3920 900 3990 agminum
925 3918 1238 3987 angelorum
1274 3917 1349 3971 ita
1379 3924 1508 3971 sunt
1532 3915 1783 3986 specialia
1809 3914 1985 3970 ordini

402 4008 772 4078 singulorum,
814 4016 872 4061 ut
899 4018 1080 4062 tamen
1117 4007 1224 4061 sint
1254 4022 1320 4061 ex
1351 4015 1503 4076 parte
1530 4005 1832 4060 communia
1865 4019 1983 4058 om-

402 4100 574 4153 nium.
613 4098 746 4152 Nam
779 4098 951 4170 [licet]
989 4098 1200 4161 throni,
1232 4097 1325 4154 Dei
1348 4098 1522 4161 sedes,
1553 4096 1605 4150 in
1630 4095 1986 4167 quorumdam

401 4189 716 4260 angelorum
746 4191 934 4244 ordine
960 4189 1264 4259 specialiter
1297 4189 1663 4263 deSIgnentur,
1700 4200 1877 4248 tamen
1905 4190 1986 4245 di-

399 4284 545 4338 citur
586 4299 684 4353 per
729 4284 1068 4339 Psalmistam
1118 4302 1132 4338 :
1185 4283 1287 4350 Qui
1324 4285 1471 4339 sedes
1519 4300 1677 4354 super
1719 4284 1984 4338 cherubim

2096 1925 2282 1994 gelicis
2308 1926 2585 1995 spiritibus
2611 1928 2712 1982 ista
2737 1930 3121 2000 perstringere,
3152 1931 3195 1985 si
3223 1947 3328 1985 non
3361 1932 3673 1987 Studeamus

2093 2012 2208 2069 haec
2240 2015 2404 2069 etiam
2434 2016 2500 2069 ad
2536 2024 2752 2071 nostros
2785 2018 3059 2087 profectus
3088 2036 3322 2090 congrua
3362 2022 3674 2077 considera—

2094 2107 2240 2161 tione
2268 2107 2547 2162 derivare?
2572 2108 2708 2173 Quia
2736 2111 2880 2164 enim
2907 2127 3135 2180 superna
3164 2112 3250 2167 illa
3277 2114 3469 2169 civitas
3490 2130 3557 2168 ex
3579 2130 3673 2168 an-

2093 2197 2225 2267 gelis
2249 2204 2304 2250 et
2330 2197 2637 2252 hominibus
2665 2208 2880 2254 constat
2917 2219 2930 2255 :
2960 2201 3028 2255 ad
3055 2218 3215 2271 quam
3254 2212 3461 2256 tantum
3490 2203 3668 2258 credi-

2092 2306 2214 2345 mus
2243 2292 2535 2345 bumanum
2563 2309 2735 2363 genus
2769 2296 3077 2361 ascendere,
3107 2307 3336 2368 quantos
3364 2299 3471 2355 illic
3498 2300 3670 2356 conti-

2092 2380 2391 2450 gitelectos
2421 2383 2639 2452 angelos
2675 2386 3031 2451 remansisse;
3074 2387 3215 2442 sicut
3247 2390 3504 2458 scriptum
3535 2400 3618 2445 est
3650 2409 3665 2444 :

2091 2468 2287 2524 Statuit
2313 2471 2559 2526 terminos
2584 2474 2815 2543 gentium
2840 2474 3124 2534 secundum
3153 2494 3426 2533 numerum
3454 2479 3664 2551 angelo-

2091 2570 2207 2606 rum
2238 2554 2338 2609 Dci
2371 2556 2541 2623 tUeut.
2593 2560 2800 2623 xxxii);
2844 2557 3104 2609 debemus
3132 2568 3188 2611 et
3229 2573 3327 2612 nos
3367 2557 3572 2629 aliquid
3603 2573 3671 2613 ex

2088 2649 2196 2704 illis
2229 2648 2667 2702 distinctionibus
2702 2663 3061 2716 supernorum
3084 2648 3285 2703 civium
3311 2648 3375 2704 ad
3396 2665 3550 2705 usum
3572 2665 3673 2704 no-

2089 2749 2216 2795 stra!
2239 2741 2669 2794 converSationis
2696 2742 2913 2794 trahere
2938 2778 2954 2803 ,
2988 2755 3196 2810 nosque
3225 2742 3373 2811 ipsos
3401 2742 3469 2795 ad
3497 2742 3679 2797 incre-

2091 2841 2270 2885 menta
2292 2831 2550 2885 virtutum
2576 2833 2732 2887 bonis
2751 2834 2874 2887 Stud
2900 2833 2945 2887 is
2970 2833 3333 2887 inﬂammare.
3356 2833 3493 2899 Quia
3527 2835 3674 2889 enim

2090 2922 2220 2977 illuc
2256 2938 2553 2978 ascensura
2584 2925 2827 2979 creditur
2862 2935 3008 2980 tanta
3043 2926 3335 2980 multitudo
3368 2928 3673 2998 hominum,

2087 3024 2289 3082 quanta
2310 3014 2598 3069 multitudo
2616 3017 2878 3071 remansit
2894 3019 3554 3086 angelorum,superestut
3572 3021 3672 3086 ipsi

2086 3121 2302 3177 quoque
2318 3108 2561 3162 homines
2577 3108 2667 3175 qui
2686 3109 2753 3163 ad
2782 3111 3055 3165 caelestem
3082 3112 3309 3178 patriam
3331 3113 3669 3180 redeunt,“

2084 3202 2168 3256 eis
2204 3201 2521 3273 agminibus
2566 3204 2793 3272 aliquid,
2841 3206 2968 3259 illud
3000 3217 3357 3273 revertentes,
3393 3212 3669 3274 innitentes

2094 3282 2280 3355 [Forte
2306 3283 2630 3357 imitentur].
2666 3284 2928 3343 Distincte
2964 3299 3195 3353 namque
3229 3284 3665 3339 conversationes

2091 3374 2371 3429 hominum
2400 3375 2732 3445 singulorum
2755 3375 3026 3445 agminum
3047 3374 3323 3429 ordinibus
3344 3383 3663 3443 congruunt,

2092 3474 2147 3521 et
2171 3466 2224 3520 in
2250 3480 2434 3519 eorum
2469 3474 2666 3519 sortem
2690 3480 2785 3535 per
2814 3465 3238 3520 conversationis
3264 3464 3662 3519 similitudinem

2090 3556 2435 3626 deputantur.
2480 3555 2613 3609 Nam
2651 3562 2776 3610 sunt
2810 3555 3048 3625 plerique
3088 3555 3177 3624 (lui
3218 3570 3379 3625 parva
3422 3555 3663 3624 capiunt,

2091 3648 2183 3703 sed
2212 3655 2390 3701 tamen
2429 3647 2545 3701 haec
2577 3647 2761 3700 eadem
2800 3662 2964 3715 parva
3004 3647 3090 3715 pie
3125 3647 3445 3700 annuntiare
3483 3646 3666 3700 fratri-

2088 3736 2189 3791 bus
2217 3751 2322 3789 non
2350 3736 2612 3790 desistunt
2643 3752 2655 3788 :
2694 3735 2779 3789 isti
2813 3736 2993 3804 itaque
3033 3734 3085 3788 in
3134 3734 3439 3803 angelorum
3478 3749 3665 3788 nume-

2089 3841 2210 3881 rum
2240 3834 2483 3881 currunt.
2517 3826 2583 3879 Et
2607 3833 2733 3880 sunt
2762 3825 3000 3879 nonnulli
3027 3826 3146 3894 qui,
3179 3825 3374 3879 divina:
3400 3823 3666 3895 largitatis

2088 3930 2309 3970 munere
2332 3914 2541 3980 refecti,
2571 3922 2903 3970 secretorum
2933 3914 3231 3970 cmlestium
3257 3929 3464 3969 summa
3492 3922 3544 3968 et
3569 3929 3664 3967 ca-

2087 4020 2217 4075 pere
2249 4004 2540 4076 prmvalent
2572 4012 2624 4059 et
2663 4005 2912 4059 nuntiare
2955 4022 2967 4057 :
3011 4019 3117 4074 quo
3160 4002 3356 4074 [Forte
3397 4002 3664 4071 quomodo

2087 4097 2170 4155 hic
2200 4107 2247 4155 et
2274 4095 2438 4172 infra]
2466 4110 2595 4169 ergo
2636 4096 2721 4153 isti
2761 4111 2866 4150 non
2906 4094 3047 4151 inter
3082 4092 3525 4164 archangelorutn
3559 4107 3660 4146 nu-

2087 4206 2295 4247 merum
2321 4189 2680 4259 deputantur?
2710 4189 2778 4242 Et
2805 4197 2930 4242 sunt
2961 4187 3050 4256 qui
3082 4186 3219 4240 mira
3244 4184 3478 4248 faciunt,
3509 4183 3662 4254 signa

2086 4280 2330 4336 valenter
2352 4287 2646 4349 operantur
2676 4296 2689 4331 :
2719 4293 2827 4346 quo
2855 4277 3017 4344 igitur
3043 4274 3152 4338 isti,
3183 4274 3285 4329 nisi
3309 4273 3374 4327 ad
3405 4287 3665 4342 superna-

403 4371 579 4442 (Psal.
615 4372 821 4443 Lxxtx).
854 4373 961 4429 Sed
1001 4374 1121 4429 ideo
1156 4374 1243 4428 isti
1279 4374 1497 4429 ordines
1541 4373 2007 4457 δηςείονςξιοτξρςὶτ
2087 4386 2207 4457 rem
2230 4370 2489 4457 yirtgttupt
2512 4375 2783 4457 sgiqu
2797 4381 3078 4457 numerum
3101 4364 3522 4457 congruunt‘lE‘t
3539 4373 3663 4420 sunt

403 4440 544 4517 tatis
566 4440 874 4519 nominibus
898 4462 1251 4532 appellantur,
1276 4464 1400 4532 quia
1422 4462 1525 4518 hoc
1549 4440 1724 4532 ipsum
1742 4440 2067 4542 allicimus"
2087 4448 2326 4529 ᾑὸῖψωΰ
2344 4440 2763 4539 ﬂagellant:
2785 4440 3027 4542 ﬁssassis
3050 4454 3365 4525 corporibus
3400 4453 3663 4523 malignos

403 4554 461 4608 in
492 4554 711 4624 proprio
741 4553 932 4607 ordine
966 4552 1177 4621 plenius
1212 4558 1577 4622 acceperunt:
1614 4559 1668 4605 et
1709 4566 1831 4604 cum
1870 4550 1979 4605 sint
2009 4545 2058 4564 ν
2084 4551 2305 4620 spiritus
2332 4549 2554 4617 fugant,
2582 4562 2782 4617 eosque
2825 4546 3024 4601 virtute
3057 4546 3317 4601 orationis
3340 4553 3394 4601 et
3428 4545 3480 4600 vi
3507 4561 3664 4601 acce-

403 4644 657 4699 ornnibus
684 4643 856 4698 ollicia
888 4643 1219 4708 communia,
1248 4642 1463 4711 proprie
1491 4640 2009 4726 tamenetpontitom’
2046 4713 2057 4725 Ι
2083 4650 2212 4726 pta-1
2230 4636 2805 4726 [interfatisveiieiu'ntz
2832 4651 3003 4726 {,un
3049 4636 3232 4706 itaque
3278 4634 3365 4689 isti
3408 4635 3657 4689 meritum

404 4736 521 4790 suis
551 4735 829 4789 ordinibus
877 4733 1219 4805 deputantur.
1248 4708 1568 4801 _Un—icuique
1598 4708 1987 4795 leniatlusicaat

2260 4772 2275 4797 ,
2624 4708 2929 4806 βῷιέξέιξςὲ
2944 4710 3319 4811 [potestatum]
3361 4724 3657 4779 cmlestium

405 4827 719 4896 praedictum
755 4833 868 4890 est,
903 4804 1119 4895 propria
1162 4823 1335 4879 ollicia
1377 4830 1503 4878 sunt
1547 4823 1813 4893 injtmcta,
1861 4837 1982 4890 qua:
2084 4835 2367 4877 numerum
2410 4804 2759 4874 sortiuntur?
2780 4817 2847 4871 Et
2874 4804 3279 4871 ﬁsunt'nonnulli
3305 4813 3394 4882 qui
3424 4812 3655 4881 acceptis

408 4917 767 4986 promeruisse
795 4930 890 4971 eos
920 4915 972 4969 in
995 4914 1178 4969 mundi
1199 4914 1670 4969 eonstatexordio.
1697 4912 1831 4967 Nam
1855 4912 1981 4982 quia
2084 4913 2374 4967 virtutibus
2409 4910 2573 4964 etiam
2610 4909 2903 4964 electorum
2941 4906 3217 4961 hominum
3252 4903 3443 4958 merita
3481 4912 3657 4957 trans-

407 5006 582 5076 angeli
607 5015 665 5061 et
702 5005 835 5060 locis
868 5013 925 5059 et
958 5004 1263 5059 hominibus
1288 5012 1556 5074 praesunt,
1586 5004 1862 5073 prophetae
1898 5010 1980 5058 te.

408 5106 583 5150 statur
610 5094 835 5165 angelus
871 5094 1059 5148 dicens
1088 5111 1101 5146 :
1134 5091 1383 5164 Princeps
1411 5095 1554 5163 regni
1580 5090 1866 5147 Persarum
1895 5110 1979 5147 re.—

404 5187 534 5241 stitit
560 5186 689 5239 mihi
710 5184 873 5254 (Dan.
900 5182 976 5250 χ).
1004 5183 1155 5239 Unde
1177 5190 1400 5252 apparet
1425 5182 1627 5237 nullum
1655 5197 1777 5238 esse
1803 5182 1978 5237 locum

407 5275 490 5328 (Ui
527 5274 702 5345 angeli
738 5288 845 5328 non
886 5284 1141 5343 pratsunt.
1174 5273 1272 5328 Hic
1307 5281 1391 5328 est
1428 5274 1561 5328 ordo
1589 5272 1674 5327 vel
1707 5271 1983 5326 distinctio

404 5362 717 5433 angelorum
735 5402 751 5426 ,
779 5362 871 5431 qni
901 5369 1027 5431 post
1063 5360 1268 5428 lapsum
1298 5359 1559 5417 malorum
1588 5359 1640 5419 in
1668 5357 1870 5413 cmlesti
1894 5356 1983 5426 ju-

401 5472 532 5526 gore
558 5452 746 5527 [Forte
774 5451 978 5523 vigore]
1002 5451 1369 5519 perstiterunt.
1399 5448 1532 5504 Nam
1555 5457 1836 5520 postquam
1854 5464 1982 5516 apo-

400 5556 554 5603 stata:
600 5543 780 5614 angeli
826 5542 1179 5605 ceciderunt,
1226 5540 1279 5594 hi
1327 5538 1726 5609 perseverantia
1767 5546 1982 5592 mternaa

401 5637 754 5694 beatitudinis
783 5635 1001 5691 solidati
1047 5643 1191 5688 sunt.
1233 5632 1383 5688 Unde
1417 5640 1472 5687 ct
1511 5639 1632 5702 post
1670 5630 1792 5685 σαειί
1830 5646 1984 5685 creao

401 5736 599 5791 tionem
651 5732 706 5787 in
751 5729 1019 5800 principio
1061 5727 1319 5799 repetitur
1369 5745 1380 5780 :
1424 5724 1545 5780 Fiat
1592 5726 1980 5793 [irritamentum

2086 5004 2350 5067 cendunt;
2375 5015 2605 5070 cumque
2628 5008 2683 5054 et
2707 4998 2865 5053 bonis
2886 4996 3135 5052 meliores
3160 5003 3303 5058 sunt,
3328 4992 3510 5047 electis
3530 5006 3664 5060 quo-

2086 5107 2191 5162 que
2235 5089 2492 5146 fratribus
2531 5087 2906 5159 principantur
2948 5104 2963 5141 :
3003 5099 3111 5155 quo
3154 5098 3283 5153 ergo
3323 5081 3411 5137 isti
3459 5090 3656 5136 sortem

2087 5198 2272 5246 suam,
2316 5181 2414 5235 nisi
2453 5180 2594 5233 inter
2630 5177 3032 5248 principatuum
3075 5187 3356 5228 numerum
3383 5212 3399 5236 ,
3436 5184 3659 5240 accepe-

2087 5273 2245 5327 runt?
2273 5272 2343 5325 Et
2372 5276 2495 5324 sunt
2533 5267 2773 5323 nonnulli
2799 5266 2890 5336 qui
2921 5265 3002 5320 sic
3037 5265 3092 5319 in
3118 5261 3420 5331 semetipsis
3451 5260 3662 5314 cunctis

2086 5364 2231 5418 vitiis
2256 5361 2612 5428 omnibusque
2635 5357 2916 5414 desideriis
2933 5356 3299 5418 dominantur,
3322 5363 3382 5405 ut
3402 5352 3518 5422 ipso
3535 5350 3660 5419 jure

2089 5453 2365 5509 munditiae
2405 5451 2479 5506 dii
2523 5450 2665 5505 inter
2704 5448 2951 5504 homines
2992 5455 3287 5510 vocentur;
3330 5445 3469 5500 unde
3503 5453 3558 5499 et
3595 5444 3658 5499 ad

2087 5545 2305 5615 Moysen
2329 5542 2527 5596 dicitur
2563 5540 2741 5594 :Ecce
2780 5537 3026 5592 constitui
3063 5547 3111 5592 te
3156 5535 3322 5591 Deum
3362 5535 3658 5592 Pharaonis

2091 5632 2285 5704 (Exod.
2316 5630 2412 5700 vti)
2450 5647 2462 5683 ε
2500 5644 2608 5699 quo
2643 5642 2772 5699 ergo
2804 5626 2922 5691 isti,
2964 5626 3067 5683 nisi
3108 5627 3247 5682 inter
3282 5639 3535 5681 numeros
3563 5624 3658 5679 do~

2091 5726 2408 5790 minatuum,
2436 5719 2695 5778 currunt?
2724 5720 2793 5777 Et
2818 5728 2946 5776 sunt
2973 5718 3211 5775 nonnulli
3235 5718 3345 5787 qui,
3368 5720 3493 5772 dunt
3524 5715 3656 5772 siluis
