4064 6206
349 303 410 359 5|
989 301 1052 356 Β.
1093 298 1348 356 MBAN!
1387 297 1607 357 MAURI
1643 296 1962 356 ARClllEP.
2005 295 2316 354 MOGUNT.
2357 293 2640 353 OPERUM
2678 294 2859 350 PARS
2896 291 2960 350 ll.
3555 306 3622 358 ῃ

349 415 596 487 metipsis
623 413 863 486 vigilanti
903 430 1035 470 cura
1072 414 1438 489 dominantur,
1467 412 1593 468 dum
1622 427 1680 468 se
1708 411 1936 468 sollicita
1965 411 2014 469 A
2041 409 2254 479 gnoscit
2275 450 2290 473 ,
2320 408 2478 478 eique
2505 406 2682 462 adhuc
2713 419 2792 462 vae
2819 404 3057 461 deterius
3081 403 3360 471 inminet,
3385 404 3482 462 sed
3507 407 3626 470 pri.

351 507 650 562 intentione
687 505 1016 571 discutiunt,
1051 505 1233 560 divino
1283 503 1463 559 timori
1507 517 1722 572 semper
1767 502 1937 557 inhae-

353 608 558 664 rentes,
587 599 693 654 hoc
721 597 774 652 in
810 611 1036 652 munere
1063 595 1283 651 virtutis
1309 594 1580 666 accipiunt
1607 601 1666 648 ut
1695 591 1940 664 judicare

357 699 506 747 recte
553 697 610 744 et
651 690 787 744 alios
813 688 1023 760 possint
1067 705 1080 742 :
1118 702 1350 757 quorum
1389 684 1632 758 profecto
1669 685 1942 740 mentibus

352 781 482 834 dum
511 779 689 835 divina
715 777 1096 848 contemplatio
1123 786 1322 848 praesto
1347 785 1462 842 est,
1489 777 1544 831 in
1570 777 1656 831 his
1673 817 1689 842 ,
1714 775 1860 832 velut
1885 776 1942 831 in

356 872 552 925 throno
580 886 708 934 suo,
743 869 1000 926 Dominus
1028 869 1355 940 praesidens,
1386 868 1612 923 aliorum
1639 867 1783 923 facta
1808 882 1942 923 exa-

357 959 557 1024 minat,
585 967 640 1012 et
677 966 867 1013 cuncta
893 957 1217 1013 mirabiliter
1245 958 1311 1014 de
1347 973 1445 1011 sua
1483 957 1611 1012 sede
1647 957 1942 1026 dispensat.

357 1047 458 1114 Qui
487 1063 617 1118 ergo
640 1047 748 1113 isti,
774 1047 876 1102 nisi
902 1047 1200 1103 conditoris
1225 1047 1307 1102 sui
1334 1047 1512 1102 throni
1537 1049 1694 1102 sunt?
1721 1045 1818 1102 Vel
1839 1062 1946 1116 quo

359 1137 462 1192 nisi
501 1139 568 1192 ad
616 1153 970 1208 supernorum
1015 1138 1220 1193 sedium
1263 1152 1518 1193 numeros
1561 1138 1948 1193 aserihuntur?

358 1227 465 1282 Per
487 1243 622 1298 quos
651 1228 776 1283 dum
807 1235 994 1284 sancta
1025 1228 1263 1284 Ecclesia
1289 1229 1514 1300 regitur,
1539 1229 1855 1300 plerumque
1882 1229 1949 1284 de

363 1317 685 1388 quihusdam
723 1318 836 1372 suis
879 1317 1110 1372 inﬁrmis
1154 1317 1365 1373 actibus
1410 1318 1574 1372 etiam
1610 1317 1766 1372 electi
1807 1318 1952 1389 judi-

365 1419 578 1466 cantur.
623 1411 690 1465 Et
723 1418 848 1466 sunt
879 1409 1120 1466 nonnulli
1153 1410 1247 1481 qui
1288 1417 1437 1464 tanta
1472 1409 1570 1464 Dei
1611 1425 1677 1464 ac
1716 1409 1948 1480 proximi

363 1501 650 1558 dilectione
672 1501 817 1574 pleni
849 1510 1007 1569 sunt,
1039 1511 1098 1557 ut
1117 1503 1242 1572 jure
1265 1502 1546 1559 cherubim
1581 1502 1948 1558 nominentur.

364 1593 501 1662 Quia
537 1593 713 1661 enim,
753 1602 815 1648 ut
852 1593 1065 1664 praefati
1101 1608 1318 1660 sumus,
1358 1593 1637 1649 cherubim
1677 1593 1954 1664 plenitudo

364 1686 605 1742 scientiae
629 1685 862 1752 dicitur,
900 1697 956 1742 et
997 1685 1166 1742 Paulo
1202 1685 1416 1741 dicente
1442 1685 1728 1742 didicimus
1762 1703 1774 1738 :
1811 1683 1951 1750 Quia

365 1773 636 1846 plenitudo
675 1773 802 1846 legis
831 1775 1064 1830 charitas
1100 1774 1280 1848 (Rom.
1317 1774 1472 1849 xm);
1505 1791 1695 1832 omnes
1727 1775 1820 1845 qui
1858 1775 1953 1832 Dei

365 1876 424 1922 et
453 1865 684 1936 proximi
708 1865 974 1922 eharitate
1003 1866 1215 1922 caeteris
1236 1866 1468 1936 amplius
1495 1865 1638 1937 pleni
1666 1873 1810 1930 sunt,
1835 1880 1953 1920 me-

367 1959 596 2013 ritorum
617 1972 840 2014 suorum
868 1967 1071 2015 sortem
1103 1959 1248 2015 inter
1272 1959 1553 2015 cherubim
1580 1973 1805 2014 numero
1833 1973 1956 2030 per-

367 2057 646 2118 ceperunt.
671 2049 738 2103 Et
766 2057 892 2104 sunt
919 2049 1160 2104 nonnulli
1190 2051 1281 2120 qui
1299 2091 1314 2116 ,
1342 2065 1590 2120 superna:
1617 2049 1953 2119 contempla-

371 2137 532 2192 tionis
559 2153 744 2193 amore
777 2139 1014 2204 accensi,
1045 2140 1098 2194 in
1127 2139 1240 2194 solo
1263 2139 1560 2196 conditoris
1583 2140 1666 2195 sui
1682 2140 1956 2196 desiderio

368 2227 656 2294 anhelant,
688 2227 763 2283 nil
781 2226 896 2297 jam
932 2227 988 2283 in
1015 2229 1118 2284 hoc
1147 2229 1350 2284 mundo
1371 2229 1624 2300 cupiunt,
1655 2229 1771 2286 solo
1794 2239 1956 2286 aeter-

371 2319 558 2375 nitatis
593 2335 779 2374 amore
815 2328 1141 2390 pascuntur,
1179 2326 1394 2375 terrena
1425 2333 1650 2390 quaeque
1674 2317 1954 2387 abjiciunt,

371 2419 565 2466 cuncta
589 2410 904 2480 temporalia
935 2420 1116 2466 mente
1141 2411 1548 2478 transcendunt,
1576 2420 1762 2466 amant
1789 2419 1844 2467 et
1871 2427 1959 2466 ar-

372 2503 500 2558 dent
533 2520 548 2557 :
573 2510 736 2574 atque
763 2503 818 2557 in
848 2517 946 2558 suo
972 2503 1089 2574 ipso
1119 2503 1312 2558 ardore
1337 2503 1702 2572 requiescunt,
1728 2503 1958 2558 amando

371 2593 599 2659 ardent,
628 2592 897 2663 loquendo
926 2601 982 2648 et
1022 2593 1159 2648 alios
1195 2593 1526 2658 accendunt;
1550 2601 1606 2647 et
1633 2606 1769 2662 quos
1793 2591 1958 2648 verbo

372 2693 631 2758 tangunt,
658 2684 848 2740 ardere
882 2686 1128 2756 protinus
1153 2685 1208 2740 in
1233 2685 1327 2741 Dei
1357 2700 1542 2740 amore
1562 2684 1788 2742 faciunt.
1819 2684 1959 2752 Quid

371 2790 500 2846 ergo
536 2775 701 2840 istos,
734 2773 840 2830 nisi
883 2775 1186 2848 seraphim,
1216 2776 1482 2840 dixerim,
1513 2791 1743 2846 quorum
1769 2789 1864 2831 cor
1903 2775 1956 2830 iu

372 2865 552 2936 ignem
591 2881 912 2922 conversum
950 2866 1094 2922 lueet
1137 2873 1194 2922 et
1231 2866 1340 2921 urit
1379 2881 1395 2920 :
1439 2868 1567 2938 quia
1602 2875 1654 2922 et
1695 2867 1956 2922 mentium

373 2956 560 3012 oculos
594 2957 661 3012 ad
704 2972 938 3027 superna
976 2957 1312 3023 illuminant,
1351 2965 1408 3013 et
1446 2957 1856 3028 eompungendo
1900 2958 1956 3013 in

371 3043 587 3102 ﬂetibus
621 3047 876 3102 vitiorum
917 3046 1217 3117 rubiginem
1256 3056 1489 3119 purgant
1523 3063 1539 3102 :
1578 3047 1705 3118 quia
1729 3063 1858 3120 ergo
1881 3049 1954 3104 ita

2041 509 2223 556 vatam
2261 515 2319 556 se
2343 500 2502 556 donis
2530 497 2783 570 intelligit
2813 507 2868 554 et
2891 511 3234 567 nequaquam
3260 498 3444 570 gemit.
3471 497 3633 566 Olli.“-

2042 589 2166 660 quis
2189 603 2318 660 ergo
2344 589 2468 644 talis
2491 595 2594 651 est,
2629 587 2825 642 fratres
2855 586 2996 652 mei,
3021 586 3317 658 gemendus
3343 595 3426 642 est
3453 587 3628 652 valde.

2044 678 2170 748 quia
2198 694 2304 732 non
2335 679 2520 750 gemit.
2561 677 2860 732 Pensemus
2887 676 3052 749 igitur
3085 685 3309 748 accepta
3335 676 3626 734 electorum

2045 789 2300 838 munera,
2336 780 2391 828 et
2417 773 2616 827 virtute
2657 786 2762 841 qua
2800 785 3126 841 possumus,
3149 771 3217 824 ad
3245 785 3487 826 amorem
3515 777 3637 826 tan-

2043 872 2114 921 tae
2143 866 2306 921 sortis
2331 864 2665 921 anhelemus.
2690 863 2792 932 Qui
2823 863 2876 918 in
2907 879 2968 919 se
2987 863 3250 918 donorum
3273 864 3503 934 gratiam
3530 865 3634 919 mi-

2048 958 2194 1013 nime
2231 957 2599 1026 recognoscit,
2644 964 2860 1028 gemat;
2916 954 3010 1024 qui
3055 969 3186 1010 vero
3230 954 3441 1009 minora
3485 955 3540 1010 in
3577 970 3638 1011 se

2047 1051 2338 1122 cognoscit,
2364 1049 2567 1117 majora
2588 1050 2708 1104 aliis
2727 1065 2836 1104 non
2863 1048 3117 1102 invideat.
3145 1047 3469 1120 Angelorum
3491 1048 3636 1103 enim

2048 1143 2266 1198 nomine
2299 1149 2592 1213 potestates
2633 1155 2914 1211 supernas,
2960 1147 3022 1194 ut
3063 1155 3227 1210 supra
3267 1138 3638 1199 ostendimus.

2049 1235 2420 1305 designantur.
2446 1245 2502 1287 ut
2531 1234 2583 1290 in
2611 1232 2818 1302 psalmo
2845 1251 2856 1286 :
2883 1231 2988 1298 Qui
3010 1231 3137 1300 facit
3159 1229 3370 1300 angelos
3390 1247 3513 1284 suos
3534 1231 3643 1300 spi-

2050 1327 2182 1380 ritus
2205 1323 2376 1396 (Psal.
2395 1323 2532 1394 cm).
2552 1323 2786 1394 Angelus
2808 1332 2988 1378 autem
3009 1323 3188 1394 typiee
3209 1322 3469 1376 Dominus
3485 1319 3642 1376 .lesus

2051 1416 2302 1472 Christus
2330 1425 2690 1486 nuncupatur,
2721 1415 2772 1468 id
2805 1422 2910 1480 est,
2943 1413 3164 1468 nuntius
3191 1421 3429 1482 paterna:
3457 1413 3643 1468 volun-

2052 1508 2198 1564 tatis.
2236 1507 2393 1564 Unde
2427 1507 2689 1577 propheta
2731 1506 2808 1560 ait
2851 1524 2864 1560 :
2923 1503 3069 1559 Venit
3100 1503 3169 1560 ad
3206 1502 3451 1574 templum
3487 1519 3642 1558 suum

2051 1599 2392 1666 dominator,
2483 1611 2630 1669 quem
2671 1612 2758 1649 vos
2796 1593 2970 1658 vultis,
3003 1602 3052 1648 et
3081 1590 3297 1664 angelus
3323 1591 3641 1654 testamenti,

2051 1704 2204 1760 quem
2228 1704 2315 1742 vos
2354 1685 2684 1740 desideratis.
2721 1683 2958 1755 Angelus
2991 1680 3227 1738 Joannes
3251 1694 3558 1751 prmcursor
3587 1679 3640 1732 in

1980 1757 2028 1815 Β
2057 1757 2318 1835 Malacbia
2355 1785 2614 1841 vocatur,
2641 1785 2702 1830 ut
2727 1784 2812 1830 est
2847 1775 2976 1829 illud
3014 1791 3027 1827 :
3061 1772 3200 1827 Ecce
3228 1773 3377 1826 mitto
3399 1769 3644 1842 angelum

2054 1889 2227 1928 meum
2261 1881 2382 1927 ante
2410 1871 2600 1942 [aciem
2625 1879 2772 1924 tuam
2801 1867 3058 1940 (Malach.
3086 1866 3192 1938 ιιι).
3229 1866 3404 1922 Simili
3431 1879 3647 1936 quoque

2055 1968 2216 2024 modo
2241 1975 2297 2022 et
2333 1967 2386 2020 in
2412 1963 2767 2036 Apocalypsi,
2795 1961 2883 2017 uhi
2919 1960 3105 2032 prteIia
3143 1959 3539 2020 describuntur,
3567 1957 3646 2012 ita

2057 2057 2254 2129 legitur
2285 2075 2299 2110 :
2336 2055 2457 2110 l'idi
2491 2053 2734 2126 angelum
2761 2052 2859 2110 Dei
2898 2051 3085 2122 fortem
3125 2050 3382 2106 uolantem
3419 2065 3512 2120 per
3541 2064 3650 2101 me-

2056 2149 2203 2204 dium
2248 2147 2434 2202 calum
2465 2143 2663 2218 (Apoc.
2704 2143 2848 2214 xlv).
2891 2143 3080 2215 Angeli
3107 2141 3278 2197 sancti
3307 2139 3646 2212 prmdicatio-

2058 2255 2156 2296 nes
2183 2247 2467 2302 vocantur,
2495 2237 2562 2291 de
2583 2234 2781 2306 quibus
2810 2233 3068 2288 Dominus
3089 2233 3157 2288 ad
3185 2229 3286 2286 Job
3307 2247 3402 2301 pro
3433 2229 3646 2284 diabolo

2058 2330 2282 2400 loquens
2311 2327 2387 2383 ait
2416 2345 2428 2380 :
2461 2324 2595 2381 Cum
2618 2324 2856 2380 sublatus
2885 2325 3064 2394 fuerit,
3098 2323 3350 2376 timebunt
3379 2319 3574 2390 angeli,
3599 2329 3647 2372 et

2059 2420 2226 2475 territi
2252 2416 2614 2488 purgabantur
2643 2413 2786 2485 (Job.
2825 2413 2956 2485 xu).
2987 2413 3053 2468 Et
3080 2411 3207 2467 alibi
3239 2429 3252 2464 :
3286 2410 3470 2480 Angeli
3501 2409 3648 2480 paris

2059 2526 2240 2564 amare
2272 2507 2466 2579 ﬂebunt
2501 2505 2647 2577 (Isa.
2691 2504 2922 2576 χχχιιι).
2953 2504 3020 2559 Et
3050 2503 3103 2558 in
3131 2501 3429 2573 Apostolo:
3462 2500 3641 2570 Appa-

2060 2599 2162 2655 ruit
2189 2598 2386 2669 angelis
2418 2596 2470 2667 (Ι
2504 2596 2637 2651 Tim.
2669 2597 2775 2668 ιιι).
2806 2596 2959 2664 Quod
2987 2609 3183 2650 nomen
3223 2607 3328 2648 non
3358 2608 3454 2663 per
3481 2599 3645 2645 natu-

2061 2705 2214 2756 ram,
2255 2689 2350 2744 sed
2389 2675 2486 2760 per
2531 2687 2764 2742 ofﬁcium
2812 2683 3228 2741 ministratiouis
3273 2683 3448 2738 sortiti
3487 2692 3644 2736 sunt.

2058 2781 2296 2852 Angelus
2337 2778 2580 2835 diabolus
2615 2779 2670 2834 in
2708 2777 2966 2848 Apostolo
3000 2787 3372 2846 nuncupatur.
3402 2772 3493 2826 ubi
3521 2771 3596 2826 ait
3631 2789 3646 2824 :
3674 2819 3677 2822 .

2061 2872 2240 2927 Etiam
2270 2871 2316 2926 si
2351 2870 2567 2942 angelus
2589 2871 2654 2925 de
2677 2868 2804 2925 creto
2829 2866 3255 2940 evangelisererit
3293 2865 3437 2920 vobis
3459 2873 3655 2934 pra'ter
3735 2877 3741 2884 ο

2059 2963 2202 3038 quod
2227 2961 2718 3034 erangelizavimus,
2741 2960 3021 3015 anathema
3041 2959 3107 3014 sit
3131 2955 3274 3031 (Gal.
3299 2955 3363 3028 I).
3387 2953 3650 3010 Similiter

2063 3061 2120 3110 et
2155 3053 2332 3124 angeli
2376 3053 2641 3108 immundi
2681 3051 2905 3121 spiritus
2948 3055 3360 3120 nuncupantur,
3388 3043 3478 3100 ubi
3503 3043 3647 3097 idem

373 3137 438 3192 ad
465 3154 703 3196 amorem
731 3141 812 3194 sui
843 3106 1138 3195 conditoris
1176 3106 1492 3195 inllamniati
1529 3106 1681 3205 sunt,
1711 3106 1822 3212 quo
1842 3141 1950 3208 isti,
1984 3106 2030 3170 Ο
2062 3106 2354 3219 Apostolus
2379 3106 2464 3200 ait
2504 3161 2520 3200 :
2551 3106 2798 3198 Nescitis
2832 3142 2956 3214 quia
2996 3106 3206 3211 angelos
3235 3106 3596 3208 judicabimus
3621 3133 3652 3186 ἵ

370 3227 476 3282 nisi
505 3229 650 3284 inter
673 3230 930 3300 seraphin
961 3245 1264 3295 numerum,
1289 3238 1492 3286 sortem
1519 3246 1631 3286 suae
1655 3231 1957 3287 vocationis

371 3321 744 3390 acceperunt?
792 3319 886 3376 Vae
935 3329 1116 3377 autem
1161 3323 1355 3377 animae
1401 3337 1523 3392 quae
1563 3322 1617 3376 in
1660 3337 1720 3378 se
1767 3322 1834 3376 de
1871 3321 1958 3378 bis

370 3409 528 3466 bonis
575 3427 697 3482 quea
750 3413 1189 3469 enumeravimus
1217 3455 1231 3482 ,
1281 3413 1503 3468 minime
1551 3414 1754 3485 aliquid
1807 3429 1960 3470 reco-

2061 3248 2258 3312 quanto
2285 3237 2452 3308 magis
2480 3234 2795 3291 swcularia!
2822 3233 2872 3306 (1
2898 3230 3022 3287 Cor.
3054 3229 3152 3303 γι.)
3177 3229 3275 3286 His
3312 3241 3442 3282 vero
3467 3239 3652 3280 exem—

2062 3329 2151 3402 pla
2184 3327 2405 3392 similia,
2435 3327 2530 3397 qui
2557 3324 2870 3397 Seripturas
2891 3323 3042 3395 legit,
3071 3320 3314 3377 invenire
3339 3316 3558 3390 poterit.

385 3545 3634 3574 mw

1537 3662 1839 3741 LIBER
1911 3661 2470 3741 SECUNDUS.

881 3880 1110 3938 CAPUT
1148 3880 1430 3938 UNICUM.

374 4013 441 4054 Illi.
479 4009 763 4054 IIOIINIBUS
797 4005 888 4058 QUI
925 4007 1140 4058 QUODAII
1176 4007 1448 4048 PRESAGIO
1485 4008 1683 4048 NOIINA
1729 4007 1958 4047 REGI-IDE-

1081 4078 1246 4118 ιυΝτ.

468 4248 544 4304 De
573 4248 742 4304 Adam
769 4258 818 4304 et
842 4249 1063 4320 posteris
1093 4247 1210 4320 ejus
1232 4263 1397 4320 usque
1423 4247 1494 4302 ad
1519 4247 1869 4318 patriarchas.

2133 3875 2266 3931 Cain
2323 3876 2711 3944 interpretatur
2747 3887 3028 3944 possessio.
3074 3870 3230 3929 Unde
3271 3873 3653 3946 etymologiam

2064 3967 2236 4038 ipsius
2261 3974 2416 4035 pater
2441 3964 2750 4034 exprimens
2775 3964 2854 4018 ait
2885 3982 2899 4018 :
2929 3961 3084 4030 Cain,
3115 3961 3172 4018 id
3198 3969 3300 4028 est,
3317 3963 3531 4034 possedi
3559 3965 3658 4019 ho-

2063 4057 2256 4112 minem
2287 4072 2380 4126 per
2415 4053 2581 4108 Deum
2609 4051 2777 4126 (Gen.
2804 4051 2910 4122 tv).
2949 4053 3094 4108 Idem
3129 4060 3186 4108 et
3220 4052 3554 4121 lamentatio,
3587 4069 3658 4108 eo

2066 4151 2208 4220 quod
2239 4165 2339 4220 pro
2370 4147 2656 4205 interfecto
2683 4148 2816 4203 Abel
2851 4146 3168 4203 interfectus
3204 4147 3306 4212 sit,
3339 4154 3395 4202 et
3433 4161 3651 4218 pinnam

2063 4243 2149 4298 sui
2181 4241 2400 4298 sceleris
2421 4239 2652 4296 dederit.
2675 4239 2774 4294 llic
2801 4248 2982 4294 autem
3011 4237 3202 4304 frater,
3233 4239 3324 4308 qui
3350 4247 3512 4294 astate
3531 4255 3653 4294 ma-

449 4340 642 4405 Adam,
663 4341 804 4395 sicut
820 4341 1015 4396 beatus
1041 4339 1960 4419 Hierppyfaugmydidugzmougu
2027 4336 2426 4419 {praeeuntem
2457 4334 2592 4390 Abel
2627 4335 2824 4390 occidit
2859 4335 2914 4388 in
2953 4349 3177 4404 eampo,
3213 4333 3470 4406 populum
3502 4336 3654 4406 prio-

377 4440 634 4493 terrenus,
656 4429 770 4484 sive
789 4440 928 4484 terra
952 4429 1112 4484 rubra
1821 4413 2046 4494 (ἐιίῆιᾶ
2225 4410 2526 4500 signiﬁcat,
2561 4429 2652 4498 qui
2693 4427 2950 4482 interﬁcit
2989 4425 3264 4482 Christum
3305 4427 3358 4482 in
3393 4425 3656 4482 Calvariae

377 4521 526 4578 facta
553 4529 636 4577 est
672 4536 837 4587 caro,
874 4528 930 4576 et
955 4522 1152 4576 humus
1183 4520 1420 4575 hominis
1452 4519 1680 4574 faciendi
1711 4518 1965 4572 materies

384 4611 506 4667 fuit.
541 4611 641 4666 Hie
678 4611 904 4682 ﬁguram
940 4610 1160 4700 Christi
1174 4611 1446 4702 gestavit;
1463 4610 1998 4702 hbuit'sietir.§exta§

377 4703 465 4758 die
492 4703 754 4757 formatus
786 4709 872 4756 est
895 4701 963 4755 ad
994 4688 1413 4780 Dei
1427 4692 1448 4766 ξ
1474 4699 1562 4767 εἰμι
1591 4691 1746 4767 Sexta
1782 4688 1998 4759 manilii

376 4802 537 4850 nitate
559 4794 729 4849 Filius
755 4793 848 4848 Dei
878 4791 1106 4848 formam
1129 4791 1310 4846 carnis
1333 4789 1522 4854 induit,
1553 4797 1613 4842 ut
1642 4788 1964 4844 reformaret

379 4887 652 4944 hominem
688 4885 754 4940 ad
783 4884 1189 4941 similitudinem
1224 4882 1339 4939 Dei.

451 4978 561 5033 E'va
605 4977 993 5046 interpretatur
1027 4975 1132 5028 vita
1155 5013 1171 5039 ,
1211 4973 1327 5028 sive
1365 4971 1671 5032 calamitas.
1713 4970 1828 5026 sive
1869 4985 1963 5024 νίν.

383 5070 523 5135 Vita,
553 5068 678 5139 quia
702 5068 855 5138 origo
881 5065 984 5121 fuit
1007 5065 1296 5130 nascendi;
1326 5062 1609 5118 calamitas
1629 5070 1686 5116 et
1714 5077 1815 5126 vae,
1839 5061 1967 5132 quia

379 5174 476 5231 per
513 5157 1014 5230 prtevaricationem
1044 5169 1209 5212 causa
1243 5153 1450 5209 exstitit
1483 5151 1770 5208 moriendi.
1797 5151 1839 5205 A
1871 5169 1966 5205 ca-

379 5243 550 5318 dendo
583 5249 726 5305 enim
754 5262 950 5302 nomen
986 5245 1282 5316 assumpsit
1305 5243 1606 5300 calamitas.
1645 5241 1750 5296 Alii
1786 5249 1966 5296 autem

378 5343 564 5398 dicunt
588 5345 726 5412 quod
763 5343 833 5400 ob
859 5344 961 5398 hoc
999 5343 1112 5398 Eva
1151 5343 1254 5396 vita
1288 5349 1345 5396 et
1379 5338 1653 5394 calamitas
1681 5340 1752 5394 sit
1781 5337 1966 5410 appel-

383 5434 492 5492 lata
513 5475 528 5498 ,
552 5435 676 5504 quia
717 5450 859 5506 saepe
885 5434 1076 5490 mulier
1100 5433 1222 5488 viro
1255 5445 1420 5488 causa
1452 5430 1646 5486 salutis
1673 5437 1784 5495 est,
1823 5443 1968 5498 sazpe

380 5525 698 5592 calamitatis
733 5533 790 5582 et
830 5526 1052 5589 mortis,
1083 5525 1226 5595 quod
1265 5531 1350 5578 est
1377 5539 1474 5578 rte.
1505 5520 1763 5592 Designat
1787 5527 1965 5574 autem

383 5615 678 5687 Ecclesium
711 5630 965 5686 sponsam
991 5615 1195 5671 Christi
1223 5614 1420 5670 laetam
1443 5628 1546 5684 per
1573 5611 1775 5666 lavacri
1804 5609 1966 5664 mini-

379 5706 600 5781 sterium
620 5746 636 5778 ,
671 5706 814 5786 quod
854 5707 918 5762 de
948 5706 1118 5762 latere
1147 5706 1428 5761 morientis
1459 5703 1659 5760 Christi
1690 5700 1962 5778 proﬂuxit.

2065 4519 2202 4574 loco.

2022 4615 2038 4691 ξ
2063 4613 2113 4688 εξ
2134 4603 2445 4688 Abel-impia
2480 4609 2869 4679 interpretatur
2891 4606 3062 4662 luctus
3091 4619 3110 4659 :
3139 4621 3246 4677 quo
3270 4607 3488 4663 nomine
3510 4622 3654 4678 pra:-

2024 4693 2406 4772 ζσῖζῠηιὲιιιιιὴι
2425 4695 2783 4754 roccidendus.
2821 4697 2964 4754 Idem
3001 4705 3056 4752 et
3103 4698 3340 4762 uanitas,
3380 4698 3506 4766 quia
3548 4699 3659 4754 cito

2066 4791 2275 4845 solutus
2299 4799 2383 4844 est
2411 4798 2574 4859 atque
2600 4789 2928 4843 subtractus.
2957 4785 3056 4842 llic
3075 4795 3264 4858 pastor
3289 4787 3471 4842 ovium
3499 4787 3658 4844 Chri-

2065 4879 2138 4935 sti
2169 4880 2341 4934 tenuit
2372 4888 2576 4950 typum,
2605 4879 2699 4948 qui
2727 4887 2810 4933 est
2844 4894 3008 4934 verus
3034 4885 3220 4948 pastor
3237 4886 3293 4932 et
3323 4886 3503 4933 rector
3527 4877 3660 4934 lide-

2066 4974 2196 5029 lium
2230 4973 2551 5044 populorum
2591 4991 2604 5026 :
2639 4972 2780 5028 unde
2814 4979 2870 5026 et
2905 4971 3142 5026 animam
3169 4985 3320 5026 suam
3353 4971 3531 5040 posuit
3557 4987 3662 5042 pro

2065 5065 2258 5120 ovibus
2287 5065 2419 5120 suis.
3612 5112 3638 5129 κ

2140 5155 2303 5220 Scth,
2334 5155 2426 5226 qui
2463 5155 2850 5224 interpretatur
2887 5154 3195 5209 resurrectio
3227 5153 3310 5208 vel
3339 5153 3528 5224 positio
3549 5192 3564 5216 ,
3589 5165 3660 5205 eo

2067 5258 2176 5315 quo
2201 5260 2301 5315 per
2335 5242 2763 5300 interfectionem
2801 5241 2989 5298 fratris
3029 5251 3188 5298 natus
3226 5242 3380 5312 quasi
3417 5256 3660 5297 resurre-

2069 5336 2177 5392 ctio
2205 5335 2349 5391 illius
2375 5336 2651 5407 appositus
2679 5336 2766 5390 sit.
2796 5334 2895 5390 llic
2917 5336 3252 5391 demonstrat
3275 5333 3552 5390 Christum.
3571 5332 3662 5387 Je-

2069 5443 2208 5491 sum,
2241 5427 2295 5482 in
2319 5443 2425 5498 quo
2447 5436 2527 5483 est
2553 5443 2678 5482 vera
2710 5427 3038 5482 resurrectio
3063 5433 3119 5481 et
3146 5427 3257 5482 vita
3287 5425 3546 5482 ﬁdelium.

2140 5519 2285 5574 Enos
2319 5515 2472 5582 juxta
2513 5517 2746 5588 propria:
2793 5516 2986 5588 lingum
3029 5517 3346 5572 varietatem
3381 5515 3538 5569 homo
3573 5515 3659 5570 vel

2069 5613 2150 5668 vir
2173 5610 2388 5672 dicitur,
2417 5619 2474 5666 et
2506 5625 2742 5679 congrue
2774 5610 2875 5664 hoc
2901 5609 3222 5665 vocabulum
3250 5607 3472 5672 habuit;
3500 5611 3569 5661 de
3594 5621 3670 5661 ro

2071 5702 2216 5758 enim
2246 5701 2503 5774 scriptum
2533 5711 2612 5754 est
2649 5720 2661 5753 :
2699 5700 2842 5754 Tunr
2873 5701 3079 5754 initium
3110 5699 3207 5769 fuit
3242 5696 3536 5754 inroranda
3565 5711 3661 5749 uno
