4064 6206
383 330 456 393 ἵε
1388 333 1476 394 DE
1518 336 1865 395 UNIVERSO
1900 329 2081 393 LlﬂRl
2124 330 2285 401 XXll.
2311 366 2379 375 -—
2416 335 2541 388 LIB.
2585 334 2647 389 11.
3589 332 3657 397 34

390 424 512 500 enen
540 446 757 501 Domini
784 446 946 518 (Gen.
976 446 1073 518 tv),
1103 447 1226 502 licet
1254 447 1495 518 plerique
1521 450 1866 505 Hebraeorum
1889 465 1977 503 ar—
2008 452 2053 509 A
2083 448 2225 501 mitis
2249 464 2364 500 sum
2392 457 2439 500 et
2471 446 2684 500 humilis
2713 447 2884 511 corde,
2917 458 2964 501 et
2994 448 3260 505 iurenieiis
3288 456 3511 521 requiem
3540 461 3651 512 ani-

393 538 669 592 hitrentur
690 536 838 606 quod
874 547 1005 592 tunc
1027 538 1260 607 primum
1292 538 1344 592 in
1372 540 1590 594 nomine
1617 539 1826 594 Domini
1849 550 1904 594 et
1926 540 1979 592 in

391 628 895 700 similitudine'ejus
932 628 1196 685 fabricata
1238 638 1366 685 sunt
1402 631 1559 685 idola.
1594 630 1839 685 Declarat
1873 630 1977 684 Ec-

2081 536 2264 589 malms
2294 536 2474 589 vestris
2506 533 2720 604 (latth.
2746 535 2844 606 x1).
2871 536 3028 590 Solus
3047 537 3227 606 justus
3250 542 3522 600 invenitur
3546 546 3661 606 Noe

2078 622 2133 677 in
2165 621 2249 676 illa
2282 631 2475 694 gente,
2509 622 2593 677 cui
2637 632 2840 692 septem
2871 624 3116 681 homines
3148 628 3418 685 donantur
3439 644 3660 706 praptcr

390 720 617 775 clesiam
658 721 712 773 in
745 735 842 790 spe
874 720 1174 785 viventem,
1222 721 1457 791 quandiu
1492 722 1558 776 ad
1595 721 1975 776 beatitudinem

2078 708 2338 779 iustitiam
2366 727 2539 766 suam.
2569 711 2727 767 Solus
2749 711 2926 780 justus
2952 723 3037 768 est
3060 722 3220 785 atque
3247 719 3536 789 perfectus,
3568 726 3656 782 cui

389 810 675 879 promissae
706 809 977 864 felicitatis
1006 810 1305 880 perveniat.

464 900 671 961 Euoch,
697 899 838 953 ﬁlius
856 898 1013 963 Cain,
1035 899 1295 953 dedicatio
1317 901 1713 969 interpretatur.
1730 900 1789 955 ln
1814 901 1980 971 ipsius

390 990 537 1043 enim
573 990 793 1043 nomine
830 989 1101 1044 civitatem
1145 998 1332 1061 postea
1373 990 1661 1046 aediﬁcavit
1700 991 1850 1046 Cain.
1897 990 1981 1045 Si-

390 1081 618 1152 gniﬁcat
647 1089 827 1136 autem
870 1081 1066 1149 impios
1102 1082 1156 1135 in
1197 1081 1297 1136 hac
1327 1082 1436 1136 vita
1472 1089 1677 1136 tantum
1712 1097 1832 1137 esse
1859 1081 1981 1135 fun-

390 1175 570 1226 datos.

463 1262 668 1317 Cainan
700 1262 1005 1317 lamentatio
1034 1263 1118 1318 vel
1154 1263 1409 1332 possessio
1440 1279 1618 1316 eorum
1652 1263 1978 1332 interpreta-

391 1362 502 1407 tur.
533 1352 688 1408 Sicut
708 1352 854 1407 enim
877 1351 1013 1407 Cain
1039 1354 1316 1423 possessio,
1340 1352 1413 1406 ita
1436 1352 1737 1407 derivatum
1760 1366 1975 1417 nomen,

388 1442 536 1512 quod
580 1449 665 1497 est
703 1441 906 1496 Cainan
931 1480 948 1506 ,
986 1439 1116 1496 facit
1160 1440 1414 1512 possessio
1460 1456 1661 1494 eorum.
1700 1438 1980 1510 Signiﬁcat

389 1541 574 1586 autem
598 1531 932 1603 appetitores
950 1530 1246 1586 carnalium
1271 1530 1625 1599 voluptatum,
1653 1530 1743 1598 qui
1769 1538 1977 1584 tantum

386 1626 457 1678 de
489 1624 774 1693 pmsentis
795 1623 919 1677 vita:
946 1622 1154 1676 deliciis
1183 1621 1595 1677 sollicitudinem
1619 1628 1832 1690 gerunt.

467 1711 613 1767 Chus
648 1712 915 1768 Hebraice
949 1711 1196 1783 zEthiOps
1222 1713 1626 1781 interpretatur,
1658 1709 1772 1783 [ex]
1798 1720 1977 1779 poste-

2079 810 2283 871 septem
2316 802 2558 857 ecclesia:
2579 842 2593 865 ,
2630 811 2852 871 propter
2878 806 3277 874 septemplicem
3309 809 3565 881 Spiritum
3592 816 3659 870 il-

2078 888 2462 957 luminantem,
2497 891 2550 944 in
2582 907 2743 946 unam
2786 892 3078 948 Ecclesium
3127 898 3518 955 condonantur.
3546 900 3659 959 Noe

2077 997 2206 1053 ergo
2232 999 2414 1036 arcam
2454 984 2755 1038 construxit
2785 986 2851 1039 de
2890 984 3048 1057 lignis
3087 987 3542 1058 impntribilihus;
3581 995 3663 1049 sic

2077 1072 2326 1129 Christus
2352 1073 2638 1129 fabricavit
2676 1074 2972 1130 Ecciesiam
3002 1091 3063 1129 ex
3104 1078 3410 1135 hominibus
3435 1082 3660 1137 victuris

2080 1163 2134 1217 in
2150 1170 2431 1217 aeternum.
2452 1164 2620 1233 Ligna
2643 1179 2782 1219 arca:
2802 1164 3167 1234 conglutinata
3189 1179 3341 1222 erant
3363 1170 3656 1241 bitumine;

2077 1253 2158 1308 sic
2183 1261 2237 1307 et
2262 1253 2515 1308 Ecclesiae
2542 1256 2781 1310 membra
2806 1254 2994 1324 juncta
3034 1266 3161 1312 sunt
3196 1264 3513 1333 compagine
3541 1268 3659 1319 uni-

2081 1343 2209 1398 tatis
2230 1352 2286 1398 et
2313 1344 2593 1398 tolerantia
2621 1346 2920 1400 charitatis.
2954 1346 3107 1401 Sicut
3131 1348 3243 1404 Noe
3271 1367 3392 1405 cum
3420 1354 3533 1409 suis
3558 1370 3658 1424 per

2078 1448 2274 1502 aquam
2295 1441 2349 1487 et
2374 1433 2574 1503 lignum
2603 1434 2839 1489 salvatus
2864 1444 2967 1501 est,
2998 1437 3078 1493 sic
3111 1438 3315 1495 familia
3340 1442 3538 1500 Christi
3565 1462 3664 1516 per

2077 1523 2403 1593 baptismum
2425 1533 2480 1579 et
2502 1526 2678 1581 crucis
2697 1527 3002 1597 passionem
3025 1539 3110 1585 est
3129 1541 3339 1589 sanata.
3354 1535 3494 1591 Area
3514 1541 3657 1595 enim

2079 1615 2179 1670 ista
2209 1616 2506 1672 Ecclesium
2536 1619 2973 1687 demonstrabat,
3001 1638 3122 1691 qua:
3152 1632 3303 1681 natat
3328 1628 3380 1682 in
3411 1628 3660 1687 ﬂuctibus

2080 1706 2264 1761 mundi
2291 1705 2468 1775 hujus,
2497 1718 2553 1763 et
2575 1707 2790 1765 Christo
2816 1712 3149 1781 gubernante
3173 1716 3242 1770 ad
3268 1716 3419 1774 littus
3441 1729 3663 1777 ueterum

387 1804 550 1857 ritate
575 1803 661 1858 sui
689 1804 906 1871 generis
934 1818 1126 1858 nomen
1153 1804 1396 1857 sortitus.
1424 1803 1507 1858 Ab
1533 1803 1647 1873 ipso
1674 1804 1817 1857 enim
1846 1812 1971 1857 sunt
2000 1792 2045 1851 Β
2072 1797 2269 1866 quietis
2311 1798 2497 1853 tendit.
2538 1798 2656 1853 Jam
2691 1816 2822 1856 vero
2868 1802 3027 1871 illud,
3062 1807 3203 1873 quod
3245 1817 3367 1876 post
3399 1809 3655 1865 diluvium

384 1893 732 1963 primogeniti
759 1893 1064 1964 EthiOpcs.
1096 1892 1152 1947 In
1186 1893 1342 1963 cujus
1378 1900 1520 1947 terra
1558 1892 1761 1946 dicitur
1786 1893 1976 1947 beatus

385 1983 489 2036 Jab
516 1985 789 2040 habitasse
817 2000 942 2040 cum
984 1984 1036 2039 in
1066 1984 1242 2053 capite
1276 1983 1399 2038 libri
1442 1983 1587 2038 illius
1614 1984 1686 2038 ita
1715 1984 1974 2053 scriptum

382 2086 469 2131 est
501 2096 514 2130 :
562 2075 652 2131 Vir
680 2086 792 2131 erat
830 2078 889 2131 in
915 2087 1055 2132 terra
1085 2075 1225 2130 (Ilius
1266 2076 1474 2129 nomine
1498 2074 1598 2129 Job
1626 2073 1770 2147 (Job.
1804 2076 1865 2146 ι).
1892 2074 1975 2129 ld-
1996 2107 2008 2123 .

384 2168 533 2222 circo
559 2174 783 2223 sanctus
812 2167 897 2222 vir
919 2168 1007 2221 ubi
1030 2166 1357 2222 habitaverit
1384 2167 1600 2232 dicitur,
1632 2174 1691 2219 ut
1715 2164 1830 2234 ejus
1860 2178 1975 2219 me-

382 2262 550 2313 ritum
580 2260 797 2314 virtutis
822 2259 1177 2328 exprimatur.
1201 2258 1346 2313 Chus
1370 2273 1600 2328 namque
1627 2257 1749 2327 quis
1771 2257 1977 2312 nesciat

381 2351 524 2419 quod
555 2351 630 2404 sit
667 2359 812 2405 terra
854 2348 1180 2418 gentilium?
1212 2346 1498 2402 Centilitas
1535 2354 1713 2401 autem
1740 2346 1973 2417 obligata

382 2439 532 2493 vitiis
573 2439 813 2501 exstitit,
857 2438 1115 2507 quoniam
1149 2437 1506 2507 cognitionem
1546 2436 1630 2492 sui
1667 2435 1976 2492 Conditoris

379 2531 670 2600 ignoravit.
700 2530 926 2585 Dicatur
950 2530 1131 2600 itaque
1156 2529 1245 2585 ubi
1269 2530 1617 2595 habitaverit,
1640 2537 1700 2583 ut
1727 2531 1829 2585 hoc
1858 2526 1975 2597 ejus

382 2624 635 2679 laudibus
655 2623 909 2693 proﬁciat
929 2624 1072 2693 quod
1095 2624 1269 2679 bonus
1293 2623 1431 2676 inter
1452 2621 1624 2678 malos
1646 2621 1764 2677 fuit.
1789 2621 1975 2692 Neque

378 2712 538 2766 valde
569 2720 655 2767 est
687 2712 959 2767 laudabile
984 2713 1183 2769 bonum
1220 2726 1342 2785 esse
1369 2726 1492 2765 cum
1530 2711 1720 2776 bonis,
1748 2711 1842 2766 sed
1872 2712 1970 2766 bo-

380 2818 511 2856 num
535 2818 659 2858 esse
686 2818 811 2857 cum
838 2802 1016 2857 malis.

455 2893 638 2947 Euoch
669 2901 872 2953 autem,
900 2892 1044 2948 ﬁlius
1071 2891 1255 2956 Jared,
1282 2892 1670 2962 interpretatur
1689 2891 1968 2955 dedicatio,

380 2986 523 3041 sicut
547 2993 601 3040 et
627 2986 896 3057 superior.
934 2984 1057 3056 Ipse
1097 2986 1271 3056 genuit
1309 2984 1698 3049 Mathusalam,
1738 2982 1976 3038 ambula-

379 3077 552 3148 ritque
584 3094 706 3131 cum
742 3076 854 3131 Deo
878 3117 895 3142 ,
932 3084 981 3130 et
1013 3092 1117 3130 non
1149 3077 1397 3147 apparuit
1435 3091 1454 3128 :
1492 3077 1618 3147 quia
1663 3075 1782 3129 tulit
1820 3073 1968 3129 illum

383 3138 525 3220 Deus
553 3163 708 3236 (Gen.
731 3166 830 3237 Iv).
856 3138 958 3221 llic
983 3138 1242 3235 septimus
1262 3166 1331 3219 ab
1354 3138 1524 3219 Adam
1554 3165 1846 3221 translatus
1861 3173 1966 3231 est,
1996 3138 2040 3199 Ο

378 3268 431 3313 et
470 3258 743 3330 signiﬁcat
781 3258 1067 3329 septimam
1111 3259 1351 3329 requiem
1384 3258 1578 3313 futurae
1615 3258 1971 3314 resurrectio-

380 3349 501 3412 nis,
543 3348 763 3418 quando
795 3347 1189 3403 transferentur
1222 3347 1392 3402 sancti
1426 3347 1480 3401 in
1511 3348 1672 3401 vitam
1702 3356 1971 3417 perpetua:

382 3439 843 3504 immortalitatis,
873 3448 930 3494 et
962 3437 1353 3494 dedicabuntur
1389 3437 1752 3492 habitaculum
1792 3438 1884 3491 Dei
1915 3437 1969 3491 in

382 3532 589 3601 Spiritu
618 3539 829 3587 sancto.

452 3622 812 3677 Mathusalam
834 3623 1221 3692 interpretatur
1234 3632 1488 3677 mortuus.
1506 3621 1599 3676 Est
1623 3619 1842 3676 evidens
1855 3628 1971 3691 cty-

382 3714 613 3782 mologia
630 3714 885 3769 nominis.
902 3712 1132 3781 Quidam
1153 3714 1295 3769 enim
1318 3729 1441 3769 eum
1464 3728 1587 3768 cum
1614 3720 1771 3781 patre
1794 3720 1971 3767 trans-

381 3804 551 3857 latum
580 3804 775 3869 fuisse,
812 3813 869 3859 et
895 3804 1154 3859 diluvium
1179 3804 1485 3874 praeterisse
1512 3810 1855 3872 putaverunt.
1888 3802 1969 3857 0b

383 3896 487 3949 huc
516 3896 795 3966 signanter
826 3894 1150 3950 transfertur
1179 3905 1417 3949 mortuus
1445 3904 1543 3958 est,
1572 3902 1631 3946 ut
1658 3892 1971 3948 ostendere-

384 3996 474 4040 tur
501 4001 609 4040 non
637 3986 839 4042 vixisse
860 4001 985 4041 eum
1014 3995 1134 4056 post
1160 3984 1439 4050 diluvium,
1466 3984 1559 4039 sed
1589 3983 1641 4038 in
1667 3983 1855 4038 eodem
1880 3998 1970 4037 ca-

384 4075 650 4146 taclysmo
680 4074 846 4131 fuisse
874 4076 1210 4131 defunctum.
1249 4074 1360 4130 Soli
1399 4074 1544 4130 enim
1574 4083 1699 4129 octo
1724 4073 1971 4128 homines

383 4166 438 4219 in
476 4181 604 4222 arca
637 4166 898 4221 diluvium
937 4173 1243 4221 evaserunt.
1287 4165 1570 4237 Signiﬁcat
1607 4173 1789 4220 autem
1826 4164 1968 4218 idem

384 4258 741 4315 Mathusalam
770 4275 866 4315 eos
893 4260 985 4330 qui
1016 4260 1142 4315 huic
1162 4259 1361 4314 mundo
1389 4267 1597 4314 tantum
1625 4257 1794 4313 dediti
1822 4266 1969 4323 sunt,

382 4359 434 4403 et
476 4348 713 4404 tutus-am
751 4350 916 4404 vitam
956 4365 1066 4404 non
1102 4359 1368 4420 quaerunt.
1409 4349 1476 4405 Hi
1510 4350 1654 4405 enim
1694 4349 1815 4404 licet
1850 4348 1967 4403 lon—

382 4441 518 4510 gravi
546 4434 752 4494 fuerint
778 4454 943 4510 super
966 4449 1191 4507 terram,
1218 4449 1399 4495 tamen
1430 4441 1697 4495 veraciter
1725 4440 1967 4495 interiun—

387 4542 506 4599 tnr,
535 4535 660 4604 quia
705 4542 924 4590 aeternae
965 4536 1089 4590 vita:
1127 4536 1421 4607 participes
1460 4535 1694 4590 existere
1722 4550 1828 4589 non
1856 4548 1971 4588 me-

387 4636 595 4682 rentur.

460 4715 690 4772 Lamech
727 4728 909 4773 autem
936 4719 1227 4789 percutiens
1256 4719 1665 4789 interpretatur.
1697 4718 1802 4773 Iste
1826 4717 1969 4771 enim

384 4808 690 4875 percutiens
727 4809 996 4866 interfecit
1029 4811 1182 4865 Cain.
1225 4810 1376 4878 Quod
1420 4812 1583 4866 etiam
1635 4812 1750 4881 ipse
1786 4820 1972 4880 postea

386 4913 448 4951 se
472 4908 813 4967 perpetrasse
840 4901 1099 4957 uxoribus
1131 4900 1441 4957 conﬁtetur.
1476 4901 1574 4958 Hic
1601 4902 1783 4957 szeculi
1813 4900 1972 4969 hujus

387 4987 612 5056 ﬁguram
635 4998 802 5055 tenet,
825 4989 978 5058 cujus
998 5000 1281 5062 peccatum
1301 4990 1550 5048 Christus
1574 5009 1669 5064 per
1693 4993 1971 5064 sanguinis

386 5077 470 5130 sui
496 5077 809 5136 effusionem
831 5090 953 5151 post
981 5082 1319 5153 septuaginta
1346 5091 1552 5152 septem
1599 5084 1783 5138 mundi
1814 5099 1973 5155 gene-

388 5167 625 5223 rationes
647 5169 912 5230 absolvit.
936 5175 1093 5245 juxta
1127 5172 1271 5242 quod
1304 5186 1403 5228 eas
1428 5173 1757 5242 evangelista
1793 5174 1971 5229 Lucas

384 5256 590 5310 scribit.

456 5346 568 5402 Noe
596 5364 725 5405 vero
759 5353 965 5424 requies
991 5352 1398 5424 interpretatur.
1426 5355 1508 5409 Ah
1538 5370 1603 5409 eo
1634 5356 1800 5427 igitur
1824 5356 1969 5426 quod

378 5438 485 5493 sub
512 5439 602 5496 illo
624 5443 805 5497 omnia
832 5456 981 5500 retro
1005 5445 1309 5515 quieverint
1339 5462 1437 5517 per
1463 5446 1720 5501 diluvium
1740 5488 1755 5512 ,
1788 5449 1969 5518 appel-

377 5530 526 5588 latus
563 5541 647 5589 est
692 5536 916 5605 requies.
962 5534 1241 5608 Signiﬁcat
1280 5545 1460 5593 autem
1496 5535 1609 5593 Noe
1646 5553 1744 5607 per
1782 5555 1970 5595 onmes

379 5630 537 5678 actus
563 5638 691 5680 suos
713 5623 1011 5682 Christum.
1042 5625 1156 5683 Noe
1184 5628 1349 5691 enim,
1388 5636 1446 5680 ut
1481 5626 1735 5691 diximus,
1769 5631 1970 5700 requies

380 5714 789 5788 interpretatur,
836 5728 893 5773 et
922 5720 1181 5775 Dominus
1216 5720 1345 5775 dicit
1385 5738 1397 5773 :
1442 5717 1639 5772 Ducite
1672 5736 1703 5772 α
1735 5736 1816 5772 me
1842 5722 1968 5790 quia

1999 4492 2047 4552 D

2077 1886 2144 1941 de
2163 1887 2319 1942 vinea
2348 1903 2510 1957 quam
2540 1889 2799 1959 plantavit
2839 1892 3137 1948 inebriatus
3175 1894 3289 1950 Noe
3328 1906 3384 1952 et
3427 1900 3658 1956 nudatus

2076 1984 2160 2030 est
2185 1976 2237 2030 in
2265 1977 2423 2031 domo
2453 1994 2546 2032 sua
2567 2020 2582 2044 ,
2607 1981 2691 2034 cui
2722 1996 2825 2035 non
2854 1994 3114 2053 appareat
3145 1984 3350 2042 Christi
3377 2003 3497 2044 esse
3527 1992 3660 2062 ﬁgu-

2077 2082 2215 2133 ram,
2244 2069 2335 2138 qui
2365 2068 2663 2126 inebriatus
2693 2081 2779 2126 est
2801 2074 2927 2128 dum
2956 2091 3151 2145 passus
3175 2088 3287 2144 est,
3321 2082 3550 2137 nudatus
3574 2095 3660 2139 est

2075 2157 2202 2211 dum
2243 2157 2536 2214 cruciﬁxus
2578 2160 2695 2215 est?
2732 2160 2789 2214 In
2816 2161 2978 2216 domo
3004 2179 3098 2218 sua
3124 2205 3139 2230 ,
3180 2166 3233 2220 id
3260 2176 3375 2233 est,
3408 2170 3462 2224 in
3499 2181 3661 2238 gente

2073 2262 2202 2314 sua;
2243 2257 2300 2302 et
2335 2249 2390 2303 in
2427 2249 2738 2306 domesticis
2772 2253 3047 2322 sanguinis
3075 2257 3190 2321 sui,
3221 2258 3411 2328 utique
3437 2259 3658 2319 Ιυάίείίῑ.

2075 2340 2224 2395 Tune
2253 2340 2395 2395 enim
2426 2342 2626 2396 nudata
2656 2352 2741 2398 est
2778 2344 3081 2400 mortalitas
3107 2348 3290 2403 carnis
3319 2349 3454 2418 ejus.
3485 2351 3659 2419 Quam

2073 2431 2400 2498 nuditatem,
2446 2432 2498 2486 id
2528 2439 2645 2498 est,
2685 2434 2991 2503 passionem
3031 2434 3231 2493 Christi
3274 2440 3463 2498 videns
3491 2443 3667 2499 Chauv

2074 2522 2292 2587 derisit;
2323 2530 2379 2576 et
2401 2522 2572 2579 Judaei
2599 2523 2801 2578 Christi
2830 2534 3056 2581 mortem
3082 2529 3325 2585 videntes
3362 2534 3664 2590 subsanna-

2073 2622 2287 2668 verunt.
2323 2613 2447 2669 Sem
2479 2630 2609 2670 vero
2635 2624 2690 2671 et
2715 2614 2929 2688 Japhet,
2962 2625 3220 2689 tanquam
3248 2622 3354 2678 duo
3382 2626 3561 2696 pepuli
3591 2645 3661 2684 ex

2071 2707 2485 2764 circumcisione
2521 2716 2577 2764 et
2604 2712 2869 2781 prmputio
2909 2714 3220 2781 credentes,
3252 2721 3468 2790 cognita
3499 2724 3668 2778 nudi-'

2074 2805 2183 2851 tate
2212 2798 2410 2868 patris,
2440 2816 2546 2870 qua
2578 2800 2981 2871 signiﬁcabatur
3006 2807 3187 2875 passio
3219 2806 3535 2876 Salvatoris,
3570 2830 3660 2870 su-

2071 2897 2281 2943 mentes
2308 2889 2688 2945 vestimentum
2734 2902 3029 2961 po‘suerunt
3054 2911 3216 2965 super
3252 2899 3409 2954 dorsa
3440 2917 3567 2967 sua,
3605 2914 3662 2959 et

2071 2978 2336 3035 intrantes
2362 2981 2535 3036 aversi
2566 2993 2890 3053 operuerunt
2918 2985 3214 3041 nuditatem
3236 2990 3424 3059 patris,
3453 3008 3554 3049 nec
3580 2996 3659 3051 vi-

2071 3073 2291 3140 derunt,
2314 3074 2456 3143 quod
2478 3076 2709 3130 verenda
2740 3076 2910 3145 patris
2939 3086 3208 3134 texerunt.
3242 3079 3484 3147 Quodam
3509 3087 3654 3141 enim

2072 3163 2230 3217 modo
2260 3164 2568 3233 passionem
2599 3164 2798 3221 Christi
2831 3167 3134 3225 velamento
3162 3172 3420 3242 tegimus,
3456 3175 3509 3229 id
3548 3186 3662 3243 est,

2071 3264 2414 3310 sacramento
2443 3255 2799 3323 honoramus,
2840 3256 3064 3330 ejusque
3105 3263 3347 3333 mystcrii
3386 3265 3654 3323 rationem

2073 3346 2359 3401 reddentes
2376 3388 2390 3412 ,
2413 3344 2717 3402 Iudaeorum
2742 3349 3131 3407 detractionem
3164 3346 3457 3423 operimus.
3483 3355 3667 3412 Vesti-~

2070 3445 2314 3490 mentum
2342 3438 2485 3491 enim
2512 3438 2785 3506 signiﬁcat
2810 3450 3229 3510 sacramentum,
3261 3445 3418 3501 dorsa
3449 3462 3657 3503 memo-

2069 3525 2208 3579 riam
2242 3526 2637 3596 praeteritorum
2672 3546 2685 3581 :
2719 3529 2843 3599 quia
2882 3531 3187 3600 passionem
3227 3533 3428 3589 Christi
3480 3543 3659 3592 trans-

2071 3625 2248 3672 actam
2272 3618 2510 3674 celebrat
2543 3618 2802 3687 Ecclesia,
2832 3637 2938 3676 non
2968 3623 3146 3679 adhuc
3168 3634 3477 3695 prospectat
3515 3626 3670 3683 futue

2073 3723 2207 3761 ram.

2143 3799 2268 3856 Sem
2299 3802 2496 3857 dicitur
2523 3804 2820 3859 nominatus
2856 3819 2874 3857 :
2903 3807 3046 3876 quod
3077 3823 3269 3864 nomen
3298 3824 3365 3864 ex
3394 3813 3669 3884 prtesagio‘

2069 3892 2404 3962 posteritatis
2445 3896 2671 3965 accepit.
2712 3895 2790 3950 Ex
2822 3898 2940 3967 ipso
2965 3898 3109 3954 enim
3145 3901 3503 3970 patriarcha,
3530 3919 3667 3974 pro-

2069 3985 2265 4053 phetar,
2294 3994 2348 4040 et
2374 3987 2635 4056 apostoli,
2654 3995 2709 4042 et
2734 3989 2961 4059 populus
2986 3990 3114 4057 Dei;
3150 4007 3216 4045 ex
3251 3993 3419 4063 ipsius
3445 4006 3672 4066 quoque;

2070 4079 2240 4146 stirpe
2266 4085 2321 4131 et
2350 4076 2632 4143 Christus,
2670 4080 2823 4149 cujus
2860 4080 2930 4134 ab
2953 4090 3075 4134 ortu
3108 4080 3243 4136 solis
3269 4098 3439 4152 usque
3470 4085 3537 4139 ad
3569 4101 3667 4141 oc-r

2071 4182 2258 4222 casum
2286 4183 2540 4238 magnum
2566 4179 2649 4223 est
2676 4184 2872 4223 nomen
2906 4170 2958 4223 in
2986 4169 3255 4240 gentibus.

2142 4257 2311 4312 Cham
2349 4258 2554 4312 calidus
2592 4259 2998 4328 interpretatur.
3030 4258 3096 4313 Et
3133 4260 3247 4329 ipse
3289 4276 3356 4316 ex
3396 4267 3671 4336 praesagio!

2072 4346 2239 4402 futuri
2267 4348 2693 4419 cognominatus.
2721 4348 3020 4404 Posteritas
3039 4350 3182 4404 enim
3214 4350 3329 4419 ejus
3357 4366 3478 4408 eam
3502 4362 3669 4412 teme

2071 4448 2280 4509 partem
2303 4440 2560 4510 possedit,
2588 4455 2710 4510 quae
2736 4440 2916 4495 vicino
2943 4441 3054 4496 sole
3075 4441 3342 4497 calentior
3369 4452 3470 4500 est.
3508 4444 3675 4502 Unde'

2072 4539 2128 4586 et
2163 4530 2433 4603 AZgyptus
2462 4548 2631 4602 usque
2666 4532 2824 4587 hodie
2860 4531 3238 4605 Egyptiorum
3270 4533 3452 4606 lingua
3489 4534 3672 4592 Chaur

2075 4624 2291 4679 dicitur.
2321 4623 2421 4679 llic
2445 4623 2753 4680 Judaaorum
2779 4625 3023 4696 designat
3049 4627 3362 4698 imaginem,
3384 4628 3475 4698 qui
3500 4628 3670 4683 Chria

2073 4718 2141 4772 sti
2172 4733 2392 4772 carnem
2421 4727 2585 4788 atque
2607 4726 2834 4772 mortem
2863 4719 3128 4774 derident.

2143 4805 2347 4877 Japhet
2366 4805 2590 4861 latitudo
2616 4807 3021 4878 interpretatur.
3060 4808 3139 4863 Ex
3171 4822 3237 4863 eo
3266 4809 3410 4863 enim
3437 4809 3671 4879 populus

2074 4898 2316 4970 gentium
2343 4898 2606 4954 nascitur.
2642 4899 2712 4953 Et
2734 4900 2860 4969 quia
2898 4899 3006 4952 lata
3037 4907 3119 4953 est
3146 4914 3213 4953 ex
3247 4898 3495 4968 gentibus
3527 4900 3676 4954 mul-r

2073 4994 2246 5048 titudo
2270 4994 2628 5060 credentium,
2654 4995 2721 5048 ah
2742 4995 2930 5050 eadem
2957 4994 3237 5049 latitudine
3265 4992 3458 5061 Japhet
3484 4991 3676 5046 dictus'

2069 5092 2179 5150 est,
2206 5084 2297 5152 qui
2332 5093 2688 5139 conversatur
2725 5084 2780 5139 in
2804 5085 3053 5140 ecclesiis
3077 5083 3459 5138 lsraelitarum.
3490 5082 3545 5135 In
3573 5080 3676 5137 his

2071 5190 2202 5247 ergo
2228 5176 2401 5231 tribus
2441 5175 2567 5230 ﬁliis
2598 5174 2710 5230 Noe
2739 5176 2972 5231 secunda
3002 5177 3155 5245 origo
3186 5173 3366 5229 steculi
3396 5173 3672 5231 surrexit?

2071 5274 2133 5319 ut
2156 5274 2267 5321 tres
2296 5277 2478 5336 partes
2508 5267 2689 5321 mundi
2720 5282 2751 5321 a
2790 5267 2950 5320 trium
2980 5266 3330 5336 generatione
3367 5266 3662 5333 implerem

2080 5364 2183 5409 tur.
2214 5355 2385 5410 Porro
2405 5354 2531 5409 Sem
2554 5356 2609 5410 in
2634 5356 2757 5409 ﬁliis
2783 5356 2895 5410 suis
2914 5355 3120 5420 Asiam,
3144 5364 3199 5409 et
3218 5354 3386 5409 Cbam
3408 5353 3661 5423 Libyam,

2076 5456 2131 5501 et
2154 5445 2351 5517 Japhet
2372 5446 2642 5514 Europam
2667 5445 3040 5517 possederunt.
3071 5444 3127 5499 In
3150 5446 3346 5514 quibus
3367 5444 3530 5499 etiam
3558 5440 3667 5498 an

2077 5536 2243 5593 clesia
2267 5535 2711 5602 Christi,sancta:
2738 5534 3022 5590 Trinitatis
3049 5533 3152 5590 ﬁde
3181 5534 3495 5607 plantanda,
3515 5545 3662 5604 prte-

2078 5632 2504 5685 monstrabatur.

2147 5721 2427 5787 Chanaan,
2449 5720 2594 5774 lilius
2622 5718 2813 5783 Cham,
2848 5719 3238 5791 interpretatur
3261 5731 3432 5776 motus
3457 5732 3660 5775 comm-
