4064 6206
350 289 422 348 35
990 289 1052 344 Β.
1092 285 1343 344 ΒΑΒΑΝΙ
1377 283 1597 342 MAURI
1631 277 1950 338 ARCHlEP.
1990 276 2298 334 MOGUNT.
2333 273 2625 332 OPERUM
2665 269 2843 326 PARS
2878 270 2944 324 ll.
3537 269 3608 330 δη

349 405 504 476 Quod
539 403 668 476 quid
701 411 790 458 est
829 401 1006 468 aliud,
1055 401 1161 456 nisi
1203 415 1338 470 opus
1375 397 1593 453 eorum?
1630 395 1738 450 Pro
1777 399 1923 448 motu
1953 395 2002 454 Α
2028 391 2086 446 lu
2115 391 2289 446 tribus
2318 397 2497 443 autem
2529 386 2659 440 viris
2691 385 2783 455 qui
2819 391 3101 476 venerunt
3123 381 3190 436 ad
3219 377 3613 476 illanor-nini

349 500 498 556 enim
533 495 735 568 patris,
774 495 829 550 id
860 503 979 560 est,
1006 508 1106 564 pro
1139 506 1301 561 opere
1333 488 1450 558 ejus
1478 487 1796 543 maledictus
1823 494 1928 539 est.

357 589 508 648 Unde
531 591 598 645 de
630 585 846 643 sedibus
881 585 996 641 suis
1022 585 1256 656 ejectus,
1291 583 1415 638 ﬁliis
1443 581 1672 635 fratrum
1709 591 1932 633 suorum

353 689 554 734 terram
580 676 942 748 possessionis
965 691 1076 732 sua:
1108 675 1353 744 reliquit,
1383 672 1755 743 posteritatem
1789 669 1931 723 indi-

352 787 486 829 cans
508 769 838 834 Iudaeorum,
861 768 956 838 qui
982 770 1038 824 in
1062 767 1312 838 passione
1338 759 1935 820 Domini'damnationis

353 864 675 921 sententiam
703 869 1062 930 exceperunt,
1087 859 1382 914 clamantes
1410 876 1422 911 :
1456 855 1682 925 Sanguis
1703 855 1819 924 ejus
1843 867 1936 905 su-

351 972 444 1026 per
457 971 548 1008 nos
561 962 609 1007 et
628 969 785 1022 super
802 951 941 1020 filios
965 960 1168 1004 nostros
1188 947 1404 1021 (Matth.
1427 944 1618 1011 xxv“).
1635 943 1716 998 0b
1736 943 1876 1012 quod
1903 955 1934 994 a

353 1045 526 1116 patria
555 1043 708 1112 quasi
728 1042 920 1112 ingrati
946 1055 1044 1110 per
1065 1040 1338 1094 Romanos
1360 1039 1412 1091 in
1439 1036 1694 1090 ultionem
1721 1032 1938 1100 sangui-

356 1137 440 1190 nis
459 1132 658 1188 Christi
686 1130 915 1200 expulsi,
945 1129 1121 1184 locum
1143 1137 1344 1182 sanctae
1371 1124 1624 1180 Ecclesia:
1650 1122 1934 1184 dederunt,

354 1225 408 1278 in
448 1237 556 1292 qua
593 1235 754 1276 verus
789 1219 968 1274 cultus
1003 1218 1164 1273 unius
1203 1217 1296 1271 Dei
1338 1221 1646 1286 perseverat
1685 1212 1740 1265 in
1781 1219 1938 1264 aeter-

355 1329 504 1369 num.

427 1405 658 1460 Nemrod
698 1405 1087 1474 interpretatur
1129 1410 1406 1472 tyrannus.
1455 1397 1562 1452 Isle
1601 1396 1744 1450 enim
1788 1395 1933 1464 prior

351 1499 580 1568 arripuit
607 1498 874 1552 insuetam
906 1496 958 1548 in
983 1493 1208 1564 populos
1235 1491 1592 1564 tyrannidem,
1617 1498 1671 1542 et
1700 1487 1812 1557 ipse
1840 1501 1931 1555 ag-

352 1604 572 1661 gressus
598 1595 682 1642 est
726 1587 986 1640 adversus
1015 1587 1182 1640 Deum
1211 1581 1503 1651 impietatis
1528 1578 1794 1634 aediﬁcare
1825 1584 1938 1630 tur-

356 1680 478 1732 rim.
513 1676 664 1731 Unde
687 1675 957 1730 diabolum
985 1673 1276 1744 expressit,
1299 1671 1391 1742 qui
1415 1669 1676 1740 superbia:
1697 1665 1936 1736 appetitu

2033 481 2205 536 nostri
2233 479 2358 536 Jesu
2391 477 2588 533 Christi
2629 475 3010 545 pronuntiatur
3036 473 3319 528 adventus.
3345 473 3480 528 Cum
3505 488 3618 544 quo

2032 571 2138 626 duo
2175 568 2350 638 angeli
2395 567 2826 628 comitabantur,
2862 579 3000 634 quos
3033 562 3276 633 plerique
3305 561 3524 634 Moysen
3553 574 3616 619 et

2033 663 2204 717 Etiam
2230 661 2503 730 accipiunt
2531 677 2544 712 :
2574 673 2758 722 unum,
2785 657 2976 726 prisca:
3001 655 3382 726 Iegislatorem,
3403 657 3496 726 qui
3515 669 3616 728 per

2033 759 2279 812 eamdem
2321 756 2491 825 legem
2525 755 2811 809 adventum
2857 750 3066 805 Domini
3098 751 3393 816 indicavit;
3428 749 3616 816 alium,

2035 851 2126 920 qui
2158 851 2210 904 in
2245 849 2352 903 ﬁne
2385 847 2570 902 mundi
2610 854 2868 900 venturus
2896 859 3016 898 esse
3045 843 3416 910 denuntiatur,
3446 853 3500 900 et
3527 861 3618 900 se-

2034 940 2271 996 cundum
2311 939 2599 994 adventum
2647 935 2847 991 Christi
2895 944 3056 1002 atque
3105 933 3222 1001 ejus
3269 933 3617 1004 Evangelintn

2035 1028 2234 1083 ludatis
2257 1026 2666 1096 przcdicatnrus.
2707 1023 2860 1078 Unde
2889 1035 2943 1076 et
2971 1023 3025 1076 in
3056 1031 3257 1084 monte,
3288 1023 3414 1076 dum
3441 1023 3625 1078 Domi—

2037 1134 2140 1172 nus
2179 1117 2372 1170 fuisset
2408 1116 2851 1185 transﬁguratus,
2898 1113 2952 1167 hi
2988 1113 3093 1166 duo
3131 1111 3340 1182 Moyses
3377 1121 3431 1166 et
3481 1113 3626 1166 Elias

2037 1225 2161 1265 cum
2199 1224 2266 1263 eo
2303 1209 2370 1262 ab
2408 1206 2664 1276 apostolis
2693 1205 2794 1259 visi
2829 1211 2974 1258 sunt.
3007 1202 3160 1270 Quod
3188 1218 3315 1256 vero
3347 1202 3621 1257 Abraham

2038 1308 2150 1354 tres
2178 1299 2388 1363 videns,
2415 1313 2577 1351 unum
2610 1297 2876 1360 adoravit,
2899 1295 3182 1350 Domindm
3207 1295 3414 1350 scilicet
3435 1292 3627 1350 Salva-

2037 1398 2213 1444 torem
2243 1389 2501 1451 ostendit,
2529 1386 2683 1455 cujus
2705 1388 2815 1457 jam
2849 1387 3110 1441 adventus
3135 1396 3218 1441 est
3243 1386 3622 1454 praestolatus:

2032 1478 2186 1548 juxta
2211 1478 2354 1547 quod
2379 1487 2435 1531 et
2452 1476 2564 1546 jam
2594 1477 2854 1532 Dominus
2893 1476 2946 1529 in
2978 1476 3267 1546 Evangelio
3295 1477 3372 1532 ait
3400 1495 3416 1530 :
3447 1476 3620 1530 Abra-

2038 1571 2160 1624 Itam
2185 1569 2420 1640 qua'sivit
2450 1568 2622 1621 videre
2653 1567 2788 1620 diem
2819 1583 2987 1620 meum
3017 1581 3036 1618 :
3065 1568 3191 1620 vidit
3227 1577 3274 1622 et
3305 1568 3512 1638 gat-istis
3546 1577 3620 1622 est

2041 1659 2222 1732 (Joan.
2253 1658 2392 1730 vru).
2423 1659 2564 1713 Duas
2594 1667 2772 1712 autem
2801 1673 3029 1721 uxores,
3061 1673 3196 1726 quas
3230 1659 3417 1713 habuit
3443 1657 3621 1712 Abra-

353 1768 566 1822 culmen
598 1766 790 1820 divina:
811 1763 1148 1820 celsitudinis
1169 1761 1444 1832 appetivit,
1477 1759 1663 1814 dicens
1700 1776 1712 1810 :
1751 1757 1936 1809 Ascen-
1962 1760 2010 1818 Β
2040 1751 2185 1816 bam,
2221 1751 2274 1805 id
2302 1761 2408 1814 est,
2441 1749 2662 1803 liberam
2705 1757 2761 1802 et
2787 1748 3057 1812 ancillam,
3091 1749 3348 1818 Apostolo
3376 1749 3618 1811 docente,

353 1857 476 1910 dam
498 1873 656 1926 super
675 1855 1010 1909 altitudinem
1029 1853 1266 1920 nubium,
1285 1862 1333 1906 et
1355 1868 1443 1906 ero
1463 1849 1648 1905 similis
1670 1847 1936 1901 Altissimo

355 1955 513 2027 (lsai.
543 1952 680 2026 xrv).

426 2068 604 2122 [leber
625 2069 1015 2136 interpretatur
1036 2065 1307 2118 transitus.
1327 2057 1661 2132 Etymologia
1685 2057 1802 2127 ejus
1823 2061 1941 2125 my-

352 2160 487 2215 stica
510 2167 614 2220 est,
642 2157 787 2228 quod
816 2158 885 2212 ab
913 2155 1030 2224 ejus
1056 2155 1223 2222 stirpe
1253 2151 1509 2207 transiret
1532 2151 1694 2212 Deus,
1725 2161 1791 2200 ne
1819 2161 1939 2215 per-

352 2257 628 2304 severaret
654 2247 708 2301 in
739 2247 818 2302 eis
851 2243 1111 2300 translata
1139 2243 1191 2296 in
1223 2241 1473 2312 gentibus
1497 2238 1690 2309 gratia.
1721 2233 1800 2290 Ex
1826 2236 1940 2304 ipso

351 2337 527 2392 exorti
549 2345 675 2390 sunt
699 2334 934 2389 Hebraei.
959 2332 1114 2388 Unde
1143 2331 1342 2394 Heber,
1372 2331 1422 2384 in
1451 2327 1608 2396 cujus
1632 2327 1792 2381 domo
1816 2339 1941 2393 pro-

353 2427 472 2496 pria
503 2425 713 2495 loquela
746 2422 1028 2486 remansit,
1058 2421 1274 2476 caeteris
1299 2419 1496 2490 linguis
1527 2415 1806 2486 dispersis,
1837 2414 1941 2467 lle-

354 2519 690 2588 dernptorem
718 2525 966 2570 nostrum
993 2513 1258 2577 insinuat,
1290 2511 1344 2564 in
1369 2510 1524 2579 cujus
1552 2507 1791 2562 Ecclesia
1817 2505 1938 2558 uni-

357 2621 444 2666 tas
469 2609 594 2664 ﬁdei
625 2609 742 2663 sine
771 2606 1066 2662 schismate
1093 2611 1431 2674 perseverat.

431 2719 597 2790 Faleg
638 2719 1027 2788 interpretatur
1069 2715 1275 2770 divisio.
1319 2713 1416 2768 Cui
1467 2719 1622 2782 pater
1655 2717 1941 2781 propterea

361 2809 469 2866 ιιιθ
491 2825 684 2864 nomen
712 2808 988 2880 imposuit,
1010 2807 1156 2876 quod
1176 2814 1302 2859 tunc
1329 2813 1486 2859 natus
1507 2811 1591 2858 est
1611 2801 1824 2872 quando
1847 2816 1942 2870 per

359 2902 570 2974 linguas
617 2911 762 2956 terra
810 2901 981 2956 divisa
1031 2909 1133 2956 est.
1175 2899 1404 2969 Propter
1444 2897 1748 2967 superbiam
1795 2896 1940 2951 enim

361 2995 591 3050 ﬁliorum
618 2992 791 3047 Adam
810 3033 825 3057 ,
857 3008 978 3062 qua:
1012 3007 1224 3061 semper
1250 2989 1466 3044 inimica
1497 2996 1582 3043 est
1610 2986 1943 3058 simplicitati

361 3095 526 3155 atque
553 3083 766 3148 unitati,
792 3082 986 3136 divisio
1009 3081 1310 3152 linguarum
1334 3079 1476 3134 facta
1503 3087 1619 3142 est;
1643 3086 1696 3131 et
1723 3085 1944 3147 propter
1969 3107 2014 3169 ρ

362 3177 722 3232 humilitatem
752 3182 808 3228 et
845 3169 1308 3228 mansuetudinem
1345 3171 1548 3227 Christi
1583 3179 1639 3224 et
1677 3168 1944 3238 apostolo—

363 3282 479 3321 rum
511 3266 628 3334 ejus
656 3264 963 3334 linguarum
991 3260 1276 3317 diversitas
1299 3267 1599 3317 euadunata
1627 3269 1730 3316 est.

431 3355 824 3410 Melchisedech
871 3355 1257 3427 interpretatur
1295 3371 1386 3408 rea:
1413 3345 1612 3424 justus.
1640 3349 1750 3408 lle):
1774 3393 1789 3419 ,
1817 3354 1944 3422 quia

362 3455 546 3518 postea
579 3443 862 3516 imperavit
895 3443 1109 3510 Salem;
1137 3439 1316 3516 justus
1345 3458 1444 3514 pro
1473 3459 1538 3498 eo
1573 3442 1715 3512 quod
1741 3442 1947 3497 discer-

365 3551 499 3594 nens
538 3547 878 3593 saCrarnenta
918 3535 1075 3606 Legis
1103 3547 1158 3591 et
1183 3529 1496 3608 Evangelii,
1537 3551 1643 3590 non
1681 3535 1945 3605 pecudum

365 3627 644 3693 victimas,
677 3629 770 3683 sed
797 3629 1123 3683 oblationem
1160 3628 1316 3698 panis
1343 3636 1395 3682 et
1440 3627 1623 3682 calicis
1650 3618 1706 3680 in
1735 3625 1944 3682 sacriﬁ-

364 3721 506 3775 cium
555 3720 768 3774 obtulit.
821 3718 920 3774 llic
965 3735 1094 3791 ergo
1151 3719 1205 3772 in
1247 3717 1521 3773 oblatione
1569 3732 1665 3772 sua
1721 3733 1946 3788 regnum

366 3808 570 3864 Christi
601 3808 686 3864 vel
725 3809 1088 3863 sacerdotiqu
1114 3808 1392 3877 ﬁguravit,
1436 3804 1587 3876 cujus
1613 3808 1857 3878 corporis
1890 3819 1946 3862 et

366 3899 645 3970 sanguinis
673 3907 1094 3964 sacramentum,
1127 3897 1180 3953 id
1207 3907 1290 3952 est
1314 3897 1516 3953 oblatio
1540 3897 1696 3968 panis
1721 3912 1785 3952 ac
1813 3896 1942 3962 vini,

367 3993 420 4048 in
450 4001 564 4048 toto
584 3992 717 4048 orbe
745 3989 986 4048 offertur.

1124 4079 1188 4136 ll.

369 4192 444 4247 De
481 4193 795 4263 patriarcltis
833 4201 882 4246 et
911 4193 1112 4248 steteris
1151 4192 1384 4262 ejusdem
1425 4197 1594 4248 artatis
1631 4192 1944 4248 hominibus.

439 4304 640 4358 Abram
681 4303 857 4372 primo
891 4311 1114 4359 vocatus
1143 4315 1290 4374 pater
1317 4305 1493 4360 ridens
1525 4305 1795 4376 populum,
1825 4321 1949 4376 ι)νο-

372 4404 490 4463 pter
534 4392 698 4448 Israel
744 4393 952 4448 scilicet
1000 4403 1236 4460 tantum,
1287 4397 1474 4465 postea
1523 4396 1821 4466 appellatus
1865 4405 1949 4451 est

2039 1842 2146 1896 duo
2169 1855 2290 1894 esse
2313 1847 2632 1893 testamenta
2657 1837 2966 1903 didicimus,
2990 1853 3056 1892 ex
3079 1839 3272 1908 quibus
3296 1839 3400 1894 duo
3420 1839 3622 1909 lmpuli,

2041 1933 2142 1986 hoc
2165 1940 2272 1996 est,
2299 1930 2608 1986 Judaeorum
2633 1937 2688 1983 et
2714 1927 2970 1983 Ecclesia:
2998 1931 3108 1983 nati
3136 1936 3279 1984 sunt.

2109 2022 2247 2076 Loth
2289 2023 2681 2091 interpretatur
2718 2019 3008 2072 declinans.
3055 2019 3236 2076 Factis
3265 2021 3408 2076 enim
3445 2019 3624 2077 Sodo-

2041 2129 2254 2169 morum
2282 2128 2388 2168 non
2431 2113 2733 2176 consensit,
2763 2112 2859 2167 sed
2890 2127 3077 2166 eorum
3117 2113 3304 2168 illicita
3333 2115 3512 2168 carnis
3537 2113 3624 2170 in-

2040 2205 2230 2261 cendia
2259 2204 2564 2260 declinavit.
2603 2205 2720 2274 Ipse
2761 2205 2926 2272 igitur
2949 2205 3086 2259 Loth
3131 2204 3298 2261 frater
3325 2206 3624 2274 Abraham,

2039 2308 2095 2352 et
2111 2295 2289 2366 justus
2315 2308 2368 2352 et
2398 2296 2680 2366 hospitalis
2711 2297 2763 2351 in
2793 2297 3071 2360 Sodomis,
3099 2301 3188 2368 qui
3220 2315 3288 2352 ex
3315 2300 3406 2362 illo
3439 2300 3624 2354 incorp

2039 2389 2151 2451 dio,
2178 2389 2320 2457 quod
2346 2397 2464 2442 erat
2491 2387 2784 2443 similitudo
2808 2387 3192 2458 l'uturijudicii,
3220 2391 3419 2445 meruit
3445 2391 3628 2446 salvus

2037 2480 2297 2544 evadere,
2339 2487 2520 2550 typum
2553 2480 2822 2548 ﬁgurabat
2853 2481 3094 2551 corporis
3119 2477 3320 2537 Christi
3339 2521 3354 2545 _.
3385 2483 3528 2552 quod
3569 2483 3624 2537 in

2039 2570 2290 2626 omnibus
2313 2571 2519 2624 sanctis
2543 2579 2599 2624 et
2635 2587 2777 2626 nunc
2821 2572 2962 2627 inter
2998 2573 3208 2643 iniquos
3235 2584 3396 2644 atque
3429 2575 3628 2644 impios

2039 2662 2240 2732 gemit,
2271 2677 2500 2730 quorum
2542 2662 2700 2717 factis
2740 2679 2845 2718 non
2883 2666 3190 2730 consentit,
3228 2674 3284 2720 et
3323 2683 3354 2720 a
3394 2682 3624 2736 quorum

2039 2754 2391 2826 permistione
2429 2753 2481 2808 in
2514 2753 2692 2808 δωρειιί
2726 2753 2831 2809 ﬁne
2866 2755 3204 2818 liberabitur,
3231 2755 3334 2811 illis
3360 2757 3630 2812 damnatis

2041 2847 2303 2918 supplicio
2329 2847 2468 2918 ignis
2497 2847 2704 2901 mterni.

2115 2938 2263 2994 Uxor
2299 2945 2478 2992 autem
2524 2935 2662 2992 Loth
2697 2953 2883 2992 eorum
2939 2940 3115 2994 tenuit
3155 2948 3336 3012 typum
3360 2981 3376 3007 ,
3403 2942 3492 3011 qui
3530 2951 3629 3012 per

2041 3029 2269 3100 gratiam
2308 3028 2400 3082 Dei
2432 3027 2636 3092 vocati,
2669 3027 3008 3098 postmodum
3042 3040 3189 3084 retro
3217 3030 3539 3099 respiciunt,
3572 3039 3629 3086 et

2046 3119 2111 3174 ad
2140 3135 2204 3174 ea
2235 3135 2354 3188 qua:
2378 3118 2730 3187 reliquerant,
2755 3119 2934 3173 redire
2955 3121 3304 3174 contendunt.
3333 3119 3410 3176 De
3433 3121 3627 3191 quibus

2045 3211 2158 3281 ipse
2187 3211 2483 3264 Dominus:
2516 3208 2715 3274 Nemo,
2751 3210 2956 3278 inquit,
2994 3227 3189 3280 ponens
3225 3227 3436 3264 manum
3475 3228 3627 3266 suam

2043 3316 2202 3370 super
2227 3309 2490 3363 aratrum,
2520 3309 2566 3352 et
2591 3315 2688 3368 res,
2711 3299 2868 3353 iriens
2900 3309 3056 3365 retro,
3081 3311 3232 3372 aptus
3254 3311 3326 3355 est
3351 3318 3506 3372 regno
3533 3299 3630 3354 Del

2046 3389 2198 3461 (Luc.
2217 3389 2316 3460 rx).
2341 3389 2748 3460 Conscquenter
2773 3390 2886 3459 ipse
2905 3390 3039 3460 legis
3061 3392 3293 3461 gestavit
3317 3407 3628 3462 personam.

2045 3481 2111 3536 dc
2140 3498 2246 3551 qua
2275 3481 2608 3536 inﬁdelitatis
2640 3497 2804 3551 opera
2836 3483 3078 3551 pariunt,
3107 3483 3197 3553 qui
3227 3485 3391 3538 etiam
3419 3483 3625 3540 carnali

2044 3571 2317 3627 intellectu
2349 3581 2596 3626 utuntur.

2113 3661 2266 3716 Filia:
2304 3661 2423 3732 ejus
2461 3662 2579 3717 duae
2617 3661 2917 3717 Samariam
2953 3663 3260 3734 signiﬁcant
3307 3664 3632 3722 Jerusalem-

2046 3769 2150 3824 quc
2167 3795 2182 3820 ,
2209 3770 2329 3825 qua:
2364 3753 2706 3811 fornicamur
2734 3757 2789 3811 in
2817 3756 2930 3828 lege
2955 3771 3053 3826 per
3081 3758 3406 3815 adulterium
3429 3761 3632 3818 illicita:

2047 3844 2325 3900 doctrinm.

2117 3936 2275 3992 Moab
2309 3938 2695 4008 interpretatur
2723 3957 2788 3995 ex
2809 3953 2982 4012 patre,
3011 3950 3068 3998 et
3093 3953 3261 3998 totum
3289 3958 3484 4000 nomen
3510 3952 3630 4016 etyé

2047 4027 2334 4099 mologiam
2383 4030 2564 4084 habet.
2615 4030 2872 4100 Concepit
2912 4033 3055 4087 enim
3095 4049 3219 4089 eum
3273 4036 3630 4107 primogenita

2048 4119 2158 4174 ﬁlia
2191 4120 2258 4176 de
2284 4129 2456 4192 patre.
2489 4121 2769 4193 Signiﬁcat
2794 4133 2972 4180 autem
3003 4124 3159 4181 Moab
3185 4127 3504 4197 sapientiam
3530 4142 3633 4183 sae

2048 4213 2284 4268 cularem
2304 4253 2319 4278 ,
2351 4214 2416 4268 de
2443 4230 2548 4284 qua
2587 4215 2846 4272 Dominus
2869 4217 3108 4287 loquitur
3132 4233 3231 4288 per
3253 4221 3572 4290 prophetam
3612 4233 3626 4275 :

2050 4302 2279 4357 Perdam
2317 4304 2628 4374 sapientiam
2666 4307 3014 4376 sapientium,
3057 4318 3104 4362 et
3139 4311 3471 4378 prudentiam
3499 4327 3631 4382 pru-

2051 4395 2286 4449 dentium
2325 4397 2617 4472 reprobabq
2655 4396 2798 4468 (lsa.
2830 4400 3012 4470 χχιχ).
3065 4400 3195 4468 Qua:
3230 4413 3504 4457 auctorem
3547 4404 3628 4458 sui

371 4485 665 4547 Abraham,
693 4485 834 4551 quod
861 4485 1205 4548 transfertur,
1227 4457 1374 4554 paler
1393 4457 1677 4538 multarum
1695 4486 1946 4554 gentium,
1975 4457 2026 4517 D
2051 4498 2268 4541 sensum
2294 4457 2486 4551 habet,
2518 4458 2617 4555 qui
2645 4457 2709 4540 ex
2741 4487 2835 4542 Dei
2872 4457 3180 4546 conditione
3205 4501 3511 4562 generatur.
3542 4491 3632 4547 Vi-

371 4573 514 4642 quod
545 4581 662 4628 erat
691 4573 865 4626 adhuc
890 4587 986 4642 per
1016 4573 1174 4628 ﬁdem
1204 4573 1464 4628 futurum.
1498 4572 1740 4628 Gentium
1771 4583 1950 4630 autem

376 4679 481 4717 non
515 4664 744 4717 habetur
774 4663 827 4716 in
858 4662 1092 4727 nomine,
1122 4663 1215 4716 sed
1244 4663 1564 4718 subauditur
1584 4663 1738 4732 juxta
1774 4664 1900 4718 illud
1936 4683 1948 4718 :

376 4752 490 4806 Erit
523 4769 708 4806 nomen
744 4763 891 4806 tuum
926 4753 1222 4817 Abraham,
1257 4754 1379 4824 quia
1419 4764 1618 4823 patrem
1665 4754 1954 4809 multarum

375 4846 602 4914 gentium
628 4845 778 4914 posui
807 4853 856 4899 te
883 4841 1048 4915 (Cen.
1083 4844 1245 4916 xvrt).
1275 4846 1544 4901 Abraham
1573 4847 1770 4917 quippe
1795 4849 1956 4903 habet

376 4933 1113 5005 triplicemsigniﬁcationem
1143 4935 1195 4988 in
1220 4936 1528 5005 semetipso.
1563 4935 1800 4992 Primam
1829 4936 1952 4992 Sal-

379 5025 598 5103 vatoris,
625 5025 842 5094 quando
870 5023 1058 5079 relicta
1082 5026 1402 5095 cognatione
1431 5042 1526 5096 sua
1551 5027 1700 5081 venit
1726 5029 1779 5082 in
1810 5029 1954 5083 hunc

379 5116 666 5180 "modum;
698 5115 925 5170 alteram
949 5114 1148 5180 Patris,
1169 5117 1383 5184 quando
1410 5116 1708 5171 immolavit
1737 5117 1953 5172 tmicum

380 5203 601 5270 Filium;
625 5207 838 5260 tertiam
869 5221 994 5261 vero
1020 5205 1163 5276 quod
1193 5203 1418 5276 ﬁguram
1445 5213 1620 5276 gestat
1645 5215 1954 5261 sanctorum

375 5296 470 5368 qui
497 5296 783 5352 adventum
813 5293 1013 5350 Christi
1043 5311 1166 5350 cum
1201 5296 1394 5366 gaudio
1435 5303 1804 5365 susceperunt.
1847 5296 1953 5350 Ta-

379 5385 724 5440 bernaculum
753 5386 896 5440 enim
927 5385 1056 5441 illud
1085 5385 1318 5440 Abrahae
1342 5385 1511 5456 ipsam
1537 5384 1834 5440 Jerusalem
1859 5386 1956 5441 ba-

379 5478 526 5542 buit,
558 5477 646 5532 ubi
675 5492 774 5547 pro
804 5486 1045 5550 tempore
1074 5480 1352 5549 propheta:
1389 5485 1443 5534 et
1481 5478 1707 5547 apostoli
1738 5478 1954 5534 habita-

383 5581 592 5636 verunt,
621 5571 708 5626 ubi
738 5581 793 5626 et
825 5572 1080 5629 Dominus
1103 5575 1335 5643 primum
1359 5573 1650 5628 adveniens
1675 5587 1706 5626 a
1732 5575 1957 5628 creden-

393 5661 536 5716 tibus
554 5671 852 5730 susceptus,
881 5663 948 5716 ab
969 5663 1258 5718 incredulis
1288 5664 1340 5718 in
1369 5663 1512 5734 ligno
1536 5675 1828 5733 suspensus
1851 5673 1952 5720 est.

2049 4577 2204 4630 detur
2239 4576 2456 4647 quidem
2505 4579 2654 4634 nasci
2696 4578 2763 4634 de
2807 4587 2994 4650 patre,
3051 4583 3195 4652 quod
3246 4585 3633 4654 interpretatur

2049 4666 2243 4734 Moab;
2267 4669 2360 4724 sed
2383 4670 2508 4740 quia
2531 4671 2740 4727 adulter
2763 4684 2846 4728 est
2871 4682 2925 4728 et
2947 4674 3287 4732 adversarius
3309 4679 3488 4748 populi
3511 4679 3629 4741 Dei,

2051 4759 2117 4814 de
2143 4759 2346 4814 incestu
2377 4769 2433 4815 et
2461 4762 2712 4831 spelunca
2740 4777 2806 4817 ac
2834 4773 2990 4819 nocte
3017 4777 3326 4834 generatur.

2121 4849 2375 4915 Ammon,
2409 4851 2566 4920 cujus
2595 4867 2754 4907 causa
2785 4869 2978 4908 nomen
3018 4856 3260 4910 redditur
3283 4856 3425 4926 ﬁlius
3451 4855 3632 4928 pepuli

2055 4941 2186 5006 mei,
2219 4942 2300 4996 sic
2323 4941 2632 5009 derivatur,
2659 4954 2720 5000 ut
2753 4962 2820 5000 ex
2848 4954 3002 5016 patre
3037 4948 3150 5016 ipse
3175 4947 3246 5002 sit
3272 4963 3470 5002 sermo.
3503 4947 3634 5004 Am-

2057 5047 2180 5086 mon
2209 5033 2354 5086 enim
2389 5048 2418 5085 a
2447 5049 2553 5101 quo
2579 5035 2703 5090 dicti
2737 5045 2863 5090 sunt
2898 5035 3250 5101 Ammanitae,
3285 5045 3507 5091 vocatur
3533 5054 3633 5108 po-

2055 5120 2210 5191 pulus
2243 5137 2408 5174 meus.
2441 5121 2732 5177 Possumus
2764 5123 2917 5193 juxta
2963 5125 3310 5195 tropologiam
3343 5124 3480 5180 ﬁlios
3504 5123 3633 5180 Am-

2057 5227 2182 5266 mon
2223 5211 2558 5282 intelligere,
2594 5213 2684 5281 qui
2726 5213 2790 5267 dc
2833 5213 2970 5268 Loth
3015 5216 3067 5268 in
3105 5213 3353 5285 spelunca
3392 5215 3630 5286 generati

2059 5309 2182 5355 sunt
2209 5303 2432 5362 semine,
2462 5310 2516 5355 et
2541 5303 2778 5372 generati
2807 5303 2861 5356 in
2887 5303 3148 5358 ebrietate
3175 5311 3231 5358 et
3258 5304 3491 5370 incestu,
3517 5317 3633 5359 om-

2057 5406 2153 5445 nes
2177 5391 2305 5444 hter.
2325 5391 2496 5444 ticos:
2526 5390 2593 5444 de
2620 5391 2817 5460 quibus
2836 5392 2965 5446 dicit
2989 5399 3044 5444 et
3063 5391 3337 5462 apostolus
3357 5390 3592 5446 Joannes
3617 5410 3632 5445 :

2056 5479 2142 5533 Ea:
2168 5479 2313 5533 nobis
2337 5481 2592 5546 exierunt,
2621 5479 2711 5533 sed
2748 5497 2852 5534 non
2879 5479 3088 5549 fuerunt
3116 5497 3181 5536 ex
3213 5482 3380 5537 nobis.
3407 5480 3469 5536 Si
3494 5480 3638 5535 enim

2057 5571 2274 5640 fuissent
2311 5587 2377 5624 ex
2411 5570 2590 5634 nobis,
2623 5570 3026 5640 permansissent
3057 5572 3232 5641 utique
3267 5571 3532 5626 nobiscum
3571 5569 3631 5634 (Ι

2058 5659 2216 5714 Joan.
2263 5659 2345 5732 ιι).
2395 5659 2488 5715 lsti
2527 5659 2581 5713 in
2621 5658 2968 5714 declinatione
3011 5661 3115 5716 orti
3155 5671 3278 5719 sunt
3308 5676 3323 5715 :
3349 5661 3450 5716 hoc
3487 5659 3634 5714 enim
