4064 6206
350 285 425 344 s7
1356 287 1444 346 DE
1486 290 1837 346 uuxveaso
1876 291 2058 345 unm
2102 290 2261 344 xxu.
2310 318 2367 329 -ι
2411 291 2536 347 Lm.
2580 270 2635 348 ιι.
3552 306 3622 361 δε

349 412 494 465 Loth
521 409 576 463 in
601 406 841 477 linguam
866 413 1104 459 nostram
1131 412 1360 458 vertitur
1389 423 1401 457 :
1437 408 1561 475 quia
1586 422 1763 461 omnes
1785 406 1944 460 simul
1972 412 2019 469 Α
2118 405 2260 459 Esau
2296 415 2477 461 autem
2505 408 2790 462 triuomius
2814 419 2934 474 est,
2988 420 3043 465 et
3077 427 3141 467 ex
3171 413 3403 484 propriis
3440 420 3622 477 causis

348 498 566 553 inutiles
595 495 725 564 facti
755 504 877 549 sunt
909 507 927 545 :
957 511 1061 548 non
1085 504 1158 548 est
1186 496 1275 564 qui
1305 493 1466 563 faciat
1494 494 1704 561 bonum,
1735 512 1840 549 non
1863 506 1938 551 est

345 605 518 660 usque
542 587 613 640 ad
642 601 807 640 unum
832 582 1006 654 (Psal.
1038 582 1179 654 xm).

423 677 585 735 Sarai
632 677 1023 745 interpretatur
1064 677 1299 745 princeps
1352 690 1483 737 mea,
1512 689 1577 728 eo
1613 672 1753 743 quod
1798 680 1943 727 esset

345 768 516 824 unius
567 764 937 820 tantummodo
996 763 1188 818 domus
1254 763 1680 817 materfamilias.
1749 763 1940 817 Postea

347 872 519 913 causa
549 856 785 911 numinis
825 853 1131 918 immutati,
1190 853 1368 907 ablata
1402 854 1420 906 i
1461 853 1641 907 littera
1669 894 1684 918 ,
1743 854 1942 907 dicitur

348 947 516 1013 Sara,
546 947 600 1001 id
635 953 720 1000 est
769 945 1027 1015 princeps.
1067 942 1320 998 Omnium
1353 943 1549 1013 quippe
1592 945 1828 1013 gentium
1858 944 1942 996 fu-

347 1045 477 1091 tura
530 1036 779 1106 princeps
807 1040 947 1097 erat,
977 1033 1120 1087 sicut
1160 1042 1216 1086 et
1244 1033 1500 1087 Dominus
1530 1033 1799 1103 pollicitus
1828 1033 1943 1087 fue-

346 1138 443 1183 rat
473 1128 539 1182 ad
560 1125 830 1181 Abraham
864 1142 878 1178 :
909 1124 1059 1178 Dabo
1084 1123 1177 1179 tibi
1217 1140 1281 1177 ea:
1310 1122 1447 1178 Sara
1493 1122 1683 1192 ﬁlium,
1714 1134 1761 1178 et
1787 1123 1940 1176 bene-

344 1221 529 1273 dicam
566 1219 634 1282 ei,
662 1227 711 1271 et
737 1216 835 1270 erit
860 1217 917 1269 in
938 1225 1138 1285 gentem
1166 1230 1408 1284 magnam
1428 1254 1446 1279 ,
1489 1214 1578 1268 sed
1608 1223 1656 1267 et
1683 1230 1822 1284 reges
1848 1230 1940 1284 po-

343 1308 597 1378 pulorum
620 1312 770 1361 erunt
796 1322 863 1360 ea:
888 1322 948 1359 eo
977 1302 1125 1377 (Gen.
1156 1306 1312 1373 xvu).

420 1401 570 1470 Agar
595 1401 984 1468 interpretatur
1023 1397 1219 1450 advena
1250 1396 1330 1451 vel
1354 1412 1618 1450 conversa.
1648 1396 1769 1451 Fuit
1795 1399 1940 1450 enim

345 1490 606 1560 Egyptia
632 1487 938 1557 complexui
961 1487 1191 1541 Abrahae
1216 1487 1442 1551 advena,
1466 1502 1627 1542 causa
1650 1489 1938 1557 generandi

343 1582 510 1644 data;
548 1594 673 1648 quae
718 1586 843 1647 post
898 1585 1302 1645 contemptum,
1364 1575 1554 1646 angelo
1606 1576 1933 1645 increpante,

344 1690 615 1731 conversa
656 1682 743 1728 est
785 1673 851 1727 ad
912 1671 1121 1726 Saram.
1174 1671 1382 1726 Uxores
1421 1679 1601 1726 autem
1642 1671 1933 1735 Abraham,

2040 496 2192 551 varie
2220 506 2579 567 nuncupatur.
2607 498 2813 553 Dicitur
2840 500 2981 554 enim
3021 502 3190 566 Esau,
3218 504 3269 557 id
3310 514 3396 560 est
3443 508 3615 577 rufus,

2040 587 2110 641 ob
2140 586 2438 641 coctionem
2467 588 2671 642 scilicet
2717 589 2849 644 rufae
2879 590 3037 646 lentis
3073 593 3146 646 ita
3172 595 3488 662 appellatus,
3523 614 3617 654 cu.

2035 678 2125 748 jus
2179 678 2356 732 edulio
2410 679 2771 748 primogenita
2813 683 3060 753 perdidit.
3118 684 3284 738 Edom
3333 695 3508 742 autem
3549 689 3619 743 ob

2041 769 2291 823 ruborem
2318 769 2562 838 corporis
2584 770 2761 824 dictus
2793 779 2893 835 est,
2923 774 3063 839 quod
3089 772 3279 828 Latine
3302 777 3623 845 sanguineus
3663 822 3667 825 .

2041 858 2255 912 dicitur.
2316 846 2433 911 Seir
2477 874 2602 913 vero
2631 856 2981 929 quod‘l'ucrit
3025 864 3264 932 hispidus
3295 874 3350 919 et
3399 867 3617 935 pilosus.

2042 946 2266 1013 Quando
2301 949 2443 1002 enim
2474 958 2633 1004 natus
2672 959 2785 1016 est,
2838 961 2981 1007 totus
3027 954 3168 1009 sicut
3212 954 3365 1023 pellis
3419 957 3621 1025 pilosus

2041 1046 2188 1100 erat;
2220 1044 2383 1105 atque
2403 1037 2522 1092 ideo
2547 1039 2717 1093 tribus
2750 1041 3057 1095 nominibus
3083 1042 3417 1111 appellatur:
3449 1044 3613 1109 Esau,

2043 1128 2095 1182 id
2130 1137 2212 1182 est
2239 1129 2422 1197 rufus;
2456 1130 2643 1195 Edom,
2677 1132 2729 1184 id
2756 1141 2837 1186 est
2868 1135 3215 1202 sanguineus;
3256 1134 3409 1200 Seir,
3461 1136 3513 1190 id
3538 1148 3622 1190 est

2038 1215 2257 1285 pilosus,
2285 1218 2407 1284 quia
2440 1234 2545 1271 non
2571 1219 2756 1273 habuit
2782 1221 3075 1276 lenitatem.
3104 1222 3200 1277 llic
3228 1224 3494 1294 signiﬁcat
3520 1241 3607 1295 po~

2042 1307 2222 1372 pulum
2254 1306 2558 1363 Judteorum
2619 1312 2670 1363 in
2701 1312 2915 1366 Cbristu
2940 1331 2971 1366 ιι
3014 1324 3070 1368 et
3126 1316 3412 1386 prophetas
3456 1319 3618 1387 impia

2038 1399 2409 1466 persecutione
2429 1401 2779 1470 sanguineum
2795 1410 2847 1456 et
2863 1402 3035 1456 rufum
3054 1415 3099 1457 et
3117 1406 3367 1472 pilosum,
3392 1408 3622 1477 tegmine

2038 1500 2383 1557 peccatorum
2424 1492 2759 1545 horribilem.

2109 1580 2274 1635 Jacob
2314 1591 2509 1645 autem,
2549 1584 2639 1652 qui
2685 1586 3071 1653 interpretatur
3094 1585 3475 1657 supplantator,
3506 1589 3619 1645 sive

2038 1672 2181 1739 quod
2217 1672 2270 1725 in
2296 1681 2417 1726 ortu
2472 1674 2750 1741 plantatur
2779 1673 3059 1746 [plantam]
3111 1679 3387 1732 nascentis
3434 1679 3619 1734 fratris

344 1766 507 1820 Sarai
533 1773 589 1819 et
619 1764 789 1834 Agar,
814 1763 1108 1817 secundum
1130 1762 1472 1832 Apostolum,
1528 1762 1755 1816 duorum
1784 1771 1942 1817 testa-
1969 1755 2016 1813 B
2045 1763 2477 1831 apprehenderit,
2510 1764 2624 1818 sive
2646 1766 2787 1833 quod
2832 1776 3016 1834 postea
3047 1766 3269 1822 fratrem
3302 1777 3418 1822 arte
3460 1770 3621 1825 dece-

346 1862 684 1917 mentorum,
721 1860 782 1907 ut
819 1868 980 1922 supra
1011 1852 1258 1913 diximus,
1284 1860 1497 1921 gestant
1528 1853 1773 1921 ﬁguram.
1799 1852 1938 1918 Qua-

345 1961 469 1998 rum
493 1960 623 2009 una,
651 1943 756 1997 hoc
783 1950 867 1997 est
901 1942 1054 1996 Sarai
1082 1941 1583 2007 libera,Ecclesiam
1605 1943 1931 2012 signiﬁcans,

344 2035 536 2105 genuit
567 2032 824 2103 pupulum
856 2031 1245 2098 Christianum,
1268 2032 1361 2101 qui
1389 2033 1685 2087 secundum
1712 2048 1934 2088 carnem

342 2142 454 2179 non
480 2133 588 2188 est,
617 2123 713 2178 sed
750 2123 803 2176 in
831 2121 1134 2177 libertatem
1158 2133 1378 2177 vocatus
1401 2130 1485 2177 est
1509 2139 1522 2175 :
1560 2137 1664 2192 qua
1689 2122 1938 2177 libertate

344 2214 599 2268 liberavit
657 2227 785 2267 eum
814 2210 1084 2267 Christus.
1123 2211 1304 2267 Altera
1346 2222 1547 2278 autem,
1573 2213 1677 2267 hoc
1699 2221 1782 2267 est
1795 2212 1939 2283 Agar

342 2304 542 2357 ancilla
599 2312 779 2358 mater
818 2301 1061 2357 lsmaelis
1090 2342 1105 2367 ,
1163 2304 1253 2372 qui
1309 2303 1698 2373 interpretatur
1736 2304 1936 2357 auditio

348 2396 468 2461 Dei,
494 2395 837 2467 Synagogam
864 2395 1144 2464 exprimit,
1177 2409 1295 2464 quae
1338 2395 1591 2464 populum
1628 2393 1938 2450 Juda‘orum

347 2487 405 2540 in
438 2487 761 2541 servitutem
787 2500 1052 2556 generans
1083 2500 1189 2540 non
1225 2487 1425 2539 meruit
1448 2486 1816 2541 bzereditatem
1849 2502 1938 2541 ac-

349 2576 536 2644 cipere
563 2591 687 2630 cum
718 2575 828 2629 lilio
852 2576 1071 2640 liberm,
1116 2576 1210 2630 sed
1238 2575 1510 2646 projectus
1537 2592 1659 2630 cum
1687 2585 1858 2632 matre
1884 2578 1937 2631 in

352 2666 571 2719 deserto
603 2665 761 2719 istius
790 2665 972 2719 saeculi
1000 2666 1235 2720 oberrat.

429 2776 581 2830 Isaac
606 2792 669 2830 ex
702 2775 818 2830 risu
850 2790 1044 2830 nomen
1087 2778 1313 2846 accepit.
1344 2777 1557 2831 Riscrat
1601 2777 1742 2831 enim
1784 2785 1942 2846 pater

361 2864 581 2931 quando
609 2865 662 2919 ei
687 2866 990 2933 promissus
1013 2875 1114 2929 est,
1148 2867 1421 2921 admirans
1461 2868 1516 2921 in
1550 2868 1765 2937 gaudio.
1800 2868 1941 2922 Risit

356 2966 413 3008 et
444 2964 634 3019 mater,
654 2958 909 3024 quoniam
934 2973 1031 3027 per
1061 2957 1177 3012 illos
1205 2966 1316 3013 tres
1342 2960 1488 3013 viros
1507 2962 1806 3029 promissus
1832 2971 1935 3025 est,

355 3044 608 3098 dubitans
661 3046 712 3099 in
740 3048 955 3116 gaudio.
1005 3047 1084 3101 Ex
1121 3049 1221 3102 bac
1248 3064 1376 3119 ergo
1419 3065 1583 3104 causa
1615 3066 1807 3104 nomen
1854 3067 1941 3105 ac-

356 3136 518 3204 cepit.
556 3136 707 3190 Isaac
752 3138 898 3191 enim
954 3139 1337 3208 interpretatur
1377 3142 1535 3193 risus.
1561 3141 1692 3206 Quis
1722 3158 1850 3211 ergo
1882 3142 1934 3196 in

355 3228 654 3292 Abraham,
683 3236 744 3281 ut
774 3228 1089 3298 prmdictum
1120 3239 1222 3294 est,
1255 3244 1353 3299 per
1389 3229 1806 3285 immolationem
1843 3231 1935 3285 ﬁlii

355 3319 437 3372 sui
466 3318 831 3389 ﬁgurabatur,
873 3320 976 3373 nisi
1002 3319 1162 3373 Pater
1202 3320 1482 3375 excelsus?
1514 3320 1644 3387 Quis
1672 3321 1725 3374 in
1766 3320 1935 3386 lsaac,

359 3407 461 3460 nisi
491 3406 780 3461 Christus?
813 3406 949 3461 Nam
979 3408 1118 3463 sicut
1141 3409 1413 3463 Abraham
1442 3410 1657 3464 unicum
1691 3410 1857 3464 ﬁlium
1883 3419 1938 3465 ct

354 3496 612 3551 dilectum
645 3498 757 3552 Deo
782 3500 1052 3554 victimam
1072 3500 1284 3565 obtulit,
1316 3502 1386 3554 ita
1414 3502 1670 3556 Dominus
1698 3503 1940 3572 unigeni-

359 3596 472 3639 tum
500 3601 656 3640 suum
685 3601 786 3656 pro
816 3586 970 3641 nobis
989 3588 1238 3642 omnibus
1266 3589 1514 3654 tradidit;
1548 3597 1604 3643 et
1632 3590 1769 3643 sicut
1789 3589 1940 3646 lsaac

358 3678 475 3745 ipse
504 3678 608 3731 sibi
641 3678 784 3749 ligna
810 3680 1063 3749 portavit,
1101 3680 1296 3750 quibus
1328 3689 1447 3735 erat
1473 3682 1937 3751 imponendus,ita

355 3778 409 3820 et
437 3767 691 3823 Christus
739 3768 793 3823 in
825 3770 1066 3825 humeris
1115 3769 1317 3841 lignum
1348 3772 1524 3826 crucis
1564 3786 1708 3835 suae,
1745 3772 1799 3825 in
1833 3788 1939 3842 quo

354 3866 474 3911 erat
501 3857 916 3930 cruciﬁgendus.
944 3860 1057 3914 Duo
1099 3868 1277 3914 autem
1332 3860 1474 3915 servi
1505 3860 1577 3914 illi
1605 3860 1849 3925 dimissi,
1887 3868 1941 3916 et

355 3964 462 4001 non
508 3948 754 4017 perducti
797 3950 865 4004 ad
892 3949 1067 4005 locum
1104 3950 1378 4017 sacriﬁcii,
1408 3950 1620 4006 Iudaeos
1671 3951 1942 4022 signiﬁca-

360 4039 514 4102 bant,
541 4039 632 4108 qui
660 4055 784 4094 cum
815 4041 1081 4094 serviliter
1117 4041 1363 4096 viverent
1388 4049 1443 4095 et
1463 4040 1751 4096 carnaliter
1779 4057 1936 4111 sape-

360 4141 508 4194 rent,
538 4146 647 4185 non
689 4131 1057 4203 intelligehaut
1104 4134 1458 4188 humilitatem
1509 4134 1597 4189 vel
1633 4134 1940 4204 passionem

360 4221 587 4275 Christi.
620 4222 744 4277 Ideo
770 4224 895 4292 quia
926 4239 1031 4279 non
1062 4224 1428 4295 intelligebant
1450 4226 1751 4294 passionem
1784 4225 1940 4280 Chri-

358 4312 454 4368 sti.
482 4328 589 4366 non
638 4321 1001 4382 pervenerunt
1044 4313 1112 4368 ad
1141 4313 1314 4368 locum
1347 4314 1634 4379 sacriﬁcii;
1662 4315 1756 4369 sed
1786 4314 1938 4381 illud,

2037 1855 2194 1922 perit.
2223 1853 2374 1909 Unde
2399 1863 2451 1908 et
2482 1856 2622 1909 Esau
2674 1856 2808 1909 dixit
2838 1876 2854 1909 ι
2889 1856 3039 1910 Juste
3066 1868 3301 1911 vocatum
3332 1867 3406 1911 est
3433 1876 3618 1913 nomen

2035 1942 2148 2012 ejus
2202 1943 2409 1996 Jacob:
2452 1943 2801 2014 supplantavit
2848 1948 2988 1999 enim
3056 1963 3135 2000 me
3192 1948 3247 2000 in
3296 1947 3464 2001 altera
3517 1949 3621 2002 rice

2038 2031 2188 2105 (Gen.
2247 2032 2437 2103 xxvn).
2471 2034 2576 2088 lste
2612 2035 2825 2102 quidem
2878 2035 3039 2089 Israel
3068 2076 3083 2099 ,
3134 2038 3214 2089 vir
3252 2037 3427 2090 videns
3454 2036 3620 2091 Deum

2036 2122 2251 2177 dicitur.
2279 2123 2431 2177 Tunc
2470 2124 2612 2177 enim
2645 2125 2747 2178 hoc
2777 2139 2973 2177 nomen
3002 2128 3231 2194 accepit,
3264 2128 3477 2194 quando
3509 2138 3617 2182 tora

2036 2220 2193 2266 nocte
2216 2212 2447 2266 luctatus
2476 2213 2603 2265 vicit
2631 2213 2683 2265 in
2708 2213 3003 2267 certamine
3026 2215 3293 2283 angelum,
3326 2224 3379 2269 et
3407 2217 3617 2271 oriente

2036 2299 2261 2355 lucifero
2306 2302 2618 2356 benedictus
2657 2310 2757 2355 est.
2806 2300 2932 2356 Inde
2980 2312 3199 2371 propter
3229 2304 3487 2359 visionem
3524 2306 3618 2359 Dei

2036 2390 2207 2445 Israel
2251 2392 2546 2461 appellatus
2591 2400 2692 2457 est,
2722 2393 2861 2447 sicut
2910 2402 2966 2447 et
2995 2393 3108 2462 ipse
3134 2394 3243 2448 ait:
3298 2392 3416 2448 Vidi
3447 2396 3622 2449 Domi-

2037 2500 2183 2549 num,
2212 2492 2260 2537 et
2294 2483 2436 2537 salva
2472 2483 2613 2552 facta
2641 2492 2717 2538 est
2764 2484 2940 2538 anima
2972 2501 3084 2538 mea
3116 2481 3266 2556 (Gen.
3296 2483 3492 2552 χχχιι).
3523 2484 3623 2540 Hic

2038 2582 2218 2628 autem
2252 2572 2526 2627 Christum
2556 2572 2911 2639 demonstrat,
2939 2575 3049 2628 sive
3076 2575 3327 2644 populum
3359 2575 3620 2643 gentium.

2038 2666 2127 2735 qui
2161 2666 2254 2720 Dei
2286 2665 2458 2718 Patris
2495 2665 2868 2720 benedictione
2915 2666 3171 2735 praelatus
3208 2676 3292 2721 est
3337 2667 3503 2736 priori
3527 2682 3624 2738 po-
3724 2674 3729 2679 ‘

2038 2754 2162 2824 pulo
2190 2754 2516 2809 Judeeorum.
2568 2754 2659 2809 Isti
2691 2765 2875 2809 autem
2904 2756 3009 2809 duo
3061 2755 3153 2809 ﬁlii
3200 2755 3455 2810 Rebecca:
3484 2758 3619 2812 duos

2038 2844 2280 2913 populos,
2326 2851 2385 2897 ut
2424 2844 2676 2908 diximus,
2730 2845 3054 2915 signiﬁcant,
3088 2847 3380 2918 Synagogm
3425 2857 3480 2902 et
3526 2849 3620 2903 Ec-

2040 2934 2235 2988 clesiae.
2265 2935 2328 2988 Et
2352 2937 2621 3004 quomolo
2644 2937 2868 3005 populus
2896 2936 3201 2991 Judaeorum
3232 2945 3470 3007 tempore
3502 2955 3620 2992 ma-

2036 3027 2125 3097 jor
2150 3029 2528 3084 servitminori
2559 3029 2750 3098 populo
2776 3028 3202 3085 Christianorum
3232 3071 3246 3096 ,
3294 3032 3374 3086 sic
3400 3034 3621 3103 quidem

2041 3117 2173 3171 etin
2204 3117 2425 3188 singulis
2457 3118 2611 3171 nobis
2651 3119 2755 3172 dici
2803 3127 2978 3187 potest
3005 3121 3147 3188 quod
3187 3122 3304 3175 duae
3333 3132 3518 3193 gentes
3569 3133 3624 3178 et

2041 3207 2147 3261 duo
2175 3198 2357 3277 populi
2404 3209 2549 3261 intra
2576 3225 2671 3263 nos
2715 3209 2859 3273 sint,
2911 3210 3163 3265 vitiorum
3206 3212 3410 3267 scilicet
3460 3223 3625 3283 atque

2042 3298 2319 3351 virtutum.
2364 3297 2469 3353 Sed
2511 3298 2613 3353 iste
2659 3300 2836 3353 minor
2861 3309 2944 3354 est
2971 3341 2983 3364 ,
3038 3302 3125 3356 ille
3177 3303 3365 3373 major.
3399 3302 3624 3375 Semper

2041 3388 2186 3442 enim
2215 3388 2395 3457 plures
2422 3398 2545 3443 sunt
2590 3389 2710 3443 mali
2754 3406 2916 3460 quam
2958 3391 3102 3457 boni,
3132 3400 3186 3446 et
3211 3393 3336 3447 vitia
3367 3410 3619 3450 nurnero-

2042 3481 2185 3535 siora
2214 3491 2337 3535 sunt
2374 3482 2693 3546 virtutibus;
2729 3484 2822 3537 sed
2869 3491 3044 3538 tamen
3074 3466 3130 3539 et
3152 3485 3205 3538 in
3238 3485 3392 3541 nobis
3445 3488 3623 3555 gratia

2040 3572 2135 3626 Dei
2158 3572 2381 3642 populus
2410 3572 2662 3642 populum
2708 3581 2961 3643 superat,
3004 3585 3059 3628 et
3111 3573 3281 3643 major
3306 3575 3474 3628 servit
3522 3576 3622 3629 mi-

2041 3668 2179 3722 neri.
2214 3666 2393 3721 Servit
2439 3667 2636 3722 etenim
2666 3683 2791 3721 caro
2821 3667 3053 3736 spiritui,
3077 3677 3132 3720 et
3172 3667 3299 3721 vitia
3333 3668 3627 3723 virtutibus

2042 3761 2256 3815 cedunt.
2283 3759 2431 3814 Isaae
2459 3773 2586 3830 ergo
2613 3769 2790 3827 portat
2827 3758 3110 3828 imaginem
3155 3757 3248 3812 Dei
3283 3756 3481 3820 Patris,
3513 3757 3617 3812 lle-

2042 3853 2204 3907 bccca
2233 3851 2464 3920 Spiritus
2487 3851 2680 3912 sancti,
2709 3850 2846 3904 Esau
2878 3849 3057 3920 populi
3083 3850 3280 3919 prioris
3313 3855 3368 3903 et
3399 3848 3619 3913 diaboli,

2040 3940 2205 3995 Jacob
2244 3940 2498 3995 Ecclesia:
2525 3951 2580 3994 et
2630 3939 2851 3994 Christi.
2896 3939 3151 3993 Senuisse
3181 3938 3332 3992 Isaac
3372 3952 3626 3992 consum-

2041 4031 2333 4086 mationem
2357 4031 2509 4085 orbis
2530 4030 2796 4094 ostendit;
2839 4028 2978 4085 oculi
3026 4028 3531 4097 illius-caliginasse,
3561 4026 3625 4081 ﬁ-

2042 4120 2163 4174 dem
2193 4120 2396 4189 perisse
2429 4121 2494 4173 de
2522 4120 2737 4181 mundo,
2774 4129 2829 4173 et
2854 4119 3129 4189 religionis
3151 4118 3327 4172 lumen
3353 4125 3480 4171 ante
3497 4131 3623 4172 eum

2041 4209 2343 4279 neglectum
2373 4224 2491 4264 esse
2525 4208 2813 4276 signiﬁcat.
2867 4208 3019 4273 Quod
3077 4207 3217 4262 ﬁlius
3257 4207 3432 4276 major
3464 4222 3624 4263 voca-

2041 4307 2160 4366 tur,
2199 4298 2498 4367 acceptatio
2530 4297 2663 4367 legis
2687 4306 2771 4351 est
2792 4295 3116 4350 Judzeorum.
3146 4296 3299 4363 Quod
3327 4312 3482 4351 escas
3505 4295 3631 4365 ejus

357 4403 504 4471 quod
549 4403 837 4471 ﬁguratum
886 4413 971 4459 est
1008 4406 1062 4459 in
1117 4404 1265 4459 Isaae
1290 4445 1305 4468 ,
1364 4415 1719 4476 transgestum
1758 4415 1841 4462 est
1870 4407 1938 4462 ad

2045 4401 2204 4460 atque
2235 4399 2514 4459 capturam
2537 4390 2707 4459 diligit
2734 4398 2906 4459 pater,
2931 4389 3178 4444 homines
3204 4398 3328 4445 sunt
3349 4392 3414 4446 ab
3436 4405 3629 4446 errore

358 4496 611 4554 arietem.
642 4496 769 4565 quia
796 4495 1044 4551 Christus
1071 4497 1207 4551 ovis.
1265 4497 1383 4567 Ipse
1435 4497 1579 4552 enim
1629 4497 1790 4562 ﬁlius,
1822 4498 1939 4568 ipse

356 4585 528 4649 aries,
552 4601 763 4655 agnus:
805 4585 965 4650 ﬁlius,
994 4586 1122 4655 quia
1174 4594 1365 4652 natus;
1397 4587 1559 4651 aries,
1583 4587 1710 4656 quia
1746 4588 1940 4642 immo—

360 4677 523 4730 latus.
556 4676 664 4731 Sed
693 4678 822 4747 quid
844 4687 927 4732 est
957 4678 1100 4747 quod
1137 4679 1389 4748 vepribus
1414 4678 1652 4734 basrebat
1680 4680 1821 4735 aries
1853 4680 1941 4736 ills

360 4769 640 4835 cornibus,
656 4769 760 4824 nisi
792 4770 933 4839 quod
960 4768 1208 4823 Christus
1231 4784 1260 4821 a
1284 4767 1482 4823 Judzeis
1512 4769 1680 4839 spinis
1725 4777 1810 4824 est
1851 4785 1942 4824 co-

364 4869 611 4922 ronatus,
630 4869 686 4914 et
732 4861 799 4914 ad
839 4869 1143 4914 extremum
1195 4860 1250 4913 in
1280 4858 1426 4928 ligno
1456 4860 1631 4915 crucis
1660 4870 1743 4913 est
1768 4860 1939 4919 conﬁ-

365 4948 503 5002 xus?
534 4947 614 5003 De
638 4963 747 5018 quo
776 4950 1033 5018 scriptum
1061 4956 1183 5004 est:
1216 4947 1427 5002 Cornua
1472 4960 1589 5003 sunt
1620 4950 1675 5005 in
1703 4949 1940 5004 manibus

366 5037 480 5105 ejus
508 5035 675 5107 (Ilab.
724 5037 829 5108 ιιι).
862 5035 998 5092 Huic
1031 5054 1130 5107 per
1172 5053 1386 5092 servum
1430 5039 1663 5094 Abrahae
1717 5040 1943 5108 despon-

365 5136 479 5181 sata
504 5136 590 5181 est
626 5126 891 5194 Rebecca,
920 5142 1041 5197 qua:
1067 5128 1478 5196 interpretatur,
1509 5129 1759 5198 patientia
1783 5169 1796 5189 ,
1830 5130 1944 5183 sive

364 5232 484 5285 qua
538 5217 759 5271 multum
812 5219 1106 5287 acceperit:
1159 5218 1284 5287 quia
1339 5232 1436 5287 per
1478 5219 1708 5287 priscam
1748 5218 1941 5288 legem,

366 5320 528 5373 quam
559 5306 673 5376 ipse
706 5322 898 5361 servus
934 5308 1227 5378 designat,
1282 5308 1661 5377 prophetarum
1708 5310 1942 5365 oraculis

366 5397 599 5453 Domino
632 5406 819 5453 nostro
840 5396 968 5453 Jesu
1006 5398 1224 5454 Christo
1250 5413 1445 5469 sponsa
1476 5400 1713 5455 Ecclesia
1743 5416 1942 5470 praepa-

368 5497 480 5541 rata
512 5497 614 5551 est,
641 5504 765 5557 quzc
788 5489 1064 5558 copiosam
1095 5488 1329 5558 Spiritus
1379 5490 1548 5544 sancti
1592 5493 1822 5560 gratiam
1858 5507 1943 5547 ac-

363 5580 593 5647 cipiens,
620 5581 889 5649 patienter
916 5580 1181 5649 promissa
1227 5579 1418 5634 futurae
1454 5580 1705 5636 Ecclesim
1749 5596 1939 5651 cvspe-

363 5681 485 5725 ειμι.
519 5671 688 5744 Hujus
714 5674 807 5728 ﬁlii
839 5672 1055 5728 fuerunt
1078 5673 1218 5728 Esau
1249 5683 1301 5730 et
1337 5672 1502 5731 Jacob

2040 4485 2254 4548 salvati,
2285 4499 2420 4554 quos
2448 4499 2544 4554 per
2575 4482 2877 4538 doctrinam
2906 4480 3085 4550 justus
3110 4482 3337 4552 quisque
3372 4490 3627 4537 venatur.

2041 4576 2190 4643 Quod
2216 4576 2366 4631 Isaac
2395 4576 2460 4630 de
2495 4575 2715 4643 majoris
2745 4575 2837 4630 ﬁlii
2883 4577 2972 4630 sui.
3009 4577 3289 4631 venatione
3323 4577 3465 4631 vesci
3494 4591 3629 4631 con-

2042 4668 2298 4737 Cupiscit,
2350 4667 2617 4737 signiﬁcat
2664 4668 2805 4736 quod
2853 4669 3193 4737 omnipotens
3243 4669 3383 4724 Deus
3414 4668 3629 4724 Judaici

2042 4759 2218 4829 populi
2270 4760 2410 4813 bona
2445 4757 2756 4827 operatione
2810 4758 2959 4827 pasci
2997 4758 3341 4813 desideravit.
3400 4757 3506 4812 Sed
3532 4758 3631 4815 illo

2046 4852 2290 4904 tardante
2319 4851 2580 4905 minorem
2614 4850 2854 4904 Rebecca
2882 4851 3180 4919 supposuit,
3214 4850 3339 4919 quia
3376 4849 3500 4904 dum
3530 4848 3633 4903 Ju-

2047 4941 2229 4996 daicus
2256 4942 2482 5010 populus
2524 4942 2662 4998 bona
2704 4955 2865 5009 opera
2924 4939 3054 4994 loris
3082 4940 3276 5009 qumrit
3301 4979 3316 5005 ,
3372 4938 3629 5008 gentilem

2046 5035 2298 5104 populum
2334 5044 2507 5089 mater
2526 5034 2701 5103 gratia
2732 5034 3042 5096 introduxit,
3075 5042 3133 5086 ut
3154 5033 3494 5100 omnipotens
3522 5030 3632 5084 Pa-r

2050 5134 2131 5179 ter
2153 5126 2328 5179 cibum
2358 5124 2482 5178 boni
2521 5125 2703 5194 operis
2722 5125 3029 5187 ollerret,et
3055 5122 3479 5177 benedictionem
3512 5138 3633 5175 maa

2043 5216 2179 5286 juris
2208 5215 2391 5269 fratris
2430 5216 2718 5284 acciperet.
2768 5214 2876 5279 Qui
2900 5214 3115 5269 eosdem
3143 5211 3295 5267 cibos
3338 5226 3402 5265 ex
3438 5212 3626 5265 domw

2048 5308 2198 5361 sticis
2232 5305 2553 5360 animalibus
2582 5306 2830 5375 praebuit,
2853 5304 2978 5373 quia
3006 5303 3221 5373 gentilis
3247 5302 3472 5370 populus
3508 5302 3624 5370 pla-

2047 5411 2169 5451 cere
2214 5395 2323 5449 Deo
2376 5394 2738 5449 exterioribus
2775 5393 3057 5447 sacriﬁciis
3096 5407 3199 5446 non
3242 5402 3490 5459 quaerens
3531 5402 3629 5458 per

2046 5502 2232 5543 vocem
2264 5485 2543 5556 Prophetas
2576 5485 2743 5539 dicit:
2776 5482 2841 5537 In
2888 5499 2968 5536 me
3009 5491 3151 5546 sunt,
3180 5480 3334 5543 Deus,
3369 5488 3484 5531 rota
3511 5487 3626 5537 tua,

2044 5595 2163 5650 qum
2207 5578 2421 5632 reddam
2451 5577 2776 5632 laudationes
2806 5574 2894 5627 tibi
2918 5575 2942 5627 2’
2972 5571 3143 5643 (Psal.
3175 5570 3282 5641 Lv).
3310 5568 3463 5637 Quod
3487 5569 3626 5621 idem

2038 5668 2214 5728 'Jacob
2243 5687 2434 5727 manus
2460 5685 2523 5726 ac
2563 5668 2785 5722 brachia
2814 5673 2868 5721 et
2892 5664 3083 5720 collum
3133 5662 3356 5718 lnediuis
3401 5658 3629 5730 pellibus
