4064 6206
515 307 582 362 39
1141 293 1200 355 Β.
1241 298 1492 354 RABA‘NI
1533 299 1750 355 MAURI
1788 288 2105 353 ARClllEP.
2149 294 2455 353 MOGUNT.
2495 290 2777 353 OPERUM
2819 296 2998 353 PARS
3037 298 3097 353 il.
3674 306 3757 361 4ο

510 414 664 481 texit,
686 417 790 470 hoc
819 423 920 479 est,
948 414 1162 482 gentilis
1204 412 1445 483 populus,
1483 412 1609 465 dum
1638 425 1696 466 se
1737 419 2073 477 peccatorem
2102 418 2149 477 Α
2177 416 2260 463 est
2287 423 2317 461 a
2349 421 2510 463 carne
2533 422 2699 475 usque
2728 408 2795 461 ad
2818 408 3088 478 spiritum,
3118 409 3241 478 quia
3268 412 3323 465 in
3373 410 3464 466 illo
3508 418 3755 469 carnales

507 504 755 565 wnﬁteri
795 519 899 558 non
926 503 1209 568 erubescit,
1237 504 1416 559 carnis
1441 503 1495 557 in
1525 518 1584 557 se
1607 511 1828 572 peccata
1878 510 2080 556 macta-

504 599 601 654 vit.
626 597 783 666 Quod
806 596 1141 651 vestimentis
1181 590 1399 665 majoris
1427 594 1613 649 fratris
1653 594 1890 649 induitur
1921 634 1935 658 ,
1976 594 2079 649 hoc

506 700 610 755 est,
639 689 781 761 quod
805 704 972 743 sacrae
1007 687 1301 757 Scripturae
1348 686 1629 756 praeceptis
1651 727 1665 751 ,
1715 700 1835 756 quae
1886 684 2075 754 majori

504 780 700 851 populo
720 780 845 835 data
877 780 1070 845 fuerat,
1102 779 1156 833 in
1186 778 1324 832 bona
1353 777 1665 847 operatione
1702 777 1925 830 vestitus
1970 782 2074 840 est,

503 881 559 922 et
584 871 663 924 eis
686 870 862 923 minor
890 870 942 922 in
963 868 1120 922 domo
1157 868 1355 932 utitur;
1384 884 1503 937 qua}
1531 866 1703 936 major
1726 866 1872 921 foras
1891 867 2077 920 exiens

505 961 650 1012 intus
687 959 923 1028 reliquit,
950 974 1070 1029 qua:
1097 958 1184 1013 ille
1208 957 1461 1013 Iudaicus
1489 958 1719 1029 populus
1745 958 1944 1013 habere
1968 973 2073 1012 non

506 1054 700 1123 potuit,
730 1054 853 1107 dum
901 1051 1071 1106 solam
1129 1052 1182 1105 in
1231 1051 1311 1105 eis
1358 1050 1590 1105 litteram
1643 1051 1888 1103 attendit.
1923 1049 2076 1115 Quod

501 1145 650 1197 isaac
683 1144 928 1198 eumdem
979 1142 1147 1197 lilium
1196 1142 1401 1205 nescit,
1435 1157 1593 1210 quem
1637 1140 1932 1203 benedicit,
1974 1141 2075 1196 hoc

496 1241 603 1295 est,
633 1233 774 1302 quod
801 1233 866 1287 de
901 1231 1084 1303 gentili
1110 1231 1303 1301 papulo
1331 1230 1585 1284 Dominus
1610 1245 1705 1300 per
1736 1230 2073 1285 Psalmistatn

497 1323 674 1376 dicit:
722 1322 992 1393 Populus,
1049 1337 1202 1392 quem
1245 1336 1348 1373 non
1408 1321 1619 1390 cognovi
1651 1360 1665 1384 ,
1717 1320 1898 1373 serviet
1946 1319 2072 1391 mihi

500 1410 674 1480 tl‘sal.
712 1412 867 1481 xvn).
896 1410 1046 1478 Quod
1080 1418 1397 1479 praesentem
1426 1423 1531 1462 non
1578 1408 1744 1472 vidit,
1783 1417 1839 1462 et
1896 1415 2071 1461 tamen

496 1518 530 1570 q
651 1502 700 1554 ei
723 1500 777 1553 in
805 1500 986 1554 futuro
1027 1499 1277 1555 eveniant
1315 1499 1467 1564 vidit,
1501 1498 1767 1569 significat
1794 1498 1934 1567 quod
1957 1513 2071 1552 om-

498 1596 748 1664 nipotens
783 1594 924 1648 Deus
950 1608 1045 1663 per
1075 1592 1363 1663 prophetas
1390 1606 1516 1646 suos
1563 1590 1879 1660 prredicaret
1902 1589 2072 1659 genti-

499 1686 635 1740 litati
659 1686 886 1757 gratiam
907 1687 1329 1757 praerogandam,
1350 1698 1508 1753 quam
1543 1685 1592 1737 ei
1624 1683 1677 1736 in
1705 1683 1950 1751 prmsenti
1974 1698 2071 1753 per

2177 499 2525 569 proﬁciendo,
2553 499 2695 553 velut
2718 499 3058 554 ascendendo
3081 539 3097 563 ,
3151 499 3416 569 spiritales
3467 500 3599 556 fiunt
3632 520 3644 556 :
3676 506 3753 560 ad

2177 608 2312 662 quos
2334 593 2474 647 lacte
2497 592 2810 647 nutriendos
2857 592 3018 645 etiam
3068 592 3166 661 ipsi
3214 591 3481 661 Spirita‘les
3525 591 3755 648 descen-

2178 683 2311 736 dunt
2337 681 2750 753 quodammodo,
2774 697 2895 735 cum
2928 682 3007 736 eis
3034 696 3140 735 non
3172 689 3392 749 possunt
3420 682 3564 751 loqui
3591 682 3755 753 quasi

2177 772 2562 842 spiritualibus,
2577 772 2670 827 sed
2692 772 2844 842 quasi
2872 771 3198 827 carnalibus.
3218 771 3333 840 Ipse
3347 782 3430 827 est
3456 788 3666 828 sursum
3690 775 3750 832 in

2176 864 2353 932 capite
2387 878 2504 927 suo,
2535 863 2648 933 ipse
2681 864 2932 918 deorsum
2963 862 3013 916 in
3036 877 3263 932 corpore
3285 879 3401 928 suo,
3435 864 3486 917 id
3511 873 3613 929 est,
3645 866 3754 919 Ec—

2177 953 2357 1007 clesia.
2379 953 2558 1022 Ipsum
2580 969 2710 1025 ergo
2746 954 2947 1008 scalam
2977 953 3346 1022 intelligimus,
3375 954 3497 1022 quia
3526 955 3637 1024 ipse
3667 956 3754 1010 di-

2176 1044 2290 1098 xit:
2324 1043 2435 1114 Ego
2458 1061 2572 1098 sunt
2596 1045 2678 1098 via
2709 1044 2889 1115 (Joan.
2916 1044 3050 1113 xxv).
3076 1044 3158 1098 Ad
3203 1043 3375 1113 ipsum
3407 1059 3537 1115 ergo
3557 1059 3756 1100 ascen-

2176 1135 2432 1199 ditur,‘ht
2474 1135 2526 1188 in
2563 1135 2793 1189 excelsis
2836 1134 3196 1204 intelligatur;
3243 1143 3297 1189 et
3336 1135 3402 1188 ad
3434 1134 3607 1203 ipsum
3654 1136 3755 1189 de-

2175 1227 2471 1291 scenditur,
2509 1236 2568 1280 ut
2605 1227 2865 1281 imbribus
2912 1228 3024 1282 suis
3071 1227 3323 1297 parvulus
3356 1228 3654 1292 nutriatur;
3694 1238 3760 1282 et

2172 1331 2269 1385 per
2293 1317 2439 1370 illum
2470 1333 2527 1371 se
2556 1319 2787 1388 erigunt,
2819 1327 2880 1372 ut
2920 1333 3042 1372 eum
3071 1318 3372 1373 sublimiter
3396 1326 3750 1387 exspectent;

2174 1421 2272 1475 per
2293 1407 2467 1475 ipsum
2498 1422 2556 1461 se
2583 1407 2746 1462 etiam
2775 1407 3079 1473 humiliant,
3112 1418 3169 1461 ut
3209 1423 3330 1461 eum
3362 1409 3663 1462 sublimiter
3680 1424 3754 1462 ac

2175 1506 2541 1566 temperanter
2580 1498 2918 1553 aununtient.
2958 1498 3111 1552 Nunc
3138 1508 3317 1553 autem
3364 1499 3491 1568 quid
3547 1500 3749 1554 iterum

2174 1584 2597 1655 signiﬁcaverim
2624 1597 2854 1656 quatuor
2882 1602 3078 1642 uxores
3129 1586 3324 1649 Iacob,
3372 1604 3599 1658 quarum
3627 1590 3753 1643 dum

2174 1675 2375 1739 liberm,
2405 1678 2523 1731 duae
2542 1676 2749 1731 ancilla:
2775 1676 3011 1741 fuerunt,
3032 1688 3115 1733 est
3148 1678 3455 1733 dicendum.
3501 1678 3752 1734 Vidimus

500 1778 732 1846 speciem
761 1792 865 1832 non
890 1777 1145 1841 ostendit,
1170 1776 1293 1845 quia
1327 1783 1455 1830 tunc
1500 1790 1619 1829 eam
1655 1774 1707 1827 in
1737 1788 1922 1828 errore
1949 1774 2069 1828 reli-
2104 1765 2144 1823 Β
2172 1769 2315 1822 enim
2342 1770 2656 1838 Apostolum
2690 1771 2743 1824 in
2770 1770 2936 1825 libera
2974 1781 3028 1826 et
3060 1772 3113 1826 in
3145 1771 3334 1825 ancilla
3359 1787 3495 1842 quas
3514 1773 3753 1827 habebat

502 1871 645 1940 quit;
680 1880 735 1926 et
795 1879 972 1927 tamen
1018 1870 1144 1941 quia
1195 1871 1334 1924 hanc
1378 1868 1700 1938 quandoque
1747 1867 2069 1921 collecturus

497 1975 645 2030 erat,
692 1979 790 2034 per
840 1963 1265 2019 benedictionem
1317 1961 1543 2032 gratiam
1595 1959 1854 2029 praevidit.
1906 1958 2072 2029 Igitur

505 2058 678 2119 Esau,
723 2064 845 2127 post
879 2056 1304 2111 benedictionem
1356 2054 1527 2122 patris
1577 2053 1787 2107 invidim
1837 2050 2068 2106 stimulis

496 2148 823 2209 calicitatus,
847 2161 1032 2201 necem
1059 2145 1213 2199 fratri
1248 2159 1345 2198 suo
1368 2142 1534 2198 Iacob
1560 2142 1927 2197 fraudulenter
1968 2157 2069 2196 ett--

488 2237 716 2307 eogitat.
753 2234 866 2289 lloc
900 2235 1150 2289 nimirum
1187 2242 1242 2287 et
1270 2232 1523 2287 Iudaicus
1566 2232 1793 2302 populus
1818 2231 1870 2285 in
1906 2230 2068 2286 Chri-

493 2339 582 2383 sto
610 2327 1028 2398 praemeditatus,
1055 2342 1158 2380 non
1190 2326 1362 2381 solum
1385 2324 1665 2379 Dominum
1689 2323 1926 2394 patibulo
1947 2339 2068 2377 cru-

494 2419 579 2472 cis
600 2416 836 2483 tradidit,
860 2431 1048 2471 verum
1082 2416 1242 2470 etiam
1274 2415 1554 2470 credentes
1583 2414 1636 2467 in
1684 2413 1774 2468 illo
1809 2427 1978 2482 usque
2001 2413 2069 2467 ad

496 2506 807 2562 effusionem
864 2505 1140 2576 sanguinis
1184 2510 1494 2574 persecutus
1541 2511 1641 2558 est.
1672 2502 1838 2558 Iacob
1880 2512 2063 2557 autem

500 2593 648 2646 dolos
677 2590 884 2661 fugiens
934 2588 1137 2653 fratris,
1165 2589 1348 2644 relicta
1373 2589 1529 2642 domo
1553 2588 1726 2657 patria
1752 2586 1835 2641 vel
1868 2603 2069 2657 paren-

503 2681 665 2746 tibus,
688 2680 836 2735 vadit
876 2680 928 2733 in
961 2680 1233 2748 regionem
1264 2678 1605 2749 longinquam
1625 2719 1639 2743 ,
1692 2687 1751 2733 ut
1802 2680 2071 2750 acciperet

497 2775 598 2828 sibi
628 2786 874 2828 uxorem.
904 2771 1019 2827 Non
1042 2773 1197 2827 aliter
1226 2771 1471 2828 Christus
1517 2772 1717 2828 relictis
1758 2773 2073 2842 parentibus

500 2865 793 2920 secundum
822 2879 1063 2928 carnem,
1092 2864 1143 2918 id
1169 2872 1270 2928 est,
1294 2863 1488 2934 populo
1518 2862 1677 2917 Israel
1705 2870 1758 2917 et
1790 2862 1987 2932 patria,
2015 2862 2070 2916 id

496 2955 932 3028 estIerosolyma
961 2966 1016 3011 et
1048 2957 1296 3011 omnibus
1322 2956 1624 3027 regionibus
1647 2953 1844 3010 Iudrcze
1868 2994 1883 3019 ,
1938 2954 2070 3009 abiit

501 3048 553 3100 in
583 3055 789 3119 gentes,
821 3048 1088 3117 accipiens
1111 3046 1233 3101 inde
1266 3047 1367 3100 sibi
1393 3044 1707 3111 Ecclesiam,
1736 3053 1796 3100 ut
1822 3045 2071 3116 implere-

2170 1860 2466 1925 Ahraham,
2494 1862 2598 1914 duo
2623 1856 2963 1915 Testamenta
2986 1860 3309 1931 intelligere;
3342 1861 3436 1916 sed
3462 1861 3535 1915 ibi
3558 1862 3612 1915 in
3640 1878 3751 1915 una

2172 1959 2227 2004 et
2260 1966 2364 2003 una
2396 1949 2604 2005 facilius
2650 1960 2933 2022 appareret
2978 1951 3119 2021 quod
3158 1953 3394 2006 dicitur:
3427 1952 3515 2007 hic
3560 1961 3749 2006 autem

2172 2041 2290 2095 dua-
2314 2050 2514 2097 suntet
2539 2041 2690 2107 dine;
2723 2043 2915 2098 deinde
2962 2044 3032 2099 ibi
3071 2044 3276 2099 ancillae
3314 2045 3454 2099 ﬁlius
3498 2046 3750 2100 caluere;-

2173 2129 2367 2195 datur;
2404 2130 2492 2184 hic
2528 2145 2656 2184 vero
2686 2130 3001 2185 ancillarum
3040 2130 3134 2184 filii
3163 2132 3319 2186 simul
3356 2147 3478 2186 cum
3513 2131 3638 2186 ﬁliis
3685 2132 3755 2187 li-

2173 2219 2423 2273 horarum
2455 2228 2653 2274 terram
2706 2221 3079 2290 promissionis
3132 2222 3420 2291 accipiunt.
3457 2222 3607 2277 Unde
3657 2223 3752 2278 hic

2172 2310 2360 2380 procul
2406 2310 2569 2365 dubio
2622 2311 2821 2380 aliquid
2864 2311 3218 2381 signiﬁcatur.
3249 2312 3563 2382 Quanquam
3596 2312 3747 2365 enim

2171 2402 2290 2455 duae
2328 2401 2508 2456 libera:
2534 2388 2730 2457 uxores
2768 2400 2935 2456 Iacob
2967 2402 3032 2456 ad
3066 2402 3272 2457 Novum
3315 2401 3748 2465 Testamentum,

2174 2492 2315 2562 quod
2345 2493 2397 2546 in
2425 2493 2672 2548 libertate
2700 2494 2875 2548 vocati
2915 2508 3119 2559 sumus,
3147 2494 3522 2549 existimentur
3571 2493 3748 2562 perti-

2173 2596 2329 2646 nere;
2362 2597 2468 2636 non
2495 2590 2673 2637 tamen
2701 2582 2899 2637 frustra
2921 2584 3038 2638 dua:
3067 2592 3211 2647 sunt,
3229 2584 3327 2638 nisi
3356 2584 3483 2653 quia
3512 2584 3630 2637 duze
3658 2582 3749 2636 vi-

2174 2680 2241 2725 tae
2270 2672 2426 2726 nobis
2455 2672 2508 2726 in
2539 2671 2738 2727 Christi
2784 2689 3010 2743 corpore
3035 2674 3419 2743 praedicantur,
3449 2688 3555 2726 una
3602 2681 3750 2726 tem-

2172 2762 2394 2832 poralis,
2431 2763 2483 2818 in
2520 2780 2625 2833 qua
2654 2764 2987 2830 laboramus;
3025 2766 3127 2819 alia
3175 2775 3394 2831 aeterna,
3424 2765 3476 2819 in
3505 2780 3609 2833 qua
3657 2766 3751 2818 di-

2174 2855 2461 2910 lectionem
2508 2855 2602 2910 Dei
2646 2855 3148 2924 contemplabimur.
3178 2854 3274 2909 Lia
3310 2868 3542 2922 namque
3569 2854 3750 2908 inter-

2171 2955 2417 3017 pretatur
2440 2947 2705 3012 laborans,
2737 2947 2936 3002 Rachel
2964 2955 3144 3001 autem
3177 2947 3337 3012 visus,
3386 2946 3501 2999 sive
3541 2946 3749 3015 princi-

2173 3039 2334 3108 pium,
2366 3040 2480 3094 sive
2504 3040 2733 3094 verbum.
2757 3040 2911 3094 Actio
2956 3054 3086 3110 ergo
3133 3039 3292 3109 hujus
3340 3038 3484 3103 vitae,
3523 3038 3577 3091 in
3636 3053 3749 3106 qua

502 3146 588 3190 tur
615 3138 757 3203 quod
808 3137 1008 3191 dictum
1040 3146 1123 3191 est
1154 3154 1167 3166 ο
1212 3134 1418 3189 Vocabo
1475 3151 1578 3189 non
1625 3134 1821 3206 plebem
1863 3152 2030 3190 meam
2052 3175 2067 3200 ,
2095 3120 2141 3183 C
2172 3131 2401 3187 vivimus
2421 3147 2484 3186 ex
2510 3131 2633 3197 title,
2657 3132 2923 3188 laboriosa
2945 3144 3030 3188 est
3062 3133 3116 3187 in
3144 3132 3395 3202 operibus
3424 3140 3479 3186 et
3496 3132 3747 3195 incerta;

494 3228 693 3298 plebem
719 3244 907 3293 meam,
936 3237 982 3282 et
1035 3244 1136 3282 non
1173 3227 1417 3281 dilectam
1444 3268 1459 3293 ,
1500 3227 1745 3283 dilectam
1765 3241 1784 3280 :
1818 3238 1865 3282 et
1891 3229 1988 3283 erit
2015 3230 2071 3283 in

506 3316 636 3379 loco,
666 3317 756 3371 ubi
789 3317 986 3371 dictum
1015 3327 1088 3371 est
1110 3355 1124 3381 ,
1178 3317 1297 3371 Non
1325 3316 1463 3386 plebs
1494 3333 1609 3371 mea
1636 3334 1722 3372 vos
1743 3356 1758 3381 ,
1796 3317 1867 3370 ibi
1920 3334 2072 3371 voco-

511 3407 703 3459 buntur
746 3405 843 3474 ﬁlii
879 3406 974 3460 Dei
1000 3406 1096 3461 vivi
1120 3404 1261 3476 (Ose.
1296 3407 1379 3478 ιι).
1409 3406 1671 3476 Perge-nte
1694 3416 1873 3462 autem
1905 3405 2071 3463 Iacob

506 3498 561 3551 in
588 3495 1047 3568 Mesopotamiam,
1076 3497 1221 3551 venit
1251 3496 1306 3551 in
1358 3497 1531 3552 locum
1569 3497 1659 3552 ubi
1698 3513 1840 3553 nunc
1886 3497 2072 3554 Betth

505 3597 746 3654 vocatur,
770 3597 825 3643 et
848 3589 1028 3658 posuit
1053 3587 1151 3642 sub
1176 3587 1348 3659 capite
1384 3603 1482 3643 suo
1526 3587 1755 3657 lapidem
1796 3604 2073 3660 magnum,

495 3688 557 3733 ιιι
584 3680 858 3735 dormiens
888 3680 1021 3734 vidit
1047 3680 1247 3735 scalam
1272 3680 1555 3736 subnixam
1574 3680 1892 3736 innitentem
1913 3681 2069 3746 cmlo,

500 3780 559 3826 et
600 3772 822 3843 angelos
883 3771 977 3828 Dei
1025 3773 1377 3828 ascendentes
1420 3782 1476 3827 et
1508 3772 1913 3828 descendentes.
1961 3774 2075 3827 Hoc

503 3864 619 3918 viso
644 3864 914 3934 evigilavit
941 3863 1199 3932 unxitque
1249 3863 1510 3934 lapidem,
1555 3862 1779 3919 dicens:
1819 3861 1950 3917 Vere
1991 3864 2075 3916 hic

497 3955 683 4008 domus
713 3953 811 4008 Dei
838 3964 914 4009 est
935 3962 985 4009 et
1018 3964 1169 4024 porta
1196 3952 1311 4007 αι»ιὶ
1334 3952 1490 4024 (Cen.
1535 3954 1758 4025 xxvtn);
1786 3961 1841 4008 et
1876 3954 1962 4009 his
1989 3953 2073 4008 di-

500 4044 602 4097 etis
627 4044 891 4098 discessit.
919 4043 1154 4097 Somnus
1204 4044 1304 4098 iste
1332 4040 1498 4098 Iacob
1545 4058 1692 4098 mors
1738 4044 1853 4099 sive
1897 4044 2074 4113 passio

503 4140 593 4185 est
640 4131 861 4187 Christi.
913 4131 1075 4202 Lapis
1123 4133 1191 4187 ad
1239 4140 1400 4204 caput
1444 4130 1563 4202 ejus
1610 4133 1703 4203 qui
1758 4135 2073 4189 nominatim

502 4221 896 4288 quodammodo
921 4220 1055 4291 lapis
1080 4222 1254 4277 dictus
1284 4233 1385 4284 est,
1408 4223 1572 4276 etiam
1599 4234 1795 4279 unctus
1828 4223 2076 4280 Christus

501 4312 839 4380 significatur
866 4330 879 4367 :
911 4310 1077 4382 Caput
1106 4316 1242 4368 enim
1272 4315 1369 4370 viri
1382 4313 1627 4371 Christus
1651 4328 1725 4371 est
1749 4317 1799 4390 (1
1827 4315 1949 4373 Cor.
1973 4319 2072 4387 x1).

499 4400 635 4465 Quis
662 4402 805 4454 enim
831 4403 1003 4456 nescit
1027 4402 1305 4460 Christum
1336 4407 1402 4460 ab
1442 4407 1694 4463 unctione
1719 4410 2075 4478 appellatum?

502 4489 703 4545 Domus
731 4499 909 4544 autem
940 4491 1067 4555 Dei,
1105 4495 1232 4562 quia
1285 4496 1356 4549 ibi
1403 4506 1559 4551 natus
1600 4507 1684 4553 est
1730 4498 1977 4556 Christus
2018 4503 2069 4557 in

507 4580 800 4636 Bethleem.
833 4582 995 4637 Porta
1023 4597 1148 4640 vero
1170 4585 1316 4650 coeli,
1343 4588 1466 4656 quia
1518 4588 1589 4643 ibi
1650 4588 1704 4641 in
1754 4598 1950 4644 terram
1982 4593 2066 4646 de-

505 4671 834 4737 scendit,it:i
889 4674 1082 4727 iterum
1119 4674 1183 4727 ad
1234 4674 1428 4730 cerium
1482 4681 1812 4734 conscendit.
1865 4681 2077 4737 Erectio

500 4771 685 4815 autem
719 4761 929 4831 lapidis,
960 4764 1285 4819 resurrectio
1315 4765 1513 4820 Christi
1566 4776 1666 4822 est.
1716 4769 1883 4825 Porro
1933 4772 2076 4825 scala

500 4855 755 4909 Christus
781 4864 863 4910 est
888 4856 979 4925 qui
1006 4857 1141 4911 dixit
1172 4876 1185 4911 :
1226 4856 1336 4928 Ego
1363 4873 1477 4912 sum
1509 4859 1591 4912 via
1618 4858 1797 4928 (Joau.
1827 4861 1956 4933 xxv).
1978 4862 2080 4918 Per

500 4938 649 4999 hunc
682 4946 1040 5001 ascendebant
1090 4956 1148 5002 et
1193 4948 1587 5005 descendebant
1627 4954 1827 5023 angeli:
1872 4955 1924 5009 in
1952 4958 2071 5025 qui-

504 5037 606 5091 bus
627 5035 911 5106 signiﬁcati
944 5045 1068 5091 sunt
1104 5038 1406 5110 Evangelici
1440 5042 1818 5111 prtedicatores
1846 5028 2068 5114 Christi,

502 5132 857 5186 ascendentes
894 5132 1079 5201 utique
1120 5149 1241 5188 cum
1290 5135 1355 5187 ad
1396 5134 1790 5207 intelligendam
1835 5137 1950 5208 ejus
1978 5155 2065 5194 su-

506 5220 1079 5288 pereminentissimam
1105 5223 1433 5279 divinitatem
1460 5227 1725 5281 excedunt
1766 5229 2072 5284 universam

504 5319 831 5377 creaturam,
855 5320 915 5364 ut
940 5326 1062 5366 eum
1096 5313 1375 5369 inveniant
1425 5316 1476 5369 in
1530 5318 1791 5388 principio
1838 5318 2074 5375 Verbum

509 5397 739 5466 Domini,
766 5415 866 5471 per
893 5416 1050 5471 quem
1100 5401 1245 5458 facta
1280 5416 1405 5461 sunt
1441 5411 1651 5471 omnia;
1690 5411 2078 5467 descendentes

506 5497 707 5552 autem,
737 5500 796 5545 ut
823 5507 946 5547 eum
982 5493 1255 5548 inveniant
1283 5494 1479 5563 factum
1508 5513 1573 5550 ex
1619 5499 1855 5563 muliere,
1878 5501 2075 5569 factum

504 5579 600 5631 sub
634 5580 762 5653 lege,
792 5591 846 5633 ut
872 5599 958 5635 eos
983 5586 1071 5652 qui
1094 5584 1187 5637 sub
1210 5584 1318 5655 lege
1344 5598 1489 5641 erant
1508 5587 1774 5642 redimeret
1803 5589 1945 5661 (Gal.
1976 5590 2072 5657 tv).

507 5665 565 5723 In
610 5662 695 5724 illa
717 5672 858 5726 enim
890 5675 1031 5727 scala
1062 5690 1090 5728 a
1126 5684 1268 5732 terra
1293 5694 1460 5747 usque
1481 5679 1547 5735 ad
1568 5680 1762 5735 etclam
1797 5690 2001 5745 erecta,
2025 5682 2075 5736 id

2100 4461 2151 4520 Β

2172 3240 2280 3295 quo
2325 3226 2473 3279 exitu
2522 3227 2801 3296 perveniat
2850 3226 2916 3281 ad
2974 3225 3257 3279 utilitatem
3312 3239 3498 3280 eorum
3547 3223 3752 3293 quibus

2173 3315 2454 3371 consulere
2495 3316 2755 3370 volumus.
2789 3315 2906 3386 ipsa
2934 3326 3017 3371 est
3061 3316 3175 3379 Lia,
3208 3318 3354 3386 prior
3378 3329 3512 3369 uxor
3552 3313 3747 3376 Iacob,

2174 3427 2236 3466 ac
2263 3427 2360 3482 per
2385 3413 2487 3467 hoc
2513 3421 2569 3467 et
2598 3411 2826 3466 infirmis
2850 3411 3020 3466 oculis
3051 3410 3218 3466 fuisse
3266 3419 3747 3465 commemoratur.

2174 3501 2524 3571 Cogitationes
2559 3502 2695 3555 enim
2722 3501 3021 3555 mortalium
3051 3501 3280 3567 timidae,
3305 3513 3353 3555 et
3381 3502 3595 3555 incerttc
3618 3518 3751 3572 pro-

2173 3594 2412 3649 videntia:
2446 3605 2637 3649 nostrae
2667 3592 2816 3667 (Sap.
2848 3594 2946 3666 ix).
3014 3593 3149 3665 Spes
3194 3611 3324 3651 vero
3359 3603 3575 3650 interna:
3608 3610 3749 3649 con-

2174 3686 2534 3756 templationis
2579 3686 2693 3752 Dei,
2720 3687 2926 3742 habens
2975 3697 3178 3742 certam
3218 3687 3620 3757 intelligentiam
3649 3701 3750 3740 γει-

2174 3781 2368 3842 ritatis,
2397 3781 2511 3851 ipsa
2533 3789 2617 3834 est
2646 3780 2866 3836 Rachel.
2922 3779 3074 3835 Unde
3118 3781 3278 3835 etiam
3333 3778 3561 3833 dicitur:
3595 3777 3753 3832 Bona

2174 3871 2310 3940 facie
2340 3880 2386 3923 et
2412 3868 2630 3941 pulchra
2655 3870 2820 3940 specie
2856 3867 3012 3941 (Cen.
3057 3870 3229 3940 xxix).
3260 3866 3411 3922 Hanc
3435 3867 3577 3921 enim
3600 3872 3753 3921 amat

2172 3961 2350 4015 omnis
2389 3961 2478 4029 pie
2519 3960 2813 4025 studiosus,
2845 3967 2898 4015 et
2930 3970 3152 4030 propter
3191 3960 3331 4014 hanc
3361 3958 3526 4012 servit
3559 3955 3754 4027 gratim

2174 4049 2289 4112 Dei,
2307 4050 2432 4119 quia
2453 4060 2664 4119 peccata
2686 4061 2865 4104 nostra
2884 4059 2932 4104 et
2958 4047 3003 4104 si
3028 4048 3220 4119 fuerint
3245 4049 3381 4102 sicut
3410 4047 3749 4118 phoenicium,

2174 4148 2420 4211 tanquam
2453 4140 2545 4193 nia'
2571 4140 2951 4194 dealbabuntur
2975 4138 3108 4211 (Isa.
3134 4138 3197 4207 1).
3224 4137 3405 4191 Laban
3427 4150 3639 4207 quoque
3657 4135 3752 4189 ἰηι-

2175 4239 2501 4302 terpretatur
2552 4230 2858 4285 dealbatio'.
2895 4232 2975 4287 tui
3031 4231 3255 4286 servivit
3307 4227 3476 4284 Iacob
3528 4235 3754 4298 propter

2175 4322 2397 4378 Rachel.
2430 4322 2614 4392 Neque
2640 4322 2782 4375 enim
2807 4336 2866 4376 se
2894 4321 3124 4391 quisque
3167 4320 3437 4374 convertit
3466 4319 3565 4374 sub
3617 4332 3751 4387 gra-

2176 4414 2249 4468 tia
2281 4410 2614 4469 remissionis
2642 4419 2984 4482 peccatorum
3024 4411 3229 4467 servire
3251 4408 3473 4477 justitiaz
3497 4448 3514 4473 ,
3552 4407 3655 4463 nisi
3692 4417 3759 4461 ut

2175 4504 2358 4572 quiete
2382 4504 2528 4557 vivat.
2570 4503 2624 4558 in
2660 4504 2824 4558 verbo
2854 4542 2870 4567 ,
2925 4518 2992 4557 ex
3022 4517 3129 4571 quo
3175 4501 3387 4557 videtur
3428 4499 3756 4570 principium

2177 4595 2321 4664 quod
2343 4603 2428 4649 est
2452 4595 2611 4650 Dens.

2247 4686 2396 4750 Bala,
2420 4687 2614 4740 ancilla
2652 4686 2871 4751 Rachel,
2914 4686 3298 4756 interpretatur
3344 4688 3643 4740 inveterata.
3675 4677 3759 4738 De

2179 4778 2345 4831 veteri
2372 4776 2569 4848 quippe
2591 4778 2722 4843 vita,
2747 4779 3053 4834 carnalibus
3093 4779 3340 4832 sensibus
3373 4778 3548 4831 dedita
3569 4817 3582 4837 ,
3631 4791 3757 4830 cor-

2179 4884 2358 4937 porca:
2403 4870 2707 4939 cogitantur
2752 4870 3035 4940 imagines,
3065 4869 3228 4923 etiam
3262 4884 3384 4922 cum
3434 4864 3633 4936 aliquid
3685 4867 3757 4921 de

2181 4958 2408 5027 spiritali
2444 4968 2501 5013 et
2551 4959 2976 5013 incommutabili
3004 4957 3305 5012 substantia
3328 4954 3625 5010 divinitatis
3651 4970 3758 5007 au-

2176 5050 2341 5105 ditur.

2252 5139 2488 5210 Suscipit
2515 5148 2571 5193 ct
2591 5138 2686 5195 Lia
2709 5140 2775 5194 de
2799 5138 2991 5195 ancilla
3027 5154 3123 5194 sua
3153 5138 3290 5192 filios
3310 5149 3494 5190 amore
3522 5132 3695 5187 haben
3706 5133 3787 5187 dm

2184 5231 2572 5286 numerosioris
2612 5230 2777 5301 prolis
2819 5245 3064 5284 accensa.
3096 5229 3404 5283 Invenimus
3432 5233 3609 5279 autem
3631 5223 3758 5277 Zel-

2180 5322 2363 5391 pham,
2393 5321 2640 5375 ancillam
2693 5321 2809 5388 ejus
2835 5358 2851 5382 ,
2904 5321 3246 5391 interpretari
3296 5335 3354 5371 os
3383 5318 3579 5371 dicens.
3608 5314 3759 5382 Qua-

2177 5419 2395 5480 propter
2425 5411 2539 5465 hzec
2569 5410 2759 5464 ancilla
2790 5410 2907 5464 illos
2937 5410 3132 5480 ﬁgurat
3152 5424 3381 5479 quorum
3410 5408 3462 5460 in
3494 5404 3757 5475 praedica-

2177 5500 2321 5555 tione
2349 5499 2471 5553 fidei
2501 5501 2823 5573 evangelica:
2846 5516 2907 5556 os
2948 5509 3084 5561 erat,
3113 5508 3169 5553 ει
3213 5514 3309 5554 cor
3345 5513 3451 5552 non
3497 5505 3636 5549 erat.
3681 5492 3760 5547 De

2179 5593 2374 5661 quibus
2401 5592 2659 5661 scriptum
2705 5601 2788 5647 est
2812 5611 2826 5648 :
2862 5590 3094 5661 Populus
3121 5591 3205 5644 hic
3229 5590 3379 5644 labiis
3409 5605 3487 5641 me
3514 5588 3758 5648 honorat,

2180 5700 2270 5737 cor
2296 5695 2467 5737 autem
2496 5701 2671 5738 eorum
2704 5684 2853 5756 longe
2879 5696 2950 5738 cst
2983 5701 3015 5737 a
3056 5700 3135 5738 me
3164 5683 3296 5754 (lsa.
3329 5682 3496 5749 ms).
3532 5681 3606 5734 De
3635 5677 3762 5747 qui-
