4064 6206
358 284 415 339 11
1354 274 1444 327 DE
1486 270 1832 328 UNIYERSO
1871 269 2050 323 LIBRI
2089 270 2163 322 λ.
2192 295 2252 322 νδ.
2293 299 2363 307 -—-
2398 266 2526 321 LIB.
2568 267 2629 320 11.
3552 273 3624 325 4'3

354 397 455 450 bus
488 390 784 461 Apostolus
826 389 997 442 dicit:
1030 386 1131 453 Qui
1173 388 1431 457 prtedicas
1485 403 1587 439 non
1636 384 1941 453 furandum,
1976 387 2021 442 Α
2052 380 2233 436 tentia:
2258 390 2528 450 appetere,
2564 380 2704 433 Sicut
2750 377 3008 448 scriptum
3054 388 3173 435 est:
3205 380 3445 453 Surgite,
3482 359 3625 455 post-

353 482 551 556 furaris
582 481 764 552 (Rom.
791 480 874 550 ιι).
926 477 1306 533 Verumtamen
1338 484 1397 531 ut
1435 479 1600 532 etiam
1652 491 1750 547 per
1801 478 1942 531 hanc

353 574 723 631 conditionem
771 570 944 624 libera
993 569 1080 624 illa
1132 585 1270 622 uxor
1296 566 1464 623 Iacob
1517 568 1770 622 laborans
1804 567 1943 621 ﬁlios

352 664 599 722 hazredes
629 661 783 730 regni
811 660 1106 730 suscipiat,
1166 659 1287 714 ideo
1320 657 1581 713 Dominus
1610 659 1738 713 dici-t
1767 676 1778 711 :
1811 656 1943 722 Qua:

351 757 574 819 dicunt,
630 753 838 823 facile:
895 767 1010 823 qua?
1059 760 1232 804 autem
1277 750 1510 820 faciunt,
1566 749 1741 820 facere
1785 748 1944 802 nolite

356 847 573 920 (Matth.
605 844 787 915 xxm).
838 841 993 898 Unde
1017 853 1073 898 et
1094 841 1421 920 Apostolus:
1454 839 1591 906 Sive,
1626 841 1822 911 inquit,
1852 855 1943 894 oc-

354 939 587 1000 casione,
610 937 717 989 sive
746 933 960 988 veritate
1005 931 1245 987 Christus
1273 933 1647 986 aununtietur:
1673 939 1721 984 et
1761 932 1816 985 iu
1845 931 1942 984 hoc

357 1027 581 1097 gaudeo,
608 1024 699 1080 sed
727 1033 777 1077 et
823 1023 1059 1095 gaudebo
1105 1021 1275 1095 (Phil.
1323 1021 1406 1089 r):
1444 1028 1701 1090 tanquam
1739 1029 1793 1075 et
1843 1036 1942 1075 an-

358 1116 480 1169 cilla
506 1116 751 1185 pariente
782 1113 849 1168 de
871 1113 1019 1183 prole
1055 1112 1425 1166 numerosiore
1461 1112 1693 1166 laetatur.

432 1205 679 1259 Servitus
714 1204 896 1273 itaque
933 1203 1050 1273 ipsa
1098 1200 1266 1258 Iacob
1290 1210 1497 1272 septem
1533 1216 1797 1256 annorum
1845 1216 1943 1270 pro

360 1298 570 1351 duabus
594 1295 857 1350 uxoribus
882 1295 1041 1365 hujus
1062 1293 1188 1348 vitae
1216 1293 1505 1363 prtesentis
1533 1299 1745 1361 tempus
1773 1293 1943 1362 signi-

359 1386 508 1451 ﬁcat,
535 1387 662 1455 quia
699 1401 797 1456 per
830 1394 1040 1455 septem
1088 1384 1384 1448 evolvitur;
1428 1383 1481 1437 in
1532 1398 1636 1453 qua
1683 1383 1943 1437 Dominus

356 1473 586 1529 formam
632 1475 775 1529 servi
819 1475 1057 1544 accepit,
1093 1472 1267 1530 factus
1291 1473 1545 1528 obediens
1572 1480 1812 1542 paternas
1851 1488 1944 1526 vo-

357 1566 547 1619 luntati
577 1581 751 1635 usque
790 1565 859 1619 ad
896 1574 1148 1619 mortem.
1182 1565 1276 1621 llle
1310 1565 1455 1619 enim
1484 1579 1583 1634 pro
1611 1564 1802 1620 ovibus
1827 1576 1944 1619 ser-

358 1657 517 1721 vivit;
541 1666 596 1710 et
619 1657 884 1711 Dominus
904 1664 1087 1711 noster
1109 1656 1185 1710 ait
1209 1671 1224 1710 :
1254 1656 1376 1710 Non
1406 1657 1542 1711 venit
1576 1654 1748 1710 Filius
1773 1656 1941 1710 homi-

2042 486 2200 540 quam
2227 470 2464 525 sedet-itis
2492 468 2664 540 (1)εαί.
2707 467 2911 539 cxxvr).
2942 468 3143 524 Rachel
3189 486 3317 542 ergo
3345 472 3487 528 idola
3532 489 3623 531 se-

2043 563 2218 618 dendo
2259 563 2513 632 operuit,
2558 561 2683 632 quia
2718 568 2903 615 saneta
2945 561 3185 616 Ecclesia
3213 562 3487 621 Christum
3536 582 3622 623 se.

2041 668 2215 724 quens
2254 653 2441 708 vitium
2499 659 2726 706 terrente
2765 650 3211 720 concupiscentia'
3254 668 3352 723 per
3401 655 3622 710 humili-
3660 673 3666 678 ·

2042 750 2208 799 tatem
2264 742 2593 814 pmnitentiae
2622 740 2922 811 cooperuit.
2972 741 3048 796 De
3094 742 3197 797 hac
3246 746 3625 813 cooperatione

2042 833 2299 889 vitiorum
2346 847 2443 902 per
2483 832 2809 902 Prophetam
2856 830 3054 885 dicitur
3078 848 3091 884 :
3116 830 3272 886 Beati
3299 849 3521 902 quorum
3549 852 3629 890 re-

2043 924 2217 977 missi:
2245 931 2365 977 sunt
2390 922 2691 992 iniquitates
2712 960 2727 985 ,
2771 930 2821 974 et
2847 936 3069 991 quorum
3097 931 3232 976 tecta
3269 931 3391 976 sunt
3416 933 3629 993 peccata

2044 1010 2217 1085 (Psal.
2245 1012 2421 1086 XXXI).
3410 1076 3429 1091 κ

2075 1169 2096 1191 ο
2117 1105 2349 1176 Sumpsit
2392 1114 2566 1158 autem
2591 1105 2755 1160 Iacob
2784 1103 3010 1175 lapidem
3035 1144 3051 1169 ,
3101 1114 3151 1157 et
3197 1106 3463 1159 constituit
3510 1123 3629 1161 eum

2044 1200 2274 1265 titulum,
2305 1209 2412 1256 etc.
2455 1201 2677 1273 Mystice
2728 1208 2906 1255 autem
2958 1200 3100 1255 inter
3147 1200 3331 1255 ﬁdeles
3369 1210 3479 1255 tam
3530 1200 3629 1256 Iu-

2044 1293 2189 1348 dtnos
2213 1308 2371 1363 quam
2393 1303 2579 1364 gentes
2604 1293 2755 1347 testis
2782 1301 2865 1346 est
2880 1290 3015 1360 lapis
3037 1292 3281 1346 eminens
3309 1291 3362 1345 in
3377 1292 3629 1346 similitu-

2045 1384 2223 1438 dinem
2257 1382 2552 1447 Christi,et
2572 1396 2795 1438 acervus
2831 1381 3087 1451 lapidum,
3120 1381 3208 1449 qui
3236 1389 3321 1435 est
3346 1381 3632 1437 multitudo

2044 1460 2399 1528 credentium.
2424 1472 2521 1528 Vir
2559 1472 2736 1537 enim,
2766 1471 2859 1540 qui
2885 1486 3009 1525 cum
3038 1469 3205 1525 Iacob
3249 1469 3482 1525 luctatus
3510 1480 3594 1526 est
3613 1511 3630 1537 ,

2045 1571 2229 1634 typum
2273 1562 2475 1618 Christi
2536 1561 2941 1617 evidentissima
2992 1569 3251 1633 gesserat.
3308 1560 3407 1617 Cul
3448 1569 3628 1618 tamen

2045 1654 2168 1709 ideo
2190 1654 2475 1724 praevaluit
2494 1651 2680 1718 Iacob,
2710 1653 2899 1722 utique
2925 1653 3156 1717 volenti,
3205 1660 3267 1707 ut
3316 1654 3633 1725 mysterium

360 1748 439 1801 his
456 1748 776 1813 ministrari,
813 1747 903 1801 sed
932 1747 1231 1801 ministrare
1255 1745 1472 1817 (Matth.
1515 1746 1629 1817 xx).
1657 1745 1749 1801 Ille
1796 1745 1942 1816 pavit
1969 1731 2015 1790 Β
2044 1738 2301 1816 ﬁguraret
2341 1745 2609 1815 passionis
2640 1745 2871 1800 Domini.
2920 1743 3021 1800 Ubi
3071 1745 3219 1799 visus
3250 1752 3336 1798 est
3365 1742 3531 1799 Iacob
3576 1745 3634 1800 in

359 1854 515 1903 oves;
549 1848 601 1893 el
634 1838 900 1893 Dominus
938 1838 993 1893 in
1036 1838 1325 1908 Evangelio
1351 1838 1521 1894 dicit:
1555 1837 1670 1909 Ego
1694 1852 1809 1893 sum
1848 1855 1943 1907 ρα-

358 1941 468 1983 star
497 1929 662 1983 bonus
691 1928 875 2000 (Joan.
904 1929 981 1999 x).
1012 1927 1102 1983 Ille
1131 1928 1396 1983 mercedis
1434 1926 1585 1983 luero
1609 1927 1820 1981 varium
1840 1925 1944 1982 sibi

358 2037 520 2091 pecus
541 2021 796 2085 abstulit;
837 2020 1088 2075 Christus
1117 2020 1449 2075 diversarum
1492 2019 1731 2091 gentium
1761 2019 1942 2073 varie-

364 2122 521 2167 tatem
549 2113 773 2167 sibimct
795 2112 1161 2183 congregavit.
1192 2111 1284 2165 ille
1313 2119 1425 2167 tres
1448 2112 1628 2182 virgas
1654 2112 1946 2182 amputatis

362 2202 653 2257 corticibus
681 2202 737 2254 in
780 2200 951 2255 alveis
979 2215 1235 2269 aquarum
1261 2200 1528 2270 opposuit,
1558 2208 1617 2255 ut
1664 2201 1718 2254 in
1756 2215 1945 2254 earum

361 2291 817 2362 contemplatione
852 2290 1339 2360 multiplicarentur
1380 2291 1497 2357 ejus
1538 2304 1696 2355 oves;
1736 2297 1792 2343 et
1835 2288 1946 2343 Do-

365 2383 539 2437 minus
567 2390 756 2436 noster
803 2380 857 2434 in
910 2394 1049 2449 aqua
1084 2379 1423 2449 baptismatis
1454 2378 1557 2432 tria
1591 2392 1946 2448 personarum

370 2475 599 2536 nomina,
630 2471 832 2537 Patris,
855 2479 912 2525 ct
939 2470 1082 2535 Filii,
1118 2478 1175 2524 et
1214 2468 1449 2539 Spiritus
1498 2468 1703 2534 sancti,
1750 2467 1947 2539 populo

371 2562 503 2617 ﬁdeli
530 2561 834 2633 proposuit,
857 2568 914 2614 ut
934 2559 1181 2630 quisquis
1204 2559 1309 2614 hoc
1348 2558 1507 2628 pleno
1540 2558 1704 2615 corde
1727 2572 1950 2629 perspe-

366 2654 527 2716 xerit,
548 2653 814 2708 elliciatur
838 2652 956 2708 ovis
982 2651 1097 2706 Dei.

440 2744 571 2800 Post
592 2743 803 2814 longam
834 2743 1001 2814 igitur
1035 2742 1370 2807 servitutem,
1404 2756 1564 2811 quam
1617 2741 1784 2797 Iacob
1809 2743 1949 2812 apud

375 2849 613 2890 socerum
642 2849 799 2889 suum
840 2848 941 2904 pro
967 2832 1220 2888 uxoribus
1253 2832 1339 2888 vel
1364 2848 1462 2902 pro
1502 2833 1752 2889 mercede
1780 2833 1948 2888 susti-

374 2926 504 2989 nuit,
533 2926 787 2997 prazc'epit
824 2926 874 2980 ei
909 2925 1049 2979 Deus
1094 2931 1153 2978 ut
1205 2931 1575 2978 reverteretur
1602 2923 1670 2978 ad
1716 2923 1947 2993 patriam

369 3032 545 3075 suam;
568 3017 740 3081 Tunc,
768 3018 1048 3084 ignorante
1073 3030 1264 3070 socero
1276 3028 1396 3080 suo,
1411 3030 1535 3070 cum
1551 3015 1811 3071 uxoribus
1833 3015 1948 3070 suis

367 3094 690 3177 properavit.
728 3080 926 3158 Laban
973 3111 1156 3159 autem
1210 3111 1532 3158 consecutus
1589 3110 1672 3157 est
1712 3114 1837 3157 eum
1889 3103 1944 3157 in
1974 3080 2018 3143 (ἶ

366 3205 546 3251 monte
564 3195 771 3251 Galaad
800 3210 920 3249 cum
964 3194 1166 3258 furore,
1188 3200 1349 3263 atque
1390 3192 1553 3259 idola,
1576 3208 1699 3264 quae
1747 3192 1947 3248 Rachel

366 3288 660 3353 furavcrat,
691 3287 833 3356 apud
866 3302 989 3341 eum
1022 3286 1339 3356 requisivit,
1400 3301 1501 3343 nec
1539 3285 1759 3356 reperit.
1807 3283 1946 3352 Quid

366 3392 491 3450 ergo
540 3378 644 3434 sibi
698 3379 803 3432 hoc
845 3378 1018 3447 ipsum
1057 3377 1353 3449 ﬁguraliter
1410 3377 1581 3442 velit,
1633 3376 1944 3432 videndum.

367 3475 498 3529 Dum
524 3475 673 3529 enim
704 3472 888 3528 Laban
934 3473 1178 3543 superius
1220 3472 1379 3527 aliam
1418 3480 1574 3544 gerat
1626 3485 1946 3541 personam,

366 3581 507 3619 nunc
538 3574 723 3619 tamen
761 3562 958 3618 diaboli
995 3571 1180 3634 typum
1212 3562 1427 3634 ﬁgurat.

436 3655 616 3710 Laban
666 3655 865 3725 quippe
901 3655 1286 3724 interpretatur
1339 3651 1624 3708 dealbatio.
1671 3652 1950 3707 Dealhatio

366 3758 543 3801 autem
578 3745 826 3802 diabolus
874 3761 982 3800 non
1016 3746 1458 3801 inconvenienter
1505 3746 1788 3815 accipitur.
1825 3745 1949 3814 quia

365 3850 486 3890 cum
515 3837 588 3890 sit
612 3835 933 3889 tenebrosus
970 3849 1035 3887 ex
1068 3834 1262 3890 merito
1288 3874 1303 3901 ,
1348 3834 1690 3904 transﬁgurat
1717 3851 1772 3888 se
1813 3833 1950 3887 velut

368 3923 620 3995 angelum
643 3923 776 3978 lucis
806 3921 888 3995 (II
937 3921 1059 3978 Cor.
1092 3922 1193 3995 xl).
1236 3923 1373 3979 Huic
1410 3924 1631 3979 servivit
1679 3923 1868 3989 Iacob,
1897 3924 1951 3979 id

367 4024 473 4079 est,
497 4031 563 4071 ex
583 4026 737 4086 parte
779 4016 1126 4087 reproborum
1158 4015 1416 4072 Iudaicus
1465 4016 1713 4087 populus,
1742 4033 1807 4072 ex
1854 4034 1950 4073 cu-

367 4106 458 4176 jus
484 4122 647 4161 came
690 4107 1007 4162 incarnatus
1055 4107 1315 4163 Dominus
1345 4108 1509 4164 venit.
1560 4107 1746 4165 Potest
1788 4109 1952 4163 etiam

372 4216 472 4269 per
503 4199 685 4253 Laban
710 4200 938 4254 mundus
965 4199 1054 4254 hic
1080 4200 1331 4269 exprimi.
1363 4200 1464 4268 Qui
1495 4216 1616 4255 cum
1645 4201 1829 4256 furore
1856 4200 1952 4255 Ia-

372 4289 473 4343 cob
496 4288 761 4358 sequitur,
787 4290 910 4358 quia
940 4289 1139 4345 electos
1166 4305 1426 4360 quosque,
1453 4291 1545 4362 qui
1578 4290 1953 4363 Redemptoris

374 4382 540 4437 nostri
576 4383 811 4436 membra
849 4389 1009 4446 sunt,
1054 4382 1426 4452 persequendo
1450 4384 1755 4454 opprimere
1784 4398 1950 4439 cona-

374 4482 477 4528 tur.
527 4473 695 4542 Hujus
726 4473 913 4539 liliatn,
938 4473 990 4526 id
1029 4483 1130 4536 est,
1169 4488 1262 4529 seu
1296 4474 1480 4529 mundi
1511 4516 1525 4540 ,
1590 4476 1701 4530 sive
1730 4475 1950 4540 diaboli,

372 4563 535 4620 Iacob
559 4564 802 4629 abstulit,
832 4579 956 4618 cum
977 4563 1225 4620 Christus
1266 4565 1369 4621 sibi
1397 4566 1695 4622 Ecclesiam
1724 4564 1954 4636 conjun-

375 4656 467 4707 xit.
497 4654 668 4722 Quam
696 4663 751 4710 et
776 4656 842 4710 de
867 4659 1027 4709 domo
1061 4654 1237 4710 Patris
1289 4656 1510 4710 abstulit
1536 4697 1551 4722 ,
1605 4658 1729 4726 quia
1756 4658 1803 4712 ei
1861 4671 1957 4728 per

372 4743 693 4813 Prophetam
725 4744 923 4800 dicitur
952 4764 964 4798 :
1000 4742 1313 4799 Obliviscere
1331 4745 1578 4815 populum
1601 4756 1834 4811 tuum,et
1864 4746 1959 4799 do-

374 4856 509 4892 mum
541 4841 707 4910 patris
734 4841 813 4893 tui
842 4836 1014 4911 (Psal.
1049 4839 1217 4909 xuv).
1249 4840 1388 4907 Quid
1414 4857 1543 4896 vero
1564 4842 1617 4896 in
1640 4842 1815 4907 idolis,
1850 4843 1950 4896 nisi

373 4932 592 4985 avaritia
627 4931 979 5002 designatur?
1019 4930 1173 4988 Unde
1220 4941 1274 4985 et
1319 4947 1414 5002 per
1454 4928 1676 4988 Paulum
1715 4936 1948 4989 dicitur:

373 5021 439 5075 Et
469 5023 712 5089 avaritia,
746 5039 865 5095 qua:
893 5033 966 5078 est
994 5023 1257 5078 idolorum
1296 5026 1513 5079 servitus
1545 5024 1680 5098 (Col.
1712 5025 1813 5098 ιιι).
1845 5024 1952 5080 La-

372 5109 472 5165 ban
497 5128 627 5184 ergo
668 5114 893 5169 veniens
917 5116 1058 5184 apud
1108 5111 1277 5170 Iacob
1322 5115 1519 5170 idolum
1568 5134 1673 5172 non
1723 5118 1953 5185 invenit,

371 5211 495 5270 quta
525 5205 761 5261 ostensis
785 5206 972 5261 mundi
1018 5207 1288 5263 thesauris
1321 5208 1566 5265 diabolus
1622 5211 1674 5265 iu
1721 5210 1954 5267 Redem-

370 5303 525 5364 ptore
553 5303 743 5353 nostro
763 5298 987 5369 vestigia
1014 5299 1462 5369 concupiscentiae
1485 5310 1713 5356 terrenae
1737 5317 1843 5356 non
1877 5316 1961 5357 re-

366 5387 543 5456 perit;
591 5389 685 5443 sed
705 5404 826 5461 qua
849 5385 1020 5445 Iacob
1046 5405 1153 5446 non
1184 5390 1390 5457 habuit,
1415 5406 1477 5447 ea
1495 5391 1698 5447 Rachel
1726 5393 1960 5448 sedendo

369 5481 672 5549 cooperuit.

439 5568 547 5625 Per
576 5571 781 5629 Rachel
811 5574 1030 5644 quippe,
1062 5589 1183 5644 qua:
1220 5575 1328 5628 ovis
1364 5572 1464 5627 Dei
1488 5572 1686 5629 dicitur
1710 5614 1725 5639 ,
1775 5573 1961 5630 Eccle-

368 5672 454 5713 sia
477 5657 760 5733 ﬁguratur.
801 5661 1003 5718 Sedere
1028 5673 1231 5730 autem,
1260 5674 1343 5719 est
1393 5664 1749 5719 humilitatem
1782 5666 1962 5735 pumi-

776 5750 1055 5819 ΡΑτιιῡί..
1103 5758 1272 5820 CXI.

1979 4435 2032 4495 D

2040 1836 2349 1893 Iudaeorum
2379 1844 2526 1907 typo,
2552 1837 2655 1891 hoc
2679 1844 2783 1900 est,
2813 1837 2867 1890 in
2897 1836 3141 1905 corporis
3168 1835 3249 1891 sui
3276 1834 3460 1891 sobole
3493 1849 3634 1905 prte-

2041 1932 2277 1987 valuisse
2313 1931 2425 1987 Deo
2454 1973 2469 1996 ,
2515 1940 2571 1986 et
2594 1931 2747 2001 quasi
2777 1946 2900 1985 eum
2942 1930 3181 1993 inﬁrmo,
3211 1928 3288 1983 ita
3313 1942 3438 1984 cum
3468 1943 3634 1983 carne

2043 2020 2160 2093 ejus
2190 2021 2458 2077 luctamen
2488 2020 2646 2085 inire,
2670 2029 2725 2075 et
2749 2019 3081 2075 invalescere
3129 2020 3181 2073 in
3220 2018 3470 2088 passione
3490 2015 3630 2087 ejus,

2044 2092 2188 2166 sicut
2234 2111 2494 2180 scriptum
2538 2118 2623 2164 est
2648 2124 2771 2164 cum
2801 2109 3042 2164 dicerent
3069 2126 3083 2161 :
3112 2107 3393 2177 Cruciﬁge.
3448 2107 3515 2161 Et
3553 2092 3645 2161 ιιι-ι’

2047 2216 2167 2256 men
2190 2198 2358 2255 Iacob
2384 2200 2454 2254 ab
2492 2200 2680 2254 eodem
2711 2198 2900 2269 angelo
2947 2197 3378 2253 benedictionem
3400 2238 3416 2261 ,
3472 2196 3636 2266 quein

2045 2292 2221 2346 victor
2262 2297 2634 2360 superaverat,
2668 2288 2995 2360 impetravit.
3050 2286 3217 2356 Cujus
3260 2288 3498 2343 nominis
3536 2288 3637 2341 im—

2045 2380 2243 2453 positio
2271 2382 2458 2451 utique
2488 2379 2799 2437 benedictio
2846 2378 2966 2433 fuit.
3020 2377 3413 2447 Interpretatur
3452 2385 3636 2432 autem

2045 2474 2230 2541 Israel,
2255 2474 2430 2529 videns
2454 2472 2657 2528 Deum:
2687 2470 2830 2541 quod
2857 2471 2964 2526 erit
2997 2470 3048 2525 in
3078 2470 3184 2525 ﬁne
3211 2469 3492 2540 praemium
3513 2485 3636 2525 san-

2047 2576 2258 2624 ctorum
2287 2566 2549 2622 omnium.
2580 2563 2780 2634 Tetigit
2831 2563 2904 2617 illi
2937 2577 3100 2633 porro
3134 2562 3276 2617 idem
3306 2563 3526 2634 angelus
3550 2563 3632 2617 la-

2047 2657 2331 2714 titudinem
2357 2656 2600 2720 femoris,
2627 2664 2682 2711 et
2713 2654 2964 2710 claudum
2993 2653 3256 2720 reddidit;
3305 2654 3489 2724 sicque
3517 2664 3639 2710 erat

2049 2767 2189 2807 uitus
2214 2758 2375 2821 atque
2403 2750 2544 2805 idem
2588 2746 2753 2803 Iacob
2780 2748 3103 2803 benedictus
3137 2756 3194 2803 et
3240 2747 3499 2804 claudus:
3532 2749 3635 2805 be-

2049 2843 2300 2899 nedictus
2329 2843 2382 2896 in
2412 2842 2498 2897 his
2528 2840 2620 2909 qui
2673 2841 2727 2894 in
2766 2838 3044 2896 Christum
3089 2857 3157 2895 ex
3214 2840 3401 2896 eodem
3437 2841 3638 2912 popqu

2050 2933 2432 2997 crediderunt;
2466 2938 2628 3002 atque
2668 2931 2722 2985 in
2762 2929 3069 2986 inﬁdelibus
3111 2929 3354 2986 claudus.
3415 2930 3548 2985 Nam
3581 2932 3638 2986 in

2051 3022 2273 3079 femoris
2335 3037 2499 3077 nervo
2543 3020 2795 3077 valetudo
2848 3022 3061 3092 generis
3109 3029 3164 3076 et
3206 3020 3492 3076 multitudo
3531 3033 3636 3077 est.

2048 3116 2237 3172 Plures
2258 3115 2456 3185 quippe
2482 3119 2609 3168 sunt
2631 3112 2686 3166 in
2710 3112 2898 3182 stirpe,
2927 3111 3020 3181 qui
3044 3111 3431 3182 degenerantes
3468 3125 3499 3164 a
3532 3110 3638 3165 ﬁde

2046 3215 2283 3280 patrum,
2314 3215 2370 3261 et
2400 3222 2428 3260 a
2456 3204 2741 3275 praeceptis
2771 3204 2853 3258 sui
2876 3204 3113 3259 auctoris
3143 3203 3440 3268 deviantes,
3473 3203 3527 3257 in
3553 3218 3639 3257 er-

2050 3313 2173 3354 rore
2214 3298 2298 3354 sui
2342 3295 2565 3352 seminis
2590 3294 2928 3359 claudieant;
2966 3295 3034 3349 de
3071 3294 3267 3365 quibus
3322 3294 3640 3363 prophetico

2047 3388 2360 3459 praedictum
2402 3394 2534 3440 est:
2591 3384 2659 3439 Et
2708 3383 3133 3439 claudicaverunt
3177 3399 3209 3436 a
3269 3384 3467 3438 semitis
3523 3384 3635 3438 suis

2050 3476 2222 3550 (Psal.
2249 3476 2406 3550 xvu).
2448 3476 2548 3544 Qui
2581 3485 2759 3531 tamen
2784 3474 3011 3545 populus
3034 3482 3155 3544 post
3185 3475 3346 3530 tactis
3377 3473 3479 3530 sibi
3509 3474 3640 3528 viri-

2048 3572 2150 3625 bus
2178 3586 2283 3625 non
2309 3569 2481 3625 solum
2512 3568 2796 3632 claudicat,
2828 3569 2921 3622 sed
2969 3576 3025 3621 et
3073 3567 3352 3635 torpescit,
3379 3579 3448 3621 ne
3495 3565 3642 3621 ultra

2042 3659 2154 3731 jam
2184 3674 2445 3731 generare
2471 3657 2607 3713 ﬁlios
2629 3658 2817 3729 possit.
2846 3657 3081 3728 Denique
3110 3657 3253 3727 quod
3277 3656 3473 3728 adjecit
3493 3656 3635 3711 idem

2050 3753 2357 3822 patriarcha
2401 3750 2598 3805 vidisse
2627 3764 2686 3805 se
2715 3749 2883 3803 Deum
2916 3747 3054 3803 facie
3101 3748 3167 3803 ad
3220 3746 3416 3802 faciem
3442 3787 3458 3811 ,
3512 3760 3638 3801 cum

2052 3845 2297 3915 superius
2318 3843 2492 3898 virum
2521 3856 2705 3899 secum
2734 3849 2918 3896 narrat
2945 3840 3113 3896 fuisse
3157 3840 3443 3904 lactatum,
3476 3838 3531 3893 id
3562 3838 3640 3893 si-

2051 3934 2272 4009 gniﬁcat
2294 3936 2419 4005 quia
2452 3934 2595 3989 idem
2620 3933 2765 3988 Deus
2782 3930 2943 3987 homo
2973 3939 3094 3986 erat
3122 3929 3355 3995 futurus,
3384 3928 3479 3999 qui
3516 3943 3641 3983 cum

2051 4008 2219 4084 Iacob
2246 4026 2443 4099 populo
2469 4008 2786 4081 luctaretur.

2124 4118 2280 4182 Dina,
2307 4131 2427 4186 qua:
2457 4112 2779 4169 transfertur
2806 4114 2862 4167 in
2916 4127 3173 4176 causam;
3216 4109 3380 4181 jurgii
3406 4109 3554 4165 enim
3576 4110 3633 4165 in

2054 4209 2310 4265 Siehimis
2336 4222 2504 4264 causa
2529 4205 2756 4262 exstitit.
2787 4203 2915 4260 Eme
2940 4203 3161 4275 quippe,
3201 4212 3262 4257 ut
3286 4202 3541 4258 mulieres
3561 4203 3645 4258 vi-

2055 4301 2208 4355 deret
2235 4305 2514 4352 extranete
2537 4294 2799 4366 regionis,
2827 4293 3124 4365 egreditur,
3150 4291 3365 4364 quando
3386 4307 3643 4362 unaquae-

2057 4407 2163 4462 que
2210 4405 2384 4453 mens,
2427 4403 2526 4444 sua
2561 4385 2737 4442 studia
2789 4385 3083 4458 negligens,
3141 4385 3381 4440 actiones
3439 4384 3644 4441 alienas

2062 4501 2279 4549 curans,
2330 4490 2484 4537 extra
2524 4481 2765 4537 habitum
2816 4489 2977 4552 atque
3026 4489 3178 4536 extra
3224 4480 3469 4535 ordinem
3521 4494 3646 4549 pro-

2063 4576 2240 4646 prium
2264 4583 2541 4645 evagatur.
2566 4573 2739 4640 Quam
2763 4571 2981 4627 Sichetn
3010 4572 3265 4641 princeps
3286 4580 3443 4625 terrae
3468 4568 3649 4639 oppri-

2065 4666 2185 4731 mit,
2211 4665 2338 4736 quia
2389 4663 2640 4719 videlicet
2665 4664 2926 4718 intentam
2962 4661 3108 4718 curis
3142 4661 3503 4716 exterioribus
3529 4661 3643 4715 dia-

2063 4758 2218 4812 bolus
2239 4756 2554 4827 corrumpit.
2613 4753 2681 4808 Et
2710 4754 3034 4826 agglutinata
3062 4762 3137 4808 est
3179 4753 3357 4806 anima
3385 4749 3498 4820 ejus
3527 4766 3644 4803 cum

2060 4868 2120 4904 ea
2149 4847 2299 4921 (Ceu.
2327 4848 2536 4921 xxxtv),
2561 4848 2686 4917 quia
2711 4847 2918 4901 unitam
2948 4845 3049 4901 sibi
3079 4859 3178 4914 per
3204 4841 3543 4914 iniquitatem
3568 4855 3648 4895 re-

2061 4942 2240 5012 Spuit;
2284 4950 2340 4995 et
2377 4939 2499 5009 quia
2530 4954 2653 4995 cum
2677 4953 2829 4992 mens
2859 4954 2889 4991 a
2934 4935 3090 5004 culpa
3134 4932 3422 5002 resipiscit,
3470 4928 3642 4985 allici-

2063 5033 2235 5097 citur;
2270 5039 2430 5100 atque
2455 5030 2747 5085 admissum
2780 5026 2905 5083 ﬁere
2922 5034 3169 5090 conatur,
3192 5025 3403 5078 tristem
3431 5020 3642 5076 blandi-

2062 5123 2153 5176 tiis
2183 5121 2330 5176 falsa:
2354 5119 2467 5190 spei
2495 5119 2699 5175 delinit.
2729 5118 2887 5174 Zelus
2917 5132 3075 5187 quem
3101 5116 3406 5171 habuerunt
3435 5112 3529 5175 ﬁlii
3551 5110 3640 5166 Ia-

2063 5213 2164 5267 cob
2224 5210 2276 5264 in
2323 5209 2633 5264 ulciscendo
2673 5219 2860 5278 stupro
2919 5206 3122 5261 sororis
3167 5219 3294 5265 suae.
3362 5201 3646 5258 moraliter

2063 5309 2369 5357 enminonet
2413 5309 2657 5371 pastores
2693 5299 2947 5361 ﬁdelium,
2983 5306 3248 5367 quatenus
3266 5295 3504 5352 habeant
3551 5308 3647 5349 cu-

2064 5409 2179 5447 ram
2201 5390 2503 5446 animarum
2545 5389 2646 5446 sibi
2682 5389 3114 5452 commissarum,
3154 5403 3222 5442 ne
3254 5385 3520 5442 violenter
3553 5396 3647 5440 aut

2064 5483 2333 5555 corporali
2370 5481 2590 5547 delicto,
2615 5490 2710 5537 aut
2737 5480 3090 5535 fornicatione
3133 5478 3363 5552 spiritali
3400 5477 3647 5551 polluan-

2064 5585 2196 5641 tur;
2240 5575 2527 5645 paratique
2572 5572 2682 5627 sint
2729 5571 2829 5642 ipsi
2869 5585 3100 5640 semper,
3151 5571 3445 5627 secundum
3496 5568 3645 5640 Apo—

2067 5665 2289 5734 stolum,
2339 5663 2528 5721 ulcisci
2574 5676 2789 5718 omnem
2835 5662 3253 5719 inobedienliam
3302 5660 3643 5716 resistentem

3089 5757 3131 5817 2
