4064 6206
456 257 528 312 “
1084 257 1145 312 Β.
1186 256 1436 312 RABANI
1477 255 1691 312 MAURI
1729 253 2047 310 ARCIHEP.
2088 251 2395 309 MOCUNT.
2436 246 2718 307 OPEBUM
2755 243 2935 301 PARS
2971 243 3035 299 Il.
3619 240 3686 295 ts

456 370 667 425 veritati
692 409 706 433 ,
759 374 919 436 atque
972 366 1544 422 excommunicationis
1593 365 1770 434 gladio
1822 363 2094 427 feriantrA
2123 363 2246 431 quia
2280 360 2650 432 mandragoris
2682 358 2775 413 ﬁlii
2818 358 2900 413 sui
2931 356 3120 411 Ruben
3147 352 3425 410 introitum
3455 352 3575 418 viri,
3597 354 3691 424 qui

455 465 819 528 stupratorem
849 495 865 520 ,
904 470 972 511 ne
1027 470 1127 525 pro
1176 463 1327 510 tanto
1379 454 1668 510 commisso
1727 452 2022 525 impunitus

454 549 666 604 evadat.
981 602 989 609 _

522 637 737 702 Ruben,
770 634 1160 707 primogenitus
1210 635 1443 702 lsraelis,
1493 635 1583 706 qui
1637 635 2023 704 interpretatur

453 728 664 785 visionis
686 725 867 797 filius;
885 726 967 783 sic
985 726 1132 782 enim
1157 726 1372 795 quando
1399 740 1523 781 eum
1550 724 1760 796 peperit
1778 724 1897 789 Lia,
1923 736 2021 777 vo-

450 821 598 876 cavit
626 835 822 876 nomen
848 819 964 891 ejus
1023 819 1236 884 Ruben,
1292 818 1515 874 dicens:
1545 814 1684 882 Quia
1709 814 1833 870 uidit
1879 813 2022 873 Deus

451 910 797 965 humilitatem
827 924 995 963 meam
1048 906 1201 979 (Gen.
1230 904 1408 978 xxix),
1444 903 1701 975 populum
1751 901 2023 974 signiﬁcat

450 1000 777 1063 Iudaeorum,
831 997 924 1068 qui
967 997 1135 1053 Deum
1170 994 1565 1066 quodammodo
1601 995 1754 1060 vidit,
1784 994 1887 1049 hoc
1913 1000 2020 1059 est,

450 1089 671 1162 agnovit
708 1103 806 1160 per
852 1087 1216 1158 acceptionem
1249 1086 1417 1157 legis;
1461 1085 1557 1141 sed
1593 1084 1817 1141 violavit
1848 1083 2023 1139 cubile

451 1180 545 1235 Dei
566 1178 764 1242 Patris,
794 1177 1007 1247 quando
1025 1190 1259 1239 carnem,
1287 1190 1450 1246 quam
1472 1174 1576 1231 sibi
1600 1174 1849 1230 Christus
1879 1174 2020 1228 asci-

450 1275 623 1333 verat,
668 1266 892 1323 conﬁxit
940 1267 997 1321 in
1024 1264 1263 1336 patibulo
1299 1265 1499 1321 crucis.
1541 1264 1716 1319 Aliter
1754 1263 2023 1335 signiﬁcat

448 1359 679 1416 electum
720 1358 973 1430 populum
1019 1373 1085 1413 ex
1137 1356 1353 1423 Judaais,
1408 1356 1497 1413 cui
1531 1356 1714 1411 divina
1744 1354 2022 1410 miseratio

448 1445 678 1504 contulit
730 1456 792 1503 ut
851 1446 941 1518 qui
1009 1446 1176 1501 Deum
1249 1444 1492 1517 negando
1550 1453 1606 1500 et
1664 1442 2024 1515 cruciﬁgendo

448 1546 663 1593 mternaa
703 1537 867 1594 morti
914 1537 1151 1609 seipsum
1216 1537 1523 1603 addixerat,
1562 1544 1917 1606 compunctus
1954 1532 2024 1588 ad

448 1629 885 1699 praedicationem
908 1637 1217 1684 sanctorum
1278 1627 1668 1698 apostolorum,
1710 1627 1913 1683 erroris
1938 1625 2020 1681 sui

445 1719 818 1789 pcenitentiam
853 1727 1036 1790 ageret
1055 1725 1194 1773 ctcx
1226 1717 1329 1772 ﬁde
1352 1717 1574 1772 viveret.

516 1810 733 1868 Simeon
783 1812 1172 1881 interpretatur
1197 1810 1439 1874 auditio;
1467 1811 1546 1866 sic
1573 1810 1715 1865 enim
1747 1809 1883 1865 dixit
1906 1808 2022 1875 Lia,

445 1902 659 1972 quando
723 1900 930 1971 peperit
980 1916 1102 1956 eum
1155 1916 1170 1953 :
1222 1899 1360 1965 Quia
1421 1900 1685 1955 exaudiuit
1737 1916 1819 1954 me
1880 1898 2024 1954 Deus

444 1991 598 2065 (Gen.
638 1994 810 2065 χχιχ).
862 1990 961 2047 Hic
1003 1992 1216 2047 scribas
1266 1990 1514 2061 designat
1557 1989 1889 2058 Iudaeorum,
1927 1989 2021 2061 qui

392 2078 399 2083 ’
444 2089 771 2152 acceperunt
818 2081 1034 2152 quidem
1080 2095 1267 2136 vocem
1292 2079 1412 2146 Dei,
1459 2088 1730 2150 przecepta
1754 2079 1890 2151 legis
1918 2079 2022 2136 sibi

406 2228 409 2229 ν
441 2173 745 2228 tradentem
765 2213 780 2238 ,
832 2171 926 2227 sed
956 2171 1010 2225 in
1037 2169 1221 2226 furore
1246 2184 1346 2225 suo
1367 2170 1684 2225 occiderunt
1705 2170 2016 2240 prophetas,

440 2273 498 2320 et
519 2265 572 2319 in
586 2262 769 2319 dolore
781 2276 880 2317 suo
892 2258 1225 2316 suﬁ‘oderunt
1242 2259 1430 2315 ﬁxuris
1447 2259 1723 2315 clavorum
1745 2259 2019 2315 Christum

440 2351 808 2408 ﬁrmissimum
839 2366 1076 2416 murum,
1104 2351 1156 2405 in
1181 2365 1290 2421 quo
1315 2351 1599 2407 credentes
1624 2350 1801 2406 stabili
1824 2350 2022 2408 robore

423 2442 899 2498 communiuntur.

494 2534 662 2600 .Levi,
698 2533 789 2604 qui
836 2533 1223 2603 interpretatur
1256 2533 1492 2598 additus,
1540 2540 1730 2589 auctor
1761 2540 1817 2586 et
1845 2531 2017 2604 ﬁgura

424 2634 524 2681 est
582 2623 886 2695 principum
930 2625 1270 2680 sacerdo‘.um
1300 2624 1391 2694 qui
1414 2624 1700 2679 Dominum
1729 2624 2016 2680 crnriﬁxe-

441 2724 584 2771 runt.
619 2712 791 2769 Aliter
833 2713 962 2770 Levi
994 2714 1263 2785 signiﬁcat
1296 2716 1524 2772 chorum
1560 2713 1913 2786 apostolicum
1961 2722 2018 2769 et

437 2806 749 2862 universum
800 2812 1103 2876 martyrum
1130 2806 1445 2869 exercitum,
1472 2820 1575 2862 nec
1597 2820 1704 2859 non
1735 2813 1790 2861 et
1812 2811 2016 2876 marty-

426 2911 559 2951 .rum
588 2903 786 2966 caput;
817 2895 1076 2966 omnique
1099 2896 1276 2951 ordini
1302 2894 1665 2965 perfectorum
1694 2895 1795 2950 ista
1824 2895 2015 2950 dicun-

438 2997 546 3052 tur,
590 2988 682 3058 qui
716 2985 1103 3058 perfectionem
1148 2985 1432 3042 eharitatis
1460 2987 1751 3042 morientes
1777 3000 1878 3057 pro
1911 2986 2015 3040 Do-

437 3050 584 3134 mino
607 3050 962 3149 impleverunt
987 3094 1003 3144 ;
1049 3086 1104 3133 et
1152 3078 1596 3150 abrenuntiaan
1619 3050 1872 3133 omnibus
1895 3077 2013 3134 cul-
2042 3050 2087 3112 (ἶ

432 3185 559 3226 men
590 3170 849 3226 doctrinm
891 3169 1217 3241 evangelica
1274 3170 1506 3225 assecuti
1555 3177 1703 3236 sunt,
1756 3178 2014 3240 tanquam

366 3260 379 3271 ‘
435 3261 551 3315 veri
583 3259 785 3316 Levius
811 3275 916 3316 non
947 3260 1211 3316 habentes
1240 3268 1451 3331 partem
1478 3260 1531 3315 in
1570 3267 1737 3326 terra,
1776 3262 1872 3316 sed
1893 3276 2018 3317 cum

372 3380 379 3385 ο
425 3351 706 3422 Propheta
743 3350 982 3407 dicentes
1014 3367 1028 3404 :
1076 3349 1333 3405 Dominus
1372 3367 1494 3422 pars
1512 3349 1836 3406 hereditatis
1890 3366 2019 3406 mete

435 3446 609 3515 (Psal.
660 3445 772 3519 xv).
814 3445 968 3503 Unde
1016 3445 1229 3517 Moyses
1257 3445 1311 3499 in
1357 3444 1734 3501 benedictione
1788 3442 1913 3498 Levi
1950 3443 2019 3498 ad

434 3538 721 3593 Dominum
743 3536 819 3592 ait
843 3555 856 3591 :
876 3534 1139 3606 Perfectio
1160 3544 1252 3590 tua
1272 3545 1321 3590 et
1342 3535 1581 3590 doctrina
1602 3544 1696 3590 tua
1714 3534 1820 3589 viro
1837 3543 2016 3589 sancto

434 3638 544 3693 tuo,
569 3644 720 3700 quem
742 3626 971 3698 probasti
994 3626 1048 3681 in
1070 3626 1379 3692 tentatione,
1400 3635 1448 3679 et
1477 3624 1734 3695 judicasti
1757 3624 1826 3678 ad
1850 3626 2017 3696 aquas

434 3718 864 3775 contradictionis
905 3717 1086 3791 (Deut.
1116 3717 1335 3790 xxxm).
1367 3716 1616 3772 Teutalus
1637 3725 1721 3771 est
1745 3716 1891 3772 enim
1932 3716 2019 3770 vir

436 3807 541 3862 iste
592 3815 834 3873 sanctus,
885 3814 946 3861 ut
999 3805 1292 3877 Apostolus
1347 3804 1443 3870 ait,
1492 3821 1585 3876 per
1637 3805 1814 3859 omnia
1873 3803 2015 3876 [pro]

431 3896 797 3963 similitudine,
819 3907 1028 3968 excepto
1054 3905 1264 3967 peccato
1289 3894 1445 3967 (Heb.
1476 3894 1572 3967 tv).
1598 3894 1703 3951 Sed
1726 3894 2016 3949 maximam

432 3989 482 4043 ci
510 3995 639 4043 tunc
669 3985 916 4043 diabolus
944 3988 1296 4043 tentationem
1322 3986 1522 4054 intulit,
1555 4002 1676 4046 cum
1702 3986 1755 4042 in
1781 3985 1898 4057 ejus
1922 4002 2016 4042 ne-

424 4094 548 4135 cem
569 4077 874 4135 Judaeorum
899 4078 1108 4134 animos
1128 4085 1276 4133 tanta
1298 4076 1657 4133 obstinatione
1670 4077 1944 4143 excitavit,
1959 4085 2019 4132 ut

436 4184 626 4224 omnes
649 4185 755 4223 una
805 4183 937 4224 voce
961 4169 1236 4225 dicerent:
1257 4167 1490 4239 Sanguis
1519 4169 1633 4240 ejus
1656 4186 1812 4240 super
1850 4186 1946 4224 nos
1966 4178 2016 4224 et

429 4274 587 4328 super
597 4257 743 4326 filios
760 4267 968 4313 nostros
991 4257 1208 4330 (Matth.
1236 4258 1430 4330 xxvn).
1446 4258 1613 4328 Aqua:
1633 4259 1778 4315 enim
1807 4267 2017 4314 contra-

430 4341 684 4403 dictionis
696 4347 883 4417 populi
906 4356 1031 4402 sunt
1052 4347 1382 4414 Judmorum,
1409 4350 1499 4419 qui
1526 4350 1872 4406 inundatione
1899 4365 2024 4420 per-

2123 452 2346 508 Racheli
2367 452 2685 516 debebatur,
2717 449 2783 504 ad
2816 464 2875 504 se
2913 455 3120 502 emerat
3157 444 3272 500 Lia.
3311 442 3462 498 Unde
3488 452 3543 499 et
3565 444 3694 499 dum

2121 546 2282 598 natus
2306 550 2472 607 esset,
2501 540 2639 597 dixit
2667 539 2765 594 Lia
2795 555 2810 592 :
2841 537 2995 592 Dedit
3024 536 3166 590 Deus
3205 533 3492 589 mercedem
3521 549 3693 587 means

2122 637 2276 710 (Gen.
2318 613 2468 710 xxx).
2518 634 2672 690 Hunc
2705 642 2861 704 pater
2913 630 3078 686 Jacob
3111 629 3165 684 in
3186 626 3557 684 benedictione
3596 641 3696 680 sua

2119 727 2328 781 asinum
2358 726 2544 795 fortem
2568 721 2900 792 nuncupavit
2917 717 3069 793 (Cen.
3097 714 3269 789 χιιι),
3305 724 3697 785 supponentem

2121 817 2407 873 humerum
2429 830 2586 872 suum
2613 813 2681 868 ad
2707 812 3056 883 portandum,
3084 809 3209 880 quia
3247 808 3301 862 in
3328 806 3512 862 labore
3538 814 3700 860 terra:

2121 915 2174 961 et
2203 905 2465 961 vehendis
2480 904 2548 958 ad
2570 917 2719 958 mare
2738 917 2856 972 qum
2882 901 2938 956 in
2962 899 3156 954 ﬁnibus
3183 898 3297 953 suis
3312 896 3699 959 nascebantur,

2119 995 2411 1066 plurimum
2448 993 2731 1051 laboravit.
2773 990 3051 1064 Signiﬁcat
3075 999 3255 1046 autem
3291 988 3577 1044 ecclesiam
3632 986 3702 1041 de

2120 1085 2391 1157 gentibus,
2411 1100 2531 1156 qua:
2553 1084 2782 1153 subjecit
2798 1084 3084 1139 humerum
3105 1096 3259 1135 suum
3280 1081 3347 1135 ad
3362 1080 3540 1134 crucis
3560 1094 3702 1134 onus

2120 1178 2470 1248 portandum,
2507 1186 2562 1231 et
2608 1175 2678 1229 ad
2701 1173 3031 1246 implendum
3068 1172 3323 1226 mandata
3347 1171 3573 1237 Christi,
3606 1172 3703 1241 qui

2121 1267 2290 1323 dixit:
2316 1266 2514 1338 Iugum
2567 1265 2704 1320 enim
2735 1280 2904 1320 meum
2932 1279 3111 1329 suave,
3132 1271 3179 1316 et
3202 1278 3333 1316 onus
3376 1277 3546 1315 meum
3595 1260 3708 1314 lere

2120 1368 2195 1414 est
2220 1358 2438 1431 (Matth.
2473 1357 2574 1430 χι).

2191 1448 2454 1515 Zabulon,
2481 1448 2574 1519 qui
2604 1448 2993 1518 interpretatur
3013 1444 3706 1516 babitaculum,propterea

2121 1538 2249 1609 quia
2277 1538 2373 1594 Lia
2419 1538 2531 1610 jam
2559 1553 2749 1594 secura
2780 1537 2848 1593 de
2873 1536 3275 1594 cohabitatione
3317 1534 3485 1592 Jacob
3511 1536 3656 1591 dixit
3688 1553 3705 1590 :

2124 1631 2393 1693 Habitavit
2436 1632 2515 1686 uir
2537 1647 2682 1685 meus
2729 1645 2929 1684 mecum
2957 1626 3108 1701 (Gen.
3148 1626 3300 1701 χχχ).
3327 1627 3426 1683 Hic
3453 1628 3707 1683 eamdem

2050 1706 2098 1767 Β
2124 1724 2421 1781 Ecclesiam
2441 1722 2731 1793 signiﬁcat,
2761 1737 2881 1792 quae
2904 1736 3061 1778 secus
3080 1719 3276 1775 ﬁuctus
3297 1718 3457 1789 hujus
3475 1720 3600 1774 vitae
3621 1720 3712 1774 in-

2126 1816 2400 1880 habitans,
2438 1828 2628 1869 omues
2658 1812 2987 1867 tentationes
3013 1818 3066 1865 et
3097 1809 3547 1866 turbinessaaculi
3585 1825 3711 1865 sus-
3816 1886 3825 1895 .

2125 1907 2262 1963 tinet
2289 1914 2345 1961 et
2374 1907 2427 1961 in
2469 1904 2781 1961 doctoribus
2819 1903 2932 1959 suis
2960 1902 3028 1957 ad
3057 1910 3272 1957 montes
3297 1900 3559 1956 virtutum
3599 1899 3710 1974 [et]

2123 1999 2313 2056 laudes
2330 1997 2559 2054 Domino
2596 1995 2911 2053 referendas
2930 2001 3194 2050 convocat
3212 1993 3440 2065 populos
3459 1995 3711 2049 omnium

2122 2090 2385 2160 gentium.

2192 2176 2499 2249 Nephtalim
2526 2192 2739 2247 quoque
2760 2177 3148 2247 interpretatur
3189 2174 3436 2230 conuertit
3476 2191 3580 2239 me,
3617 2175 3712 2231 vel

2120 2268 2361 2324 dilatavit
2396 2284 2499 2333 me,
2541 2267 2623 2323 vel
2657 2278 2792 2322 certe
2823 2265 3079 2337 implicuit
3092 2282 3208 2319 me.
3242 2267 3316 2320 De
3341 2265 3715 2322 conversione

2120 2358 2235 2414 sive
2265 2358 2669 2427 comparatione
2717 2370 2879 2410 causa
2905 2354 3137 2409 nominis
3166 2354 3283 2423 ejus
3302 2363 3407 2409 est.
3442 2353 3598 2410 Unde
3654 2364 3716 2412 et

2119 2447 2254 2503 dicit
2306 2445 2546 2511 Rachel,
2616 2460 2741 2500 cum
2792 2459 2916 2499 eum
2973 2443 3269 2514 peperisset
3333 2443 3527 2499 ancilla
3585 2445 3716 2515 ejus

2118 2536 2213 2592 Lia
2263 2533 2439 2608 [Bala]
2465 2554 2478 2589 :
2504 2533 2842 2606 Comparavit
2898 2550 2981 2589 me
3028 2533 3170 2589 Deus
3197 2550 3315 2589 cum
3349 2551 3528 2589 sorore
3559 2551 3711 2601 mea,

2118 2638 2165 2683 et
2188 2627 2385 2682 inualui
2413 2626 2567 2698 (Gen.
2597 2624 2751 2698 xxx).
2783 2626 2881 2682 Cui
2916 2626 3053 2681 dixit
3078 2626 3298 2696 paterin
3325 2625 3715 2682 benedictione

2116 2732 2213 2773 sua
2244 2735 2257 2770 :
2288 2714 2589 2787 Nephtalim
2627 2732 2809 2771 cervus
2866 2717 3106 2781 emissus,
3160 2716 3293 2770 dans
3331 2716 3536 2788 eloquia
3585 2717 3715 2787 pul—
3796 2783 3801 2789 δ

2115 2806 2432 2863 claritudinis
2474 2805 2625 2879 (Gen.
2678 2806 2850 2877 xux).
2902 2807 3050 2874 Sive,
3080 2807 3386 2879 Nephtalim
3427 2825 3554 2879 ager
3578 2808 3715 2864 irri-

2115 2918 2271 2972 guus.
2324 2899 2626 2970 Utrumque
2666 2900 2811 2955 enim
2854 2900 3126 2971 signiﬁcat
3152 2899 3438 2977 Hebraeum
3473 2901 3714 2956 verbum

2116 2990 2245 3045 aila.
2287 2989 2568 3062 Signiﬁcat
2613 2998 2796 3045 autem
2854 2991 2998 3060 quod
3055 2985 3210 3061 aqua:
3246 2990 3434 3046 calida:
3481 2991 3537 3046 in
3584 2991 3712 3062 ipsa

2118 3092 2416 3139 nascuntur
2457 3081 2634 3148 tribu;
2679 3082 2794 3138 sive
2836 3082 2982 3153 quod
3027 3098 3190 3152 super
3240 3082 3419 3138 lacum
3456 3082 3717 3139 Genesar

2116 3168 2316 3225 ﬂuento
2356 3167 2609 3225 Iordanis
2636 3177 2784 3225 esset
2822 3170 3077 3242 irriguus.
3119 3169 3330 3227 Hebraei
3370 3181 3551 3227 autem
3605 3188 3713 3229 vo-

2116 3258 2235 3314 lunt
2280 3266 2503 3330 propter
2545 3256 2912 3324 Tiberiadem,
2952 3273 3072 3328 qua:
3107 3258 3243 3331 legis
3277 3259 3565 3315 videbatur
3593 3260 3710 3315 ha-

2115 3351 2247 3408 bere
2273 3350 2545 3417 notitiam,
2586 3364 2775 3422 agrum
2817 3349 3080 3420 irriguum
3125 3359 3180 3406 et
3212 3350 3426 3422 eloquia
3454 3350 3713 3422 pulchri-

2117 3442 2320 3499 tudinis
2370 3440 2703 3512 propbetari.
2735 3440 2941 3496 Cervus
2969 3448 3153 3495 autem
3175 3440 3403 3495 emissus
3427 3450 3716 3511 tempora-

2116 3548 2249 3588 neas
2276 3531 2461 3604 fruges
2502 3538 2558 3586 et
2573 3530 2916 3586 velocitatem
2949 3538 3107 3585 terra:
3132 3529 3402 3585 uberioris
3421 3532 3710 3599 ostendit;

2114 3623 2210 3679 sed
2239 3622 2455 3688 melius,
2490 3622 2535 3677 si
2569 3621 2636 3677 ad
2671 3620 2974 3677 doctrinam
3041 3619 3340 3676 Salvator-is
3381 3630 3579 3676 cuncta
3611 3637 3714 3678 re-

2117 3711 2360 3775 ferimus,
2397 3713 2541 3783 quod
2589 3711 2662 3767 ibi
2710 3712 2794 3767 vel
2825 3711 3059 3767 maxime
3109 3711 3358 3767 docuerit
3401 3711 3711 3770 Salvator:

2116 3805 2259 3874 quo-.l
2326 3805 2380 3858 in
2439 3803 2733 3874 Evangelio
2785 3817 3002 3873 quoque
3047 3803 3308 3872 scriptum
3356 3812 3461 3858 est.
3523 3802 3713 3861 Aliter

2116 3904 2297 3949 autem
2353 3894 2610 3965 exprimit
2661 3908 2853 3949 omnes
2902 3902 3118 3950 sanctos
3151 3894 3556 3964 praedicatores,
3602 3898 3710 3966 qui

2118 3987 2291 4043 instar
2354 4002 2643 4043 cervorum
2698 3987 3085 4054 transilientes,
3136 3989 3204 4043 ad
3250 4004 3564 4059 supernase
3591 3991 3710 4046 eri-

2116 4089 2272 4150 gunt,
2297 4077 2614 4149 cunctisque
2642 4079 2987 4134 credentibus
3014 4079 3274 4135 doctrina:
3303 4079 3520 4150 eloquia
3565 4095 3710 4137 con-

2117 4170 2316 4223 ferunt.

2189 4262 2302 4316 Dan
2332 4260 2722 4331 interpretatur
2738 4260 3027 4332 judicium.
3075 4260 3200 4317 Bala
3244 4263 3389 4318 enim
3422 4277 3546 4319 eum
3568 4279 3707 4321 cum

2118 4352 2434 4423 peperisset,
2472 4352 2611 4407 dixit
2640 4351 2844 4407 Rachel
2872 4352 3087 4407 domina
3129 4353 3572 4423 ejus:ludicarit
3611 4372 3709 4412 me

430 4410 791 4492 secutionu-m-
812 4444 999 4491 contra
1030 4437 1303 4492 Christum
1331 4410 1388 4493 et
1414 4410 1631 4493 sanctos
1657 4439 1773 4508 ejus
1822 4410 2008 4494 surre-
2036 4410 2091 4469 Β
2114 4410 2395 4509 deinus,
2420 4410 2483 4497 ἐι
2535 4442 2824 4497 exaudiens
2868 4441 3009 4497 dedit
3060 4410 3189 4497 milii
3224 4442 3396 4514 ﬁlium
3418 4457 3437 4496 :
3468 4410 3705 4501 causam

430 4536 646 4582 xerunt.

497 4614 633 4671 Juda
673 4615 929 4685 confessio
960 4615 1178 4682 dicitur,
1211 4618 1335 4687 quia
1390 4619 1605 4688 quando
1639 4634 1761 4682 eum
1803 4620 2011 4690 peperit

429 4705 546 4772 Lia,
569 4705 780 4762 laudem
803 4705 1033 4762 Domino
1062 4707 1265 4773 retulit,
1289 4708 1476 4763 dicens
1502 4726 1520 4761 ι
1557 4709 1610 4763 Ν
1616 4727 1715 4764 unc
1736 4728 1892 4782 super
1911 4712 2007 4766 hoc

428 4797 713 4868 conﬁtebor
763 4797 988 4852 Domino
1028 4794 1180 4871 (Gen.
1224 4798 1397 4870 χχιχ),
1437 4799 1488 4855 id
1518 4807 1622 4865 est,
1648 4801 1856 4872 gratias
1885 4818 2004 4874 ago.

432 4887 531 4944 Hic
577 4886 845 4961 signiﬁcat
899 4885 1195 4954 Christum,
1258 4889 1349 4958 qui
1401 4889 1451 4943 iu
1521 4890 1683 4946 cubili
1750 4891 2003 4962 sepulcri,

430 4979 585 5049 quasi
612 4977 697 5035 leo
717 4993 962 5043 securus,
992 4978 1225 5048 quodam
1270 4980 1516 5049 corporis
1547 4996 1737 5039 somno
1777 4983 2001 5053 quievit,

431 5068 750 5138 tlevictoque
795 5067 991 5123 mortis
1017 5067 1266 5137 imperio,
1294 5077 1416 5138 post
1462 5069 1698 5125 triduum
1726 5072 2000 5139 surrexit;

426 5158 521 5229 qui
577 5165 765 5214 contra
818 5158 1158 5214 adversarias
1205 5168 1500 5228 potestates
1551 5162 1607 5216 in
1655 5178 1822 5219 cruce
1870 5179 2004 5219 con-

427 5248 616 5321 tligens
639 5289 656 5315 ,
729 5257 974 5305 sanctam
1016 5247 1315 5304 Ecclesiam
1344 5290 1360 5316 ,
1413 5267 1574 5320 quam
1630 5251 1700 5308 de
1756 5254 2009 5323 gentibus

429 5338 695 5395 universis
738 5338 808 5394 ad
842 5353 903 5395 se
951 5337 1117 5394 vitem
1162 5354 1348 5395 veram
1402 5341 1659 5415 colligens
1710 5345 1836 5400 vino
1877 5359 2009 5401 san-

422 5429 607 5503 guinis
660 5432 745 5487 sui
798 5431 996 5487 lavavit
1018 5472 1036 5499 ,
1106 5435 1320 5491 cunctis
1362 5435 1613 5493 hostibus
1675 5440 2009 5510 superiorem

422 5522 577 5581 fecit.
1284 5530 1291 5535 ‘

484 5617 739 5677 .lsachar.
769 5620 859 5691 qui
874 5620 1275 5693 interpretatur
1302 5643 1511 5683 merces.
1546 5625 1657 5681 lloc
1676 5638 1856 5684 autem
1889 5629 2009 5685 ideo

2112 4535 2351 4591 nominis
2405 4532 2847 4605 expressitaﬂic
2897 4531 3050 4601 juxta
3108 4535 3447 4605 prophetiam
3498 4532 3701 4602 Iacob,

2111 4623 2323 4679 coluber
2352 4624 2405 4678 in
2429 4624 2531 4689 via,
2581 4633 2804 4678 cerastes
2829 4625 2886 4679 in
2907 4626 3092 4679 semita
3136 4641 3258 4682 esse
3291 4626 3487 4682 dicitur
3532 4624 3702 4698 (Gen.

2114 4713 2285 4785 xLIx).
2332 4715 2529 4769 Dicunt
2557 4714 2777 4785 quidam
2811 4713 3207 4771 Antichristum
3250 4732 3349 4788 per
3376 4718 3494 4773 lucc
3522 4719 3704 4775 verba

2111 4802 2329 4874 praedici
2358 4804 2422 4858 de
2454 4803 2556 4858 ista
2576 4804 2719 4860 tribu
2745 4804 3010 4872 futurum,
3039 4821 3140 4876 pro
3166 4822 3232 4862 eo
3274 4807 3418 4878 quod
3444 4808 3547 4863 hoc
3571 4807 3703 4866 loco

2108 4893 2222 4948 Dan
2249 4902 2306 4949 et
2338 4895 2560 4951 coluber
2604 4897 2868 4952 asseritur
2889 4908 2947 4953 et
2974 4899 3268 4965 mordens;
3300 4907 3355 4955 et
3383 4899 3524 4954 unde
3548 4900 3702 4957 inter

2109 4984 2281 5040 tribus
2301 4983 2466 5039 Israel
2488 4985 2699 5055 primus
2719 4986 2832 5042 Dan
2858 4988 2924 5043 ad
2953 4989 3257 5058 aquilonem
3271 4999 3704 5049 castrametatus

2105 5081 2212 5140 est,
2228 5074 2540 5144 signiﬁcans
2552 5075 2699 5130 illum
2712 5077 2801 5146 qui
2816 5093 2873 5132 se
2888 5078 2940 5132 in
2955 5079 3210 5135 lateribus
3224 5080 3488 5150 aquilonis
3500 5083 3704 5141 sedere

2109 5166 2242 5222 dicit
2267 5182 2282 5232 ;
2336 5174 2392 5222 et
2413 5168 2480 5223 de
2509 5182 2617 5237 quo
2648 5167 2948 5240 ﬁguraliter
2976 5172 3238 5242 propheta
3264 5172 3398 5227 dicit
3426 5189 3440 5226 :
3475 5170 3524 5225 A
3563 5170 3697 5231 Dan

2111 5259 2325 5315 auditus
2388 5269 2462 5315 est
2512 5258 2752 5329 fremitus
2811 5277 3061 5333 equorum
3103 5261 3237 5334 (Jer.
3284 5262 3427 5337 vni).
3457 5263 3560 5330 Qui
3585 5280 3699 5321 non

2110 5351 2284 5407 solum
2326 5351 2559 5420 coluber,
2599 5354 2694 5409 sed
2737 5354 2903 5409 etiam
2933 5366 3159 5410 cerastes
3207 5365 3455 5412 vocatur.
3496 5354 3699 5413 Cerata

2111 5444 2256 5499 enim
2281 5441 2469 5499 Gratce
2498 5459 2701 5500 cornua
2727 5444 3001 5499 dicuntur.
3055 5444 3294 5516 Serpens
3322 5446 3412 5502 ille
3431 5455 3700 5504 cornutas

2111 5552 2232 5594 esse
2259 5536 2594 5608 perhibetur,
2619 5551 2717 5606 per
2762 5551 2921 5606 quem
2956 5536 3116 5607 digne
3153 5537 3519 5593 Antichristus
3545 5553 3702 5594 asse-

2115 5629 2256 5683 ritur
2300 5628 2394 5698 qui
2424 5636 2613 5683 contra
2641 5626 2809 5683 vitam
2849 5625 3087 5683 ﬁdelium
3141 5643 3266 5684 cum
3310 5642 3494 5683 morsu
3529 5630 3694 5699 pesti-
