  <div class='ocr_page' id='page_1' title='image "/cluster/home/n/w/nwhite01/storage/ocr_20150623/111/hvd.32044054759766/028.png"; bbox 0 0 4064 6206; ppageno 0'>
   <div class='ocr_carea' id='block_1_1' title="bbox 367 224 3600 309">
    <p class='ocr_par' dir='ltr' id='par_1_1' title="bbox 367 224 3600 309">
     <span class='ocr_line' id='line_1_1' title="bbox 367 224 3600 309; baseline 0.003 -13"><span class='ocrx_word' id='word_1_1' title='bbox 367 243 425 297; x_wconf 76' lang='lat' dir='ltr'><strong>s5</strong></span> <span class='ocrx_word' id='word_1_2' title='bbox 1333 240 1422 297; x_wconf 80' lang='lat' dir='ltr'><strong>ne</strong></span> <span class='ocrx_word' id='word_1_3' title='bbox 1456 242 1806 300; x_wconf 73' lang='lat' dir='ltr'><strong>umvenso</strong></span> <span class='ocrx_word' id='word_1_4' title='bbox 1844 241 2023 299; x_wconf 83' lang='lat' dir='ltr'><strong>unm</strong></span> <span class='ocrx_word' id='word_1_5' title='bbox 2066 241 2226 299; x_wconf 85' lang='lat' dir='ltr'><strong>xxu.</strong></span> <span class='ocrx_word' id='word_1_6' title='bbox 2268 275 2339 284; x_wconf 89' lang='lat'>—</span> <span class='ocrx_word' id='word_1_7' title='bbox 2374 244 2501 300; x_wconf 84' lang='lat' dir='ltr'><strong>LIB.</strong></span> <span class='ocrx_word' id='word_1_8' title='bbox 2543 245 2605 300; x_wconf 91' lang='grc' dir='ltr'><strong>ιι.</strong></span> <span class='ocrx_word' id='word_1_9' title='bbox 3527 224 3600 309; x_wconf 74' lang='lat' dir='ltr'><strong>to</strong></span> 
     </span>
    </p>
   </div>
   <div class='ocr_carea' id='block_1_2' title="bbox 362 352 3596 433">
    <p class='ocr_par' dir='ltr' id='par_1_2' title="bbox 362 352 3596 433">
     <span class='ocr_line' id='line_1_2' title="bbox 362 352 3596 433; baseline 0.002 -20"><span class='ocrx_word' id='word_1_10' title='bbox 362 357 472 414; x_wconf 74' lang='lat' dir='ltr'><strong>ferte</strong></span> <span class='ocrx_word' id='word_1_11' title='bbox 507 355 896 427; x_wconf 70' lang='lat' dir='ltr'><strong>pmdicatiouis</strong></span> <span class='ocrx_word' id='word_1_12' title='bbox 929 352 1224 408; x_wconf 80' lang='lat' dir='ltr'><strong>amabitur</strong></span> <span class='ocrx_word' id='word_1_13' title='bbox 1255 354 1419 408; x_wconf 89' lang='lat' dir='ltr'><strong>etiam</strong></span> <span class='ocrx_word' id='word_1_14' title='bbox 1450 355 1703 410; x_wconf 89' lang='lat' dir='ltr'><strong>cornibus</strong></span> <span class='ocrx_word' id='word_1_15' title='bbox 1750 365 1904 426; x_wconf 87' lang='lat' dir='ltr'><strong>pote-</strong></span> <span class='ocrx_word' id='word_1_16' title='bbox 1932 363 1978 426; x_wconf 77' lang='grc' dir='ltr'><strong>Α</strong></span> <span class='ocrx_word' id='word_1_17' title='bbox 2009 356 2168 426; x_wconf 89' lang='lat' dir='ltr'><strong>pheta</strong></span> <span class='ocrx_word' id='word_1_18' title='bbox 2197 357 2519 428; x_wconf 63' lang='lat' dir='ltr'><strong>praedixerat</strong></span> <span class='ocrx_word' id='word_1_19' title='bbox 2549 373 2563 409; x_wconf 89' lang='lat'>:</span> <span class='ocrx_word' id='word_1_20' title='bbox 2595 356 2670 410; x_wconf 82' lang='lat' dir='ltr'><strong>Ab</strong></span> <span class='ocrx_word' id='word_1_21' title='bbox 2697 367 2812 410; x_wconf 88' lang='lat' dir='ltr'><strong>ortu</strong></span> <span class='ocrx_word' id='word_1_22' title='bbox 2843 358 2980 412; x_wconf 86' lang='lat' dir='ltr'><strong>enim</strong></span> <span class='ocrx_word' id='word_1_23' title='bbox 3031 359 3156 414; x_wconf 85' lang='lat' dir='ltr'><strong>solis</strong></span> <span class='ocrx_word' id='word_1_24' title='bbox 3199 378 3357 433; x_wconf 85' lang='lat' dir='ltr'><strong>usque</strong></span> <span class='ocrx_word' id='word_1_25' title='bbox 3385 365 3454 418; x_wconf 89' lang='lat' dir='ltr'><strong>ad</strong></span> <span class='ocrx_word' id='word_1_26' title='bbox 3504 384 3596 421; x_wconf 87' lang='lat' dir='ltr'><strong>oc-</strong></span> 
     </span>
    </p>
   </div>
   <div class='ocr_carea' id='block_1_3' title="bbox 361 447 1910 520">
    <p class='ocr_par' dir='ltr' id='par_1_3' title="bbox 361 447 1910 520">
     <span class='ocr_line' id='line_1_3' title="bbox 361 447 1910 520; baseline 0 -14"><span class='ocrx_word' id='word_1_27' title='bbox 361 452 512 506; x_wconf 82' lang='lat' dir='ltr'><strong>statis.</strong></span> <span class='ocrx_word' id='word_1_28' title='bbox 537 449 660 516; x_wconf 86' lang='lat' dir='ltr'><strong>Quis</strong></span> <span class='ocrx_word' id='word_1_29' title='bbox 689 456 872 502; x_wconf 87' lang='lat' dir='ltr'><strong>autem</strong></span> <span class='ocrx_word' id='word_1_30' title='bbox 898 447 1101 502; x_wconf 86' lang='lat' dir='ltr'><strong>nesciat</strong></span> <span class='ocrx_word' id='word_1_31' title='bbox 1127 449 1374 502; x_wconf 90' lang='lat' dir='ltr'><strong>semitam</strong></span> <span class='ocrx_word' id='word_1_32' title='bbox 1399 451 1766 520; x_wconf 74' lang='lat' dir='ltr'><strong>angustiorem</strong></span> <span class='ocrx_word' id='word_1_33' title='bbox 1791 466 1910 506; x_wconf 90' lang='lat' dir='ltr'><strong>esse</strong></span> 
     </span>
    </p>
   </div>
   <div class='ocr_carea' id='block_1_4' title="bbox 361 538 1909 612">
    <p class='ocr_par' dir='ltr' id='par_1_4' title="bbox 361 538 1909 612">
     <span class='ocr_line' id='line_1_4' title="bbox 361 538 1909 612; baseline -0.001 -15"><span class='ocrx_word' id='word_1_34' title='bbox 361 557 500 612; x_wconf 87' lang='lat' dir='ltr'><strong>quam</strong></span> <span class='ocrx_word' id='word_1_35' title='bbox 532 539 708 594; x_wconf 86' lang='lat' dir='ltr'><strong>viam?</strong></span> <span class='ocrx_word' id='word_1_36' title='bbox 753 539 841 592; x_wconf 83' lang='lat' dir='ltr'><strong>Fit</strong></span> <span class='ocrx_word' id='word_1_37' title='bbox 881 554 1010 609; x_wconf 89' lang='lat' dir='ltr'><strong>ergo</strong></span> <span class='ocrx_word' id='word_1_38' title='bbox 1039 538 1262 593; x_wconf 85' lang='lat' dir='ltr'><strong>coluber</strong></span> <span class='ocrx_word' id='word_1_39' title='bbox 1294 539 1347 593; x_wconf 89' lang='lat' dir='ltr'><strong>in</strong></span> <span class='ocrx_word' id='word_1_40' title='bbox 1366 540 1474 606; x_wconf 86' lang='lat' dir='ltr'><strong>via,</strong></span> <span class='ocrx_word' id='word_1_41' title='bbox 1507 541 1649 610; x_wconf 87' lang='lat' dir='ltr'><strong>quod</strong></span> <span class='ocrx_word' id='word_1_42' title='bbox 1687 541 1740 596; x_wconf 90' lang='lat' dir='ltr'><strong>in</strong></span> <span class='ocrx_word' id='word_1_43' title='bbox 1768 557 1909 611; x_wconf 69' lang='lat' dir='ltr'><strong>pne-</strong></span> 
     </span>
    </p>
   </div>
   <div class='ocr_carea' id='block_1_5' title="bbox 361 628 1908 702">
    <p class='ocr_par' dir='ltr' id='par_1_5' title="bbox 361 628 1908 702">
     <span class='ocr_line' id='line_1_5' title="bbox 361 628 1908 702; baseline -0.001 -15"><span class='ocrx_word' id='word_1_44' title='bbox 361 632 509 687; x_wconf 87' lang='lat' dir='ltr'><strong>scntis</strong></span> <span class='ocrx_word' id='word_1_45' title='bbox 548 631 664 685; x_wconf 76' lang='lat' dir='ltr'><strong>vita:</strong></span> <span class='ocrx_word' id='word_1_46' title='bbox 709 629 993 684; x_wconf 77' lang='lat' dir='ltr'><strong>latitudine</strong></span> <span class='ocrx_word' id='word_1_47' title='bbox 1013 644 1108 684; x_wconf 90' lang='lat' dir='ltr'><strong>eos</strong></span> <span class='ocrx_word' id='word_1_48' title='bbox 1149 628 1428 685; x_wconf 89' lang='lat' dir='ltr'><strong>ambulare</strong></span> <span class='ocrx_word' id='word_1_49' title='bbox 1461 645 1734 701; x_wconf 73' lang='lat' dir='ltr'><strong>provocat,</strong></span> <span class='ocrx_word' id='word_1_50' title='bbox 1783 631 1908 702; x_wconf 83' lang='lat' dir='ltr'><strong>qui-</strong></span> 
     </span>
    </p>
   </div>
   <div class='ocr_carea' id='block_1_6' title="bbox 316 721 1909 796">
    <p class='ocr_par' dir='ltr' id='par_1_6' title="bbox 316 721 1909 796">
     <span class='ocr_line' id='line_1_6' title="bbox 316 721 1909 796; baseline 0.002 -20"><span class='ocrx_word' id='word_1_51' title='bbox 316 789 322 796; x_wconf 36' lang='lat'><strong><em>.</em></strong></span> <span class='ocrx_word' id='word_1_52' title='bbox 361 723 444 777; x_wconf 89' lang='lat' dir='ltr'><strong>bus</strong></span> <span class='ocrx_word' id='word_1_53' title='bbox 487 723 629 792; x_wconf 87' lang='lat' dir='ltr'><strong>quasi</strong></span> <span class='ocrx_word' id='word_1_54' title='bbox 682 721 957 791; x_wconf 86' lang='lat' dir='ltr'><strong>parcendo</strong></span> <span class='ocrx_word' id='word_1_55' title='bbox 986 721 1291 787; x_wconf 83' lang='lat' dir='ltr'><strong>blanditur;</strong></span> <span class='ocrx_word' id='word_1_56' title='bbox 1350 723 1445 777; x_wconf 89' lang='lat' dir='ltr'><strong>sed</strong></span> <span class='ocrx_word' id='word_1_57' title='bbox 1491 724 1719 789; x_wconf 89' lang='lat' dir='ltr'><strong>mordet,</strong></span> <span class='ocrx_word' id='word_1_58' title='bbox 1766 726 1909 794; x_wconf 87' lang='lat' dir='ltr'><strong>quod</strong></span> 
     </span>
    </p>
   </div>
   <div class='ocr_carea' id='block_1_7' title="bbox 360 810 1909 882">
    <p class='ocr_par' dir='ltr' id='par_1_7' title="bbox 360 810 1909 882">
     <span class='ocr_line' id='line_1_7' title="bbox 360 810 1909 882; baseline 0.002 -17"><span class='ocrx_word' id='word_1_59' title='bbox 360 830 440 867; x_wconf 89' lang='lat' dir='ltr'><strong>cos</strong></span> <span class='ocrx_word' id='word_1_60' title='bbox 477 811 659 882; x_wconf 86' lang='lat' dir='ltr'><strong>quibus</strong></span> <span class='ocrx_word' id='word_1_61' title='bbox 712 811 1022 864; x_wconf 88' lang='lat' dir='ltr'><strong>libertatem</strong></span> <span class='ocrx_word' id='word_1_62' title='bbox 1067 810 1275 874; x_wconf 88' lang='lat' dir='ltr'><strong>tribuit,</strong></span> <span class='ocrx_word' id='word_1_63' title='bbox 1321 812 1528 866; x_wconf 87' lang='lat' dir='ltr'><strong>erroris</strong></span> <span class='ocrx_word' id='word_1_64' title='bbox 1567 813 1648 866; x_wconf 90' lang='lat' dir='ltr'><strong>sui</strong></span> <span class='ocrx_word' id='word_1_65' title='bbox 1701 828 1909 869; x_wconf 88' lang='lat' dir='ltr'><strong>veneno</strong></span> 
     </span>
    </p>
   </div>
   <div class='ocr_carea' id='block_1_8' title="bbox 360 900 1908 971">
    <p class='ocr_par' dir='ltr' id='par_1_8' title="bbox 360 900 1908 971">
     <span class='ocr_line' id='line_1_8' title="bbox 360 900 1908 971; baseline 0 -14"><span class='ocrx_word' id='word_1_66' title='bbox 360 902 617 957; x_wconf 85' lang='lat' dir='ltr'><strong>consumit.</strong></span> <span class='ocrx_word' id='word_1_67' title='bbox 648 900 940 969; x_wconf 85' lang='lat' dir='ltr'><strong>Fititaque</strong></span> <span class='ocrx_word' id='word_1_68' title='bbox 972 900 1167 953; x_wconf 82' lang='lat' dir='ltr'><strong>iterum</strong></span> <span class='ocrx_word' id='word_1_69' title='bbox 1198 907 1437 955; x_wconf 78' lang='lat' dir='ltr'><strong>cerastes</strong></span> <span class='ocrx_word' id='word_1_70' title='bbox 1459 901 1512 955; x_wconf 90' lang='lat' dir='ltr'><strong>in</strong></span> <span class='ocrx_word' id='word_1_71' title='bbox 1539 902 1752 966; x_wconf 90' lang='lat' dir='ltr'><strong>semita,</strong></span> <span class='ocrx_word' id='word_1_72' title='bbox 1783 903 1908 971; x_wconf 78' lang='lat' dir='ltr'><strong>quia</strong></span> 
     </span>
    </p>
   </div>
   <div class='ocr_carea' id='block_1_9' title="bbox 360 992 1909 1065">
    <p class='ocr_par' dir='ltr' id='par_1_9' title="bbox 360 992 1909 1065">
     <span class='ocr_line' id='line_1_9' title="bbox 360 992 1909 1065; baseline 0.002 -19"><span class='ocrx_word' id='word_1_73' title='bbox 360 1010 475 1063; x_wconf 84' lang='lat' dir='ltr'><strong>quos</strong></span> <span class='ocrx_word' id='word_1_74' title='bbox 516 992 690 1048; x_wconf 82' lang='lat' dir='ltr'><strong>ﬁdeles</strong></span> <span class='ocrx_word' id='word_1_75' title='bbox 719 992 940 1063; x_wconf 90' lang='lat' dir='ltr'><strong>reperit,</strong></span> <span class='ocrx_word' id='word_1_76' title='bbox 989 1000 1043 1047; x_wconf 93' lang='lat' dir='ltr'><strong>et</strong></span> <span class='ocrx_word' id='word_1_77' title='bbox 1089 1007 1210 1047; x_wconf 91' lang='lat' dir='ltr'><strong>sese</strong></span> <span class='ocrx_word' id='word_1_78' title='bbox 1256 992 1398 1046; x_wconf 88' lang='lat' dir='ltr'><strong>inter</strong></span> <span class='ocrx_word' id='word_1_79' title='bbox 1439 1003 1665 1065; x_wconf 87' lang='lat' dir='ltr'><strong>angusta</strong></span> <span class='ocrx_word' id='word_1_80' title='bbox 1712 994 1909 1049; x_wconf 84' lang='lat' dir='ltr'><strong>itinera</strong></span> 
     </span>
    </p>
   </div>
   <div class='ocr_carea' id='block_1_10' title="bbox 360 1083 1907 1155">
    <p class='ocr_par' dir='ltr' id='par_1_10' title="bbox 360 1083 1907 1155">
     <span class='ocr_line' id='line_1_10' title="bbox 360 1083 1907 1155; baseline 0.001 -17"><span class='ocrx_word' id='word_1_81' title='bbox 360 1085 578 1155; x_wconf 68' lang='lat' dir='ltr'><strong>pnecepti</strong></span> <span class='ocrx_word' id='word_1_82' title='bbox 627 1084 863 1139; x_wconf 48' lang='lat' dir='ltr'><strong>caelestis</strong></span> <span class='ocrx_word' id='word_1_83' title='bbox 913 1083 1283 1155; x_wconf 79' lang='lat' dir='ltr'><strong>constringere</strong></span> <span class='ocrx_word' id='word_1_84' title='bbox 1339 1085 1508 1148; x_wconf 82' lang='lat' dir='ltr'><strong>videt,</strong></span> <span class='ocrx_word' id='word_1_85' title='bbox 1580 1101 1686 1139; x_wconf 89' lang='lat' dir='ltr'><strong>non</strong></span> <span class='ocrx_word' id='word_1_86' title='bbox 1735 1086 1907 1140; x_wconf 90' lang='lat' dir='ltr'><strong>solum</strong></span> 
     </span>
    </p>
   </div>
   <div class='ocr_carea' id='block_1_11' title="bbox 364 1173 1906 1244">
    <p class='ocr_par' dir='ltr' id='par_1_11' title="bbox 364 1173 1906 1244">
     <span class='ocr_line' id='line_1_11' title="bbox 364 1173 1906 1244; baseline 0.003 -17"><span class='ocrx_word' id='word_1_87' title='bbox 364 1175 570 1244; x_wconf 83' lang='lat' dir='ltr'><strong>nequitia</strong></span> <span class='ocrx_word' id='word_1_88' title='bbox 622 1173 813 1228; x_wconf 89' lang='lat' dir='ltr'><strong>callida</strong></span> <span class='ocrx_word' id='word_1_89' title='bbox 846 1173 1215 1243; x_wconf 86' lang='lat' dir='ltr'><strong>persuasionis</strong></span> <span class='ocrx_word' id='word_1_90' title='bbox 1262 1174 1491 1244; x_wconf 84' lang='lat' dir='ltr'><strong>impetit,</strong></span> <span class='ocrx_word' id='word_1_91' title='bbox 1520 1191 1709 1230; x_wconf 88' lang='lat' dir='ltr'><strong>verum</strong></span> <span class='ocrx_word' id='word_1_92' title='bbox 1741 1177 1906 1231; x_wconf 85' lang='lat' dir='ltr'><strong>etiam</strong></span> 
     </span>
    </p>
   </div>
   <div class='ocr_carea' id='block_1_12' title="bbox 366 1262 1904 1338">
    <p class='ocr_par' dir='ltr' id='par_1_12' title="bbox 366 1262 1904 1338">
     <span class='ocr_line' id='line_1_12' title="bbox 366 1262 1904 1338; baseline 0.005 -24"><span class='ocrx_word' id='word_1_93' title='bbox 366 1271 542 1317; x_wconf 87' lang='lat' dir='ltr'><strong>terrore</strong></span> <span class='ocrx_word' id='word_1_94' title='bbox 592 1263 872 1333; x_wconf 86' lang='lat' dir='ltr'><strong>potestatis</strong></span> <span class='ocrx_word' id='word_1_95' title='bbox 911 1263 1128 1333; x_wconf 87' lang='lat' dir='ltr'><strong>perimit</strong></span> <span class='ocrx_word' id='word_1_96' title='bbox 1155 1262 1207 1317; x_wconf 92' lang='lat' dir='ltr'><strong>in</strong></span> <span class='ocrx_word' id='word_1_97' title='bbox 1241 1265 1637 1333; x_wconf 85' lang='lat' dir='ltr'><strong>persecutionis</strong></span> <span class='ocrx_word' id='word_1_98' title='bbox 1683 1281 1904 1338; x_wconf 89' lang='lat' dir='ltr'><strong>angore.</strong></span> 
     </span>
    </p>
   </div>
   <div class='ocr_carea' id='block_1_13' title="bbox 366 1351 1907 1428">
    <p class='ocr_par' dir='ltr' id='par_1_13' title="bbox 366 1351 1907 1428">
     <span class='ocr_line' id='line_1_13' title="bbox 366 1351 1907 1428; baseline 0.006 -23"><span class='ocrx_word' id='word_1_99' title='bbox 366 1351 472 1406; x_wconf 86' lang='lat' dir='ltr'><strong>Post</strong></span> <span class='ocrx_word' id='word_1_100' title='bbox 493 1353 736 1408; x_wconf 87' lang='lat' dir='ltr'><strong>beneﬁcia</strong></span> <span class='ocrx_word' id='word_1_101' title='bbox 765 1353 902 1408; x_wconf 81' lang='lat' dir='ltr'><strong>ﬁctae</strong></span> <span class='ocrx_word' id='word_1_102' title='bbox 927 1353 1228 1409; x_wconf 85' lang='lat' dir='ltr'><strong>dulcedinis</strong></span> <span class='ocrx_word' id='word_1_103' title='bbox 1265 1364 1494 1410; x_wconf 85' lang='lat' dir='ltr'><strong>exercet</strong></span> <span class='ocrx_word' id='word_1_104' title='bbox 1524 1372 1723 1412; x_wconf 84' lang='lat' dir='ltr'><strong>cornua</strong></span> <span class='ocrx_word' id='word_1_105' title='bbox 1755 1369 1907 1428; x_wconf 89' lang='lat' dir='ltr'><strong>pote-</strong></span> 
     </span>
    </p>
   </div>
   <div class='ocr_carea' id='block_1_14' title="bbox 370 1444 1905 1516">
    <p class='ocr_par' dir='ltr' id='par_1_14' title="bbox 370 1444 1905 1516">
     <span class='ocr_line' id='line_1_14' title="bbox 370 1444 1905 1516; baseline 0.007 -20"><span class='ocrx_word' id='word_1_106' title='bbox 370 1445 515 1499; x_wconf 82' lang='lat' dir='ltr'><strong>statis.</strong></span> <span class='ocrx_word' id='word_1_107' title='bbox 553 1444 607 1499; x_wconf 88' lang='lat' dir='ltr'><strong>ln</strong></span> <span class='ocrx_word' id='word_1_108' title='bbox 635 1461 740 1514; x_wconf 86' lang='lat' dir='ltr'><strong>quo</strong></span> <span class='ocrx_word' id='word_1_109' title='bbox 767 1446 887 1501; x_wconf 84' lang='lat' dir='ltr'><strong>loco</strong></span> <span class='ocrx_word' id='word_1_110' title='bbox 908 1447 1028 1516; x_wconf 85' lang='lat' dir='ltr'><strong>equi</strong></span> <span class='ocrx_word' id='word_1_111' title='bbox 1057 1447 1273 1503; x_wconf 90' lang='lat' dir='ltr'><strong>nomine</strong></span> <span class='ocrx_word' id='word_1_112' title='bbox 1295 1449 1441 1503; x_wconf 89' lang='lat' dir='ltr'><strong>hunc</strong></span> <span class='ocrx_word' id='word_1_113' title='bbox 1484 1451 1740 1504; x_wconf 89' lang='lat' dir='ltr'><strong>mundum</strong></span> <span class='ocrx_word' id='word_1_114' title='bbox 1770 1451 1905 1507; x_wconf 92' lang='lat' dir='ltr'><strong>insi-</strong></span> 
     </span>
    </p>
   </div>
   <div class='ocr_carea' id='block_1_15' title="bbox 373 1536 1906 1607">
    <p class='ocr_par' dir='ltr' id='par_1_15' title="bbox 373 1536 1906 1607">
     <span class='ocr_line' id='line_1_15' title="bbox 373 1536 1906 1607; baseline 0.009 -21"><span class='ocrx_word' id='word_1_115' title='bbox 373 1544 497 1598; x_wconf 86' lang='lat' dir='ltr'><strong>nuat,</strong></span> <span class='ocrx_word' id='word_1_116' title='bbox 540 1536 670 1604; x_wconf 90' lang='lat' dir='ltr'><strong>quod</strong></span> <span class='ocrx_word' id='word_1_117' title='bbox 695 1552 791 1607; x_wconf 87' lang='lat' dir='ltr'><strong>per</strong></span> <span class='ocrx_word' id='word_1_118' title='bbox 820 1537 1109 1592; x_wconf 88' lang='lat' dir='ltr'><strong>elationem</strong></span> <span class='ocrx_word' id='word_1_119' title='bbox 1140 1555 1292 1594; x_wconf 89' lang='lat' dir='ltr'><strong>suam</strong></span> <span class='ocrx_word' id='word_1_120' title='bbox 1325 1541 1376 1594; x_wconf 93' lang='lat' dir='ltr'><strong>in</strong></span> <span class='ocrx_word' id='word_1_121' title='bbox 1402 1556 1565 1595; x_wconf 89' lang='lat' dir='ltr'><strong>cursu</strong></span> <span class='ocrx_word' id='word_1_122' title='bbox 1608 1542 1906 1600; x_wconf 87' lang='lat' dir='ltr'><strong>labentium</strong></span> 
     </span>
    </p>
   </div>
   <div class='ocr_carea' id='block_1_16' title="bbox 375 1629 1904 1699">
    <p class='ocr_par' dir='ltr' id='par_1_16' title="bbox 375 1629 1904 1699">
     <span class='ocr_line' id='line_1_16' title="bbox 375 1629 1904 1699; baseline 0.008 -21"><span class='ocrx_word' id='word_1_123' title='bbox 375 1634 629 1695; x_wconf 89' lang='lat' dir='ltr'><strong>temporum</strong></span> <span class='ocrx_word' id='word_1_124' title='bbox 670 1638 926 1697; x_wconf 90' lang='lat' dir='ltr'><strong>spumat;</strong></span> <span class='ocrx_word' id='word_1_125' title='bbox 975 1637 1031 1684; x_wconf 91' lang='lat' dir='ltr'><strong>et</strong></span> <span class='ocrx_word' id='word_1_126' title='bbox 1067 1630 1211 1699; x_wconf 91' lang='lat' dir='ltr'><strong>quod</strong></span> <span class='ocrx_word' id='word_1_127' title='bbox 1239 1629 1610 1687; x_wconf 87' lang='lat' dir='ltr'><strong>Antichristus</strong></span> <span class='ocrx_word' id='word_1_128' title='bbox 1661 1642 1904 1690; x_wconf 79' lang='lat' dir='ltr'><strong>extrema</strong></span> 
     </span>
    </p>
   </div>
   <div class='ocr_carea' id='block_1_17' title="bbox 2010 451 3593 525">
    <p class='ocr_par' dir='ltr' id='par_1_17' title="bbox 2010 451 3593 525">
     <span class='ocr_line' id='line_1_17' title="bbox 2010 451 3593 525; baseline 0.008 -26"><span class='ocrx_word' id='word_1_129' title='bbox 2010 463 2187 500; x_wconf 89' lang='lat' dir='ltr'><strong>casum</strong></span> <span class='ocrx_word' id='word_1_130' title='bbox 2217 463 2465 517; x_wconf 86' lang='lat' dir='ltr'><strong>magnum</strong></span> <span class='ocrx_word' id='word_1_131' title='bbox 2486 457 2559 501; x_wconf 87' lang='lat' dir='ltr'><strong>est</strong></span> <span class='ocrx_word' id='word_1_132' title='bbox 2599 463 2785 502; x_wconf 80' lang='lat' dir='ltr'><strong>nomen</strong></span> <span class='ocrx_word' id='word_1_133' title='bbox 2815 464 2987 503; x_wconf 85' lang='lat' dir='ltr'><strong>meum</strong></span> <span class='ocrx_word' id='word_1_134' title='bbox 3014 461 3062 504; x_wconf 92' lang='lat' dir='ltr'><strong>et</strong></span> <span class='ocrx_word' id='word_1_135' title='bbox 3099 451 3348 508; x_wconf 76' lang='lat' dir='ltr'><strong>horribile</strong></span> <span class='ocrx_word' id='word_1_136' title='bbox 3379 455 3432 509; x_wconf 86' lang='lat' dir='ltr'><strong>in</strong></span> <span class='ocrx_word' id='word_1_137' title='bbox 3471 472 3593 525; x_wconf 86' lang='lat' dir='ltr'><strong>gen-</strong></span> 
     </span>
    </p>
   </div>
   <div class='ocr_carea' id='block_1_18' title="bbox 2010 536 3588 614">
    <p class='ocr_par' dir='ltr' id='par_1_18' title="bbox 2010 536 3588 614">
     <span class='ocr_line' id='line_1_18' title="bbox 2010 536 3588 614; baseline 0.007 -24"><span class='ocrx_word' id='word_1_138' title='bbox 2010 537 2147 591; x_wconf 91' lang='lat' dir='ltr'><strong>tibus</strong></span> <span class='ocrx_word' id='word_1_139' title='bbox 2171 536 2429 606; x_wconf 82' lang='lat' dir='ltr'><strong>(Malach.</strong></span> <span class='ocrx_word' id='word_1_140' title='bbox 2457 536 2518 609; x_wconf 91' lang='grc' dir='ltr'><strong>ι).</strong></span> <span class='ocrx_word' id='word_1_141' title='bbox 2552 538 2686 604; x_wconf 88' lang='lat' dir='ltr'><strong>Quia</strong></span> <span class='ocrx_word' id='word_1_142' title='bbox 2713 554 2844 594; x_wconf 91' lang='lat' dir='ltr'><strong>vero</strong></span> <span class='ocrx_word' id='word_1_143' title='bbox 2879 555 2975 608; x_wconf 89' lang='lat' dir='ltr'><strong>per</strong></span> <span class='ocrx_word' id='word_1_144' title='bbox 2994 542 3350 598; x_wconf 88' lang='lat' dir='ltr'><strong>humilitatem</strong></span> <span class='ocrx_word' id='word_1_145' title='bbox 3379 548 3588 614; x_wconf 80' lang='lat' dir='ltr'><strong>passio-</strong></span> 
     </span>
    </p>
   </div>
   <div class='ocr_carea' id='block_1_19' title="bbox 2011 627 3596 706">
    <p class='ocr_par' dir='ltr' id='par_1_19' title="bbox 2011 627 3596 706">
     <span class='ocr_line' id='line_1_19' title="bbox 2011 627 3596 706; baseline 0.007 -26"><span class='ocrx_word' id='word_1_146' title='bbox 2011 627 2094 680; x_wconf 86' lang='lat' dir='ltr'><strong>nis</strong></span> <span class='ocrx_word' id='word_1_147' title='bbox 2133 627 2200 681; x_wconf 86' lang='lat' dir='ltr'><strong>ad</strong></span> <span class='ocrx_word' id='word_1_148' title='bbox 2240 635 2443 680; x_wconf 85' lang='lat' dir='ltr'><strong>tantam</strong></span> <span class='ocrx_word' id='word_1_149' title='bbox 2490 628 2732 682; x_wconf 73' lang='lat' dir='ltr'><strong>excrevit</strong></span> <span class='ocrx_word' id='word_1_150' title='bbox 2780 629 3004 699; x_wconf 81' lang='lat' dir='ltr'><strong>gloriam</strong></span> <span class='ocrx_word' id='word_1_151' title='bbox 3058 631 3411 700; x_wconf 79' lang='lat' dir='ltr'><strong>celsitudinis,</strong></span> <span class='ocrx_word' id='word_1_152' title='bbox 3471 647 3596 706; x_wconf 87' lang='lat' dir='ltr'><strong>apte</strong></span> 
     </span>
    </p>
   </div>
   <div class='ocr_carea' id='block_1_20' title="bbox 2009 718 3595 796">
    <p class='ocr_par' dir='ltr' id='par_1_20' title="bbox 2009 718 3595 796">
     <span class='ocr_line' id='line_1_20' title="bbox 2009 718 3595 796; baseline 0.006 -24"><span class='ocrx_word' id='word_1_153' title='bbox 2009 720 2076 773; x_wconf 84' lang='lat' dir='ltr'><strong>de</strong></span> <span class='ocrx_word' id='word_1_154' title='bbox 2117 718 2234 786; x_wconf 84' lang='lat' dir='ltr'><strong>ejus</strong></span> <span class='ocrx_word' id='word_1_155' title='bbox 2267 729 2440 774; x_wconf 90' lang='lat' dir='ltr'><strong>morte</strong></span> <span class='ocrx_word' id='word_1_156' title='bbox 2472 719 2812 791; x_wconf 73' lang='lat' dir='ltr'><strong>sulijungitur</strong></span> <span class='ocrx_word' id='word_1_157' title='bbox 2839 741 2851 776; x_wconf 90' lang='lat'><strong>:</strong></span> <span class='ocrx_word' id='word_1_158' title='bbox 2886 721 3054 788; x_wconf 81' lang='lat' dir='ltr'><strong>Quasi</strong></span> <span class='ocrx_word' id='word_1_159' title='bbox 3075 723 3156 779; x_wconf 88' lang='lat' dir='ltr'><strong>leo</strong></span> <span class='ocrx_word' id='word_1_160' title='bbox 3201 728 3483 796; x_wconf 77' lang='lat' dir='ltr'><strong>requievit:</strong></span> <span class='ocrx_word' id='word_1_161' title='bbox 3511 746 3595 782; x_wconf 80' lang='lat' dir='ltr'><strong>ce-</strong></span> 
     </span>
    </p>
   </div>
   <div class='ocr_carea' id='block_1_21' title="bbox 2008 810 3591 889">
    <p class='ocr_par' dir='ltr' id='par_1_21' title="bbox 2008 810 3591 889">
     <span class='ocr_line' id='line_1_21' title="bbox 2008 810 3591 889; baseline 0.008 -28"><span class='ocrx_word' id='word_1_162' title='bbox 2008 811 2183 880; x_wconf 85' lang='lat' dir='ltr'><strong>pitque</strong></span> <span class='ocrx_word' id='word_1_163' title='bbox 2225 810 2494 864; x_wconf 82' lang='lat' dir='ltr'><strong>brachium</strong></span> <span class='ocrx_word' id='word_1_164' title='bbox 2521 820 2568 864; x_wconf 90' lang='lat' dir='ltr'><strong>et</strong></span> <span class='ocrx_word' id='word_1_165' title='bbox 2607 812 2866 878; x_wconf 75' lang='lat' dir='ltr'><strong>verticem,</strong></span> <span class='ocrx_word' id='word_1_166' title='bbox 2917 823 3021 867; x_wconf 86' lang='lat' dir='ltr'><strong>etc.</strong></span> <span class='ocrx_word' id='word_1_167' title='bbox 3055 813 3234 885; x_wconf 86' lang='lat' dir='ltr'><strong>(Deut.</strong></span> <span class='ocrx_word' id='word_1_168' title='bbox 3265 818 3478 889; x_wconf 78' lang='lat' dir='ltr'><strong>xxxul).</strong></span> <span class='ocrx_word' id='word_1_169' title='bbox 3531 818 3591 874; x_wconf 91' lang='lat' dir='ltr'><strong>lu</strong></span> 
     </span>
    </p>
   </div>
   <div class='ocr_carea' id='block_1_22' title="bbox 2009 899 3592 978">
    <p class='ocr_par' dir='ltr' id='par_1_22' title="bbox 2009 899 3592 978">
     <span class='ocr_line' id='line_1_22' title="bbox 2009 899 3592 978; baseline 0.009 -27"><span class='ocrx_word' id='word_1_170' title='bbox 2009 899 2345 967; x_wconf 88' lang='lat' dir='ltr'><strong>requietione</strong></span> <span class='ocrx_word' id='word_1_171' title='bbox 2368 901 2517 954; x_wconf 81' lang='lat' dir='ltr'><strong>enim</strong></span> <span class='ocrx_word' id='word_1_172' title='bbox 2544 901 2735 966; x_wconf 88' lang='lat' dir='ltr'><strong>leonis,</strong></span> <span class='ocrx_word' id='word_1_173' title='bbox 2783 911 3022 972; x_wconf 86' lang='lat' dir='ltr'><strong>potestas</strong></span> <span class='ocrx_word' id='word_1_174' title='bbox 3045 906 3369 975; x_wconf 83' lang='lat' dir='ltr'><strong>exprimitur</strong></span> <span class='ocrx_word' id='word_1_175' title='bbox 3423 909 3592 978; x_wconf 88' lang='lat' dir='ltr'><strong>ipsius</strong></span> 
     </span>
    </p>
   </div>
   <div class='ocr_carea' id='block_1_23' title="bbox 2009 989 3592 1067">
    <p class='ocr_par' dir='ltr' id='par_1_23' title="bbox 2009 989 3592 1067">
     <span class='ocr_line' id='line_1_23' title="bbox 2009 989 3592 1067; baseline 0.008 -23"><span class='ocrx_word' id='word_1_176' title='bbox 2009 989 2332 1056; x_wconf 89' lang='lat' dir='ltr'><strong>Salvatoris,</strong></span> <span class='ocrx_word' id='word_1_177' title='bbox 2366 992 2457 1061; x_wconf 91' lang='lat' dir='ltr'><strong>qui</strong></span> <span class='ocrx_word' id='word_1_178' title='bbox 2509 993 2730 1047; x_wconf 84' lang='lat' dir='ltr'><strong>brachio</strong></span> <span class='ocrx_word' id='word_1_179' title='bbox 2758 992 3088 1049; x_wconf 80' lang='lat' dir='ltr'><strong>fortitudinis</strong></span> <span class='ocrx_word' id='word_1_180' title='bbox 3124 1012 3234 1051; x_wconf 74' lang='lat' dir='ltr'><strong>sua:</strong></span> <span class='ocrx_word' id='word_1_181' title='bbox 3293 1007 3592 1067; x_wconf 89' lang='lat' dir='ltr'><strong>potestates</strong></span> 
     </span>
    </p>
   </div>
   <div class='ocr_carea' id='block_1_24' title="bbox 2008 1081 3593 1162">
    <p class='ocr_par' dir='ltr' id='par_1_24' title="bbox 2008 1081 3593 1162">
     <span class='ocr_line' id='line_1_24' title="bbox 2008 1081 3593 1162; baseline 0.008 -28"><span class='ocrx_word' id='word_1_182' title='bbox 2008 1081 2308 1137; x_wconf 84' lang='lat' dir='ltr'><strong>mundanas</strong></span> <span class='ocrx_word' id='word_1_183' title='bbox 2338 1081 2582 1153; x_wconf 85' lang='lat' dir='ltr'><strong>religioni</strong></span> <span class='ocrx_word' id='word_1_184' title='bbox 2611 1098 2722 1137; x_wconf 73' lang='lat' dir='ltr'><strong>sua:</strong></span> <span class='ocrx_word' id='word_1_185' title='bbox 2773 1084 3069 1140; x_wconf 85' lang='lat' dir='ltr'><strong>inclinavit.</strong></span> <span class='ocrx_word' id='word_1_186' title='bbox 3105 1086 3373 1156; x_wconf 87' lang='lat' dir='ltr'><strong>Subjectis</strong></span> <span class='ocrx_word' id='word_1_187' title='bbox 3393 1092 3593 1162; x_wconf 84' lang='lat' dir='ltr'><strong>quippe</strong></span> 
     </span>
    </p>
   </div>
   <div class='ocr_carea' id='block_1_25' title="bbox 2007 1171 3593 1252">
    <p class='ocr_par' dir='ltr' id='par_1_25' title="bbox 2007 1171 3593 1252">
     <span class='ocr_line' id='line_1_25' title="bbox 2007 1171 3593 1252; baseline 0.007 -27"><span class='ocrx_word' id='word_1_188' title='bbox 2007 1171 2110 1226; x_wconf 88' lang='lat' dir='ltr'><strong>sibi</strong></span> <span class='ocrx_word' id='word_1_189' title='bbox 2159 1173 2340 1242; x_wconf 80' lang='lat' dir='ltr'><strong>regnis</strong></span> <span class='ocrx_word' id='word_1_190' title='bbox 2359 1180 2412 1226; x_wconf 88' lang='lat' dir='ltr'><strong>et</strong></span> <span class='ocrx_word' id='word_1_191' title='bbox 2437 1174 2684 1244; x_wconf 80' lang='lat' dir='ltr'><strong>gentibus</strong></span> <span class='ocrx_word' id='word_1_192' title='bbox 2707 1174 2977 1230; x_wconf 86' lang='lat' dir='ltr'><strong>universis</strong></span> <span class='ocrx_word' id='word_1_193' title='bbox 3000 1177 3337 1247; x_wconf 88' lang='lat' dir='ltr'><strong>principatus</strong></span> <span class='ocrx_word' id='word_1_194' title='bbox 3359 1178 3476 1248; x_wconf 84' lang='lat' dir='ltr'><strong>ejus</strong></span> <span class='ocrx_word' id='word_1_195' title='bbox 3499 1198 3593 1252; x_wconf 90' lang='lat' dir='ltr'><strong>po-</strong></span> 
     </span>
    </p>
   </div>
   <div class='ocr_carea' id='block_1_26' title="bbox 2008 1264 3589 1343">
    <p class='ocr_par' dir='ltr' id='par_1_26' title="bbox 2008 1264 3589 1343">
     <span class='ocr_line' id='line_1_26' title="bbox 2008 1264 3589 1343; baseline 0.009 -25"><span class='ocrx_word' id='word_1_196' title='bbox 2008 1264 2175 1318; x_wconf 89' lang='lat' dir='ltr'><strong>tentia</strong></span> <span class='ocrx_word' id='word_1_197' title='bbox 2202 1264 2418 1318; x_wconf 89' lang='lat' dir='ltr'><strong>claruit.</strong></span> <span class='ocrx_word' id='word_1_198' title='bbox 2447 1267 2563 1334; x_wconf 84' lang='lat' dir='ltr'><strong>lpse</strong></span> <span class='ocrx_word' id='word_1_199' title='bbox 2598 1267 2742 1321; x_wconf 91' lang='lat' dir='ltr'><strong>enim</strong></span> <span class='ocrx_word' id='word_1_200' title='bbox 2775 1269 3052 1337; x_wconf 88' lang='lat' dir='ltr'><strong>apostolis,</strong></span> <span class='ocrx_word' id='word_1_201' title='bbox 3077 1273 3414 1343; x_wconf 81' lang='lat' dir='ltr'><strong>principibus</strong></span> <span class='ocrx_word' id='word_1_202' title='bbox 3436 1278 3589 1332; x_wconf 91' lang='lat' dir='ltr'><strong>scili-</strong></span> 
     </span>
    </p>
   </div>
   <div class='ocr_carea' id='block_1_27' title="bbox 2003 1356 3590 1433">
    <p class='ocr_par' dir='ltr' id='par_1_27' title="bbox 2003 1356 3590 1433">
     <span class='ocr_line' id='line_1_27' title="bbox 2003 1356 3590 1433; baseline 0.009 -25"><span class='ocrx_word' id='word_1_203' title='bbox 2003 1363 2092 1408; x_wconf 81' lang='lat' dir='ltr'><strong>cet</strong></span> <span class='ocrx_word' id='word_1_204' title='bbox 2119 1356 2299 1424; x_wconf 89' lang='lat' dir='ltr'><strong>populi</strong></span> <span class='ocrx_word' id='word_1_205' title='bbox 2326 1356 2439 1422; x_wconf 87' lang='lat' dir='ltr'><strong>Dei,</strong></span> <span class='ocrx_word' id='word_1_206' title='bbox 2493 1364 2605 1411; x_wconf 90' lang='lat' dir='ltr'><strong>toto</strong></span> <span class='ocrx_word' id='word_1_207' title='bbox 2634 1359 2766 1413; x_wconf 76' lang='lat' dir='ltr'><strong>orbe</strong></span> <span class='ocrx_word' id='word_1_208' title='bbox 2794 1359 3141 1430; x_wconf 88' lang='lat' dir='ltr'><strong>Evangelium</strong></span> <span class='ocrx_word' id='word_1_209' title='bbox 3174 1364 3590 1433; x_wconf 72' lang='lat' dir='ltr'><strong>prtedicantibus</strong></span> 
     </span>
    </p>
   </div>
   <div class='ocr_carea' id='block_1_28' title="bbox 2007 1447 3589 1528">
    <p class='ocr_par' dir='ltr' id='par_1_28' title="bbox 2007 1447 3589 1528">
     <span class='ocr_line' id='line_1_28' title="bbox 2007 1447 3589 1528; baseline 0.008 -28"><span class='ocrx_word' id='word_1_210' title='bbox 2007 1447 2221 1517; x_wconf 82' lang='lat' dir='ltr'><strong>adjutor</strong></span> <span class='ocrx_word' id='word_1_211' title='bbox 2263 1457 2316 1501; x_wconf 91' lang='lat' dir='ltr'><strong>et</strong></span> <span class='ocrx_word' id='word_1_212' title='bbox 2362 1457 2684 1518; x_wconf 90' lang='lat' dir='ltr'><strong>cooperator</strong></span> <span class='ocrx_word' id='word_1_213' title='bbox 2702 1451 2904 1520; x_wconf 91' lang='lat' dir='ltr'><strong>ubique</strong></span> <span class='ocrx_word' id='word_1_214' title='bbox 2932 1452 3050 1517; x_wconf 90' lang='lat' dir='ltr'><strong>fuit,</strong></span> <span class='ocrx_word' id='word_1_215' title='bbox 3077 1454 3287 1509; x_wconf 78' lang='lat' dir='ltr'><strong>dicente</strong></span> <span class='ocrx_word' id='word_1_216' title='bbox 3314 1458 3589 1528; x_wconf 84' lang='lat' dir='ltr'><strong>evangeli—</strong></span> 
     </span>
    </p>
   </div>
   <div class='ocr_carea' id='block_1_29' title="bbox 2007 1539 3589 1620">
    <p class='ocr_par' dir='ltr' id='par_1_29' title="bbox 2007 1539 3589 1620">
     <span class='ocr_line' id='line_1_29' title="bbox 2007 1539 3589 1620; baseline 0.009 -28"><span class='ocrx_word' id='word_1_217' title='bbox 2007 1547 2091 1592; x_wconf 88' lang='lat' dir='ltr'><strong>sta</strong></span> <span class='ocrx_word' id='word_1_218' title='bbox 2125 1557 2137 1595; x_wconf 92' lang='lat'><strong>:</strong></span> <span class='ocrx_word' id='word_1_219' title='bbox 2164 1539 2257 1593; x_wconf 78' lang='lat' dir='ltr'><strong>Illi</strong></span> <span class='ocrx_word' id='word_1_220' title='bbox 2279 1550 2452 1596; x_wconf 89' lang='lat' dir='ltr'><strong>autem</strong></span> <span class='ocrx_word' id='word_1_221' title='bbox 2474 1542 2692 1612; x_wconf 78' lang='lat' dir='ltr'><strong>profecti</strong></span> <span class='ocrx_word' id='word_1_222' title='bbox 2713 1545 3125 1613; x_wconf 75' lang='lat' dir='ltr'><strong>prwdicaverunt</strong></span> <span class='ocrx_word' id='word_1_223' title='bbox 3141 1548 3346 1620; x_wconf 86' lang='lat' dir='ltr'><strong>ubique,</strong></span> <span class='ocrx_word' id='word_1_224' title='bbox 3366 1551 3589 1607; x_wconf 87' lang='lat' dir='ltr'><strong>Domino</strong></span> 
     </span>
    </p>
   </div>
   <div class='ocr_carea' id='block_1_30' title="bbox 2006 1638 3589 1716">
    <p class='ocr_par' dir='ltr' id='par_1_30' title="bbox 2006 1638 3589 1716">
     <span class='ocr_line' id='line_1_30' title="bbox 2006 1638 3589 1716; baseline 0.01 -32"><span class='ocrx_word' id='word_1_225' title='bbox 2006 1643 2317 1702; x_wconf 81' lang='lat' dir='ltr'><strong>cooperante</strong></span> <span class='ocrx_word' id='word_1_226' title='bbox 2349 1642 2395 1688; x_wconf 88' lang='lat' dir='ltr'><strong>et</strong></span> <span class='ocrx_word' id='word_1_227' title='bbox 2420 1651 2707 1690; x_wconf 80' lang='lat' dir='ltr'><strong>sermonem</strong></span> <span class='ocrx_word' id='word_1_228' title='bbox 2721 1638 3062 1702; x_wconf 82' lang='lat' dir='ltr'><strong>conﬁrmante</strong></span> <span class='ocrx_word' id='word_1_229' title='bbox 3081 1642 3407 1710; x_wconf 79' lang='lat' dir='ltr'><strong>sequentibus</strong></span> <span class='ocrx_word' id='word_1_230' title='bbox 3427 1644 3589 1716; x_wconf 87' lang='lat' dir='ltr'><strong>signis</strong></span> 
     </span>
    </p>
   </div>
   <div class='ocr_carea' id='block_1_31' title="bbox 379 1717 2364 1794">
    <p class='ocr_par' dir='ltr' id='par_1_31' title="bbox 379 1717 2364 1794">
     <span class='ocr_line' id='line_1_31' title="bbox 379 1717 2364 1794; baseline 0.008 -27"><span class='ocrx_word' id='word_1_231' title='bbox 379 1717 524 1769; x_wconf 82' lang='lat' dir='ltr'><strong>mundi</strong></span> <span class='ocrx_word' id='word_1_232' title='bbox 544 1719 933 1787; x_wconf 87' lang='lat' dir='ltr'><strong>apprehendere</strong></span> <span class='ocrx_word' id='word_1_233' title='bbox 961 1719 1173 1786; x_wconf 91' lang='lat' dir='ltr'><strong>nititur,</strong></span> <span class='ocrx_word' id='word_1_234' title='bbox 1213 1720 1464 1777; x_wconf 88' lang='lat' dir='ltr'><strong>Cerastes</strong></span> <span class='ocrx_word' id='word_1_235' title='bbox 1493 1723 1594 1778; x_wconf 88' lang='lat' dir='ltr'><strong>iste</strong></span> <span class='ocrx_word' id='word_1_236' title='bbox 1627 1725 1752 1794; x_wconf 89' lang='lat' dir='ltr'><strong>equi</strong></span> <span class='ocrx_word' id='word_1_237' title='bbox 1802 1742 1901 1781; x_wconf 90' lang='lat' dir='ltr'><strong>au-</strong></span> <span class='ocrx_word' id='word_1_238' title='bbox 1934 1721 1979 1780; x_wconf 88' lang='grc' dir='ltr'><strong>Β</strong></span> <span class='ocrx_word' id='word_1_239' title='bbox 2009 1719 2202 1790; x_wconf 75' lang='lat' dir='ltr'><strong>(Marc.</strong></span> <span class='ocrx_word' id='word_1_240' title='bbox 2234 1724 2364 1794; x_wconf 73' lang='lat' dir='ltr'><strong>XVI).</strong></span> 
     </span>
    </p>
   </div>
   <div class='ocr_carea' id='block_1_32' title="bbox 381 1807 1908 1888">
    <p class='ocr_par' dir='ltr' id='par_1_32' title="bbox 381 1807 1908 1888">
     <span class='ocr_line' id='line_1_32' title="bbox 381 1807 1908 1888; baseline 0.008 -27"><span class='ocrx_word' id='word_1_241' title='bbox 381 1807 500 1876; x_wconf 79' lang='lat' dir='ltr'><strong>gulas</strong></span> <span class='ocrx_word' id='word_1_242' title='bbox 543 1810 776 1866; x_wconf 85' lang='lat' dir='ltr'><strong>mordere</strong></span> <span class='ocrx_word' id='word_1_243' title='bbox 823 1812 1154 1881; x_wconf 87' lang='lat' dir='ltr'><strong>perhibetur.</strong></span> <span class='ocrx_word' id='word_1_244' title='bbox 1215 1813 1479 1882; x_wconf 88' lang='lat' dir='ltr'><strong>Ungulam</strong></span> <span class='ocrx_word' id='word_1_245' title='bbox 1531 1816 1729 1887; x_wconf 91' lang='lat' dir='ltr'><strong>quippe</strong></span> <span class='ocrx_word' id='word_1_246' title='bbox 1783 1819 1908 1888; x_wconf 90' lang='lat' dir='ltr'><strong>equi</strong></span> 
     </span>
    </p>
   </div>
   <div class='ocr_carea' id='block_1_33' title="bbox 388 1897 1906 1976">
    <p class='ocr_par' dir='ltr' id='par_1_33' title="bbox 388 1897 1906 1976">
     <span class='ocr_line' id='line_1_33' title="bbox 388 1897 1906 1976; baseline 0.009 -29"><span class='ocrx_word' id='word_1_247' title='bbox 388 1897 602 1963; x_wconf 83' lang='lat' dir='ltr'><strong>mordere,</strong></span> <span class='ocrx_word' id='word_1_248' title='bbox 637 1907 716 1954; x_wconf 87' lang='lat' dir='ltr'><strong>est</strong></span> <span class='ocrx_word' id='word_1_249' title='bbox 757 1910 1003 1955; x_wconf 77' lang='lat' dir='ltr'><strong>extrema</strong></span> <span class='ocrx_word' id='word_1_250' title='bbox 1050 1902 1233 1956; x_wconf 61' lang='lat' dir='ltr'><strong>saeculi</strong></span> <span class='ocrx_word' id='word_1_251' title='bbox 1288 1903 1535 1958; x_wconf 87' lang='lat' dir='ltr'><strong>feriendo</strong></span> <span class='ocrx_word' id='word_1_252' title='bbox 1564 1907 1906 1976; x_wconf 87' lang='lat' dir='ltr'><strong>contingere,</strong></span> 
     </span>
    </p>
   </div>
   <div class='ocr_carea' id='block_1_34' title="bbox 392 1989 1905 2065">
    <p class='ocr_par' dir='ltr' id='par_1_34' title="bbox 392 1989 1905 2065">
     <span class='ocr_line' id='line_1_34' title="bbox 392 1989 1905 2065; baseline 0.01 -27"><span class='ocrx_word' id='word_1_253' title='bbox 392 1995 438 2038; x_wconf 85' lang='lat' dir='ltr'><strong>ut</strong></span> <span class='ocrx_word' id='word_1_254' title='bbox 457 1989 586 2043; x_wconf 84' lang='lat' dir='ltr'><strong>cadat</strong></span> <span class='ocrx_word' id='word_1_255' title='bbox 627 2005 880 2045; x_wconf 85' lang='lat' dir='ltr'><strong>ascensor</strong></span> <span class='ocrx_word' id='word_1_256' title='bbox 923 1989 1039 2059; x_wconf 89' lang='lat' dir='ltr'><strong>ejus</strong></span> <span class='ocrx_word' id='word_1_257' title='bbox 1069 2001 1214 2047; x_wconf 90' lang='lat' dir='ltr'><strong>retro</strong></span> <span class='ocrx_word' id='word_1_258' title='bbox 1245 2008 1260 2046; x_wconf 91' lang='lat'><strong>:</strong></span> <span class='ocrx_word' id='word_1_259' title='bbox 1292 1994 1418 2064; x_wconf 89' lang='lat' dir='ltr'><strong>quia</strong></span> <span class='ocrx_word' id='word_1_260' title='bbox 1448 1995 1696 2065; x_wconf 86' lang='lat' dir='ltr'><strong>quisquis</strong></span> <span class='ocrx_word' id='word_1_261' title='bbox 1720 1997 1774 2052; x_wconf 94' lang='lat' dir='ltr'><strong>in</strong></span> <span class='ocrx_word' id='word_1_262' title='bbox 1799 1998 1905 2053; x_wconf 90' lang='lat' dir='ltr'><strong>ini-</strong></span> 
     </span>
    </p>
   </div>
   <div class='ocr_carea' id='block_1_35' title="bbox 397 2080 1907 2152">
    <p class='ocr_par' dir='ltr' id='par_1_35' title="bbox 397 2080 1907 2152">
     <span class='ocr_line' id='line_1_35' title="bbox 397 2080 1907 2152; baseline 0.01 -21"><span class='ocrx_word' id='word_1_263' title='bbox 397 2080 628 2146; x_wconf 76' lang='lat' dir='ltr'><strong>quitatibus</strong></span> <span class='ocrx_word' id='word_1_264' title='bbox 658 2082 916 2152; x_wconf 75' lang='lat' dir='ltr'><strong>dignitate</strong></span> <span class='ocrx_word' id='word_1_265' title='bbox 947 2085 1130 2139; x_wconf 87' lang='lat' dir='ltr'><strong>mundi</strong></span> <span class='ocrx_word' id='word_1_266' title='bbox 1176 2086 1470 2152; x_wconf 82' lang='lat' dir='ltr'><strong>extollitur,</strong></span> <span class='ocrx_word' id='word_1_267' title='bbox 1533 2100 1679 2145; x_wconf 88' lang='lat' dir='ltr'><strong>retro</strong></span> <span class='ocrx_word' id='word_1_268' title='bbox 1713 2091 1907 2146; x_wconf 89' lang='lat' dir='ltr'><strong>cadere</strong></span> 
     </span>
    </p>
   </div>
   <div class='ocr_carea' id='block_1_36' title="bbox 403 2171 1905 2248">
    <p class='ocr_par' dir='ltr' id='par_1_36' title="bbox 403 2171 1905 2248">
     <span class='ocr_line' id='line_1_36' title="bbox 403 2171 1905 2248; baseline 0.009 -25"><span class='ocrx_word' id='word_1_269' title='bbox 403 2171 564 2227; x_wconf 85' lang='lat' dir='ltr'><strong>dicitur.</strong></span> <span class='ocrx_word' id='word_1_270' title='bbox 588 2173 712 2230; x_wconf 88' lang='lat' dir='ltr'><strong>Dicit</strong></span> <span class='ocrx_word' id='word_1_271' title='bbox 732 2175 876 2229; x_wconf 91' lang='lat' dir='ltr'><strong>enim</strong></span> <span class='ocrx_word' id='word_1_272' title='bbox 907 2175 1118 2248; x_wconf 83' lang='lat' dir='ltr'><strong>Moyses</strong></span> <span class='ocrx_word' id='word_1_273' title='bbox 1146 2177 1199 2230; x_wconf 94' lang='lat' dir='ltr'><strong>in</strong></span> <span class='ocrx_word' id='word_1_274' title='bbox 1228 2177 1600 2234; x_wconf 88' lang='lat' dir='ltr'><strong>benedictione</strong></span> <span class='ocrx_word' id='word_1_275' title='bbox 1629 2198 1642 2234; x_wconf 90' lang='lat'>:</span> <span class='ocrx_word' id='word_1_276' title='bbox 1671 2180 1791 2236; x_wconf 86' lang='lat' dir='ltr'><strong>Dan</strong></span> <span class='ocrx_word' id='word_1_277' title='bbox 1812 2199 1905 2236; x_wconf 90' lang='lat' dir='ltr'><strong>ca-</strong></span> 
     </span>
    </p>
   </div>
   <div class='ocr_carea' id='block_1_37' title="bbox 409 2262 1906 2344">
    <p class='ocr_par' dir='ltr' id='par_1_37' title="bbox 409 2262 1906 2344">
     <span class='ocr_line' id='line_1_37' title="bbox 409 2262 1906 2344; baseline 0.01 -32"><span class='ocrx_word' id='word_1_278' title='bbox 409 2263 510 2317; x_wconf 76' lang='lat' dir='ltr'><strong>tulus</strong></span> <span class='ocrx_word' id='word_1_279' title='bbox 527 2262 658 2320; x_wconf 88' lang='lat' dir='ltr'><strong>leonis</strong></span> <span class='ocrx_word' id='word_1_280' title='bbox 676 2269 789 2337; x_wconf 79' lang='lat' dir='ltr'><strong>ﬂuit</strong></span> <span class='ocrx_word' id='word_1_281' title='bbox 812 2266 1033 2337; x_wconf 85' lang='lat' dir='ltr'><strong>largiter</strong></span> <span class='ocrx_word' id='word_1_282' title='bbox 1056 2267 1120 2321; x_wconf 85' lang='lat' dir='ltr'><strong>de</strong></span> <span class='ocrx_word' id='word_1_283' title='bbox 1144 2267 1324 2323; x_wconf 88' lang='lat' dir='ltr'><strong>Basan</strong></span> <span class='ocrx_word' id='word_1_284' title='bbox 1346 2269 1525 2339; x_wconf 84' lang='lat' dir='ltr'><strong>(Deut.</strong></span> <span class='ocrx_word' id='word_1_285' title='bbox 1551 2270 1768 2344; x_wconf 68' lang='grc' dir='ltr'>χχχιιι).</span> <span class='ocrx_word' id='word_1_286' title='bbox 1794 2271 1906 2327; x_wconf 88' lang='lat' dir='ltr'><strong>Leo</strong></span> 
     </span>
    </p>
   </div>
   <div class='ocr_carea' id='block_1_38' title="bbox 413 2355 1906 2432">
    <p class='ocr_par' dir='ltr' id='par_1_38' title="bbox 413 2355 1906 2432">
     <span class='ocr_line' id='line_1_38' title="bbox 413 2355 1906 2432; baseline 0.01 -26"><span class='ocrx_word' id='word_1_287' title='bbox 413 2355 517 2408; x_wconf 86' lang='lat' dir='ltr'><strong>enim</strong></span> <span class='ocrx_word' id='word_1_288' title='bbox 539 2372 616 2426; x_wconf 88' lang='lat' dir='ltr'><strong>per</strong></span> <span class='ocrx_word' id='word_1_289' title='bbox 635 2357 994 2414; x_wconf 80' lang='lat' dir='ltr'><strong>fortitudinem</strong></span> <span class='ocrx_word' id='word_1_290' title='bbox 1028 2358 1227 2415; x_wconf 86' lang='lat' dir='ltr'><strong>Christi</strong></span> <span class='ocrx_word' id='word_1_291' title='bbox 1258 2360 1484 2430; x_wconf 87' lang='lat' dir='ltr'><strong>ﬁguram</strong></span> <span class='ocrx_word' id='word_1_292' title='bbox 1512 2364 1681 2432; x_wconf 88' lang='lat' dir='ltr'><strong>gerit;</strong></span> <span class='ocrx_word' id='word_1_293' title='bbox 1711 2379 1743 2419; x_wconf 91' lang='lat' dir='ltr'><strong>e</strong></span> <span class='ocrx_word' id='word_1_294' title='bbox 1775 2380 1906 2420; x_wconf 86' lang='lat' dir='ltr'><strong>con-</strong></span> 
     </span>
    </p>
   </div>
   <div class='ocr_carea' id='block_1_39' title="bbox 419 2447 1906 2524">
    <p class='ocr_par' dir='ltr' id='par_1_39' title="bbox 419 2447 1906 2524">
     <span class='ocr_line' id='line_1_39' title="bbox 419 2447 1906 2524; baseline 0.011 -28"><span class='ocrx_word' id='word_1_295' title='bbox 419 2447 536 2502; x_wconf 84' lang='lat' dir='ltr'><strong>trario</strong></span> <span class='ocrx_word' id='word_1_296' title='bbox 551 2463 651 2504; x_wconf 89' lang='lat' dir='ltr'><strong>vero</strong></span> <span class='ocrx_word' id='word_1_297' title='bbox 673 2466 766 2520; x_wconf 91' lang='lat' dir='ltr'><strong>per</strong></span> <span class='ocrx_word' id='word_1_298' title='bbox 787 2450 1121 2507; x_wconf 90' lang='lat' dir='ltr'><strong>ferocitatem</strong></span> <span class='ocrx_word' id='word_1_299' title='bbox 1163 2453 1430 2524; x_wconf 88' lang='lat' dir='ltr'><strong>signiﬁcat</strong></span> <span class='ocrx_word' id='word_1_300' title='bbox 1470 2454 1763 2510; x_wconf 89' lang='lat' dir='ltr'><strong>diabolum.</strong></span> <span class='ocrx_word' id='word_1_301' title='bbox 1801 2457 1906 2512; x_wconf 84' lang='lat' dir='ltr'><strong>An-</strong></span> 
     </span>
    </p>
   </div>
   <div class='ocr_carea' id='block_1_40' title="bbox 421 2534 1906 2617">
    <p class='ocr_par' dir='ltr' id='par_1_40' title="bbox 421 2534 1906 2617">
     <span class='ocr_line' id='line_1_40' title="bbox 421 2534 1906 2617; baseline 0.011 -31"><span class='ocrx_word' id='word_1_302' title='bbox 421 2534 624 2593; x_wconf 85' lang='lat' dir='ltr'><strong>tichristus</strong></span> <span class='ocrx_word' id='word_1_303' title='bbox 653 2557 771 2613; x_wconf 88' lang='lat' dir='ltr'><strong>ergo</strong></span> <span class='ocrx_word' id='word_1_304' title='bbox 799 2541 944 2596; x_wconf 90' lang='lat' dir='ltr'><strong>ﬁlius</strong></span> <span class='ocrx_word' id='word_1_305' title='bbox 972 2552 1056 2598; x_wconf 88' lang='lat' dir='ltr'><strong>est</strong></span> <span class='ocrx_word' id='word_1_306' title='bbox 1091 2541 1286 2598; x_wconf 90' lang='lat' dir='ltr'><strong>ferocis</strong></span> <span class='ocrx_word' id='word_1_307' title='bbox 1311 2543 1528 2598; x_wconf 89' lang='lat' dir='ltr'><strong>diaboli.</strong></span> <span class='ocrx_word' id='word_1_308' title='bbox 1557 2544 1655 2601; x_wconf 84' lang='lat' dir='ltr'><strong>Hic</strong></span> <span class='ocrx_word' id='word_1_309' title='bbox 1683 2546 1906 2617; x_wconf 86' lang='lat' dir='ltr'><strong>largiter</strong></span> 
     </span>
    </p>
   </div>
   <div class='ocr_carea' id='block_1_41' title="bbox 422 2621 1904 2702">
    <p class='ocr_par' dir='ltr' id='par_1_41' title="bbox 422 2621 1904 2702">
     <span class='ocr_line' id='line_1_41' title="bbox 422 2621 1904 2702; baseline 0.011 -26"><span class='ocrx_word' id='word_1_310' title='bbox 422 2621 502 2678; x_wconf 85' lang='lat' dir='ltr'><strong>ﬁuit</strong></span> <span class='ocrx_word' id='word_1_311' title='bbox 537 2629 587 2682; x_wconf 89' lang='lat' dir='ltr'><strong>de</strong></span> <span class='ocrx_word' id='word_1_312' title='bbox 606 2628 779 2695; x_wconf 84' lang='lat' dir='ltr'><strong>Basan,</strong></span> <span class='ocrx_word' id='word_1_313' title='bbox 822 2631 948 2702; x_wconf 91' lang='lat' dir='ltr'><strong>quia</strong></span> <span class='ocrx_word' id='word_1_314' title='bbox 976 2631 1163 2702; x_wconf 90' lang='lat' dir='ltr'><strong>plenus</strong></span> <span class='ocrx_word' id='word_1_315' title='bbox 1208 2641 1291 2688; x_wconf 93' lang='lat' dir='ltr'><strong>est</strong></span> <span class='ocrx_word' id='word_1_316' title='bbox 1333 2633 1668 2690; x_wconf 78' lang='lat' dir='ltr'><strong>confusione.</strong></span> <span class='ocrx_word' id='word_1_317' title='bbox 1725 2636 1904 2693; x_wconf 88' lang='lat' dir='ltr'><strong>Basan</strong></span> 
     </span>
    </p>
   </div>
   <div class='ocr_carea' id='block_1_42' title="bbox 422 2714 1905 2794">
    <p class='ocr_par' dir='ltr' id='par_1_42' title="bbox 422 2714 1905 2794">
     <span class='ocr_line' id='line_1_42' title="bbox 422 2714 1905 2794; baseline 0.01 -29"><span class='ocrx_word' id='word_1_318' title='bbox 422 2714 521 2769; x_wconf 85' lang='lat' dir='ltr'><strong>enim</strong></span> <span class='ocrx_word' id='word_1_319' title='bbox 543 2716 886 2790; x_wconf 87' lang='lat' dir='ltr'><strong>interpretatur</strong></span> <span class='ocrx_word' id='word_1_320' title='bbox 932 2723 1191 2793; x_wconf 77' lang='lat' dir='ltr'><strong>confusio,</strong></span> <span class='ocrx_word' id='word_1_321' title='bbox 1219 2724 1331 2778; x_wconf 86' lang='lat' dir='ltr'><strong>sive</strong></span> <span class='ocrx_word' id='word_1_322' title='bbox 1351 2724 1630 2794; x_wconf 85' lang='lat' dir='ltr'><strong>pinguedo,</strong></span> <span class='ocrx_word' id='word_1_323' title='bbox 1661 2725 1745 2780; x_wconf 85' lang='lat' dir='ltr'><strong>vel</strong></span> <span class='ocrx_word' id='word_1_324' title='bbox 1783 2726 1905 2780; x_wconf 81' lang='lat' dir='ltr'><strong>bru-</strong></span> 
     </span>
    </p>
   </div>
   <div class='ocr_carea' id='block_1_43' title="bbox 422 2809 1902 2889">
    <p class='ocr_par' dir='ltr' id='par_1_43' title="bbox 422 2809 1902 2889">
     <span class='ocr_line' id='line_1_43' title="bbox 422 2809 1902 2889; baseline 0.007 -25"><span class='ocrx_word' id='word_1_325' title='bbox 422 2809 525 2864; x_wconf 80' lang='lat' dir='ltr'><strong>rluu.</strong></span> <span class='ocrx_word' id='word_1_326' title='bbox 543 2811 772 2887; x_wconf 84' lang='lat' dir='ltr'><strong>Pinguedo</strong></span> <span class='ocrx_word' id='word_1_327' title='bbox 794 2819 937 2874; x_wconf 91' lang='lat' dir='ltr'><strong>enim</strong></span> <span class='ocrx_word' id='word_1_328' title='bbox 966 2818 1302 2874; x_wconf 91' lang='lat' dir='ltr'><strong>nimietatem</strong></span> <span class='ocrx_word' id='word_1_329' title='bbox 1327 2818 1596 2889; x_wconf 90' lang='lat' dir='ltr'><strong>signiﬁcat</strong></span> <span class='ocrx_word' id='word_1_330' title='bbox 1620 2836 1731 2876; x_wconf 69' lang='lat' dir='ltr'><strong>sua:</strong></span> <span class='ocrx_word' id='word_1_331' title='bbox 1770 2837 1902 2875; x_wconf 88' lang='lat' dir='ltr'><strong>ava-</strong></span> 
     </span>
    </p>
   </div>
   <div class='ocr_carea' id='block_1_44' title="bbox 424 2899 1902 2977">
    <p class='ocr_par' dir='ltr' id='par_1_44' title="bbox 424 2899 1902 2977">
     <span class='ocr_line' id='line_1_44' title="bbox 424 2899 1902 2977; baseline 0.012 -27"><span class='ocrx_word' id='word_1_332' title='bbox 424 2899 518 2956; x_wconf 72' lang='lat' dir='ltr'><strong>ritia</strong></span> <span class='ocrx_word' id='word_1_333' title='bbox 543 2909 920 2977; x_wconf 77' lang='lat' dir='ltr'><strong>atqueluxuriae.</strong></span> <span class='ocrx_word' id='word_1_334' title='bbox 949 2909 1146 2965; x_wconf 90' lang='lat' dir='ltr'><strong>Bruchi</strong></span> <span class='ocrx_word' id='word_1_335' title='bbox 1169 2919 1347 2965; x_wconf 88' lang='lat' dir='ltr'><strong>autem</strong></span> <span class='ocrx_word' id='word_1_336' title='bbox 1375 2911 1778 2966; x_wconf 86' lang='lat' dir='ltr'><strong>similitudinem</strong></span> <span class='ocrx_word' id='word_1_337' title='bbox 1809 2912 1902 2966; x_wconf 85' lang='lat' dir='ltr'><strong>ba-</strong></span> 
     </span>
    </p>
   </div>
   <div class='ocr_carea' id='block_1_45' title="bbox 421 2989 1899 3074">
    <p class='ocr_par' dir='ltr' id='par_1_45' title="bbox 421 2989 1899 3074">
     <span class='ocr_line' id='line_1_45' title="bbox 421 2989 1899 3074; baseline 0.012 -32"><span class='ocrx_word' id='word_1_338' title='bbox 421 2989 487 3045; x_wconf 81' lang='lat' dir='ltr'><strong>bet</strong></span> <span class='ocrx_word' id='word_1_339' title='bbox 501 2994 536 3048; x_wconf 89' lang='lat' dir='ltr'><strong>in</strong></span> <span class='ocrx_word' id='word_1_340' title='bbox 555 2997 647 3064; x_wconf 86' lang='lat' dir='ltr'><strong>hoc,</strong></span> <span class='ocrx_word' id='word_1_341' title='bbox 671 3002 809 3071; x_wconf 90' lang='lat' dir='ltr'><strong>quod</strong></span> <span class='ocrx_word' id='word_1_342' title='bbox 830 3002 968 3057; x_wconf 89' lang='lat' dir='ltr'><strong>sicut</strong></span> <span class='ocrx_word' id='word_1_343' title='bbox 989 3002 1231 3058; x_wconf 86' lang='lat' dir='ltr'><strong>bruchus</strong></span> <span class='ocrx_word' id='word_1_344' title='bbox 1255 3002 1456 3067; x_wconf 58' lang='lat' dir='ltr'><strong>herba,</strong></span> <span class='ocrx_word' id='word_1_345' title='bbox 1491 3003 1563 3057; x_wconf 91' lang='lat' dir='ltr'><strong>ita</strong></span> <span class='ocrx_word' id='word_1_346' title='bbox 1592 3002 1705 3074; x_wconf 89' lang='lat' dir='ltr'><strong>ipse</strong></span> <span class='ocrx_word' id='word_1_347' title='bbox 1728 3004 1899 3060; x_wconf 88' lang='lat' dir='ltr'><strong>virtu-</strong></span> 
     </span>
    </p>
   </div>
   <div class='ocr_carea' id='block_1_46' title="bbox 422 3085 1144 3149">
    <p class='ocr_par' dir='ltr' id='par_1_46' title="bbox 422 3085 1144 3149">
     <span class='ocr_line' id='line_1_46' title="bbox 422 3085 1144 3149; baseline 0.021 -17"><span class='ocrx_word' id='word_1_348' title='bbox 422 3090 501 3136; x_wconf 86' lang='lat' dir='ltr'><strong>tum</strong></span> <span class='ocrx_word' id='word_1_349' title='bbox 516 3085 702 3148; x_wconf 81' lang='lat' dir='ltr'><strong>devastat</strong></span> <span class='ocrx_word' id='word_1_350' title='bbox 732 3092 1144 3149; x_wconf 86' lang='lat' dir='ltr'><strong>formositatem.</strong></span> 
     </span>
    </p>
   </div>
   <div class='ocr_carea' id='block_1_47' title="bbox 471 3173 1905 3254">
    <p class='ocr_par' dir='ltr' id='par_1_47' title="bbox 471 3173 1905 3254">
     <span class='ocr_line' id='line_1_47' title="bbox 471 3173 1905 3254; baseline 0.008 -27"><span class='ocrx_word' id='word_1_351' title='bbox 471 3173 549 3228; x_wconf 82' lang='lat' dir='ltr'><strong>Gad</strong></span> <span class='ocrx_word' id='word_1_352' title='bbox 569 3181 621 3235; x_wconf 86' lang='lat' dir='ltr'><strong>ab</strong></span> <span class='ocrx_word' id='word_1_353' title='bbox 640 3194 814 3238; x_wconf 85' lang='lat' dir='ltr'><strong>eventu</strong></span> <span class='ocrx_word' id='word_1_354' title='bbox 838 3200 930 3240; x_wconf 86' lang='lat' dir='ltr'><strong>seu</strong></span> <span class='ocrx_word' id='word_1_355' title='bbox 955 3185 1224 3254; x_wconf 89' lang='lat' dir='ltr'><strong>procinctu</strong></span> <span class='ocrx_word' id='word_1_356' title='bbox 1269 3192 1487 3239; x_wconf 90' lang='lat' dir='ltr'><strong>vocatus</strong></span> <span class='ocrx_word' id='word_1_357' title='bbox 1525 3191 1627 3238; x_wconf 87' lang='lat' dir='ltr'><strong>est.</strong></span> <span class='ocrx_word' id='word_1_358' title='bbox 1675 3183 1905 3251; x_wconf 81' lang='lat' dir='ltr'><strong>Quando</strong></span> 
     </span>
    </p>
   </div>
   <div class='ocr_carea' id='block_1_48' title="bbox 420 3264 1905 3344">
    <p class='ocr_par' dir='ltr' id='par_1_48' title="bbox 420 3264 1905 3344">
     <span class='ocr_line' id='line_1_48' title="bbox 420 3264 1905 3344; baseline 0.009 -29"><span class='ocrx_word' id='word_1_359' title='bbox 420 3264 520 3319; x_wconf 87' lang='lat' dir='ltr'><strong>enim</strong></span> <span class='ocrx_word' id='word_1_360' title='bbox 535 3274 701 3341; x_wconf 78' lang='lat' dir='ltr'><strong>peperit</strong></span> <span class='ocrx_word' id='word_1_361' title='bbox 729 3290 852 3329; x_wconf 90' lang='lat' dir='ltr'><strong>eum</strong></span> <span class='ocrx_word' id='word_1_362' title='bbox 883 3271 1102 3344; x_wconf 85' lang='lat' dir='ltr'><strong>Zelpha,</strong></span> <span class='ocrx_word' id='word_1_363' title='bbox 1120 3274 1254 3329; x_wconf 79' lang='lat' dir='ltr'><strong>dixit</strong></span> <span class='ocrx_word' id='word_1_364' title='bbox 1275 3274 1489 3330; x_wconf 91' lang='lat' dir='ltr'><strong>domina</strong></span> <span class='ocrx_word' id='word_1_365' title='bbox 1515 3274 1632 3344; x_wconf 86' lang='lat' dir='ltr'><strong>ejus</strong></span> <span class='ocrx_word' id='word_1_366' title='bbox 1651 3273 1744 3328; x_wconf 90' lang='lat' dir='ltr'><strong>Lia</strong></span> <span class='ocrx_word' id='word_1_367' title='bbox 1770 3291 1782 3326; x_wconf 90' lang='lat'>:</span> <span class='ocrx_word' id='word_1_368' title='bbox 1810 3272 1905 3329; x_wconf 89' lang='lat' dir='ltr'><strong>In-</strong></span> 
     </span>
    </p>
   </div>
   <div class='ocr_carea' id='block_1_49' title="bbox 417 3353 1899 3436">
    <p class='ocr_par' dir='ltr' id='par_1_49' title="bbox 417 3353 1899 3436">
     <span class='ocr_line' id='line_1_49' title="bbox 417 3353 1899 3436; baseline -0.003 -15"><span class='ocrx_word' id='word_1_369' title='bbox 417 3353 627 3428; x_wconf 72' lang='lat' dir='ltr'><strong>lortunata,</strong></span> <span class='ocrx_word' id='word_1_370' title='bbox 653 3365 789 3421; x_wconf 90' lang='lat' dir='ltr'><strong>idem</strong></span> <span class='ocrx_word' id='word_1_371' title='bbox 813 3365 952 3435; x_wconf 91' lang='lat' dir='ltr'><strong>quod</strong></span> <span class='ocrx_word' id='word_1_372' title='bbox 977 3366 1192 3431; x_wconf 90' lang='lat' dir='ltr'><strong>dicitur,</strong></span> <span class='ocrx_word' id='word_1_373' title='bbox 1213 3366 1269 3420; x_wconf 91' lang='lat' dir='ltr'><strong>in</strong></span> <span class='ocrx_word' id='word_1_374' title='bbox 1291 3367 1558 3436; x_wconf 83' lang='lat' dir='ltr'><strong>procinctu</strong></span> <span class='ocrx_word' id='word_1_375' title='bbox 1588 3364 1672 3419; x_wconf 91' lang='lat' dir='ltr'><strong>vel</strong></span> <span class='ocrx_word' id='word_1_376' title='bbox 1698 3373 1899 3419; x_wconf 87' lang='lat' dir='ltr'><strong>eventu.</strong></span> 
     </span>
    </p>
   </div>
   <div class='ocr_carea' id='block_1_50' title="bbox 418 3444 1902 3524">
    <p class='ocr_par' dir='ltr' id='par_1_50' title="bbox 418 3444 1902 3524">
     <span class='ocr_line' id='line_1_50' title="bbox 418 3444 1902 3524; baseline 0.006 -27"><span class='ocrx_word' id='word_1_377' title='bbox 418 3444 516 3502; x_wconf 82' lang='lat' dir='ltr'><strong>Dicit</strong></span> <span class='ocrx_word' id='word_1_378' title='bbox 536 3454 644 3509; x_wconf 86' lang='lat' dir='ltr'><strong>enim</strong></span> <span class='ocrx_word' id='word_1_379' title='bbox 681 3456 745 3512; x_wconf 90' lang='lat' dir='ltr'><strong>de</strong></span> <span class='ocrx_word' id='word_1_380' title='bbox 771 3456 862 3511; x_wconf 88' lang='lat' dir='ltr'><strong>illo</strong></span> <span class='ocrx_word' id='word_1_381' title='bbox 895 3457 949 3510; x_wconf 91' lang='lat' dir='ltr'><strong>in</strong></span> <span class='ocrx_word' id='word_1_382' title='bbox 973 3456 1348 3511; x_wconf 88' lang='lat' dir='ltr'><strong>benedictione</strong></span> <span class='ocrx_word' id='word_1_383' title='bbox 1375 3462 1530 3524; x_wconf 92' lang='lat' dir='ltr'><strong>pater</strong></span> <span class='ocrx_word' id='word_1_384' title='bbox 1552 3452 1754 3508; x_wconf 81' lang='lat' dir='ltr'><strong>Jacob:</strong></span> <span class='ocrx_word' id='word_1_385' title='bbox 1785 3449 1902 3506; x_wconf 85' lang='lat' dir='ltr'><strong>Gad</strong></span> 
     </span>
    </p>
   </div>
   <div class='ocr_carea' id='block_1_51' title="bbox 416 3540 1903 3618">
    <p class='ocr_par' dir='ltr' id='par_1_51' title="bbox 416 3540 1903 3618">
     <span class='ocr_line' id='line_1_51' title="bbox 416 3540 1903 3618; baseline 0.006 -29"><span class='ocrx_word' id='word_1_386' title='bbox 416 3540 604 3599; x_wconf 71' lang='lat' dir='ltr'><strong>accinctus</strong></span> <span class='ocrx_word' id='word_1_387' title='bbox 620 3547 940 3618; x_wconf 76' lang='lat' dir='ltr'><strong>prtrliabitur</strong></span> <span class='ocrx_word' id='word_1_388' title='bbox 981 3558 1100 3603; x_wconf 84' lang='lat' dir='ltr'><strong>ante</strong></span> <span class='ocrx_word' id='word_1_389' title='bbox 1125 3564 1262 3612; x_wconf 91' lang='lat' dir='ltr'><strong>eum,</strong></span> <span class='ocrx_word' id='word_1_390' title='bbox 1294 3557 1342 3601; x_wconf 87' lang='lat' dir='ltr'><strong>et</strong></span> <span class='ocrx_word' id='word_1_391' title='bbox 1362 3547 1470 3617; x_wconf 86' lang='lat' dir='ltr'><strong>ipse</strong></span> <span class='ocrx_word' id='word_1_392' title='bbox 1495 3547 1797 3616; x_wconf 83' lang='lat' dir='ltr'><strong>accingetur</strong></span> <span class='ocrx_word' id='word_1_393' title='bbox 1823 3560 1903 3598; x_wconf 88' lang='lat' dir='ltr'><strong>re-</strong></span> 
     </span>
    </p>
   </div>
   <div class='ocr_carea' id='block_1_52' title="bbox 413 3640 1903 3714">
    <p class='ocr_par' dir='ltr' id='par_1_52' title="bbox 413 3640 1903 3714">
     <span class='ocr_line' id='line_1_52' title="bbox 413 3640 1903 3714; baseline 0.008 -30"><span class='ocrx_word' id='word_1_394' title='bbox 413 3642 730 3714; x_wconf 79' lang='lat' dir='ltr'><strong>trorsum(Gen.</strong></span> <span class='ocrx_word' id='word_1_395' title='bbox 784 3645 954 3712; x_wconf 64' lang='grc' dir='ltr'>χιιι).</span> <span class='ocrx_word' id='word_1_396' title='bbox 982 3645 1175 3700; x_wconf 91' lang='lat' dir='ltr'><strong>Totum</strong></span> <span class='ocrx_word' id='word_1_397' title='bbox 1228 3651 1405 3699; x_wconf 90' lang='lat' dir='ltr'><strong>autem</strong></span> <span class='ocrx_word' id='word_1_398' title='bbox 1454 3642 1581 3696; x_wconf 92' lang='lat' dir='ltr'><strong>illud</strong></span> <span class='ocrx_word' id='word_1_399' title='bbox 1608 3649 1713 3707; x_wconf 91' lang='lat' dir='ltr'><strong>est,</strong></span> <span class='ocrx_word' id='word_1_400' title='bbox 1759 3640 1903 3709; x_wconf 89' lang='lat' dir='ltr'><strong>quod</strong></span> 
     </span>
    </p>
   </div>
   <div class='ocr_carea' id='block_1_53' title="bbox 412 3731 1903 3793">
    <p class='ocr_par' dir='ltr' id='par_1_53' title="bbox 412 3731 1903 3793">
     <span class='ocr_line' id='line_1_53' title="bbox 412 3731 1903 3793; baseline 0.002 -9"><span class='ocrx_word' id='word_1_401' title='bbox 412 3736 498 3784; x_wconf 70' lang='lat' dir='ltr'><strong>ante</strong></span> <span class='ocrx_word' id='word_1_402' title='bbox 517 3731 666 3792; x_wconf 84' lang='lat' dir='ltr'><strong>Ruben</strong></span> <span class='ocrx_word' id='word_1_403' title='bbox 715 3747 772 3793; x_wconf 90' lang='lat' dir='ltr'><strong>et</strong></span> <span class='ocrx_word' id='word_1_404' title='bbox 811 3737 1091 3792; x_wconf 89' lang='lat' dir='ltr'><strong>dimidiam</strong></span> <span class='ocrx_word' id='word_1_405' title='bbox 1135 3736 1333 3791; x_wconf 89' lang='lat' dir='ltr'><strong>tribum</strong></span> <span class='ocrx_word' id='word_1_406' title='bbox 1379 3734 1623 3790; x_wconf 89' lang='lat' dir='ltr'><strong>Manasse</strong></span> <span class='ocrx_word' id='word_1_407' title='bbox 1665 3733 1734 3788; x_wconf 88' lang='lat' dir='ltr'><strong>ad</strong></span> <span class='ocrx_word' id='word_1_408' title='bbox 1763 3733 1903 3787; x_wconf 88' lang='lat' dir='ltr'><strong>ﬁlios</strong></span> 
     </span>
    </p>
   </div>
   <div class='ocr_carea' id='block_1_54' title="bbox 413 3824 1903 3897">
    <p class='ocr_par' dir='ltr' id='par_1_54' title="bbox 413 3824 1903 3897">
     <span class='ocr_line' id='line_1_54' title="bbox 413 3824 1903 3897; baseline 0.001 -22"><span class='ocrx_word' id='word_1_409' title='bbox 413 3832 507 3885; x_wconf 85' lang='lat' dir='ltr'><strong>quos</strong></span> <span class='ocrx_word' id='word_1_410' title='bbox 539 3832 658 3883; x_wconf 83' lang='lat' dir='ltr'><strong>trans</strong></span> <span class='ocrx_word' id='word_1_411' title='bbox 679 3827 970 3884; x_wconf 85' lang='lat' dir='ltr'><strong>Jordanem</strong></span> <span class='ocrx_word' id='word_1_412' title='bbox 1004 3827 1057 3882; x_wconf 90' lang='lat' dir='ltr'><strong>in</strong></span> <span class='ocrx_word' id='word_1_413' title='bbox 1085 3826 1426 3897; x_wconf 87' lang='lat' dir='ltr'><strong>possessione</strong></span> <span class='ocrx_word' id='word_1_414' title='bbox 1456 3824 1733 3887; x_wconf 88' lang='lat' dir='ltr'><strong>diviserat,</strong></span> <span class='ocrx_word' id='word_1_415' title='bbox 1780 3831 1903 3892; x_wconf 91' lang='lat' dir='ltr'><strong>post</strong></span> 
     </span>
    </p>
   </div>
   <div class='ocr_carea' id='block_1_55' title="bbox 410 3913 1902 3984">
    <p class='ocr_par' dir='ltr' id='par_1_55' title="bbox 410 3913 1902 3984">
     <span class='ocr_line' id='line_1_55' title="bbox 410 3913 1902 3984; baseline 0.003 -24"><span class='ocrx_word' id='word_1_416' title='bbox 410 3916 734 3975; x_wconf 83' lang='lat' dir='ltr'><strong>quatuordecim</strong></span> <span class='ocrx_word' id='word_1_417' title='bbox 780 3933 954 3972; x_wconf 87' lang='lat' dir='ltr'><strong>annos</strong></span> <span class='ocrx_word' id='word_1_418' title='bbox 979 3924 1278 3981; x_wconf 90' lang='lat' dir='ltr'><strong>revertens,</strong></span> <span class='ocrx_word' id='word_1_419' title='bbox 1341 3915 1583 3984; x_wconf 70' lang='lat' dir='ltr'><strong>praslium</strong></span> <span class='ocrx_word' id='word_1_420' title='bbox 1613 3913 1902 3967; x_wconf 86' lang='lat' dir='ltr'><strong>adversum</strong></span> 
     </span>
    </p>
   </div>
   <div class='ocr_carea' id='block_1_56' title="bbox 407 4003 1902 4078">
    <p class='ocr_par' dir='ltr' id='par_1_56' title="bbox 407 4003 1902 4078">
     <span class='ocr_line' id='line_1_56' title="bbox 407 4003 1902 4078; baseline -0.002 -18"><span class='ocrx_word' id='word_1_421' title='bbox 407 4016 472 4054; x_wconf 74' lang='lat' dir='ltr'><strong>eos</strong></span> <span class='ocrx_word' id='word_1_422' title='bbox 504 4009 701 4075; x_wconf 79' lang='lat' dir='ltr'><strong>gentium</strong></span> <span class='ocrx_word' id='word_1_423' title='bbox 751 4010 1054 4064; x_wconf 89' lang='lat' dir='ltr'><strong>vicinarum</strong></span> <span class='ocrx_word' id='word_1_424' title='bbox 1107 4009 1312 4078; x_wconf 83' lang='lat' dir='ltr'><strong>grande</strong></span> <span class='ocrx_word' id='word_1_425' title='bbox 1375 4006 1595 4076; x_wconf 89' lang='lat' dir='ltr'><strong>reperit,</strong></span> <span class='ocrx_word' id='word_1_426' title='bbox 1647 4013 1701 4059; x_wconf 93' lang='lat' dir='ltr'><strong>et</strong></span> <span class='ocrx_word' id='word_1_427' title='bbox 1745 4003 1902 4059; x_wconf 89' lang='lat' dir='ltr'><strong>victis</strong></span> 
     </span>
    </p>
   </div>
   <div class='ocr_carea' id='block_1_57' title="bbox 406 4088 1902 4169">
    <p class='ocr_par' dir='ltr' id='par_1_57' title="bbox 406 4088 1902 4169">
     <span class='ocr_line' id='line_1_57' title="bbox 406 4088 1902 4169; baseline 0.003 -26"><span class='ocrx_word' id='word_1_428' title='bbox 406 4088 586 4152; x_wconf 83' lang='lat' dir='ltr'><strong>hostibus</strong></span> <span class='ocrx_word' id='word_1_429' title='bbox 606 4097 814 4154; x_wconf 82' lang='lat' dir='ltr'><strong>fortiter</strong></span> <span class='ocrx_word' id='word_1_430' title='bbox 835 4099 1116 4154; x_wconf 89' lang='lat' dir='ltr'><strong>dimicaret</strong></span> <span class='ocrx_word' id='word_1_431' title='bbox 1161 4095 1505 4169; x_wconf 79' lang='lat' dir='ltr'><strong>[dimicavit].</strong></span> <span class='ocrx_word' id='word_1_432' title='bbox 1534 4095 1679 4166; x_wconf 82' lang='lat' dir='ltr'><strong>Lege</strong></span> <span class='ocrx_word' id='word_1_433' title='bbox 1705 4094 1902 4148; x_wconf 87' lang='lat' dir='ltr'><strong>librum</strong></span> 
     </span>
    </p>
   </div>
   <div class='ocr_carea' id='block_1_58' title="bbox 402 4181 1898 4262">
    <p class='ocr_par' dir='ltr' id='par_1_58' title="bbox 402 4181 1898 4262">
     <span class='ocr_line' id='line_1_58' title="bbox 402 4181 1898 4262; baseline 0 -22"><span class='ocrx_word' id='word_1_434' title='bbox 402 4181 492 4240; x_wconf 77' lang='lat' dir='ltr'><strong>Jcsu</strong></span> <span class='ocrx_word' id='word_1_435' title='bbox 508 4188 624 4248; x_wconf 80' lang='lat' dir='ltr'><strong>Nave</strong></span> <span class='ocrx_word' id='word_1_436' title='bbox 667 4203 720 4248; x_wconf 89' lang='lat' dir='ltr'><strong>et</strong></span> <span class='ocrx_word' id='word_1_437' title='bbox 744 4192 1214 4262; x_wconf 87' lang='lat' dir='ltr'><strong>Paralipomenon.</strong></span> <span class='ocrx_word' id='word_1_438' title='bbox 1269 4191 1345 4245; x_wconf 89' lang='lat' dir='ltr'><strong>De</strong></span> <span class='ocrx_word' id='word_1_439' title='bbox 1394 4204 1502 4259; x_wconf 89' lang='lat' dir='ltr'><strong>quo</strong></span> <span class='ocrx_word' id='word_1_440' title='bbox 1530 4189 1737 4258; x_wconf 86' lang='lat' dir='ltr'><strong>Moyses</strong></span> <span class='ocrx_word' id='word_1_441' title='bbox 1777 4186 1852 4241; x_wconf 90' lang='lat' dir='ltr'><strong>ait</strong></span> <span class='ocrx_word' id='word_1_442' title='bbox 1886 4205 1898 4240; x_wconf 92' lang='lat'><strong>:</strong></span> 
     </span>
    </p>
   </div>
   <div class='ocr_carea' id='block_1_59' title="bbox 402 4273 1904 4352">
    <p class='ocr_par' dir='ltr' id='par_1_59' title="bbox 402 4273 1904 4352">
     <span class='ocr_line' id='line_1_59' title="bbox 402 4273 1904 4352; baseline 0.002 -23"><span class='ocrx_word' id='word_1_443' title='bbox 402 4273 636 4340; x_wconf 72' lang='lat' dir='ltr'><strong>Benedictus</strong></span> <span class='ocrx_word' id='word_1_444' title='bbox 660 4287 715 4340; x_wconf 88' lang='lat' dir='ltr'><strong>in</strong></span> <span class='ocrx_word' id='word_1_445' title='bbox 753 4284 1032 4339; x_wconf 83' lang='lat' dir='ltr'><strong>latitudine</strong></span> <span class='ocrx_word' id='word_1_446' title='bbox 1062 4281 1178 4337; x_wconf 83' lang='lat' dir='ltr'><strong>Cad</strong></span> <span class='ocrx_word' id='word_1_447' title='bbox 1200 4299 1218 4337; x_wconf 88' lang='lat'><strong><em>:</em></strong></span> <span class='ocrx_word' id='word_1_448' title='bbox 1240 4281 1392 4352; x_wconf 88' lang='lat' dir='ltr'><strong>quasi</strong></span> <span class='ocrx_word' id='word_1_449' title='bbox 1414 4280 1493 4335; x_wconf 90' lang='lat' dir='ltr'><strong>leo</strong></span> <span class='ocrx_word' id='word_1_450' title='bbox 1523 4281 1790 4352; x_wconf 78' lang='lat' dir='ltr'><strong>requievit,</strong></span> <span class='ocrx_word' id='word_1_451' title='bbox 1819 4296 1904 4332; x_wconf 86' lang='lat' dir='ltr'><strong>ce-</strong></span> 
     </span>
    </p>
   </div>
   <div class='ocr_carea' id='block_1_60' title="bbox 399 4365 1898 4442">
    <p class='ocr_par' dir='ltr' id='par_1_60' title="bbox 399 4365 1898 4442">
     <span class='ocr_line' id='line_1_60' title="bbox 399 4365 1898 4442; baseline -0.005 -12"><span class='ocrx_word' id='word_1_452' title='bbox 399 4365 526 4435; x_wconf 57' lang='lat' dir='ltr'><strong>l’llqu</strong></span> <span class='ocrx_word' id='word_1_453' title='bbox 555 4373 809 4429; x_wconf 84' lang='lat' dir='ltr'><strong>brachium</strong></span> <span class='ocrx_word' id='word_1_454' title='bbox 858 4384 907 4429; x_wconf 89' lang='lat' dir='ltr'><strong>et</strong></span> <span class='ocrx_word' id='word_1_455' title='bbox 951 4373 1227 4440; x_wconf 75' lang='lat' dir='ltr'><strong>verticem;</strong></span> <span class='ocrx_word' id='word_1_456' title='bbox 1277 4382 1324 4426; x_wconf 88' lang='lat' dir='ltr'><strong>et</strong></span> <span class='ocrx_word' id='word_1_457' title='bbox 1361 4371 1486 4426; x_wconf 84' lang='lat' dir='ltr'><strong>vidit</strong></span> <span class='ocrx_word' id='word_1_458' title='bbox 1548 4371 1898 4442; x_wconf 84' lang='lat' dir='ltr'><strong>principatum</strong></span> 
     </span>
    </p>
   </div>
   <div class='ocr_carea' id='block_1_61' title="bbox 397 4461 1901 4536">
    <p class='ocr_par' dir='ltr' id='par_1_61' title="bbox 397 4461 1901 4536">
     <span class='ocr_line' id='line_1_61' title="bbox 397 4461 1901 4536; baseline -0.005 -15"><span class='ocrx_word' id='word_1_459' title='bbox 397 4469 523 4524; x_wconf 67' lang='grc' dir='ltr'><strong>³⁸η,</strong></span> <span class='ocrx_word' id='word_1_460' title='bbox 562 4467 688 4536; x_wconf 79' lang='lat' dir='ltr'><strong>quod</strong></span> <span class='ocrx_word' id='word_1_461' title='bbox 711 4467 766 4521; x_wconf 81' lang='lat' dir='ltr'><strong>in</strong></span> <span class='ocrx_word' id='word_1_462' title='bbox 797 4475 951 4536; x_wconf 85' lang='lat' dir='ltr'><strong>parte</strong></span> <span class='ocrx_word' id='word_1_463' title='bbox 993 4481 1093 4520; x_wconf 87' lang='lat' dir='ltr'><strong>sua</strong></span> <span class='ocrx_word' id='word_1_464' title='bbox 1122 4464 1378 4534; x_wconf 87' lang='lat' dir='ltr'><strong>repositus</strong></span> <span class='ocrx_word' id='word_1_465' title='bbox 1406 4463 1589 4516; x_wconf 89' lang='lat' dir='ltr'><strong>doctor</strong></span> <span class='ocrx_word' id='word_1_466' title='bbox 1617 4471 1745 4516; x_wconf 87' lang='lat' dir='ltr'><strong>esset</strong></span> <span class='ocrx_word' id='word_1_467' title='bbox 1768 4477 1786 4527; x_wconf 91' lang='lat'><strong>;</strong></span> <span class='ocrx_word' id='word_1_468' title='bbox 1809 4461 1901 4532; x_wconf 87' lang='lat' dir='ltr'><strong>qui</strong></span> 
     </span>
    </p>
   </div>
   <div class='ocr_carea' id='block_1_62' title="bbox 399 4547 1900 4631">
    <p class='ocr_par' dir='ltr' id='par_1_62' title="bbox 399 4547 1900 4631">
     <span class='ocr_line' id='line_1_62' title="bbox 399 4547 1900 4631; baseline -0.005 -17"><span class='ocrx_word' id='word_1_469' title='bbox 399 4547 470 4614; x_wconf 67' lang='grc' dir='ltr'>Ῑίιίι</span> <span class='ocrx_word' id='word_1_470' title='bbox 487 4571 578 4612; x_wconf 69' lang='lat' dir='ltr'><strong>cum</strong></span> <span class='ocrx_word' id='word_1_471' title='bbox 607 4561 924 4631; x_wconf 81' lang='lat' dir='ltr'><strong>principibus</strong></span> <span class='ocrx_word' id='word_1_472' title='bbox 945 4558 1142 4630; x_wconf 84' lang='lat' dir='ltr'><strong>populi,</strong></span> <span class='ocrx_word' id='word_1_473' title='bbox 1177 4566 1226 4611; x_wconf 90' lang='lat' dir='ltr'><strong>et</strong></span> <span class='ocrx_word' id='word_1_474' title='bbox 1259 4556 1378 4625; x_wconf 77' lang='lat' dir='ltr'><strong>fecit</strong></span> <span class='ocrx_word' id='word_1_475' title='bbox 1394 4557 1634 4626; x_wconf 88' lang='lat' dir='ltr'><strong>justitias</strong></span> <span class='ocrx_word' id='word_1_476' title='bbox 1663 4553 1900 4618; x_wconf 87' lang='lat' dir='ltr'><strong>Domini,</strong></span> 
     </span>
    </p>
   </div>
   <div class='ocr_carea' id='block_1_63' title="bbox 398 4645 1902 4722">
    <p class='ocr_par' dir='ltr' id='par_1_63' title="bbox 398 4645 1902 4722">
     <span class='ocr_line' id='line_1_63' title="bbox 398 4645 1902 4722; baseline -0.004 -17"><span class='ocrx_word' id='word_1_477' title='bbox 398 4645 660 4713; x_wconf 63' lang='lat' dir='ltr'><strong>“iudicium</strong></span> <span class='ocrx_word' id='word_1_478' title='bbox 687 4670 845 4710; x_wconf 86' lang='lat' dir='ltr'><strong>suum</strong></span> <span class='ocrx_word' id='word_1_479' title='bbox 878 4651 1048 4707; x_wconf 78' lang='lat' dir='ltr'><strong>Israel</strong></span> <span class='ocrx_word' id='word_1_480' title='bbox 1089 4649 1269 4722; x_wconf 88' lang='lat' dir='ltr'><strong>(Deut.</strong></span> <span class='ocrx_word' id='word_1_481' title='bbox 1298 4649 1518 4721; x_wconf 80' lang='lat' dir='ltr'><strong>xxxiii).</strong></span> <span class='ocrx_word' id='word_1_482' title='bbox 1571 4647 1630 4701; x_wconf 88' lang='lat' dir='ltr'><strong>In</strong></span> <span class='ocrx_word' id='word_1_483' title='bbox 1677 4645 1902 4702; x_wconf 87' lang='lat' dir='ltr'><strong>benedi-</strong></span> 
     </span>
    </p>
   </div>
   <div class='ocr_carea' id='block_1_64' title="bbox 399 4737 1900 4815">
    <p class='ocr_par' dir='ltr' id='par_1_64' title="bbox 399 4737 1900 4815">
     <span class='ocr_line' id='line_1_64' title="bbox 399 4737 1900 4815; baseline -0.002 -20"><span class='ocrx_word' id='word_1_484' title='bbox 399 4737 529 4795; x_wconf 73' lang='lat' dir='ltr'><strong>CIioue</strong></span> <span class='ocrx_word' id='word_1_485' title='bbox 547 4743 646 4802; x_wconf 85' lang='lat' dir='ltr'><strong>Gad</strong></span> <span class='ocrx_word' id='word_1_486' title='bbox 667 4747 885 4802; x_wconf 89' lang='lat' dir='ltr'><strong>videtur</strong></span> <span class='ocrx_word' id='word_1_487' title='bbox 918 4744 1126 4815; x_wconf 84' lang='lat' dir='ltr'><strong>Moyses</strong></span> <span class='ocrx_word' id='word_1_488' title='bbox 1154 4741 1450 4812; x_wconf 77' lang='lat' dir='ltr'><strong>praedicere</strong></span> <span class='ocrx_word' id='word_1_489' title='bbox 1470 4739 1764 4795; x_wconf 90' lang='lat' dir='ltr'><strong>secundum</strong></span> <span class='ocrx_word' id='word_1_490' title='bbox 1814 4737 1900 4792; x_wconf 85' lang='lat' dir='ltr'><strong>hi-</strong></span> 
     </span>
    </p>
   </div>
   <div class='ocr_carea' id='block_1_65' title="bbox 399 4827 1900 4906">
    <p class='ocr_par' dir='ltr' id='par_1_65' title="bbox 399 4827 1900 4906">
     <span class='ocr_line' id='line_1_65' title="bbox 399 4827 1900 4906; baseline -0.002 -21"><span class='ocrx_word' id='word_1_491' title='bbox 399 4829 577 4898; x_wconf 69' lang='lat' dir='ltr'><strong>sltuittm,</strong></span> <span class='ocrx_word' id='word_1_492' title='bbox 625 4835 923 4906; x_wconf 84' lang='lat' dir='ltr'><strong>potentiam</strong></span> <span class='ocrx_word' id='word_1_493' title='bbox 983 4835 1220 4888; x_wconf 88' lang='lat' dir='ltr'><strong>virorum</strong></span> <span class='ocrx_word' id='word_1_494' title='bbox 1265 4831 1483 4886; x_wconf 89' lang='lat' dir='ltr'><strong>fortium</strong></span> <span class='ocrx_word' id='word_1_495' title='bbox 1532 4829 1614 4884; x_wconf 92' lang='lat' dir='ltr'><strong>vel</strong></span> <span class='ocrx_word' id='word_1_496' title='bbox 1636 4827 1900 4896; x_wconf 90' lang='lat' dir='ltr'><strong>judicum,</strong></span> 
     </span>
    </p>
   </div>
   <div class='ocr_carea' id='block_1_66' title="bbox 400 4917 1901 4990">
    <p class='ocr_par' dir='ltr' id='par_1_66' title="bbox 400 4917 1901 4990">
     <span class='ocr_line' id='line_1_66' title="bbox 400 4917 1901 4990; baseline -0.006 -8"><span class='ocrx_word' id='word_1_497' title='bbox 400 4917 462 4982; x_wconf 69' lang='lat' dir='ltr'><strong>qui</strong></span> <span class='ocrx_word' id='word_1_498' title='bbox 501 4925 551 4978; x_wconf 88' lang='lat' dir='ltr'><strong>de</strong></span> <span class='ocrx_word' id='word_1_499' title='bbox 590 4928 674 4982; x_wconf 86' lang='lat' dir='ltr'><strong>illa</strong></span> <span class='ocrx_word' id='word_1_500' title='bbox 709 4929 851 4982; x_wconf 89' lang='lat' dir='ltr'><strong>tribu</strong></span> <span class='ocrx_word' id='word_1_501' title='bbox 909 4925 1122 4980; x_wconf 90' lang='lat' dir='ltr'><strong>fuerunt</strong></span> <span class='ocrx_word' id='word_1_502' title='bbox 1155 4943 1166 4976; x_wconf 90' lang='lat'>:</span> <span class='ocrx_word' id='word_1_503' title='bbox 1202 4923 1342 4978; x_wconf 90' lang='lat' dir='ltr'><strong>sicut</strong></span> <span class='ocrx_word' id='word_1_504' title='bbox 1388 4920 1486 4975; x_wconf 89' lang='lat' dir='ltr'><strong>fuit</strong></span> <span class='ocrx_word' id='word_1_505' title='bbox 1521 4919 1714 4990; x_wconf 69' lang='lat' dir='ltr'><strong>Iephte</strong></span> <span class='ocrx_word' id='word_1_506' title='bbox 1761 4920 1901 4974; x_wconf 87' lang='lat' dir='ltr'><strong>inter</strong></span> 
     </span>
    </p>
   </div>
   <div class='ocr_carea' id='block_1_67' title="bbox 401 5012 1903 5089">
    <p class='ocr_par' dir='ltr' id='par_1_67' title="bbox 401 5012 1903 5089">
     <span class='ocr_line' id='line_1_67' title="bbox 401 5012 1903 5089; baseline -0.003 -19"><span class='ocrx_word' id='word_1_507' title='bbox 401 5019 566 5070; x_wconf 56' lang='lat' dir='ltr'><strong>“Nam</strong></span> <span class='ocrx_word' id='word_1_508' title='bbox 589 5020 798 5089; x_wconf 74' lang='lat' dir='ltr'><strong>iudices</strong></span> <span class='ocrx_word' id='word_1_509' title='bbox 843 5017 997 5073; x_wconf 86' lang='lat' dir='ltr'><strong>valde</strong></span> <span class='ocrx_word' id='word_1_510' title='bbox 1025 5017 1206 5072; x_wconf 87' lang='lat' dir='ltr'><strong>clarus</strong></span> <span class='ocrx_word' id='word_1_511' title='bbox 1235 5022 1291 5069; x_wconf 91' lang='lat' dir='ltr'><strong>et</strong></span> <span class='ocrx_word' id='word_1_512' title='bbox 1316 5014 1510 5068; x_wconf 87' lang='lat' dir='ltr'><strong>nobilis</strong></span> <span class='ocrx_word' id='word_1_513' title='bbox 1531 5022 1674 5067; x_wconf 89' lang='lat' dir='ltr'><strong>actu.</strong></span> <span class='ocrx_word' id='word_1_514' title='bbox 1700 5012 1903 5066; x_wconf 88' lang='lat' dir='ltr'><strong>Secun-</strong></span> 
     </span>
    </p>
   </div>
   <div class='ocr_carea' id='block_1_68' title="bbox 399 5097 1898 5182">
    <p class='ocr_par' dir='ltr' id='par_1_68' title="bbox 399 5097 1898 5182">
     <span class='ocr_line' id='line_1_68' title="bbox 399 5097 1898 5182; baseline -0.003 -21"><span class='ocrx_word' id='word_1_515' title='bbox 399 5097 486 5155; x_wconf 77' lang='lat' dir='ltr'><strong>dum</strong></span> <span class='ocrx_word' id='word_1_516' title='bbox 535 5109 801 5182; x_wconf 82' lang='lat' dir='ltr'><strong>allegorias</strong></span> <span class='ocrx_word' id='word_1_517' title='bbox 853 5123 980 5162; x_wconf 83' lang='lat' dir='ltr'><strong>vero</strong></span> <span class='ocrx_word' id='word_1_518' title='bbox 1023 5107 1140 5162; x_wconf 88' lang='lat' dir='ltr'><strong>Gad</strong></span> <span class='ocrx_word' id='word_1_519' title='bbox 1192 5106 1580 5172; x_wconf 89' lang='lat' dir='ltr'><strong>interpretatur</strong></span> <span class='ocrx_word' id='word_1_520' title='bbox 1615 5102 1898 5168; x_wconf 86' lang='lat' dir='ltr'><strong>accinctus,</strong></span> 
     </span>
    </p>
   </div>
   <div class='ocr_carea' id='block_1_69' title="bbox 399 5186 1902 5264">
    <p class='ocr_par' dir='ltr' id='par_1_69' title="bbox 399 5186 1902 5264">
     <span class='ocr_line' id='line_1_69' title="bbox 399 5186 1902 5264; baseline -0.008 -6"><span class='ocrx_word' id='word_1_521' title='bbox 399 5186 566 5258; x_wconf 67' lang='lat' dir='ltr'><strong>“Suram</strong></span> <span class='ocrx_word' id='word_1_522' title='bbox 590 5200 799 5254; x_wconf 88' lang='lat' dir='ltr'><strong>Domini</strong></span> <span class='ocrx_word' id='word_1_523' title='bbox 825 5198 950 5254; x_wconf 84' lang='lat' dir='ltr'><strong>Jesu</strong></span> <span class='ocrx_word' id='word_1_524' title='bbox 972 5198 1193 5259; x_wconf 86' lang='lat' dir='ltr'><strong>Christi,</strong></span> <span class='ocrx_word' id='word_1_525' title='bbox 1223 5196 1312 5264; x_wconf 89' lang='lat' dir='ltr'><strong>qui</strong></span> <span class='ocrx_word' id='word_1_526' title='bbox 1343 5195 1603 5249; x_wconf 90' lang='lat' dir='ltr'><strong>adversus</strong></span> <span class='ocrx_word' id='word_1_527' title='bbox 1632 5193 1902 5262; x_wconf 90' lang='lat' dir='ltr'><strong>nequitias</strong></span> 
     </span>
    </p>
   </div>
   <div class='ocr_carea' id='block_1_70' title="bbox 396 5281 1904 5364">
    <p class='ocr_par' dir='ltr' id='par_1_70' title="bbox 396 5281 1904 5364">
     <span class='ocr_line' id='line_1_70' title="bbox 396 5281 1904 5364; baseline -0.001 -25"><span class='ocrx_word' id='word_1_528' title='bbox 396 5281 634 5347; x_wconf 64' lang='lat' dir='ltr'><strong>spirituales</strong></span> <span class='ocrx_word' id='word_1_529' title='bbox 651 5301 1013 5364; x_wconf 85' lang='lat' dir='ltr'><strong>pugnaturus,</strong></span> <span class='ocrx_word' id='word_1_530' title='bbox 1050 5288 1104 5342; x_wconf 91' lang='lat' dir='ltr'><strong>in</strong></span> <span class='ocrx_word' id='word_1_531' title='bbox 1134 5285 1449 5342; x_wconf 86' lang='lat' dir='ltr'><strong>inﬁrmitate</strong></span> <span class='ocrx_word' id='word_1_532' title='bbox 1477 5284 1658 5339; x_wconf 88' lang='lat' dir='ltr'><strong>carnis</strong></span> <span class='ocrx_word' id='word_1_533' title='bbox 1703 5291 1904 5339; x_wconf 74' lang='lat' dir='ltr'><strong>nostrae.</strong></span> 
     </span>
    </p>
   </div>
   <div class='ocr_carea' id='block_1_71' title="bbox 393 5371 1902 5450">
    <p class='ocr_par' dir='ltr' id='par_1_71' title="bbox 393 5371 1902 5450">
     <span class='ocr_line' id='line_1_71' title="bbox 393 5371 1902 5450; baseline 0.003 -25"><span class='ocrx_word' id='word_1_534' title='bbox 393 5371 540 5434; x_wconf 79' lang='lat' dir='ltr'><strong>virtute</strong></span> <span class='ocrx_word' id='word_1_535' title='bbox 570 5383 864 5438; x_wconf 82' lang='lat' dir='ltr'><strong>divinitatis</strong></span> <span class='ocrx_word' id='word_1_536' title='bbox 911 5397 1022 5436; x_wconf 75' lang='lat' dir='ltr'><strong>sua:</strong></span> <span class='ocrx_word' id='word_1_537' title='bbox 1050 5380 1374 5450; x_wconf 70' lang='lat' dir='ltr'><strong>praecinctus</strong></span> <span class='ocrx_word' id='word_1_538' title='bbox 1405 5377 1694 5448; x_wconf 91' lang='lat' dir='ltr'><strong>apparuit;</strong></span> <span class='ocrx_word' id='word_1_539' title='bbox 1727 5375 1819 5445; x_wconf 92' lang='lat' dir='ltr'><strong>qui</strong></span> <span class='ocrx_word' id='word_1_540' title='bbox 1849 5375 1902 5429; x_wconf 91' lang='lat' dir='ltr'><strong>in</strong></span> 
     </span>
    </p>
   </div>
   <div class='ocr_carea' id='block_1_72' title="bbox 392 5455 1901 5534">
    <p class='ocr_par' dir='ltr' id='par_1_72' title="bbox 392 5455 1901 5534">
     <span class='ocr_line' id='line_1_72' title="bbox 392 5455 1901 5534; baseline 0.005 -24"><span class='ocrx_word' id='word_1_541' title='bbox 392 5455 613 5526; x_wconf 78' lang='lat' dir='ltr'><strong>latitudine</strong></span> <span class='ocrx_word' id='word_1_542' title='bbox 632 5470 948 5526; x_wconf 87' lang='lat' dir='ltr'><strong>benedictus</strong></span> <span class='ocrx_word' id='word_1_543' title='bbox 975 5478 1078 5534; x_wconf 89' lang='lat' dir='ltr'><strong>est,</strong></span> <span class='ocrx_word' id='word_1_544' title='bbox 1118 5484 1240 5524; x_wconf 91' lang='lat' dir='ltr'><strong>cum</strong></span> <span class='ocrx_word' id='word_1_545' title='bbox 1265 5483 1374 5522; x_wconf 89' lang='lat' dir='ltr'><strong>non</strong></span> <span class='ocrx_word' id='word_1_546' title='bbox 1401 5467 1571 5521; x_wconf 91' lang='lat' dir='ltr'><strong>solum</strong></span> <span class='ocrx_word' id='word_1_547' title='bbox 1597 5481 1661 5520; x_wconf 79' lang='lat' dir='ltr'><strong>ex</strong></span> <span class='ocrx_word' id='word_1_548' title='bbox 1684 5465 1901 5528; x_wconf 74' lang='lat' dir='ltr'><strong>Judteis,</strong></span> 
     </span>
    </p>
   </div>
   <div class='ocr_carea' id='block_1_73' title="bbox 387 5555 1902 5628">
    <p class='ocr_par' dir='ltr' id='par_1_73' title="bbox 387 5555 1902 5628">
     <span class='ocr_line' id='line_1_73' title="bbox 387 5555 1902 5628; baseline -0.003 -13"><span class='ocrx_word' id='word_1_549' title='bbox 387 5555 456 5608; x_wconf 65' lang='lat' dir='ltr'><strong>scil</strong></span> <span class='ocrx_word' id='word_1_550' title='bbox 499 5576 551 5616; x_wconf 74' lang='lat' dir='ltr'><strong>ex</strong></span> <span class='ocrx_word' id='word_1_551' title='bbox 590 5564 839 5620; x_wconf 90' lang='lat' dir='ltr'><strong>omnibus</strong></span> <span class='ocrx_word' id='word_1_552' title='bbox 883 5563 1048 5618; x_wconf 88' lang='lat' dir='ltr'><strong>etiam</strong></span> <span class='ocrx_word' id='word_1_553' title='bbox 1097 5561 1406 5616; x_wconf 87' lang='lat' dir='ltr'><strong>nationibus</strong></span> <span class='ocrx_word' id='word_1_554' title='bbox 1443 5557 1835 5628; x_wconf 87' lang='lat' dir='ltr'><strong>amplissimum</strong></span> <span class='ocrx_word' id='word_1_555' title='bbox 1873 5572 1902 5609; x_wconf 92' lang='lat' dir='ltr'><strong>a</strong></span> 
     </span>
    </p>
   </div>
   <div class='ocr_carea' id='block_1_74' title="bbox 387 5643 1904 5729">
    <p class='ocr_par' dir='ltr' id='par_1_74' title="bbox 387 5643 1904 5729">
     <span class='ocr_line' id='line_1_74' title="bbox 387 5643 1904 5729; baseline 0.003 -31"><span class='ocrx_word' id='word_1_556' title='bbox 387 5643 510 5706; x_wconf 77' lang='lat' dir='ltr'><strong>Patre</strong></span> <span class='ocrx_word' id='word_1_557' title='bbox 535 5666 633 5712; x_wconf 88' lang='lat' dir='ltr'><strong>toto</strong></span> <span class='ocrx_word' id='word_1_558' title='bbox 664 5659 796 5714; x_wconf 88' lang='lat' dir='ltr'><strong>orbe</strong></span> <span class='ocrx_word' id='word_1_559' title='bbox 847 5673 1068 5729; x_wconf 77' lang='lat' dir='ltr'><strong>regnum</strong></span> <span class='ocrx_word' id='word_1_560' title='bbox 1097 5655 1323 5725; x_wconf 81' lang='lat' dir='ltr'><strong>accepit,</strong></span> <span class='ocrx_word' id='word_1_561' title='bbox 1357 5651 1578 5720; x_wconf 88' lang='lat' dir='ltr'><strong>impleto</strong></span> <span class='ocrx_word' id='word_1_562' title='bbox 1603 5649 1744 5720; x_wconf 92' lang='lat' dir='ltr'><strong>quod</strong></span> <span class='ocrx_word' id='word_1_563' title='bbox 1775 5649 1904 5703; x_wconf 83' lang='lat' dir='ltr'><strong>Pru-</strong></span> 
     </span>
    </p>
   </div>
   <div class='ocr_carea' id='block_1_75' title="bbox 1931 4431 1978 4489">
    <p class='ocr_par' dir='ltr' id='par_1_75' title="bbox 1931 4431 1978 4489">
     <span class='ocr_line' id='line_1_75' title="bbox 1931 4431 1978 4489; baseline 0 0"><span class='ocrx_word' id='word_1_564' title='bbox 1931 4431 1978 4489; x_wconf 89' lang='lat' dir='ltr'><strong>D</strong></span> 
     </span>
    </p>
   </div>
   <div class='ocr_carea' id='block_1_76' title="bbox 2083 1811 3588 1892">
    <p class='ocr_par' dir='ltr' id='par_1_76' title="bbox 2083 1811 3588 1892">
     <span class='ocr_line' id='line_1_76' title="bbox 2083 1811 3588 1892; baseline 0.011 -28"><span class='ocrx_word' id='word_1_565' title='bbox 2083 1811 2241 1878; x_wconf 86' lang='lat' dir='ltr'><strong>Aser,</strong></span> <span class='ocrx_word' id='word_1_566' title='bbox 2280 1813 2370 1882; x_wconf 92' lang='lat' dir='ltr'><strong>qui</strong></span> <span class='ocrx_word' id='word_1_567' title='bbox 2416 1814 2802 1886; x_wconf 90' lang='lat' dir='ltr'><strong>interpretatur</strong></span> <span class='ocrx_word' id='word_1_568' title='bbox 2852 1818 3067 1883; x_wconf 83' lang='lat' dir='ltr'><strong>beatus;</strong></span> <span class='ocrx_word' id='word_1_569' title='bbox 3121 1822 3246 1892; x_wconf 93' lang='lat' dir='ltr'><strong>quia</strong></span> <span class='ocrx_word' id='word_1_570' title='bbox 3289 1823 3418 1878; x_wconf 90' lang='lat' dir='ltr'><strong>dum</strong></span> <span class='ocrx_word' id='word_1_571' title='bbox 3465 1839 3588 1881; x_wconf 92' lang='lat' dir='ltr'><strong>eum</strong></span> 
     </span>
    </p>
   </div>
   <div class='ocr_carea' id='block_1_77' title="bbox 2010 1903 3592 1985">
    <p class='ocr_par' dir='ltr' id='par_1_77' title="bbox 2010 1903 3592 1985">
     <span class='ocr_line' id='line_1_77' title="bbox 2010 1903 3592 1985; baseline 0.011 -31"><span class='ocrx_word' id='word_1_572' title='bbox 2010 1903 2308 1971; x_wconf 88' lang='lat' dir='ltr'><strong>peperisset</strong></span> <span class='ocrx_word' id='word_1_573' title='bbox 2327 1904 2547 1975; x_wconf 80' lang='lat' dir='ltr'><strong>Zelpba,</strong></span> <span class='ocrx_word' id='word_1_574' title='bbox 2573 1907 2706 1961; x_wconf 83' lang='lat' dir='ltr'><strong>dixit</strong></span> <span class='ocrx_word' id='word_1_575' title='bbox 2727 1907 2822 1962; x_wconf 89' lang='lat' dir='ltr'><strong>Lia</strong></span> <span class='ocrx_word' id='word_1_576' title='bbox 2854 1927 2865 1961; x_wconf 94' lang='lat'>:</span> <span class='ocrx_word' id='word_1_577' title='bbox 2896 1909 3058 1965; x_wconf 85' lang='lat' dir='ltr'><strong>Beata</strong></span> <span class='ocrx_word' id='word_1_578' title='bbox 3087 1928 3199 1982; x_wconf 91' lang='lat' dir='ltr'><strong>ego,</strong></span> <span class='ocrx_word' id='word_1_579' title='bbox 3225 1923 3272 1967; x_wconf 86' lang='lat' dir='ltr'><strong>et</strong></span> <span class='ocrx_word' id='word_1_580' title='bbox 3293 1914 3592 1985; x_wconf 76' lang='lat' dir='ltr'><strong>beatiﬁcant</strong></span> 
     </span>
    </p>
   </div>
   <div class='ocr_carea' id='block_1_78' title="bbox 2009 1993 3591 2067">
    <p class='ocr_par' dir='ltr' id='par_1_78' title="bbox 2009 1993 3591 2067">
     <span class='ocr_line' id='line_1_78' title="bbox 2009 1993 3591 2067; baseline 0.011 -23"><span class='ocrx_word' id='word_1_581' title='bbox 2009 2009 2091 2047; x_wconf 87' lang='lat' dir='ltr'><strong>me</strong></span> <span class='ocrx_word' id='word_1_582' title='bbox 2113 1993 2360 2048; x_wconf 85' lang='lat' dir='ltr'><strong>mulieres</strong></span> <span class='ocrx_word' id='word_1_583' title='bbox 2405 1993 2556 2067; x_wconf 84' lang='lat' dir='ltr'><strong>(Gen.</strong></span> <span class='ocrx_word' id='word_1_584' title='bbox 2591 1999 2744 2065; x_wconf 76' lang='lat' dir='ltr'><strong>xxx).</strong></span> <span class='ocrx_word' id='word_1_585' title='bbox 2774 1999 2873 2054; x_wconf 85' lang='lat' dir='ltr'><strong>Hic</strong></span> <span class='ocrx_word' id='word_1_586' title='bbox 2914 2001 3251 2058; x_wconf 89' lang='lat' dir='ltr'><strong>demonstrat</strong></span> <span class='ocrx_word' id='word_1_587' title='bbox 3300 2004 3591 2062; x_wconf 89' lang='lat' dir='ltr'><strong>Dominum</strong></span> 
     </span>
    </p>
   </div>
   <div class='ocr_carea' id='block_1_79' title="bbox 2007 2081 3594 2160">
    <p class='ocr_par' dir='ltr' id='par_1_79' title="bbox 2007 2081 3594 2160">
     <span class='ocr_line' id='line_1_79' title="bbox 2007 2081 3594 2160; baseline 0.01 -24"><span class='ocrx_word' id='word_1_588' title='bbox 2007 2081 2191 2138; x_wconf 78' lang='lat' dir='ltr'><strong>Jesum</strong></span> <span class='ocrx_word' id='word_1_589' title='bbox 2228 2083 2522 2151; x_wconf 89' lang='lat' dir='ltr'><strong>Christum,</strong></span> <span class='ocrx_word' id='word_1_590' title='bbox 2557 2086 2710 2155; x_wconf 88' lang='lat' dir='ltr'><strong>cujus</strong></span> <span class='ocrx_word' id='word_1_591' title='bbox 2731 2089 2886 2156; x_wconf 90' lang='lat' dir='ltr'><strong>panis</strong></span> <span class='ocrx_word' id='word_1_592' title='bbox 2912 2090 3126 2160; x_wconf 86' lang='lat' dir='ltr'><strong>pinguis</strong></span> <span class='ocrx_word' id='word_1_593' title='bbox 3150 2101 3235 2148; x_wconf 90' lang='lat' dir='ltr'><strong>est</strong></span> <span class='ocrx_word' id='word_1_594' title='bbox 3279 2094 3330 2148; x_wconf 93' lang='lat' dir='ltr'><strong>in</strong></span> <span class='ocrx_word' id='word_1_595' title='bbox 3359 2111 3455 2151; x_wconf 91' lang='lat' dir='ltr'><strong>ore</strong></span> <span class='ocrx_word' id='word_1_596' title='bbox 3474 2112 3594 2152; x_wconf 89' lang='lat' dir='ltr'><strong>cre-</strong></span> 
     </span>
    </p>
   </div>
   <div class='ocr_carea' id='block_1_80' title="bbox 2010 2173 3590 2252">
    <p class='ocr_par' dir='ltr' id='par_1_80' title="bbox 2010 2173 3590 2252">
     <span class='ocr_line' id='line_1_80' title="bbox 2010 2173 3590 2252; baseline 0.009 -25"><span class='ocrx_word' id='word_1_597' title='bbox 2010 2173 2274 2239; x_wconf 89' lang='lat' dir='ltr'><strong>dentium,</strong></span> <span class='ocrx_word' id='word_1_598' title='bbox 2309 2175 2435 2243; x_wconf 87' lang='lat' dir='ltr'><strong>quia</strong></span> <span class='ocrx_word' id='word_1_599' title='bbox 2464 2185 2520 2230; x_wconf 92' lang='lat' dir='ltr'><strong>et</strong></span> <span class='ocrx_word' id='word_1_600' title='bbox 2545 2175 2768 2232; x_wconf 87' lang='lat' dir='ltr'><strong>delicias</strong></span> <span class='ocrx_word' id='word_1_601' title='bbox 2800 2179 3004 2248; x_wconf 67' lang='lat' dir='ltr'><strong>praabet</strong></span> <span class='ocrx_word' id='word_1_602' title='bbox 3052 2183 3288 2252; x_wconf 89' lang='lat' dir='ltr'><strong>regibus,</strong></span> <span class='ocrx_word' id='word_1_603' title='bbox 3335 2186 3438 2240; x_wconf 90' lang='lat' dir='ltr'><strong>hoc</strong></span> <span class='ocrx_word' id='word_1_604' title='bbox 3481 2197 3590 2252; x_wconf 90' lang='lat' dir='ltr'><strong>est,</strong></span> 
     </span>
    </p>
   </div>
   <div class='ocr_carea' id='block_1_81' title="bbox 2009 2263 3588 2344">
    <p class='ocr_par' dir='ltr' id='par_1_81' title="bbox 2009 2263 3588 2344">
     <span class='ocr_line' id='line_1_81' title="bbox 2009 2263 3588 2344; baseline 0.009 -28"><span class='ocrx_word' id='word_1_605' title='bbox 2009 2263 2248 2332; x_wconf 89' lang='lat' dir='ltr'><strong>corporis</strong></span> <span class='ocrx_word' id='word_1_606' title='bbox 2296 2264 2379 2318; x_wconf 91' lang='lat' dir='ltr'><strong>sui</strong></span> <span class='ocrx_word' id='word_1_607' title='bbox 2418 2272 2473 2318; x_wconf 89' lang='lat' dir='ltr'><strong>et</strong></span> <span class='ocrx_word' id='word_1_608' title='bbox 2520 2267 2798 2337; x_wconf 87' lang='lat' dir='ltr'><strong>sanguinis</strong></span> <span class='ocrx_word' id='word_1_609' title='bbox 2842 2280 3183 2326; x_wconf 85' lang='lat' dir='ltr'><strong>sacramenta</strong></span> <span class='ocrx_word' id='word_1_610' title='bbox 3227 2273 3320 2328; x_wconf 87' lang='lat' dir='ltr'><strong>dat</strong></span> <span class='ocrx_word' id='word_1_611' title='bbox 3363 2277 3588 2344; x_wconf 90' lang='lat' dir='ltr'><strong>sanctis,</strong></span> 
     </span>
    </p>
   </div>
   <div class='ocr_carea' id='block_1_82' title="bbox 2011 2351 3591 2436">
    <p class='ocr_par' dir='ltr' id='par_1_82' title="bbox 2011 2351 3591 2436">
     <span class='ocr_line' id='line_1_82' title="bbox 2011 2351 3591 2436; baseline 0.013 -33"><span class='ocrx_word' id='word_1_612' title='bbox 2011 2351 2103 2420; x_wconf 88' lang='lat' dir='ltr'><strong>qui</strong></span> <span class='ocrx_word' id='word_1_613' title='bbox 2133 2351 2235 2406; x_wconf 78' lang='lat' dir='ltr'><strong>rite</strong></span> <span class='ocrx_word' id='word_1_614' title='bbox 2288 2368 2444 2425; x_wconf 88' lang='lat' dir='ltr'><strong>reges</strong></span> <span class='ocrx_word' id='word_1_615' title='bbox 2498 2355 2772 2424; x_wconf 89' lang='lat' dir='ltr'><strong>dicuntur,</strong></span> <span class='ocrx_word' id='word_1_616' title='bbox 2806 2360 3060 2428; x_wconf 89' lang='lat' dir='ltr'><strong>quoniam</strong></span> <span class='ocrx_word' id='word_1_617' title='bbox 3092 2363 3226 2418; x_wconf 69' lang='lat' dir='ltr'><strong>bene</strong></span> <span class='ocrx_word' id='word_1_618' title='bbox 3271 2367 3591 2436; x_wconf 84' lang='lat' dir='ltr'><strong>semetipsos</strong></span> 
     </span>
    </p>
   </div>
   <div class='ocr_carea' id='block_1_83' title="bbox 2009 2442 3590 2528">
    <p class='ocr_par' dir='ltr' id='par_1_83' title="bbox 2009 2442 3590 2528">
     <span class='ocr_line' id='line_1_83' title="bbox 2009 2442 3590 2528; baseline 0.013 -33"><span class='ocrx_word' id='word_1_619' title='bbox 2009 2442 2095 2498; x_wconf 85' lang='lat' dir='ltr'><strong>vel</strong></span> <span class='ocrx_word' id='word_1_620' title='bbox 2136 2443 2238 2498; x_wconf 91' lang='lat' dir='ltr'><strong>sibi</strong></span> <span class='ocrx_word' id='word_1_621' title='bbox 2263 2445 2506 2500; x_wconf 89' lang='lat' dir='ltr'><strong>subditos</strong></span> <span class='ocrx_word' id='word_1_622' title='bbox 2543 2457 2754 2519; x_wconf 87' lang='lat' dir='ltr'><strong>regunt.</strong></span> <span class='ocrx_word' id='word_1_623' title='bbox 2787 2448 2887 2505; x_wconf 86' lang='lat' dir='ltr'><strong>Hic</strong></span> <span class='ocrx_word' id='word_1_624' title='bbox 2931 2453 3225 2508; x_wconf 90' lang='lat' dir='ltr'><strong>secundum</strong></span> <span class='ocrx_word' id='word_1_625' title='bbox 3248 2459 3590 2528; x_wconf 89' lang='lat' dir='ltr'><strong>pr0phetiam</strong></span> 
     </span>
    </p>
   </div>
   <div class='ocr_carea' id='block_1_84' title="bbox 2009 2533 3594 2615">
    <p class='ocr_par' dir='ltr' id='par_1_84' title="bbox 2009 2533 3594 2615">
     <span class='ocr_line' id='line_1_84' title="bbox 2009 2533 3594 2615; baseline 0.013 -27"><span class='ocrx_word' id='word_1_626' title='bbox 2009 2533 2180 2606; x_wconf 83' lang='lat' dir='ltr'><strong>Moysi</strong></span> <span class='ocrx_word' id='word_1_627' title='bbox 2219 2545 2304 2591; x_wconf 92' lang='lat' dir='ltr'><strong>est</strong></span> <span class='ocrx_word' id='word_1_628' title='bbox 2345 2537 2658 2595; x_wconf 86' lang='lat' dir='ltr'><strong>benedictus</strong></span> <span class='ocrx_word' id='word_1_629' title='bbox 2687 2539 2740 2594; x_wconf 91' lang='lat' dir='ltr'><strong>in</strong></span> <span class='ocrx_word' id='word_1_630' title='bbox 2786 2541 2932 2608; x_wconf 87' lang='lat' dir='ltr'><strong>ﬁliis,</strong></span> <span class='ocrx_word' id='word_1_631' title='bbox 2983 2553 3040 2599; x_wconf 88' lang='lat' dir='ltr'><strong>et</strong></span> <span class='ocrx_word' id='word_1_632' title='bbox 3081 2545 3298 2615; x_wconf 89' lang='lat' dir='ltr'><strong>placens</strong></span> <span class='ocrx_word' id='word_1_633' title='bbox 3335 2549 3594 2610; x_wconf 86' lang='lat' dir='ltr'><strong>fratribus</strong></span> 
     </span>
    </p>
   </div>
   <div class='ocr_carea' id='block_1_85' title="bbox 2009 2628 3590 2711">
    <p class='ocr_par' dir='ltr' id='par_1_85' title="bbox 2009 2628 3590 2711">
     <span class='ocr_line' id='line_1_85' title="bbox 2009 2628 3590 2711; baseline 0.011 -29"><span class='ocrx_word' id='word_1_634' title='bbox 2009 2628 2142 2692; x_wconf 89' lang='lat' dir='ltr'><strong>suis,</strong></span> <span class='ocrx_word' id='word_1_635' title='bbox 2171 2643 2293 2682; x_wconf 92' lang='lat' dir='ltr'><strong>cum</strong></span> <span class='ocrx_word' id='word_1_636' title='bbox 2332 2631 2613 2686; x_wconf 89' lang='lat' dir='ltr'><strong>credentes</strong></span> <span class='ocrx_word' id='word_1_637' title='bbox 2641 2631 2696 2685; x_wconf 90' lang='lat' dir='ltr'><strong>in</strong></span> <span class='ocrx_word' id='word_1_638' title='bbox 2725 2647 2851 2688; x_wconf 91' lang='lat' dir='ltr'><strong>eum</strong></span> <span class='ocrx_word' id='word_1_639' title='bbox 2880 2642 2934 2688; x_wconf 90' lang='lat' dir='ltr'><strong>et</strong></span> <span class='ocrx_word' id='word_1_640' title='bbox 2959 2650 3055 2705; x_wconf 92' lang='lat' dir='ltr'><strong>per</strong></span> <span class='ocrx_word' id='word_1_641' title='bbox 3079 2635 3195 2706; x_wconf 86' lang='lat' dir='ltr'><strong>ejus</strong></span> <span class='ocrx_word' id='word_1_642' title='bbox 3245 2643 3472 2711; x_wconf 89' lang='lat' dir='ltr'><strong>gratiam</strong></span> <span class='ocrx_word' id='word_1_643' title='bbox 3503 2659 3590 2700; x_wconf 87' lang='lat' dir='ltr'><strong>re-</strong></span> 
     </span>
    </p>
   </div>
   <div class='ocr_carea' id='block_1_86' title="bbox 2008 2719 3587 2803">
    <p class='ocr_par' dir='ltr' id='par_1_86' title="bbox 2008 2719 3587 2803">
     <span class='ocr_line' id='line_1_86' title="bbox 2008 2719 3587 2803; baseline 0.012 -32"><span class='ocrx_word' id='word_1_644' title='bbox 2008 2724 2294 2772; x_wconf 89' lang='lat' dir='ltr'><strong>nascentes</strong></span> <span class='ocrx_word' id='word_1_645' title='bbox 2321 2719 2632 2775; x_wconf 88' lang='lat' dir='ltr'><strong>universum</strong></span> <span class='ocrx_word' id='word_1_646' title='bbox 2657 2723 2845 2778; x_wconf 90' lang='lat' dir='ltr'><strong>orbem</strong></span> <span class='ocrx_word' id='word_1_647' title='bbox 2870 2724 2924 2779; x_wconf 88' lang='lat' dir='ltr'><strong>in</strong></span> <span class='ocrx_word' id='word_1_648' title='bbox 2959 2726 3313 2786; x_wconf 89' lang='lat' dir='ltr'><strong>similitudine</strong></span> <span class='ocrx_word' id='word_1_649' title='bbox 3343 2734 3587 2803; x_wconf 80' lang='lat' dir='ltr'><strong>repleve—</strong></span> 
     </span>
    </p>
   </div>
   <div class='ocr_carea' id='block_1_87' title="bbox 2009 2807 3590 2897">
    <p class='ocr_par' dir='ltr' id='par_1_87' title="bbox 2009 2807 3590 2897">
     <span class='ocr_line' id='line_1_87' title="bbox 2009 2807 3590 2897; baseline 0.014 -37"><span class='ocrx_word' id='word_1_650' title='bbox 2009 2818 2166 2874; x_wconf 89' lang='lat' dir='ltr'><strong>runt;</strong></span> <span class='ocrx_word' id='word_1_651' title='bbox 2222 2816 2279 2863; x_wconf 92' lang='lat' dir='ltr'><strong>et</strong></span> <span class='ocrx_word' id='word_1_652' title='bbox 2304 2807 2583 2876; x_wconf 88' lang='lat' dir='ltr'><strong>fratribus,</strong></span> <span class='ocrx_word' id='word_1_653' title='bbox 2611 2813 2713 2867; x_wconf 90' lang='lat' dir='ltr'><strong>hoc</strong></span> <span class='ocrx_word' id='word_1_654' title='bbox 2737 2821 2838 2880; x_wconf 89' lang='lat' dir='ltr'><strong>est,</strong></span> <span class='ocrx_word' id='word_1_655' title='bbox 2876 2818 3134 2886; x_wconf 90' lang='lat' dir='ltr'><strong>apostolis</strong></span> <span class='ocrx_word' id='word_1_656' title='bbox 3165 2830 3219 2875; x_wconf 91' lang='lat' dir='ltr'><strong>et</strong></span> <span class='ocrx_word' id='word_1_657' title='bbox 3240 2825 3444 2880; x_wconf 90' lang='lat' dir='ltr'><strong>sanctis</strong></span> <span class='ocrx_word' id='word_1_658' title='bbox 3465 2843 3590 2897; x_wconf 85' lang='lat' dir='ltr'><strong>gra-</strong></span> 
     </span>
    </p>
   </div>
   <div class='ocr_carea' id='block_1_88' title="bbox 2011 2899 3590 2982">
    <p class='ocr_par' dir='ltr' id='par_1_88' title="bbox 2011 2899 3590 2982">
     <span class='ocr_line' id='line_1_88' title="bbox 2011 2899 3590 2982; baseline 0.015 -30"><span class='ocrx_word' id='word_1_659' title='bbox 2011 2899 2140 2953; x_wconf 84' lang='lat' dir='ltr'><strong>tiam</strong></span> <span class='ocrx_word' id='word_1_660' title='bbox 2169 2914 2280 2954; x_wconf 72' lang='lat' dir='ltr'><strong>suae</strong></span> <span class='ocrx_word' id='word_1_661' title='bbox 2303 2900 2609 2957; x_wconf 88' lang='lat' dir='ltr'><strong>dilectionis</strong></span> <span class='ocrx_word' id='word_1_662' title='bbox 2635 2902 2709 2958; x_wconf 89' lang='lat' dir='ltr'><strong>ita</strong></span> <span class='ocrx_word' id='word_1_663' title='bbox 2739 2905 2947 2974; x_wconf 89' lang='lat' dir='ltr'><strong>tribuit,</strong></span> <span class='ocrx_word' id='word_1_664' title='bbox 2983 2921 3043 2965; x_wconf 91' lang='lat' dir='ltr'><strong>ut</strong></span> <span class='ocrx_word' id='word_1_665' title='bbox 3073 2909 3206 2982; x_wconf 89' lang='lat' dir='ltr'><strong>legis</strong></span> <span class='ocrx_word' id='word_1_666' title='bbox 3233 2920 3590 2975; x_wconf 61' lang='lat' dir='ltr'><strong>caeremonias</strong></span> 
     </span>
    </p>
   </div>
   <div class='ocr_carea' id='block_1_89' title="bbox 2013 2999 3594 3082">
    <p class='ocr_par' dir='ltr' id='par_1_89' title="bbox 2013 2999 3594 3082">
     <span class='ocr_line' id='line_1_89' title="bbox 2013 2999 3594 3082; baseline 0.015 -37"><span class='ocrx_word' id='word_1_667' title='bbox 2013 2999 2357 3062; x_wconf 84' lang='lat' dir='ltr'><strong>spernerent,</strong></span> <span class='ocrx_word' id='word_1_668' title='bbox 2387 3001 2443 3049; x_wconf 89' lang='lat' dir='ltr'><strong>et</strong></span> <span class='ocrx_word' id='word_1_669' title='bbox 2488 3003 2738 3067; x_wconf 88' lang='lat' dir='ltr'><strong>suscepta</strong></span> <span class='ocrx_word' id='word_1_670' title='bbox 2787 3000 3097 3072; x_wconf 86' lang='lat' dir='ltr'><strong>evangelica</strong></span> <span class='ocrx_word' id='word_1_671' title='bbox 3132 3007 3360 3065; x_wconf 85' lang='lat' dir='ltr'><strong>veritate</strong></span> <span class='ocrx_word' id='word_1_672' title='bbox 3389 3012 3594 3082; x_wconf 90' lang='lat' dir='ltr'><strong>gaude-</strong></span> 
     </span>
    </p>
   </div>
   <div class='ocr_carea' id='block_1_90' title="bbox 1935 3076 3587 3164">
    <p class='ocr_par' dir='ltr' id='par_1_90' title="bbox 1935 3076 3587 3164">
     <span class='ocr_line' id='line_1_90' title="bbox 1935 3076 3587 3164; baseline 0.016 -37"><span class='ocrx_word' id='word_1_673' title='bbox 1935 3076 1980 3140; x_wconf 85' lang='lat' dir='ltr'><strong>C</strong></span> <span class='ocrx_word' id='word_1_674' title='bbox 2007 3085 2128 3130; x_wconf 89' lang='lat' dir='ltr'><strong>rent</strong></span> <span class='ocrx_word' id='word_1_675' title='bbox 2151 3084 2206 3131; x_wconf 91' lang='lat' dir='ltr'><strong>et</strong></span> <span class='ocrx_word' id='word_1_676' title='bbox 2227 3077 2589 3148; x_wconf 80' lang='lat' dir='ltr'><strong>exsultarent,</strong></span> <span class='ocrx_word' id='word_1_677' title='bbox 2615 3086 2867 3153; x_wconf 85' lang='lat' dir='ltr'><strong>quoniam</strong></span> <span class='ocrx_word' id='word_1_678' title='bbox 2890 3091 3036 3158; x_wconf 75' lang='lat' dir='ltr'><strong>digni</strong></span> <span class='ocrx_word' id='word_1_679' title='bbox 3052 3091 3222 3145; x_wconf 85' lang='lat' dir='ltr'><strong>habiti</strong></span> <span class='ocrx_word' id='word_1_680' title='bbox 3238 3103 3360 3148; x_wconf 79' lang='lat' dir='ltr'><strong>sunt</strong></span> <span class='ocrx_word' id='word_1_681' title='bbox 3380 3076 3587 3164; x_wconf 64' lang='lat' dir='ltr'><strong>pretio-</strong></span> 
     </span>
    </p>
   </div>
   <div class='ocr_carea' id='block_1_91' title="bbox 2005 3166 3586 3255">
    <p class='ocr_par' dir='ltr' id='par_1_91' title="bbox 2005 3166 3586 3255">
     <span class='ocr_line' id='line_1_91' title="bbox 2005 3166 3586 3255; baseline 0.019 -37"><span class='ocrx_word' id='word_1_682' title='bbox 2005 3166 2146 3220; x_wconf 85' lang='lat' dir='ltr'><strong>mine</strong></span> <span class='ocrx_word' id='word_1_683' title='bbox 2168 3166 2282 3237; x_wconf 79' lang='lat' dir='ltr'><strong>ejus</strong></span> <span class='ocrx_word' id='word_1_684' title='bbox 2303 3172 2672 3228; x_wconf 84' lang='lat' dir='ltr'><strong>contumeliam</strong></span> <span class='ocrx_word' id='word_1_685' title='bbox 2697 3177 2814 3245; x_wconf 89' lang='lat' dir='ltr'><strong>pati</strong></span> <span class='ocrx_word' id='word_1_686' title='bbox 2832 3177 2975 3249; x_wconf 80' lang='lat' dir='ltr'><strong>(Act.</strong></span> <span class='ocrx_word' id='word_1_687' title='bbox 2999 3180 3072 3250; x_wconf 89' lang='lat' dir='ltr'><strong>v),</strong></span> <span class='ocrx_word' id='word_1_688' title='bbox 3102 3185 3424 3255; x_wconf 83' lang='lat' dir='ltr'><strong>cunctisque</strong></span> <span class='ocrx_word' id='word_1_689' title='bbox 3451 3190 3586 3247; x_wconf 89' lang='lat' dir='ltr'><strong>ﬁde-</strong></span> 
     </span>
    </p>
   </div>
   <div class='ocr_carea' id='block_1_92' title="bbox 2004 3257 3584 3343">
    <p class='ocr_par' dir='ltr' id='par_1_92' title="bbox 2004 3257 3584 3343">
     <span class='ocr_line' id='line_1_92' title="bbox 2004 3257 3584 3343; baseline 0.018 -33"><span class='ocrx_word' id='word_1_690' title='bbox 2004 3257 2144 3316; x_wconf 90' lang='lat' dir='ltr'><strong>libus</strong></span> <span class='ocrx_word' id='word_1_691' title='bbox 2164 3264 2541 3330; x_wconf 67' lang='lat' dir='ltr'><strong>praedicarent,</strong></span> <span class='ocrx_word' id='word_1_692' title='bbox 2564 3267 2828 3325; x_wconf 77' lang='lat' dir='ltr'><strong>dicentes:</strong></span> <span class='ocrx_word' id='word_1_693' title='bbox 2852 3270 3017 3326; x_wconf 85' lang='lat' dir='ltr'><strong>Omne</strong></span> <span class='ocrx_word' id='word_1_694' title='bbox 3033 3276 3287 3343; x_wconf 84' lang='lat' dir='ltr'><strong>gaudium</strong></span> <span class='ocrx_word' id='word_1_695' title='bbox 3305 3281 3584 3340; x_wconf 81' lang='lat' dir='ltr'><strong>existima-</strong></span> 
     </span>
    </p>
   </div>
   <div class='ocr_carea' id='block_1_93' title="bbox 2001 3359 3582 3446">
    <p class='ocr_par' dir='ltr' id='par_1_93' title="bbox 2001 3359 3582 3446">
     <span class='ocr_line' id='line_1_93' title="bbox 2001 3359 3582 3446; baseline 0.017 -38"><span class='ocrx_word' id='word_1_696' title='bbox 2001 3363 2074 3420; x_wconf 79' lang='lat' dir='ltr'><strong>te,</strong></span> <span class='ocrx_word' id='word_1_697' title='bbox 2093 3372 2214 3409; x_wconf 76' lang='lat' dir='ltr'><strong>sum</strong></span> <span class='ocrx_word' id='word_1_698' title='bbox 2237 3359 2288 3412; x_wconf 86' lang='lat' dir='ltr'><strong>in</strong></span> <span class='ocrx_word' id='word_1_699' title='bbox 2324 3361 2636 3415; x_wconf 84' lang='lat' dir='ltr'><strong>tentatioues</strong></span> <span class='ocrx_word' id='word_1_700' title='bbox 2658 3365 2836 3418; x_wconf 85' lang='lat' dir='ltr'><strong>varias</strong></span> <span class='ocrx_word' id='word_1_701' title='bbox 2859 3366 3151 3424; x_wconf 86' lang='lat' dir='ltr'><strong>incideritis</strong></span> <span class='ocrx_word' id='word_1_702' title='bbox 3179 3371 3322 3440; x_wconf 83' lang='lat' dir='ltr'><strong>(Jac.</strong></span> <span class='ocrx_word' id='word_1_703' title='bbox 3343 3377 3404 3446; x_wconf 88' lang='grc' dir='ltr'><strong>ι).</strong></span> <span class='ocrx_word' id='word_1_704' title='bbox 3427 3375 3582 3435; x_wconf 88' lang='lat' dir='ltr'><strong>Unde</strong></span> 
     </span>
    </p>
   </div>
   <div class='ocr_carea' id='block_1_94' title="bbox 2004 3447 3587 3527">
    <p class='ocr_par' dir='ltr' id='par_1_94' title="bbox 2004 3447 3587 3527">
     <span class='ocr_line' id='line_1_94' title="bbox 2004 3447 3587 3527; baseline 0.013 -29"><span class='ocrx_word' id='word_1_705' title='bbox 2004 3453 2187 3500; x_wconf 91' lang='lat' dir='ltr'><strong>autem</strong></span> <span class='ocrx_word' id='word_1_706' title='bbox 2235 3453 2387 3501; x_wconf 88' lang='lat' dir='ltr'><strong>tanta</strong></span> <span class='ocrx_word' id='word_1_707' title='bbox 2414 3447 2468 3502; x_wconf 90' lang='lat' dir='ltr'><strong>in</strong></span> <span class='ocrx_word' id='word_1_708' title='bbox 2490 3448 2572 3504; x_wconf 90' lang='lat' dir='ltr'><strong>eis</strong></span> <span class='ocrx_word' id='word_1_709' title='bbox 2596 3448 2667 3505; x_wconf 90' lang='lat' dir='ltr'><strong>sit</strong></span> <span class='ocrx_word' id='word_1_710' title='bbox 2693 3451 3022 3509; x_wconf 88' lang='lat' dir='ltr'><strong>abundantia</strong></span> <span class='ocrx_word' id='word_1_711' title='bbox 3051 3455 3336 3514; x_wconf 90' lang='lat' dir='ltr'><strong>charitatis</strong></span> <span class='ocrx_word' id='word_1_712' title='bbox 3361 3460 3587 3527; x_wconf 85' lang='lat' dir='ltr'><strong>Christi.</strong></span> 
     </span>
    </p>
   </div>
   <div class='ocr_carea' id='block_1_95' title="bbox 2004 3536 3587 3620">
    <p class='ocr_par' dir='ltr' id='par_1_95' title="bbox 2004 3536 3587 3620">
     <span class='ocr_line' id='line_1_95' title="bbox 2004 3536 3587 3620; baseline 0.012 -31"><span class='ocrx_word' id='word_1_713' title='bbox 2004 3536 2294 3606; x_wconf 85' lang='lat' dir='ltr'><strong>exponitur</strong></span> <span class='ocrx_word' id='word_1_714' title='bbox 2341 3538 2590 3608; x_wconf 89' lang='lat' dir='ltr'><strong>ﬁgurate,</strong></span> <span class='ocrx_word' id='word_1_715' title='bbox 2639 3541 2768 3596; x_wconf 90' lang='lat' dir='ltr'><strong>dum</strong></span> <span class='ocrx_word' id='word_1_716' title='bbox 2817 3544 3103 3600; x_wconf 86' lang='lat' dir='ltr'><strong>subditur:</strong></span> <span class='ocrx_word' id='word_1_717' title='bbox 3141 3546 3183 3600; x_wconf 89' lang='grc' dir='ltr'><em>Τ</em></span> <span class='ocrx_word' id='word_1_718' title='bbox 3185 3549 3350 3620; x_wconf 72' lang='lat' dir='ltr'><strong>inquit</strong></span> <span class='ocrx_word' id='word_1_719' title='bbox 3385 3552 3441 3606; x_wconf 90' lang='lat' dir='ltr'><strong>in</strong></span> <span class='ocrx_word' id='word_1_720' title='bbox 3474 3553 3587 3609; x_wconf 89' lang='lat' dir='ltr'><strong>oleo</strong></span> 
     </span>
    </p>
   </div>
   <div class='ocr_carea' id='block_1_96' title="bbox 2003 3630 3583 3715">
    <p class='ocr_par' dir='ltr' id='par_1_96' title="bbox 2003 3630 3583 3715">
     <span class='ocr_line' id='line_1_96' title="bbox 2003 3630 3583 3715; baseline 0.012 -32"><span class='ocrx_word' id='word_1_721' title='bbox 2003 3630 2183 3700; x_wconf 84' lang='lat' dir='ltr'><strong>pedem</strong></span> <span class='ocrx_word' id='word_1_722' title='bbox 2211 3647 2365 3685; x_wconf 87' lang='lat' dir='ltr'><strong>suum</strong></span> <span class='ocrx_word' id='word_1_723' title='bbox 2429 3633 2609 3705; x_wconf 88' lang='lat' dir='ltr'><strong>(Deut.</strong></span> <span class='ocrx_word' id='word_1_724' title='bbox 2651 3634 2869 3708; x_wconf 64' lang='grc' dir='ltr'>χχχιιι).</span> <span class='ocrx_word' id='word_1_725' title='bbox 2930 3637 3240 3696; x_wconf 86' lang='lat' dir='ltr'><strong>Ascendens</strong></span> <span class='ocrx_word' id='word_1_726' title='bbox 3275 3645 3476 3715; x_wconf 79' lang='lat' dir='ltr'><strong>quippe</strong></span> <span class='ocrx_word' id='word_1_727' title='bbox 3529 3648 3583 3702; x_wconf 91' lang='lat' dir='ltr'><strong>iu</strong></span> 
     </span>
    </p>
   </div>
   <div class='ocr_carea' id='block_1_97' title="bbox 2004 3721 3587 3794">
    <p class='ocr_par' dir='ltr' id='par_1_97' title="bbox 2004 3721 3587 3794">
     <span class='ocr_line' id='line_1_97' title="bbox 2004 3721 3587 3794; baseline 0.01 -17"><span class='ocrx_word' id='word_1_728' title='bbox 2004 3721 2203 3777; x_wconf 81' lang='lat' dir='ltr'><strong>ccelum</strong></span> <span class='ocrx_word' id='word_1_729' title='bbox 2251 3731 2414 3793; x_wconf 91' lang='lat' dir='ltr'><strong>caput</strong></span> <span class='ocrx_word' id='word_1_730' title='bbox 2461 3735 2706 3780; x_wconf 67' lang='lat' dir='ltr'><strong>rostrum</strong></span> <span class='ocrx_word' id='word_1_731' title='bbox 2768 3726 3030 3784; x_wconf 91' lang='lat' dir='ltr'><strong>Dominus</strong></span> <span class='ocrx_word' id='word_1_732' title='bbox 3065 3730 3317 3789; x_wconf 91' lang='lat' dir='ltr'><strong>Christus</strong></span> <span class='ocrx_word' id='word_1_733' title='bbox 3361 3737 3587 3794; x_wconf 86' lang='lat' dir='ltr'><strong>chorum</strong></span> 
     </span>
    </p>
   </div>
   <div class='ocr_carea' id='block_1_98' title="bbox 2005 3813 3587 3889">
    <p class='ocr_par' dir='ltr' id='par_1_98' title="bbox 2005 3813 3587 3889">
     <span class='ocr_line' id='line_1_98' title="bbox 2005 3813 3587 3889; baseline 0.013 -24"><span class='ocrx_word' id='word_1_734' title='bbox 2005 3813 2384 3882; x_wconf 86' lang='lat' dir='ltr'><strong>apostolicum,</strong></span> <span class='ocrx_word' id='word_1_735' title='bbox 2410 3814 2562 3885; x_wconf 85' lang='lat' dir='ltr'><strong>cujus</strong></span> <span class='ocrx_word' id='word_1_736' title='bbox 2589 3832 2823 3874; x_wconf 90' lang='lat' dir='ltr'><strong>consona</strong></span> <span class='ocrx_word' id='word_1_737' title='bbox 2847 3821 3230 3889; x_wconf 67' lang='lat' dir='ltr'><strong>praedicatione</strong></span> <span class='ocrx_word' id='word_1_738' title='bbox 3274 3828 3587 3885; x_wconf 89' lang='lat' dir='ltr'><strong>universum</strong></span> 
     </span>
    </p>
   </div>
   <div class='ocr_carea' id='block_1_99' title="bbox 2006 3907 3586 3984">
    <p class='ocr_par' dir='ltr' id='par_1_99' title="bbox 2006 3907 3586 3984">
     <span class='ocr_line' id='line_1_99' title="bbox 2006 3907 3586 3984; baseline 0.011 -26"><span class='ocrx_word' id='word_1_739' title='bbox 2006 3907 2264 3961; x_wconf 90' lang='lat' dir='ltr'><strong>mundum</strong></span> <span class='ocrx_word' id='word_1_740' title='bbox 2297 3915 2416 3962; x_wconf 88' lang='lat' dir='ltr'><strong>erat</strong></span> <span class='ocrx_word' id='word_1_741' title='bbox 2461 3917 2866 3980; x_wconf 88' lang='lat' dir='ltr'><strong>peragraturus,</strong></span> <span class='ocrx_word' id='word_1_742' title='bbox 2909 3913 3064 3982; x_wconf 89' lang='lat' dir='ltr'><strong>quasi</strong></span> <span class='ocrx_word' id='word_1_743' title='bbox 3113 3916 3303 3984; x_wconf 90' lang='lat' dir='ltr'><strong>pedem</strong></span> <span class='ocrx_word' id='word_1_744' title='bbox 3337 3918 3390 3973; x_wconf 93' lang='lat' dir='ltr'><strong>in</strong></span> <span class='ocrx_word' id='word_1_745' title='bbox 3440 3928 3586 3976; x_wconf 84' lang='lat' dir='ltr'><strong>terra</strong></span> 
     </span>
    </p>
   </div>
   <div class='ocr_carea' id='block_1_100' title="bbox 2005 3998 3586 4077">
    <p class='ocr_par' dir='ltr' id='par_1_100' title="bbox 2005 3998 3586 4077">
     <span class='ocr_line' id='line_1_100' title="bbox 2005 3998 3586 4077; baseline 0.011 -27"><span class='ocrx_word' id='word_1_746' title='bbox 2005 3998 2183 4053; x_wconf 90' lang='lat' dir='ltr'><strong>adhuc</strong></span> <span class='ocrx_word' id='word_1_747' title='bbox 2207 3999 2593 4055; x_wconf 89' lang='lat' dir='ltr'><strong>consistentem</strong></span> <span class='ocrx_word' id='word_1_748' title='bbox 2616 4001 2736 4056; x_wconf 90' lang='lat' dir='ltr'><strong>oleo</strong></span> <span class='ocrx_word' id='word_1_749' title='bbox 2763 4000 2998 4071; x_wconf 86' lang='lat' dir='ltr'><strong>Spiritus</strong></span> <span class='ocrx_word' id='word_1_750' title='bbox 3013 4007 3183 4060; x_wconf 90' lang='lat' dir='ltr'><strong>sancti</strong></span> <span class='ocrx_word' id='word_1_751' title='bbox 3215 4009 3586 4077; x_wconf 89' lang='lat' dir='ltr'><strong>copiosissime</strong></span> 
     </span>
    </p>
   </div>
   <div class='ocr_carea' id='block_1_101' title="bbox 2005 4090 3587 4170">
    <p class='ocr_par' dir='ltr' id='par_1_101' title="bbox 2005 4090 3587 4170">
     <span class='ocr_line' id='line_1_101' title="bbox 2005 4090 3587 4170; baseline 0.009 -27"><span class='ocrx_word' id='word_1_752' title='bbox 2005 4090 2195 4155; x_wconf 75' lang='lat' dir='ltr'><strong>unxit;</strong></span> <span class='ocrx_word' id='word_1_753' title='bbox 2241 4105 2309 4146; x_wconf 82' lang='lat' dir='ltr'><strong>ex</strong></span> <span class='ocrx_word' id='word_1_754' title='bbox 2364 4106 2472 4161; x_wconf 91' lang='lat' dir='ltr'><strong>quo</strong></span> <span class='ocrx_word' id='word_1_755' title='bbox 2496 4100 2756 4162; x_wconf 89' lang='lat' dir='ltr'><strong>concepta</strong></span> <span class='ocrx_word' id='word_1_756' title='bbox 2785 4093 3180 4170; x_wconf 85' lang='lat' dir='ltr'><strong>virtutenullo</strong></span> <span class='ocrx_word' id='word_1_757' title='bbox 3219 4097 3402 4156; x_wconf 90' lang='lat' dir='ltr'><strong>labore</strong></span> <span class='ocrx_word' id='word_1_758' title='bbox 3452 4100 3587 4158; x_wconf 88' lang='lat' dir='ltr'><strong>deﬁ-</strong></span> 
     </span>
    </p>
   </div>
   <div class='ocr_carea' id='block_1_102' title="bbox 2007 4184 3586 4260">
    <p class='ocr_par' dir='ltr' id='par_1_102' title="bbox 2007 4184 3586 4260">
     <span class='ocr_line' id='line_1_102' title="bbox 2007 4184 3586 4260; baseline 0.01 -24"><span class='ocrx_word' id='word_1_759' title='bbox 2007 4192 2179 4247; x_wconf 89' lang='lat' dir='ltr'><strong>ceret,</strong></span> <span class='ocrx_word' id='word_1_760' title='bbox 2211 4184 2305 4238; x_wconf 91' lang='lat' dir='ltr'><strong>sed</strong></span> <span class='ocrx_word' id='word_1_761' title='bbox 2333 4184 2806 4240; x_wconf 86' lang='lat' dir='ltr'><strong>immarcescibilis</strong></span> <span class='ocrx_word' id='word_1_762' title='bbox 2851 4200 3065 4257; x_wconf 85' lang='lat' dir='ltr'><strong>semper</strong></span> <span class='ocrx_word' id='word_1_763' title='bbox 3097 4191 3275 4260; x_wconf 89' lang='lat' dir='ltr'><strong>gaudii</strong></span> <span class='ocrx_word' id='word_1_764' title='bbox 3304 4193 3586 4253; x_wconf 79' lang='lat' dir='ltr'><strong>alacritate</strong></span> 
     </span>
    </p>
   </div>
   <div class='ocr_carea' id='block_1_103' title="bbox 2005 4275 3585 4359">
    <p class='ocr_par' dir='ltr' id='par_1_103' title="bbox 2005 4275 3585 4359">
     <span class='ocr_line' id='line_1_103' title="bbox 2005 4275 3585 4359; baseline 0.013 -34"><span class='ocrx_word' id='word_1_765' title='bbox 2005 4275 2252 4344; x_wconf 87' lang='lat' dir='ltr'><strong>polleret,</strong></span> <span class='ocrx_word' id='word_1_766' title='bbox 2282 4275 2369 4330; x_wconf 89' lang='lat' dir='ltr'><strong>cui</strong></span> <span class='ocrx_word' id='word_1_767' title='bbox 2402 4276 2568 4330; x_wconf 88' lang='lat' dir='ltr'><strong>etiam</strong></span> <span class='ocrx_word' id='word_1_768' title='bbox 2618 4277 3044 4349; x_wconf 88' lang='lat' dir='ltr'><strong>incorruptibilis</strong></span> <span class='ocrx_word' id='word_1_769' title='bbox 3069 4283 3408 4341; x_wconf 90' lang='lat' dir='ltr'><strong>calciamenti</strong></span> <span class='ocrx_word' id='word_1_770' title='bbox 3446 4304 3585 4359; x_wconf 73' lang='lat' dir='ltr'><strong>pne-</strong></span> 
     </span>
    </p>
   </div>
   <div class='ocr_carea' id='block_1_104' title="bbox 2006 4365 3583 4441">
    <p class='ocr_par' dir='ltr' id='par_1_104' title="bbox 2006 4365 3583 4441">
     <span class='ocr_line' id='line_1_104' title="bbox 2006 4365 3583 4441; baseline 0.012 -24"><span class='ocrx_word' id='word_1_771' title='bbox 2006 4365 2144 4418; x_wconf 90' lang='lat' dir='ltr'><strong>stitit</strong></span> <span class='ocrx_word' id='word_1_772' title='bbox 2166 4366 2578 4435; x_wconf 90' lang='lat' dir='ltr'><strong>munimentum,</strong></span> <span class='ocrx_word' id='word_1_773' title='bbox 2611 4370 2678 4424; x_wconf 92' lang='lat' dir='ltr'><strong>de</strong></span> <span class='ocrx_word' id='word_1_774' title='bbox 2721 4386 2829 4440; x_wconf 87' lang='lat' dir='ltr'><strong>quo</strong></span> <span class='ocrx_word' id='word_1_775' title='bbox 2855 4373 3104 4441; x_wconf 87' lang='lat' dir='ltr'><strong>sequitur</strong></span> <span class='ocrx_word' id='word_1_776' title='bbox 3141 4393 3154 4428; x_wconf 89' lang='lat'>:</span> <span class='ocrx_word' id='word_1_777' title='bbox 3181 4373 3409 4434; x_wconf 78' lang='lat' dir='ltr'><strong>Ferrum</strong></span> <span class='ocrx_word' id='word_1_778' title='bbox 3432 4391 3479 4435; x_wconf 87' lang='lat' dir='ltr'><strong>et</strong></span> <span class='ocrx_word' id='word_1_779' title='bbox 3511 4399 3583 4436; x_wconf 71' lang='lat' dir='ltr'><strong>trs</strong></span> 
     </span>
    </p>
   </div>
   <div class='ocr_carea' id='block_1_105' title="bbox 2007 4454 3580 4539">
    <p class='ocr_par' dir='ltr' id='par_1_105' title="bbox 2007 4454 3580 4539">
     <span class='ocr_line' id='line_1_105' title="bbox 2007 4454 3580 4539; baseline 0.013 -31"><span class='ocrx_word' id='word_1_780' title='bbox 2007 4454 2406 4510; x_wconf 86' lang='lat' dir='ltr'><strong>calciamentum</strong></span> <span class='ocrx_word' id='word_1_781' title='bbox 2444 4458 2578 4529; x_wconf 86' lang='lat' dir='ltr'><strong>ejus.</strong></span> <span class='ocrx_word' id='word_1_782' title='bbox 2626 4458 2792 4529; x_wconf 91' lang='lat' dir='ltr'><strong>Cujus</strong></span> <span class='ocrx_word' id='word_1_783' title='bbox 2837 4461 2954 4518; x_wconf 90' lang='lat' dir='ltr'><strong>dies</strong></span> <span class='ocrx_word' id='word_1_784' title='bbox 2973 4462 3276 4533; x_wconf 88' lang='lat' dir='ltr'><strong>juventutis</strong></span> <span class='ocrx_word' id='word_1_785' title='bbox 3317 4470 3390 4526; x_wconf 86' lang='lat' dir='ltr'><strong>ita</strong></span> <span class='ocrx_word' id='word_1_786' title='bbox 3427 4472 3580 4539; x_wconf 91' lang='lat' dir='ltr'><strong>ﬁunt,</strong></span> 
     </span>
    </p>
   </div>
   <div class='ocr_carea' id='block_1_106' title="bbox 2010 4549 3582 4633">
    <p class='ocr_par' dir='ltr' id='par_1_106' title="bbox 2010 4549 3582 4633">
     <span class='ocr_line' id='line_1_106' title="bbox 2010 4549 3582 4633; baseline 0.013 -33"><span class='ocrx_word' id='word_1_787' title='bbox 2010 4554 2068 4601; x_wconf 91' lang='lat' dir='ltr'><strong>ut</strong></span> <span class='ocrx_word' id='word_1_788' title='bbox 2101 4549 2426 4615; x_wconf 89' lang='lat' dir='ltr'><strong>senectutis;</strong></span> <span class='ocrx_word' id='word_1_789' title='bbox 2467 4551 2594 4620; x_wconf 91' lang='lat' dir='ltr'><strong>quia</strong></span> <span class='ocrx_word' id='word_1_790' title='bbox 2627 4567 2824 4622; x_wconf 91' lang='lat' dir='ltr'><strong>corpus</strong></span> <span class='ocrx_word' id='word_1_791' title='bbox 2851 4553 2986 4624; x_wconf 84' lang='lat' dir='ltr'><strong>ejus,</strong></span> <span class='ocrx_word' id='word_1_792' title='bbox 3014 4558 3156 4626; x_wconf 88' lang='lat' dir='ltr'><strong>quod</strong></span> <span class='ocrx_word' id='word_1_793' title='bbox 3191 4570 3275 4615; x_wconf 88' lang='lat' dir='ltr'><strong>est</strong></span> <span class='ocrx_word' id='word_1_794' title='bbox 3321 4561 3582 4633; x_wconf 88' lang='lat' dir='ltr'><strong>Ecclesia,</strong></span> 
     </span>
    </p>
   </div>
   <div class='ocr_carea' id='block_1_107' title="bbox 2010 4639 3582 4726">
    <p class='ocr_par' dir='ltr' id='par_1_107' title="bbox 2010 4639 3582 4726">
     <span class='ocr_line' id='line_1_107' title="bbox 2010 4639 3582 4726; baseline 0.013 -34"><span class='ocrx_word' id='word_1_795' title='bbox 2010 4639 2062 4692; x_wconf 91' lang='lat' dir='ltr'><strong>in</strong></span> <span class='ocrx_word' id='word_1_796' title='bbox 2087 4641 2382 4709; x_wconf 87' lang='lat' dir='ltr'><strong>primordio</strong></span> <span class='ocrx_word' id='word_1_797' title='bbox 2407 4640 2528 4696; x_wconf 83' lang='lat' dir='ltr'><strong>ﬁdei</strong></span> <span class='ocrx_word' id='word_1_798' title='bbox 2557 4641 2739 4698; x_wconf 82' lang='lat' dir='ltr'><strong>ﬂoruit</strong></span> <span class='ocrx_word' id='word_1_799' title='bbox 2765 4645 3074 4715; x_wconf 82' lang='lat' dir='ltr'><strong>virtutibus,</strong></span> <span class='ocrx_word' id='word_1_800' title='bbox 3106 4650 3368 4720; x_wconf 87' lang='lat' dir='ltr'><strong>sapientia</strong></span> <span class='ocrx_word' id='word_1_801' title='bbox 3393 4654 3582 4726; x_wconf 89' lang='lat' dir='ltr'><strong>viguit,</strong></span> 
     </span>
    </p>
   </div>
   <div class='ocr_carea' id='block_1_108' title="bbox 1982 4733 3585 4814">
    <p class='ocr_par' dir='ltr' id='par_1_108' title="bbox 1982 4733 3585 4814">
     <span class='ocr_line' id='line_1_108' title="bbox 1982 4733 3585 4814; baseline 0.012 -29"><span class='ocrx_word' id='word_1_802' title='bbox 1982 4733 2286 4814; x_wconf 55' lang='lat' dir='ltr'><strong>nniraculis</strong></span> <span class='ocrx_word' id='word_1_803' title='bbox 2305 4736 2628 4791; x_wconf 84' lang='lat' dir='ltr'><strong>coruscavit.</strong></span> <span class='ocrx_word' id='word_1_804' title='bbox 2662 4735 2753 4792; x_wconf 89' lang='lat' dir='ltr'><strong>Sic</strong></span> <span class='ocrx_word' id='word_1_805' title='bbox 2786 4746 2842 4793; x_wconf 91' lang='lat' dir='ltr'><strong>et</strong></span> <span class='ocrx_word' id='word_1_806' title='bbox 2869 4739 2921 4793; x_wconf 91' lang='lat' dir='ltr'><strong>in</strong></span> <span class='ocrx_word' id='word_1_807' title='bbox 2947 4737 3052 4794; x_wconf 89' lang='lat' dir='ltr'><strong>ﬁne</strong></span> <span class='ocrx_word' id='word_1_808' title='bbox 3092 4743 3272 4798; x_wconf 69' lang='lat' dir='ltr'><strong>sceculi</strong></span> <span class='ocrx_word' id='word_1_809' title='bbox 3307 4745 3360 4800; x_wconf 92' lang='lat' dir='ltr'><strong>in</strong></span> <span class='ocrx_word' id='word_1_810' title='bbox 3396 4746 3585 4805; x_wconf 88' lang='lat' dir='ltr'><strong>electis</strong></span> 
     </span>
    </p>
   </div>
   <div class='ocr_carea' id='block_1_109' title="bbox 2009 4825 3584 4907">
    <p class='ocr_par' dir='ltr' id='par_1_109' title="bbox 2009 4825 3584 4907">
     <span class='ocr_line' id='line_1_109' title="bbox 2009 4825 3584 4907; baseline 0.013 -33"><span class='ocrx_word' id='word_1_811' title='bbox 2009 4833 2320 4891; x_wconf 86' lang='lat' dir='ltr'><strong>perseverat</strong></span> <span class='ocrx_word' id='word_1_812' title='bbox 2351 4825 2503 4896; x_wconf 90' lang='lat' dir='ltr'><strong>vigor</strong></span> <span class='ocrx_word' id='word_1_813' title='bbox 2527 4826 2669 4888; x_wconf 90' lang='lat' dir='ltr'><strong>ﬁdei,</strong></span> <span class='ocrx_word' id='word_1_814' title='bbox 2703 4836 2758 4882; x_wconf 91' lang='lat' dir='ltr'><strong>et</strong></span> <span class='ocrx_word' id='word_1_815' title='bbox 2809 4829 2973 4884; x_wconf 87' lang='lat' dir='ltr'><strong>ardor</strong></span> <span class='ocrx_word' id='word_1_816' title='bbox 3010 4831 3296 4889; x_wconf 87' lang='lat' dir='ltr'><strong>charitatis</strong></span> <span class='ocrx_word' id='word_1_817' title='bbox 3330 4851 3500 4907; x_wconf 87' lang='lat' dir='ltr'><strong>usque</strong></span> <span class='ocrx_word' id='word_1_818' title='bbox 3530 4839 3584 4894; x_wconf 90' lang='lat' dir='ltr'><strong>in</strong></span> 
     </span>
    </p>
   </div>
   <div class='ocr_carea' id='block_1_110' title="bbox 2010 4912 3584 4993">
    <p class='ocr_par' dir='ltr' id='par_1_110' title="bbox 2010 4912 3584 4993">
     <span class='ocr_line' id='line_1_110' title="bbox 2010 4912 3584 4993; baseline 0.011 -29"><span class='ocrx_word' id='word_1_819' title='bbox 2010 4912 2192 4966; x_wconf 82' lang='lat' dir='ltr'><strong>linem.</strong></span> <span class='ocrx_word' id='word_1_820' title='bbox 2249 4914 2346 4969; x_wconf 90' lang='lat' dir='ltr'><strong>Hic</strong></span> <span class='ocrx_word' id='word_1_821' title='bbox 2386 4917 2722 4972; x_wconf 90' lang='lat' dir='ltr'><strong>rectissimus</strong></span> <span class='ocrx_word' id='word_1_822' title='bbox 2747 4927 2830 4973; x_wconf 89' lang='lat' dir='ltr'><strong>est</strong></span> <span class='ocrx_word' id='word_1_823' title='bbox 2851 4935 3108 4976; x_wconf 90' lang='lat' dir='ltr'><strong>ascensor</strong></span> <span class='ocrx_word' id='word_1_824' title='bbox 3137 4923 3285 4989; x_wconf 68' lang='lat' dir='ltr'><strong>cudi,</strong></span> <span class='ocrx_word' id='word_1_825' title='bbox 3317 4926 3443 4993; x_wconf 88' lang='lat' dir='ltr'><strong>quia</strong></span> <span class='ocrx_word' id='word_1_826' title='bbox 3489 4944 3584 4984; x_wconf 64' lang='lat' dir='ltr'><strong>su-</strong></span> 
     </span>
    </p>
   </div>
   <div class='ocr_carea' id='block_1_111' title="bbox 2010 5007 3588 5086">
    <p class='ocr_par' dir='ltr' id='par_1_111' title="bbox 2010 5007 3588 5086">
     <span class='ocr_line' id='line_1_111' title="bbox 2010 5007 3588 5086; baseline 0.011 -27"><span class='ocrx_word' id='word_1_827' title='bbox 2010 5023 2107 5075; x_wconf 89' lang='lat' dir='ltr'><strong>per</strong></span> <span class='ocrx_word' id='word_1_828' title='bbox 2140 5023 2330 5061; x_wconf 90' lang='lat' dir='ltr'><strong>omnes</strong></span> <span class='ocrx_word' id='word_1_829' title='bbox 2349 5007 2579 5062; x_wconf 86' lang='lat' dir='ltr'><strong>virtutes</strong></span> <span class='ocrx_word' id='word_1_830' title='bbox 2605 5008 2853 5064; x_wconf 73' lang='lat' dir='ltr'><strong>cwlestes</strong></span> <span class='ocrx_word' id='word_1_831' title='bbox 2879 5018 2932 5065; x_wconf 91' lang='lat' dir='ltr'><strong>et</strong></span> <span class='ocrx_word' id='word_1_832' title='bbox 2969 5020 3270 5081; x_wconf 89' lang='lat' dir='ltr'><strong>potestates</strong></span> <span class='ocrx_word' id='word_1_833' title='bbox 3312 5015 3588 5086; x_wconf 86' lang='lat' dir='ltr'><strong>angelicas</strong></span> 
     </span>
    </p>
   </div>
   <div class='ocr_carea' id='block_1_112' title="bbox 2009 5101 3589 5170">
    <p class='ocr_par' dir='ltr' id='par_1_112' title="bbox 2009 5101 3589 5170">
     <span class='ocr_line' id='line_1_112' title="bbox 2009 5101 3589 5170; baseline 0.008 -17"><span class='ocrx_word' id='word_1_834' title='bbox 2009 5108 2129 5170; x_wconf 92' lang='lat' dir='ltr'><strong>post</strong></span> <span class='ocrx_word' id='word_1_835' title='bbox 2147 5101 2597 5156; x_wconf 90' lang='lat' dir='ltr'><strong>resurrectionem</strong></span> <span class='ocrx_word' id='word_1_836' title='bbox 2620 5117 2776 5156; x_wconf 90' lang='lat' dir='ltr'><strong>suam</strong></span> <span class='ocrx_word' id='word_1_837' title='bbox 2803 5104 3112 5157; x_wconf 91' lang='lat' dir='ltr'><strong>ascenditet</strong></span> <span class='ocrx_word' id='word_1_838' title='bbox 3132 5103 3284 5158; x_wconf 89' lang='lat' dir='ltr'><strong>sedet</strong></span> <span class='ocrx_word' id='word_1_839' title='bbox 3309 5106 3377 5162; x_wconf 85' lang='lat' dir='ltr'><strong>ad</strong></span> <span class='ocrx_word' id='word_1_840' title='bbox 3399 5108 3589 5166; x_wconf 62' lang='lat' dir='ltr'><strong>dettc-</strong></span> 
     </span>
    </p>
   </div>
   <div class='ocr_carea' id='block_1_113' title="bbox 2011 5189 3588 5262">
    <p class='ocr_par' dir='ltr' id='par_1_113' title="bbox 2011 5189 3588 5262">
     <span class='ocr_line' id='line_1_113' title="bbox 2011 5189 3588 5262; baseline 0.007 -18"><span class='ocrx_word' id='word_1_841' title='bbox 2011 5205 2127 5244; x_wconf 91' lang='lat' dir='ltr'><strong>ram</strong></span> <span class='ocrx_word' id='word_1_842' title='bbox 2151 5189 2328 5244; x_wconf 86' lang='lat' dir='ltr'><strong>Patris</strong></span> <span class='ocrx_word' id='word_1_843' title='bbox 2349 5189 2509 5262; x_wconf 86' lang='lat' dir='ltr'><strong>(Eph.</strong></span> <span class='ocrx_word' id='word_1_844' title='bbox 2535 5189 2596 5262; x_wconf 93' lang='grc' dir='ltr'><strong>ι).</strong></span> <span class='ocrx_word' id='word_1_845' title='bbox 2623 5189 3014 5261; x_wconf 80' lang='lat' dir='ltr'><strong>Magniﬁcentia</strong></span> <span class='ocrx_word' id='word_1_846' title='bbox 3035 5192 3149 5262; x_wconf 86' lang='lat' dir='ltr'><strong>ejus</strong></span> <span class='ocrx_word' id='word_1_847' title='bbox 3171 5194 3473 5254; x_wconf 87' lang='lat' dir='ltr'><strong>discurrunt</strong></span> <span class='ocrx_word' id='word_1_848' title='bbox 3489 5216 3588 5255; x_wconf 89' lang='lat' dir='ltr'><strong>nu-</strong></span> 
     </span>
    </p>
   </div>
   <div class='ocr_carea' id='block_1_114' title="bbox 2011 5283 3590 5357">
    <p class='ocr_par' dir='ltr' id='par_1_114' title="bbox 2011 5283 3590 5357">
     <span class='ocr_line' id='line_1_114' title="bbox 2011 5283 3590 5357; baseline 0.008 -21"><span class='ocrx_word' id='word_1_849' title='bbox 2011 5284 2096 5338; x_wconf 86' lang='lat' dir='ltr'><strong>bes</strong></span> <span class='ocrx_word' id='word_1_850' title='bbox 2123 5283 2300 5357; x_wconf 88' lang='lat' dir='ltr'><strong>(Deut.</strong></span> <span class='ocrx_word' id='word_1_851' title='bbox 2333 5284 2549 5356; x_wconf 82' lang='lat' dir='ltr'><strong>xxxm).</strong></span> <span class='ocrx_word' id='word_1_852' title='bbox 2577 5285 2836 5339; x_wconf 89' lang='lat' dir='ltr'><strong>Doctores</strong></span> <span class='ocrx_word' id='word_1_853' title='bbox 2856 5283 3108 5340; x_wconf 89' lang='lat' dir='ltr'><strong>videlicet</strong></span> <span class='ocrx_word' id='word_1_854' title='bbox 3133 5296 3188 5340; x_wconf 90' lang='lat' dir='ltr'><strong>et</strong></span> <span class='ocrx_word' id='word_1_855' title='bbox 3207 5289 3590 5357; x_wconf 67' lang='lat' dir='ltr'><strong>prmdicatores</strong></span> 
     </span>
    </p>
   </div>
   <div class='ocr_carea' id='block_1_115' title="bbox 2008 5373 3590 5446">
    <p class='ocr_par' dir='ltr' id='par_1_115' title="bbox 2008 5373 3590 5446">
     <span class='ocr_line' id='line_1_115' title="bbox 2008 5373 3590 5446; baseline 0.006 -18"><span class='ocrx_word' id='word_1_856' title='bbox 2008 5373 2282 5446; x_wconf 90' lang='lat' dir='ltr'><strong>Evangelii</strong></span> <span class='ocrx_word' id='word_1_857' title='bbox 2318 5374 2371 5428; x_wconf 92' lang='lat' dir='ltr'><strong>in</strong></span> <span class='ocrx_word' id='word_1_858' title='bbox 2400 5381 2512 5430; x_wconf 87' lang='lat' dir='ltr'><strong>toto</strong></span> <span class='ocrx_word' id='word_1_859' title='bbox 2535 5375 2667 5430; x_wconf 89' lang='lat' dir='ltr'><strong>orbe</strong></span> <span class='ocrx_word' id='word_1_860' title='bbox 2690 5373 3044 5429; x_wconf 87' lang='lat' dir='ltr'><strong>disseminaut</strong></span> <span class='ocrx_word' id='word_1_861' title='bbox 3073 5376 3291 5430; x_wconf 86' lang='lat' dir='ltr'><strong>verbum</strong></span> <span class='ocrx_word' id='word_1_862' title='bbox 3317 5376 3430 5434; x_wconf 89' lang='lat' dir='ltr'><strong>Dei.</strong></span> <span class='ocrx_word' id='word_1_863' title='bbox 3481 5379 3590 5436; x_wconf 86' lang='lat' dir='ltr'><strong>Cu-</strong></span> 
     </span>
    </p>
   </div>
   <div class='ocr_carea' id='block_1_116' title="bbox 1998 5465 3587 5536">
    <p class='ocr_par' dir='ltr' id='par_1_116' title="bbox 1998 5465 3587 5536">
     <span class='ocr_line' id='line_1_116' title="bbox 1998 5465 3587 5536; baseline 0.004 -16"><span class='ocrx_word' id='word_1_864' title='bbox 1998 5467 2093 5534; x_wconf 87' lang='lat' dir='ltr'><strong>jus</strong></span> <span class='ocrx_word' id='word_1_865' title='bbox 2122 5465 2473 5520; x_wconf 88' lang='lat' dir='ltr'><strong>suntbrachia</strong></span> <span class='ocrx_word' id='word_1_866' title='bbox 2501 5467 2813 5536; x_wconf 84' lang='lat' dir='ltr'><strong>sempiterna</strong></span> <span class='ocrx_word' id='word_1_867' title='bbox 2836 5465 3025 5536; x_wconf 88' lang='lat' dir='ltr'><strong>(lbid.)</strong></span> <span class='ocrx_word' id='word_1_868' title='bbox 3051 5484 3062 5519; x_wconf 94' lang='lat'>:</span> <span class='ocrx_word' id='word_1_869' title='bbox 3090 5467 3216 5536; x_wconf 89' lang='lat' dir='ltr'><strong>quia</strong></span> <span class='ocrx_word' id='word_1_870' title='bbox 3244 5471 3456 5526; x_wconf 91' lang='lat' dir='ltr'><strong>cunctis</strong></span> <span class='ocrx_word' id='word_1_871' title='bbox 3487 5474 3587 5528; x_wconf 87' lang='lat' dir='ltr'><strong>ho-</strong></span> 
     </span>
    </p>
   </div>
   <div class='ocr_carea' id='block_1_117' title="bbox 2008 5555 3596 5632">
    <p class='ocr_par' dir='ltr' id='par_1_117' title="bbox 2008 5555 3596 5632">
     <span class='ocr_line' id='line_1_117' title="bbox 2008 5555 3596 5632; baseline 0.001 -22"><span class='ocrx_word' id='word_1_872' title='bbox 2008 5556 2181 5611; x_wconf 86' lang='lat' dir='ltr'><strong>stibus</strong></span> <span class='ocrx_word' id='word_1_873' title='bbox 2210 5557 2440 5611; x_wconf 90' lang='lat' dir='ltr'><strong>victoria</strong></span> <span class='ocrx_word' id='word_1_874' title='bbox 2476 5556 2592 5624; x_wconf 90' lang='lat' dir='ltr'><strong>ejus</strong></span> <span class='ocrx_word' id='word_1_875' title='bbox 2623 5555 2682 5610; x_wconf 84' lang='lat' dir='ltr'><strong>ﬁt</strong></span> <span class='ocrx_word' id='word_1_876' title='bbox 2741 5563 3019 5626; x_wconf 89' lang='lat' dir='ltr'><strong>perpetua.</strong></span> <span class='ocrx_word' id='word_1_877' title='bbox 3054 5555 3158 5622; x_wconf 82' lang='lat' dir='ltr'><strong>Qui</strong></span> <span class='ocrx_word' id='word_1_878' title='bbox 3217 5559 3386 5630; x_wconf 86' lang='lat' dir='ltr'><strong>ejiciet</strong></span> <span class='ocrx_word' id='word_1_879' title='bbox 3435 5579 3466 5616; x_wconf 81' lang='grc' dir='ltr'>(ι</span> <span class='ocrx_word' id='word_1_880' title='bbox 3503 5563 3596 5632; x_wconf 75' lang='grc' dir='ltr'><strong>[α.</strong></span> 
     </span>
    </p>
   </div>
   <div class='ocr_carea' id='block_1_118' title="bbox 2007 5645 3583 5720">
    <p class='ocr_par' dir='ltr' id='par_1_118' title="bbox 2007 5645 3583 5720">
     <span class='ocr_line' id='line_1_118' title="bbox 2007 5645 3583 5720; baseline 0.003 -19"><span class='ocrx_word' id='word_1_881' title='bbox 2007 5647 2084 5701; x_wconf 85' lang='lat' dir='ltr'><strong>cie</strong></span> <span class='ocrx_word' id='word_1_882' title='bbox 2147 5663 2245 5701; x_wconf 85' lang='lat' dir='ltr'><strong>sua</strong></span> <span class='ocrx_word' id='word_1_883' title='bbox 2297 5647 2566 5701; x_wconf 85' lang='lat' dir='ltr'><strong>inimicum</strong></span> <span class='ocrx_word' id='word_1_884' title='bbox 2625 5645 2930 5711; x_wconf 86' lang='lat' dir='ltr'><strong>diabolum,</strong></span> <span class='ocrx_word' id='word_1_885' title='bbox 2987 5657 3033 5702; x_wconf 82' lang='lat' dir='ltr'><strong>et</strong></span> <span class='ocrx_word' id='word_1_886' title='bbox 3083 5647 3209 5702; x_wconf 82' lang='lat' dir='ltr'><strong>dicit</strong></span> <span class='ocrx_word' id='word_1_887' title='bbox 3266 5666 3284 5705; x_wconf 89' lang='lat'><strong><em>:</em></strong></span> <span class='ocrx_word' id='word_1_888' title='bbox 3342 5649 3583 5720; x_wconf 83' lang='lat' dir='ltr'><strong>Cantere,</strong></span> 
     </span>
    </p>
   </div>
  </div>
