4064 6206
435 162 502 215 67
1082 157 1145 212 Β.
1185 158 1437 221 RABANI
1479 157 1697 215 MAURI
1733 155 2051 212 AliClllEP.
2093 154 2399 211 MCGUNT.
2437 151 2720 210 OPERUM
2751 153 2930 210 PARS
2969 153 3030 210 ll.
3619 160 3688 217 £3

428 274 647 346 quando
705 271 1001 328 novissima
1053 271 1272 328 inimica
1332 273 1641 328 destruetur
1709 286 1890 339 mors,
1949 278 2004 324 et
2031 278 2078 336 Α
2108 269 2282 325 centis
2328 269 2598 335 deorsum,
2640 276 2702 322 ut
2750 267 3003 324 omnibus
3052 268 3258 340 angelis
3302 278 3359 327 et
3381 269 3693 331 hominibus

428 366 590 422 electi
643 378 833 421 omnes
888 362 1297 418 immortalitate
1369 371 1426 417 et
1467 362 1873 432 incorruptione
1916 375 2007 417 ve-
2041 348 2057 359 ⁸

426 457 543 514 stiti
587 455 982 526 triumphantes
1027 454 1080 508 in
1133 468 1358 524 regnum
1401 453 1681 507 intrabunt
1718 460 2003 508 aeternum.

497 547 698 618 Joseph
744 547 815 602 ab
848 562 913 602 eo
934 547 1078 617 quod
1123 546 1227 602 sibi
1270 546 1415 600 aliud
1449 546 1875 601 additamentum
1903 560 2004 614 op-

430 647 646 695 taverat
694 645 889 703 mater,
929 637 1143 691 vocavit
1191 646 1549 706 augmentum.
1609 634 1765 690 Hunc
1792 634 2004 689 Pharao

426 727 725 800 Sephaneth
755 728 1060 800 appellavit,
1108 726 1253 797 quod
1297 726 1559 783 Hebraice
1578 723 2003 779 absconditorum

425 829 739 890 repertorem
792 826 967 882 sonat,
1003 834 1104 889 pro
1132 833 1197 873 eo
1223 818 1364 888 quod
1390 818 1622 874 obscura
1660 814 1868 872 somnia
1910 828 2000 869 re-

423 910 647 977 velavit,
676 910 833 980 eique
855 908 1196 965 sterilitatem
1221 907 1490 978 praedixit.
1523 908 1726 963 Tamen
1745 906 1871 977 quia
1897 905 1999 960 hoc

425 1015 626 1057 nomen
668 1000 736 1055 ab
763 994 1017 1071 Egiptio
1037 1001 1277 1069 ponitur,
1305 998 1477 1068 ipsius
1498 997 1696 1069 lingua:
1729 995 1887 1053 debet
1909 996 1999 1050 ba-

422 1088 556 1147 bere
581 1089 867 1147 rationem.
907 1087 1299 1157 Interpretatur
1325 1101 1457 1157 ergo
1502 1086 1812 1157 Sephancth
1840 1083 2000 1156 Egy-

421 1183 536 1252 ptio
561 1196 811 1237 sermone
843 1178 1090 1235 Salvator
1116 1179 1319 1244 mundi,
1362 1194 1429 1234 eo
1453 1179 1596 1249 quod
1623 1177 1813 1234 orbem
1839 1185 1999 1232 terra:
2016 1164 2049 1193 Ἴ

423 1274 493 1330 ab
516 1273 831 1328 imminente
868 1270 1029 1326 famis
1075 1270 1289 1327 excidio
1320 1270 1596 1326 liberaret.
1639 1270 1793 1337 Quod
1818 1278 1996 1324 autem

420 1363 623 1433 Ioseph
672 1378 704 1417 a
740 1360 1001 1417 fratribus
1024 1362 1275 1419 venditus
1302 1363 1357 1418 in
1387 1362 1623 1441 Egypto
1651 1362 1996 1428 sublimatur,

423 1456 843 1528 liedemptorem
862 1462 1105 1510 nostrum
1127 1455 1437 1526 signiﬁcata
1463 1454 1661 1527 populo
1684 1452 1995 1511 Iudaeorum

420 1548 477 1603 in
522 1546 768 1603 manibus
802 1545 1241 1617 persequentium
1298 1547 1578 1612 traditum,
1646 1552 1702 1600 et
1751 1560 1897 1600 nunc
1939 1546 1993 1598 in

2108 364 2501 420 dominaretur.
2533 361 2994 417 Benedictionibus
3029 362 3265 429 uberum,
3313 364 3369 420 id
3415 374 3521 432 est,
3574 368 3692 423 sive

2108 456 2338 511 duorum
2378 462 2848 519 testamentorum,
2906 469 3137 523 quorum
3181 454 3352 511 altero
3405 459 3691 514 nuntiatus

2106 554 2208 611 est,
2262 545 2432 600 altero
2456 545 2895 610 demonstratur;
2924 545 3039 600 sive
3065 544 3527 605 benedictionibus
3551 552 3691 605 ube-

2106 653 2224 692 rum
2262 636 2465 700 Marias,
2493 650 2613 705 qua:
2646 648 2773 689 vere
2798 635 3083 690 benedicta
3108 644 3287 701 erant,
3336 638 3464 708 quia
3491 639 3687 696 iisdem

2104 735 2292 783 sancta
2335 727 2488 797 virgo
2536 726 2603 781 de
2652 740 2713 780 se
2741 736 2926 795 p0tum
2958 726 3111 781 lactis
3145 727 3374 784 Domino
3403 729 3686 786 immulsit.

2108 818 2261 873 Unde
2285 827 2340 874 et
2377 817 2466 872 illa
2504 815 2699 872 mulier
2732 817 2786 871 in
2834 815 3122 885 Evangelio
3150 817 3225 870 ait
3251 832 3264 871 :
3293 816 3489 873 Beatus
3513 830 3691 875 venter

2104 911 2195 979 qui
2224 920 2273 965 te
2310 910 2551 981 portavit,
2593 918 2640 963 et
2662 908 2822 962 ubera
2867 924 2983 979 qua:
3011 908 3199 961 suxisti
3222 908 3373 978 (Luc.
3396 911 3497 982 XI).
3520 912 3687 966 Bene-

2101 1003 2418 1057 dictionibus
2448 1001 2663 1055 uberum
2702 1009 2750 1055 et
2781 998 2967 1053 vulva'.
3000 998 3177 1053 Etiam
3214 999 3303 1054 hic
3341 999 3690 1057 benedicitur

2103 1104 2160 1153 et
2198 1096 2356 1150 vulva
2407 1095 2645 1165 ejusdem
2699 1093 2931 1159 matris;
2992 1092 3079 1147 illa
3133 1094 3318 1164 utique
3383 1097 3686 1166 virginalis,

2103 1202 2224 1257 qua:
2267 1186 2423 1241 nobis
2469 1184 2744 1241 Christum
2803 1184 3086 1238 Dominum
3122 1185 3307 1240 edidit.
3338 1185 3415 1242 De
3457 1203 3565 1258 qua
3587 1205 3690 1259 per

2099 1278 2419 1349 prophetam
2463 1274 2753 1332 Jeremiam
2783 1276 3017 1330 dicitur:
3054 1273 3375 1348 Priusquam
3404 1288 3454 1334 te
3476 1281 3684 1351 forma-

2100 1384 2209 1421 rem
2253 1369 2310 1422 in
2335 1376 2501 1432 utero,
2534 1368 2652 1420 novi
2681 1375 2775 1431 te;
2808 1375 2857 1421 et
2899 1376 3178 1436 antequam
3215 1369 3381 1423 exires
3409 1370 3473 1423 de
3507 1370 3684 1436 vulva,

2097 1458 2422 1527 sanctiﬁcavi
2474 1466 2523 1511 te
2568 1455 2785 1527 (Jerem.
2831 1454 2893 1525 ι).
2933 1455 3328 1512 Benedictiones
3389 1460 3555 1530 patris
3607 1462 3687 1515 tui

2097 1546 2409 1618 confortatus
2435 1556 2556 1602 sunt
2585 1547 2640 1600 in
2667 1555 2715 1600 te
2753 1545 3188 1601 benedictionibus
3214 1558 3425 1617 patrum
3446 1558 3684 1605 tuorum.

420 1637 668 1708 gentibus
690 1635 1005 1692 exaltatum.
1053 1633 1151 1690 Cui
1190 1636 1422 1706 paterin
1471 1634 1849 1691 benedictione
1894 1648 1993 1689 sua
2025 1631 2067 1690 Β
2096 1637 2520 1704 Benedictiones,
2567 1636 2758 1706 inquit,
2789 1634 2966 1691 Patris
2999 1636 3073 1690 tui
3100 1640 3356 1705 caelestis,
3399 1655 3517 1709 qum
3545 1641 3689 1697 datin

424 1730 501 1783 ait
524 1747 536 1782 :
564 1727 739 1784 Filius
766 1744 1066 1783 accrescens
1114 1735 1161 1782 et
1197 1727 1416 1782 decorus
1441 1736 1671 1798 aspectu.
1708 1724 1868 1784 Filia:
1889 1726 1996 1780 dis-

422 1826 699 1873 currerunt
742 1833 900 1888 super
943 1833 1176 1882 murum,
1218 1815 1308 1871 sed
1373 1823 1814 1887 exasperaverunt
1853 1831 1995 1878 eum,

421 1919 470 1966 et
485 1909 694 1979 jurgati
733 1917 878 1975 sunt,
918 1908 1316 1977 invideruntque
1350 1908 1454 1973 illi,
1497 1908 1743 1962 habentes
1787 1905 1994 1976 jacula,

417 2008 524 2055 etc.
552 1997 705 2068 (Gen.
742 1997 913 2071 nix).
943 1998 1068 2053 Haec
1093 1999 1375 2068 prophetia
1410 2007 1533 2068 post
1560 1998 1867 2069 passionem
1896 1996 2000 2053 Do—

417 2088 550 2143 mini
575 2096 818 2157 paternte
840 2089 986 2143 vocis
1012 2089 1299 2158 imaginem
1331 2088 1591 2159 praetulit,
1613 2089 1739 2159 quia
1766 2089 1996 2144 redeun-

386 2244 391 2249 ,
418 2189 528 2236 tem
574 2179 629 2235 in
659 2179 854 2236 caelum
882 2190 1005 2251 post
1031 2180 1311 2236 victoriam
1336 2179 1535 2236 Christi
1577 2180 1739 2235 Pater
1765 2180 1995 2251 alloqui-

419 2282 529 2338 tur,
573 2273 798 2328 dicens:
826 2271 999 2326 Filius
1031 2288 1328 2328 accrescens
1363 2270 1579 2342 Ioseph.
1607 2271 1775 2327 Filius
1810 2286 1996 2328 accre-

418 2379 575 2420 scens
601 2365 788 2437 utique
820 2365 872 2419 in
902 2365 1171 2434 gentibus,
1212 2365 1338 2434 quia
1394 2381 1519 2422 cum
1546 2367 1616 2421 ob
1649 2365 1997 2422 incredulita-

422 2463 528 2509 tem
581 2454 880 2525 Synagogre
945 2454 1197 2524 populum
1265 2454 1595 2524 reliquisset,
1654 2456 1994 2511 innumeram

417 2544 519 2600 sibi
550 2543 757 2613 plebem
805 2543 1060 2599 Ecclesiae
1099 2559 1163 2599 ex
1200 2544 1450 2602 onmibus
1488 2544 1740 2617 gentibus
1772 2545 1997 2616 amplia-

388 2635 511 2691 vit.
559 2633 712 2701 Quod
754 2644 810 2688 et
844 2633 1017 2689 David
1053 2634 1266 2699 cecinit,
1329 2634 1513 2690 dicens
1538 2652 1553 2688 :
1578 2634 1997 2691 Reminiscentur

420 2734 467 2778 et
518 2733 877 2779 convertentur
914 2725 983 2779 ad
1029 2724 1314 2779 Dominum
1373 2727 1599 2782 universi
1647 2726 1778 2797 ﬁnes
1841 2738 1994 2784 terra:

418 2811 590 2885 (Psal.
647 2813 784 2885 ιιι).
832 2812 1009 2870 Filius
1044 2832 1341 2872 accrescens
1389 2827 1438 2872 et
1494 2817 1715 2874 decorus
1758 2830 1993 2891 aspectu.

417 2905 615 2961 Omnes
666 2908 810 2962 enim
847 2915 1066 2978 superat
1107 2906 1248 2971 illius
1274 2908 1635 2978 pulchritudo,
1665 2911 1821 2981 juxta
1853 2912 1995 2980 quod

2099 1736 2224 1783 sunt
2252 1727 2370 1793 tibi,
2392 1743 2424 1781 a
2461 1743 2673 1783 summo
2699 1729 2820 1784 cadi
2860 1738 2915 1786 et
2955 1731 3137 1802 atyssi
3176 1729 3496 1785 confortatus
3531 1740 3682 1795 sunt,

2099 1820 2150 1874 id
2193 1827 2295 1883 est,
2346 1819 2744 1889 praevaluerunt
2780 1821 3247 1876 benedictionibus
3292 1831 3507 1891 patrum
3556 1830 3688 1877 tuo-

2097 1926 2238 1965 rum.
2265 1910 2419 1966 Ultra
2453 1924 2613 1965 omne
2641 1911 2784 1965 enim
2816 1921 3130 1966 sanctorum
3162 1911 3414 1965 meritum
3442 1912 3687 1982 patriar-

2099 2002 2324 2057 chamm
2352 2001 2624 2057 convaluit
2656 2002 2962 2057 benedictio
2989 2001 3377 2071 omnipotentis
3424 2000 3605 2056 Patris
3628 2002 3685 2056 in

2099 2093 2257 2155 Filio,
2287 2093 2362 2147 ita
2389 2102 2449 2147 ut
2468 2093 2518 2147 ei
2551 2092 2729 2147 nullus
2753 2102 3061 2148 sanctorum
3087 2100 3348 2163 aequetur.
3399 2091 3573 2145 Donec
3599 2108 3689 2145 vc-

2105 2185 2239 2238 niret
2310 2183 2627 2238 desiderium
2692 2181 2905 2237 collium
2965 2192 3301 2235 a'ternorum.
3360 2179 3537 2235 Colles
3589 2180 3683 2235 isti

2099 2275 2273 2331 sancti
2301 2281 2445 2339 sunt,
2477 2274 2568 2342 qui
2608 2270 2809 2328 Christi
2835 2272 3123 2327 adventum
3147 2272 3531 2342 prophetantcs
3565 2289 3686 2328 ma-

2097 2380 2203 2432 gno
2249 2362 2519 2418 desiderio
2574 2363 3001 2418 incarnationem
3034 2361 3152 2433 ejus
3200 2371 3680 2433 exspectaverunt.

2099 2456 2176 2509 De
2219 2453 2415 2524 quibus
2441 2452 2704 2507 Dominus
2749 2451 2920 2507 dicit:
2956 2451 3094 2516 Quia
3128 2450 3279 2506 multi
3310 2453 3446 2523 justi
3467 2463 3515 2507 et
3558 2472 3685 2525 pro-

2095 2545 2263 2617 phetae
2304 2543 2572 2614 cupierunt
2610 2542 2783 2597 ridere
2812 2558 2929 2612 qua:
2960 2541 3144 2597 videtis
3176 2540 3326 2616 (Luc.
3352 2542 3430 2611 χ).
3462 2542 3523 2598 lli
3546 2560 3682 2615 ergo

2099 2635 2275 2692 sancti
2299 2634 2428 2688 dicti
2457 2640 2601 2697 sunt,
2661 2632 2823 2687 colles
2866 2640 3083 2703 propter
3123 2632 3496 2688 excellentiam
3546 2650 3680 2690 san-

2096 2727 2319 2783 ctitatis.
2342 2725 2443 2793 Qui
2465 2725 2624 2781 etiam
2652 2725 2837 2779 mterni
2873 2733 3152 2789 vocantur,
3188 2725 3316 2796 quia
3358 2727 3521 2781 vitam
3549 2743 3682 2783 con-

2098 2828 2394 2890 sequuntur
2452 2824 2736 2880 aeternam,
2791 2830 2891 2870 nec
2938 2815 3212 2870 intereunt
3255 2831 3375 2870 cum
3454 2818 3681 2883 mundo,

2097 2911 2192 2966 sed
2228 2924 2351 2965 esse
2372 2907 2665 2964 creduntur
2686 2907 2893 2961 aeterni.
2923 2905 3085 2960 Fiant
3137 2908 3193 2960 in
3244 2909 3411 2978 capite
3459 2908 3680 2981 Joseph.

416 2999 482 3054 de
519 3000 635 3069 ipso
684 2999 737 3054 in
788 2998 1009 3069 psalmis
1062 2999 1315 3056 canitur:
1348 3000 1626 3071 Speciosus
1668 3003 1840 3074 forma
1886 3021 1996 3075 pm:
2023 3000 2070 3062 C
2100 2999 2300 3056 Omnes
2350 2997 2751 3053 benedictiones
2790 2995 2905 3050 istae
2955 3011 3117 3065 super
3143 3004 3305 3067 caput
3360 2996 3561 3052 Christi
3584 3014 3684 3069 po-

416 3092 543 3161 [iliis
578 3092 845 3149 hominum
874 3090 1044 3164 (Psal.
1076 3091 1244 3167 κων).
1271 3090 1428 3148 Filia:
1449 3094 1811 3150 discurrerunt
1838 3113 1995 3166 super

417 3198 649 3247 murum,
679 3182 732 3236 id
779 3190 862 3235 est
902 3183 1161 3248 ecclesias,
1191 3198 1310 3252 quae
1337 3184 1681 3239 crediderunt
1726 3187 1781 3240 in
1833 3187 1991 3241 Chri-

416 3280 581 3327 stum.
616 3272 708 3326 lla:
752 3288 913 3342 super
944 3272 1266 3329 soliditatem
1296 3274 1436 3340 ﬁdei,
1482 3276 1637 3346 quasi
1668 3291 1829 3348 super
1877 3294 1995 3334 mu-

420 3380 563 3429 rum,
594 3378 778 3418 amore
807 3364 1223 3433 pulchritudinis
1269 3364 1470 3421 Christi
1501 3382 1745 3423 accensa:
1777 3369 1991 3424 discur—

418 3460 625 3517 rcrunt,
655 3460 713 3505 ιιι
733 3467 919 3507 verum
964 3467 1217 3523 sponsum
1249 3469 1346 3524 per
1367 3456 1868 3524 contemplationem
1901 3474 1991 3513 as-

419 3542 643 3614 piciant,
684 3554 738 3597 et
783 3543 967 3598 osculo
1008 3544 1315 3602 charitatis
1340 3545 1417 3600 illi
1473 3548 1791 3616 copulentur
1834 3559 1995 3620 atque

418 3633 746 3687 adhaereant.
780 3632 890 3688 Sed
931 3634 1202 3706 objurgati
1236 3644 1362 3691 sunt
1396 3651 1541 3703 eum,
1581 3637 1796 3708 quando
1845 3639 1995 3695 falsis

420 3725 744 3780 testimoniis
777 3726 1169 3789 calumniantes
1207 3736 1452 3789 sanctum
1494 3730 1663 3784 Deum
1692 3731 1996 3801 opprimere

427 3814 723 3887 Synagoga:
747 3815 925 3886 populi
953 3817 1346 3887 cogitaverunt.
1370 3817 1677 3873 lnviderunt
1704 3819 1783 3873 illi
1802 3821 1997 3875 haben-

421 3918 495 3962 tes
507 3907 713 3978 jacula.
742 3907 925 3979 Neque
953 3909 1094 3963 enim
1125 3910 1411 3979 quisquam
1458 3910 1511 3964 in
1539 3908 1739 3981 .loseph
1762 3910 1997 3980 conjecit

423 3998 672 4068 sagittas,
722 3997 805 4053 vel
842 3998 1057 4067 aliquod
1114 3999 1352 4055 vulneris
1397 4000 1584 4065 telum,
1616 4001 1711 4056 sed
1740 4001 1841 4057 hoc
1878 4017 1993 4071 spe-

417 4087 630 4142 cialiter
682 4089 861 4143 evenit
910 4089 965 4144 in
1010 4086 1306 4145 Christum.
1352 4088 1506 4145 Sedet
1574 4092 1628 4145 in
1657 4091 1785 4161 forti
1841 4109 1995 4148 arcus

376 4177 555 4265 ’ejus.
606 4175 853 4235 Christus
887 4179 1033 4233 enim
1086 4195 1272 4236 arcum
1331 4196 1487 4236 suum
1520 4191 1575 4237 et
1615 4198 1767 4238 arma
1817 4186 1996 4253 posuit

419 4267 474 4319 in
504 4266 639 4333 Deo,
674 4268 765 4336 qui
828 4267 985 4323 fortis
1027 4279 1112 4324 cst
1157 4283 1540 4342 propugnator.
1592 4272 1758 4345 Cujus
1795 4277 1995 4331 virtute

420 4355 736 4410 concidetur
757 4357 934 4412 omnis
958 4360 1194 4429 nequitia
1244 4362 1588 4433 perﬁdorum.
1634 4365 1701 4419 Et
1742 4366 1998 4422 dissoluta

421 4456 542 4500 sunt
588 4446 795 4501 vincula
839 4447 1170 4504 brachiorum
1214 4454 1350 4522 ejus,
1393 4456 1587 4524 quibus
1622 4455 1817 4513 fratres
1876 4475 1999 4514 eum

421 4539 662 4592 vinctum
732 4539 800 4594 ad
852 4538 1083 4593 Pilatum
1132 4541 1441 4611 duxerunt,
1500 4546 1582 4601 vel
1633 4548 1829 4618 quibus
1876 4565 2000 4607 eum

424 4646 743 4702 suspensum
772 4632 824 4686 in
852 4633 993 4702 ligno
1011 4635 1412 4691 crucifixeruut.
1442 4637 1676 4694 Rescissa
1704 4652 1823 4696 sunt
1865 4646 1999 4698 enim

423 4738 515 4793 per
550 4737 764 4775 manum
788 4722 1153 4793 omnipotentis
1183 4723 1370 4791 Jacob,
1402 4727 1504 4795 hoc
1529 4737 1634 4793 est,
1658 4746 1757 4800 per
1783 4747 2000 4785 manum

420 4814 808 4885 omnipotentis
844 4814 937 4870 Dei
988 4813 1173 4882 Iacob,
1212 4834 1273 4873 ex
1303 4820 1455 4890 cujus
1482 4818 1689 4889 femore
1722 4824 1835 4893 ipse
1888 4825 1993 4880 Do-

424 4905 605 4960 minus
633 4904 806 4960 bonus
848 4915 1033 4975 pastor
1079 4920 1328 4978 egressus
1355 4919 1454 4975 est,
1499 4910 1635 4983 lapis
1677 4922 1732 4968 et
1772 4915 1999 4972 ﬁrmitas

426 4998 759 5052 credentium
815 4999 868 5052 in
911 5000 1093 5055 lsrael.
1124 5000 1268 5057 Deus
1306 5006 1471 5075 patris
1512 5008 1590 5060 tui
1638 5011 1735 5063 erit
1784 5012 2000 5081 adjutor

428 5099 571 5142 tuus.
614 5088 747 5155 Quis
795 5090 1000 5162 adjuvit
1043 5092 1260 5161 Filium,
1300 5098 1403 5153 nisi
1452 5100 1599 5156 solus
1643 5103 1784 5160 Deus
1818 5105 1996 5173 Pater,

427 5178 518 5248 qui
569 5179 704 5235 dixit
734 5198 748 5236 :
781 5181 949 5239 Iacob
984 5202 1115 5256 puer
1150 5203 1317 5256 meus,
1369 5195 1617 5261 suscipiat
1668 5212 1790 5251 eum
1822 5199 2000 5253 anima

430 5287 589 5337 mea;
635 5281 683 5326 et
742 5278 1067 5346 omnipotens
1111 5279 1372 5337 benedicet
1419 5284 1512 5339 tibi
1560 5286 2000 5345 benedictionibus

429 5361 543 5415 ειεΙὶ
562 5364 799 5435 desuper,
826 5366 1263 5427 benedictionibus
1283 5374 1457 5444 abyssi
1473 5376 1702 5446 jacentis
1733 5384 1996 5439 deorsum.

432 5450 695 5508 Universa
717 5459 858 5511 enim
906 5460 1131 5530 subjecit
1156 5465 1229 5529 ei,
1274 5467 1515 5524 coelestia
1538 5487 1634 5540 per
1673 5475 2001 5534 benedictio-

433 5556 554 5598 nem
584 5545 727 5611 cadi,
758 5557 813 5600 et
861 5559 1070 5606 terrena
1123 5570 1220 5623 per
1263 5558 1684 5620 benedictionem
1714 5569 1893 5641 abyssi
1915 5575 1999 5645 ja-

2097 3100 2321 3156 nuntur,
2350 3104 2485 3160 quas
2509 3088 2821 3143 incarnatus
2846 3086 3075 3157 accepit.
3124 3085 3193 3140 Et
3236 3104 3393 3158 super
3438 3089 3680 3143 verticem

2099 3185 2372 3250 Nazara‘i,
2397 3183 2461 3237 de
2495 3196 2602 3252 quo
2635 3179 2892 3249 scriptum
2935 3187 3018 3234 est
3050 3195 3064 3232 :
3094 3176 3354 3246 Quoniam
3384 3180 3683 3236 Nazarteus

2097 3271 2601 3343 vocabitur(blatth.
2670 3268 2754 3341 tt),
2778 3269 2831 3322 id
2865 3277 2967 3334 est,
2999 3279 3224 3325 sanctus
3247 3269 3362 3324 Dei.
3398 3269 3549 3326 Inter
3566 3271 3685 3341 fra-

2097 3380 2201 3424 tres
2224 3384 2367 3432 suos,
2406 3366 2530 3435 quia
2557 3365 2671 3432 ipse
2693 3371 2777 3419 est
2801 3372 2962 3435 caput
2997 3364 3236 3418 omnium
3263 3364 3529 3429 eminens,
3565 3366 3685 3421 uni-

2095 3471 2376 3514 versorum
2400 3454 2651 3511 videlicet
2675 3461 3019 3521 sanctorum;
3055 3466 3189 3524 quos
3209 3454 3372 3509 etiam
3399 3463 3457 3510 et
3484 3455 3682 3512 fratres

2096 3558 2253 3604 vocat
2280 3548 2333 3603 in
2362 3546 2601 3619 psalmis.

2167 3680 2463 3751 Benjamin,
2499 3686 2590 3753 qui
2645 3685 3030 3756 interpretatur
3072 3684 3215 3755 ﬁlius
3255 3684 3505 3748 dextera,
3535 3683 3684 3753 quod

2095 3784 2179 3829 est
2206 3774 2439 3830 virtutis.
2475 3774 2610 3831 Nam
2649 3786 2827 3833 mater
2847 3776 2964 3845 ejus
2994 3779 3232 3833 moriens
3256 3783 3546 3832 vocaverat
3584 3790 3681 3829 no-

2098 3880 2222 3919 men
2262 3865 2377 3934 ejus
2418 3865 2643 3934 Benoni,
2668 3869 2722 3924 id
2751 3877 2835 3924 est
2860 3869 3002 3937 ﬁlius
3024 3868 3220 3923 doloris
3246 3868 3380 3933 mei;
3401 3876 3555 3937 pater
3579 3881 3687 3919 an-

2098 3963 2206 4010 tem
2229 3956 2331 4011 hoc
2353 3956 2602 4023 mutavit,
2623 3957 2791 4027 ﬁlium
2815 3957 3045 4013 dextera:
3070 3958 3375 4014 nominans.
3397 3954 3683 4025 Benjamin

2098 4053 2276 4099 autem
2305 4045 2454 4100 Pauli
2483 4047 2709 4116 apostoli
2737 4048 3025 4117 imaginem
3055 4047 3313 4116 praetulit,
3340 4047 3465 4116 quia
3495 4057 3553 4101 et
3578 4046 3688 4100 mi-
3764 4074 3771 4083 -

2100 4135 2280 4189 nimus
2301 4136 2665 4205 apostolorum
2689 4136 2810 4202 fuit,
2827 4146 2883 4191 et
2903 4138 2969 4191 de
2991 4137 3130 4191 tribu
3145 4137 3261 4205 ejus
3281 4136 3542 4192 ascendit.
3574 4136 3687 4192 Iste

2099 4234 2182 4279 est
2212 4225 2369 4296 lupus
2399 4242 2588 4297 rapax,
2614 4242 2769 4283 mane
2805 4237 3116 4298 persecutor
3144 4228 3423 4297 diripiens,
3453 4242 3687 4297 vespere

2025 4345 2078 4403 D
2103 4318 2292 4373 doctor
2309 4333 2555 4388 pascens.
2579 4319 2733 4386 Quod
2760 4329 2939 4375 autem
2980 4321 3118 4375 dixit
3156 4319 3367 4392 Moyses
3408 4320 3463 4374 in
3512 4321 3685 4375 bene-

2104 4408 2337 4463 dictione
2383 4407 2692 4479 Benjamin:
2725 4410 3130 4465 Amantissimus
3162 4410 3373 4465 Domini
3424 4409 3687 4464 habitabit

2104 4499 2455 4568 conﬁdenter;
2485 4501 2542 4553 in
2568 4517 2628 4555 eo
2647 4502 2798 4571 quasi
2827 4502 2882 4555 in
2917 4500 3149 4559 thalamo
3175 4513 3284 4557 tota
3333 4503 3419 4557 die
3451 4504 3690 4557 morabi-

2100 4597 2211 4653 tur,
2246 4598 2293 4641 et
2320 4589 2455 4641 inter
2472 4590 2714 4644 humeros
2738 4590 2882 4646 illius
2912 4595 3190 4663 requiescet
3228 4593 3404 4664 (Deut.
3446 4595 3683 4666 xum),

2104 4679 2321 4734 videtur
2351 4682 2567 4750 quidem
2609 4684 2901 4740 secundum
2949 4685 3229 4741 historiam
3261 4696 3498 4758 tangam,
3535 4694 3689 4759 quod

2104 4769 2384 4840 Benjamin
2413 4788 2443 4827 a
2464 4776 2772 4844 patriarcha
2805 4776 2964 4831 simul
2984 4786 3040 4831 et
3070 4780 3333 4849 propheta
3362 4780 3553 4848 spiritu
3586 4782 3685 4838 Dei

2102 4860 2263 4930 pleno
2291 4861 2544 4919 videlicet
2567 4874 2722 4934 patre
2750 4881 2850 4921 suo
2872 4866 3038 4922 Jacob
3083 4878 3390 4931 amaretur;
3424 4878 3479 4923 et
3534 4873 3689 4939 quod

2104 4966 2201 5021 per
2230 4951 2685 5021 dispensationem
2740 4958 2833 5011 Dei
2894 4957 3045 5012 locus
3096 4958 3204 5022 ille,
3230 4960 3284 5012 in
3345 4975 3453 5028 quo
3500 4962 3688 5017 Cultus

2106 5041 2339 5096 maxime
2363 5040 2574 5099 futurus
2600 5054 2739 5110 erat,
2762 5048 2924 5101 tribui
2952 5047 3129 5102 eidem
3149 5048 3549 5114 decerneretur,
3578 5052 3691 5108 hoc

2106 5138 2189 5184 est
2213 5128 2534 5197 Jerusalem,
2567 5134 2656 5188 ubi
2688 5135 2940 5204 templum
2970 5143 3024 5190 et
3072 5136 3242 5192 altare
3272 5137 3368 5193 Dei
3402 5149 3691 5197 construe-

2106 5221 2304 5286 batur;
2350 5232 2512 5293 atque
2553 5225 2673 5280 ideo
2712 5226 3055 5297 subjungitur
3092 5246 3106 5281 :
3147 5222 3314 5294 Quasi
3359 5231 3413 5285 in
3448 5231 3689 5287 thalamo

2106 5316 2216 5361 tota
2245 5309 2329 5363 die
2350 5312 2658 5378 morabitur,
2687 5314 2811 5383 quia
2838 5314 3138 5371 Jerusalem
3173 5315 3277 5372 fuit
3326 5333 3392 5374 eo
3444 5328 3691 5389 tempore

2106 5396 2272 5461 locus,
2300 5415 2459 5468 quem
2486 5402 2645 5471 elegit
2667 5403 2942 5469 Dominus,
2968 5415 3026 5459 ut
3051 5416 3197 5461 esset
3223 5424 3417 5464 nomen
3447 5408 3565 5477 ejus
3587 5412 3687 5468 ibi.

2105 5487 2405 5559 Allegorice
2426 5502 2605 5546 autem
2626 5494 2883 5548 Dominus
2907 5509 3089 5551 nosmr
3109 5496 3268 5554 Jcsus
3294 5501 3542 5556 Christus
3572 5502 3694 5570 ipse

2106 5582 2508 5640 amantissimus
2537 5594 2620 5639 est
2649 5585 2741 5641 Dei
2772 5585 2967 5652 Patris,
2999 5589 3064 5644 de
3090 5604 3198 5658 quo
3246 5590 3409 5646 dixit:
3451 5591 3554 5646 llic
3613 5606 3691 5649 est
