4064 6206
326 377 380 433 ιθ
1305 376 1394 431 DE
1433 371 1778 430 UNlVERSO
1814 371 1991 427 LIBRI
2032 370 2192 425 XXII.
2254 402 2301 410 —
2335 372 2459 425 LIB.
2502 370 2562 424 ll.
3494 370 3562 424 50

326 491 481 546 Filius
529 508 680 546 meus
741 491 984 557 dilectus,
1012 493 1066 545 in
1115 509 1216 561 quo
1276 492 1404 545 mihi
1448 491 1573 545 bene
1603 488 1891 559 complacui
1919 506 1964 561 Α
1985 487 2401 557 justi/icarit;ct
2452 503 2580 556 quos
2619 486 2950 555 justiﬁcavit,
2977 485 3093 541 illos
3147 498 3194 541 et
3254 487 3565 556 gloriﬁcavit

327 581 520 654 (Matth.
553 581 661 653 ut).
695 581 796 637 Hic
824 583 879 636 in
914 583 1111 637 virtute
1144 581 1321 637 Patris
1345 588 1646 651 permanet,
1676 580 1804 650 quia
1834 578 1889 633 in

327 674 528 729 dextera
556 672 775 728 virtutis
795 673 969 739 sedet,
999 682 1055 728 et
1090 674 1332 743 regnavit
1362 672 1597 745 [regnat]
1631 672 1685 725 in
1713 668 1889 725 excel-

325 768 403 820 sis.
451 765 561 821 Sed
630 774 688 821 et
739 768 809 820 de
878 766 1178 821 humilitate
1234 766 1353 835 ejus
1400 765 1623 835 intelligi
1688 770 1888 833 potest,

323 859 433 925 quia
494 857 552 910 in
626 871 699 910 eo
726 855 996 910 divinitas
1058 857 1265 911 habitat
1325 855 1675 919 conﬁdenter,
1728 868 1889 923 quam

323 945 408 998 sibi
430 943 718 1012 conjunxit
744 944 799 998 in
847 944 1056 999 unitate
1100 961 1367 1016 personae.
1399 945 1552 1011 Quod
1603 951 1783 997 autem
1831 943 1889 996 in

321 1034 535 1088 thalamo
562 1035 877 1097 morabitur,
908 1045 957 1090 et
978 1036 1114 1091 inter
1148 1036 1390 1090 humeros
1418 1035 1561 1089 illius
1592 1034 1889 1104 requiescet,

321 1123 576 1191 signiﬁcat
595 1126 741 1193 quod
764 1126 818 1179 in
857 1135 1012 1180 utero
1032 1124 1269 1196 Virginis
1299 1125 1504 1180 ctelesti
1534 1139 1732 1194 sponso
1758 1138 1889 1177 con-

316 1213 485 1282 juncta
515 1222 607 1268 est
635 1213 897 1277 Ecclesia,
929 1229 1051 1285 quae
1078 1216 1130 1269 in
1158 1214 1428 1271 fnrtudine
1456 1215 1708 1284 potentia:
1732 1213 1891 1268 Chri-

320 1303 395 1363 sti,
415 1313 468 1357 et
495 1303 551 1357 in
573 1305 827 1374 operibus
844 1304 958 1375 ejus
985 1307 1274 1363 maximam
1295 1306 1543 1362 ﬁduciam
1559 1322 1625 1361 ac
1651 1306 1890 1376 requiem

320 1394 504 1449 mentis
531 1394 721 1449 habet.

377 1486 653 1542 Hanasses
682 1488 861 1543 dictus
884 1498 969 1544 est
988 1491 1055 1544 ab
1086 1505 1152 1545 eo
1187 1488 1332 1559 quod
1355 1490 1425 1544 sit
1448 1498 1603 1560 pater
1623 1489 1741 1559 ejus
1763 1488 1893 1543 obli-

320 1582 393 1627 tus
424 1574 669 1629 laborum
697 1593 942 1632 suorum.
979 1578 1054 1632 lta
1081 1579 1341 1633 llcbraice
1394 1587 1617 1633 vocatur
1662 1577 1889 1642 oblivio;

318 1677 473 1738 gestat
498 1679 686 1723 autem
711 1671 938 1740 ﬁguram
965 1672 1161 1740 prioris
1187 1672 1388 1741 populi.

377 1760 658 1830 Ephraim,
690 1761 784 1830 qui
816 1761 1202 1830 interpretatur
1222 1760 1470 1835 frugifer,
1497 1760 1613 1815 sive
1637 1774 1890 1830 augmen-

1992 579 2166 650 (Rom.
2188 579 2330 651 vui).
2356 577 2463 633 Sed
2512 578 2648 642 haec,
2677 587 2735 631 ut
2777 578 2912 641 dixi,
2942 578 2994 633 in
3024 578 3252 640 occulto,
3278 580 3365 633 ubi
3400 580 3457 633 ﬁt
3508 589 3565 634 et

1990 670 2269 741 conceptio
2301 679 2503 724 sanctae
2558 670 2841 724 ubertatis.
2882 669 3111 724 Mittitur
3154 678 3332 725 autem
3380 671 3564 726 hmdus

1987 764 2286 834 promissus
2321 772 2576 831 tanquam
2604 759 2872 815 meretrici
2901 758 3053 832 (Gen.
3090 760 3340 835 xxxvut).
3368 759 3565 817 Haedus

1989 858 2352 927 exprobratio,
2388 853 2593 924 peccati
2616 867 2715 922 per
2730 852 2976 907 eumdem
3023 852 3422 917 Odollamitem,
3449 860 3557 907 tan-

1990 964 2152 1019 quam
2179 949 2542 1018 increpantem
2569 952 2626 1000 et
2646 944 2942 999 dicentem:
2964 942 3241 998 Generatio
3270 943 3563 1014 viperarum

1992 1038 2206 1111 (Matth.
2223 1037 2327 1109 tu).
2345 1036 2452 1091 Sed
2472 1050 2577 1089 non
2603 1050 2722 1090 eam
2747 1034 2950 1089 invenit
2967 1034 3172 1105 peccati
3191 1034 3560 1105 eXprobratio,

1991 1143 2151 1198 quam
2178 1126 2407 1181 mutavit
2431 1123 2785 1181 confessionis
2809 1124 3130 1179 amaritudo.
3153 1123 3281 1180 Post
3298 1139 3428 1179 vero
3449 1125 3561 1194 jam

1988 1218 2216 1289 publicis
2241 1217 2408 1289 signis
2438 1217 2621 1271 annuli
2652 1226 2709 1271 et
2727 1216 2966 1282 monilis,
3009 1224 3065 1271 et
3088 1219 3276 1288 virgae,
3307 1217 3438 1272 vicit
3477 1226 3561 1273 te-

1990 1326 2137 1366 mere
2159 1310 2465 1380 judicantes
2484 1308 2714 1372 Iudaeos,
2743 1322 2972 1379 quorum
2992 1308 3105 1378 jam
3138 1322 3427 1378 personam
3450 1308 3565 1377 ipse.

1989 1400 2154 1457 Judas
2178 1400 2452 1473 gestabat;
2477 1400 2567 1469 qui
2597 1400 2860 1470 hodieque
2883 1399 3090 1464 dicunt,
3111 1414 3218 1454 non
3270 1399 3414 1453 hunc.
3463 1414 3563 1467 po-

1990 1494 2170 1564 pulum
2193 1507 2314 1549 esse
2351 1491 2573 1556 Christi,
2602 1506 2705 1547 nec
2736 1490 2934 1546 habere
2976 1505 3076 1546 nos
3104 1503 3287 1546 semen
3312 1490 3563 1545 Abrahae.

1992 1584 2098 1641 Sed
2119 1584 2341 1654 prolatis
2355 1583 2671 1639 certissimis
2689 1582 3026 1638 documentis
3051 1591 3248 1637 nostrae
3266 1580 3564 1635 vocationis

1982 1674 2490 1743 justiﬁcatiouisque
2514 1682 2569 1728 et
2606 1672 3030 1743 gloriﬁcationis,
3078 1669 3406 1727 erubescunt
3447 1672 3565 1725 sine

1991 1768 2152 1823 dubio
2183 1776 2239 1822 ct
2254 1765 2672 1828 confunduntur,
2697 1773 2753 1819 et
2777 1779 2876 1820 nos
2907 1764 3079 1836 magis
3107 1779 3268 1833 quam
3291 1778 3351 1818 se
3367 1761 3566 1831 justiﬁ-

317 1860 446 1914 ttmt;
483 1865 552 1903 eo
580 1851 727 1920 quod
764 1852 981 1905 auxerit
1022 1867 1144 1906 eum
1190 1851 1351 1906 Deus.
1380 1852 1480 1906 llic
1530 1858 1711 1906 autem
1756 1864 1879 1917 gen-
1914 1850 1958 1908 Β
1985 1867 2135 1913 catos
2157 1872 2277 1913 esse
2301 1856 2628 1912 fatebuntur.
2643 1855 2875 1926 Pignora
2901 1856 3045 1911 enim
3068 1854 3232 1910 refert
3253 1856 3452 1910 habere
3480 1869 3567 1910 se-

319 1940 437 1992 tium
491 1939 769 2011 signiﬁcat
817 1941 1092 2011 pepulum,
1143 1942 1236 2013 qui
1292 1956 1391 2012 per
1451 1941 1885 1997 benedictionem

318 2030 623 2098 patriarchae
674 2032 997 2101 prmpositus
1044 2041 1127 2088 est
1180 2032 1372 2104 majori
1425 2032 1620 2104 populo
1675 2031 1887 2086 Iudaeo-

320 2137 444 2175 rum.

378 2212 609 2267 Thamar
632 2214 1019 2284 interpretatur
1046 2217 1342 2271 amaritudo
1366 2233 1461 2288 pro
1496 2215 1617 2271 ritis
1643 2215 1881 2269 mortuis.

322 2302 503 2358 Eadem
525 2315 580 2359 et
614 2317 978 2372 comminans;
1002 2312 1227 2363 mutavit
1254 2309 1400 2364 enim
1431 2323 1489 2364 se
1538 2309 1591 2363 in
1643 2307 1883 2362 habitum

326 2395 632 2461 meretricis,
665 2397 883 2465 quando
916 2413 1036 2453 eum
1065 2414 1253 2453 socero
1277 2415 1378 2454 suo
1407 2398 1714 2454 concubuit.

382 2483 570 2540 Phares
602 2487 994 2558 interpretatur
1015 2489 1223 2555 d'risio,
1252 2493 1318 2544 ah
1357 2493 1604 2563 eo-quod
1639 2493 1887 2550 diviserit

327 2576 677 2632 membranula
747 2579 1135 2645 secundarum;
1188 2582 1438 2638 divisoris
1495 2584 1659 2650 inde,
1712 2586 1765 2641 id
1801 2594 1886 2642 est

329 2664 527 2732 Phares,
573 2671 799 2725 sortitus
850 2683 934 2727 est
982 2688 1198 2729 nomen.
1227 2673 1382 2731 Unde
1403 2686 1458 2731 et
1484 2675 1762 2746 Pharisaei,
1793 2681 1886 2751 qui

333 2772 383 2810 se
402 2759 537 2826 quasi
555 2759 733 2829 justos
778 2776 809 2814 ει
859 2762 1054 2831 populo
1079 2763 1420 2834 separabant,
1460 2768 1616 2824 divisi
1653 2769 1887 2842 appella-

333 2848 528 2903 bantur.

394 2938 533 3003 Zara,
562 2939 729 2996 frater
758 2939 896 3010 ejus,
929 2943 984 2997 in
1013 2942 1165 3013 cujus
1190 2960 1349 3001 manu
1374 2949 1676 3013 coccinum,
1712 2948 1883 3006 inter—

332 3039 546 3096 pretatur
567 3034 775 3097 oriens;
797 3033 910 3088 sive
932 3034 1054 3103 quia
1083 3034 1288 3105 primus
1312 3039 1578 3108 apparuit,
1609 3040 1721 3095 sive
1741 3042 1884 3111 quod

332 3117 521 3186 plurimi
547 3134 609 3175 ex
635 3135 702 3175 eo
718 3122 848 3191 justi
878 3124 986 3177 uati
1010 3132 1154 3187 sunt,
1186 3133 1244 3178 ut
1269 3126 1321 3179 in
1352 3126 1487 3182 libro
1513 3127 1881 3200 Paralipome-

1987 1970 2106 2008 cum
2123 1952 2381 2007 Ecclesia.
2411 1952 2711 2007 Accusatur
2730 1953 2874 2007 enim
2902 1966 2932 2005 a
2957 1950 3156 2006 Iudaeis
3176 1951 3327 2020 quasi
3349 1948 3561 2005 adulte-

1985 2044 2151 2098 ratrix
2172 2042 2334 2113 legis;
2368 2043 2462 2098 sed
2483 2043 2716 2098 ostendit
2734 2043 2937 2112 virgam
2965 2044 3176 2114 signum
3198 2042 3483 2111 passionis,
3507 2050 3563 2096 et

1985 2133 2182 2188 monile
2201 2133 2332 2204 legis
2352 2133 2621 2204 legitimae,
2637 2141 2691 2187 et
2704 2133 2958 2187 annulum
2978 2133 3171 2203 pignus
3190 2133 3564 2187 immortalita-

1987 2224 2074 2277 tis.
2097 2221 2248 2289 Quod
2273 2232 2451 2276 autem
2473 2220 2749 2291 Scriptura
2770 2222 2899 2275 dicit
2922 2220 3219 2290 parientem
3243 2220 3481 2274 Thamar
3507 2229 3566 2276 et

1985 2313 2119 2367 duos
2145 2312 2197 2366 in
2214 2319 2366 2366 utero
2388 2311 2630 2382 geminos
2650 2311 2957 2375 habentem,
2973 2325 3197 2380 quorum
3221 2309 3424 2366 scilicet
3448 2310 3563 2379 pri-

1986 2418 2123 2464 mus,
2152 2402 2242 2471 qui
2268 2401 2465 2456 dicitur
2481 2400 2638 2465 Zara,
2663 2399 2810 2455 misit
2832 2415 3047 2455 manum
3074 2415 3227 2455 suam
3247 2439 3261 2464 ,
3284 2409 3339 2453 et
3381 2399 3562 2454 obstea

1989 2493 2093 2548 trix
2116 2493 2304 2564 ligavit
2324 2493 2602 2548 coccinum
2622 2509 2637 2559 ;
2661 2499 2715 2548 et
2733 2491 2931 2548 dehinc
2946 2491 3037 2546 illo
3063 2505 3281 2547 manum
3307 2490 3561 2545 intrinse—
3636 2474 3657 2493 ί

1986 2598 2082 2640 cus
2129 2584 2436 2639 retrahente
2473 2584 2758 2654 possterior,
2793 2585 2886 2652 qui
2922 2582 3129 2638 Phares
3153 2589 3398 2646 vocatur,
3432 2596 3562 2652 por-

1985 2674 2128 2730 rexit
2176 2689 2393 2728 manum
2420 2715 2434 2738 ,
2469 2680 2524 2729 et
2567 2672 2838 2729 nascendo
2888 2674 3151 2743 processit
3199 2690 3214 2726 :
3263 2671 3562 2745 ﬁguraliter

1987 2766 2232 2836 congruit
2251 2764 2393 2835 quod
2414 2764 2717 2819 extenderit
2744 2764 2908 2819 lsrael
2934 2765 2987 2819 in
3010 2764 3142 2835 legis
3159 2778 3322 2834 opera
3344 2778 3563 2817 manum

1987 2875 2161 2924 suam,
2190 2869 2243 2915 et
2267 2874 2385 2915 eam
2424 2860 2804 2930 prophetarum
2837 2866 2890 2914 et
2920 2859 3087 2929 ipsius
3114 2857 3412 2912 Salvatoris
3443 2857 3562 2927 pol-

1986 2951 2155 3006 latam
2187 2966 2380 3007 cruore
2408 2950 2766 3016 contraxerit;
2814 2957 2998 3021 postea
3039 2963 3167 3005 vero
3204 2949 3350 3020 prior
3389 2949 3575 3018 aperit

1984 3042 2234 3113 populus,
2258 3041 2495 3113 gentium
2527 3040 2755 3107 scilicet,
2785 3048 2843 3094 ut
2874 3039 3038 3094 futuri
3073 3046 3256 3094 essent
3281 3039 3559 3094 novissimi

1990 3135 2082 3204 qui
2106 3142 2261 3189 erant
2284 3133 2465 3203 primi,
2501 3140 2556 3187 et
2589 3132 2747 3202 primi
2777 3130 2941 3187 futuri
2970 3137 3151 3186 essent
3174 3129 3266 3200 qui
3289 3136 3447 3186 erant
3472 3143 3567 3183 no-

335 3224 428 3262 non
447 3213 759 3268 continetur.
784 3212 1019 3268 Thamar
1040 3216 1279 3271 habitum
1309 3227 1502 3283 mutat,
1523 3229 1692 3274 mutat
1724 3231 1776 3276 et
1795 3238 1891 3276 no-
1918 3201 1963 3262 (ἶ
1994 3201 2220 3277 vissimi.

339 3318 471 3358 mea:
491 3314 541 3360 et
560 3305 619 3360 lit
645 3308 711 3363 de
751 3306 1035 3380 Synagoga
1063 3309 1326 3365 Ecclesia.
1361 3310 1466 3365 Sed
1498 3312 1551 3366 in
1579 3324 1641 3366 ea
1669 3329 1893 3395 prorsus

339 3408 509 3449 nomen
544 3398 918 3454 amaritudinis
950 3408 1163 3467 manet;
1188 3415 1294 3457 non
1320 3401 1461 3456 illius
1486 3404 1886 3471 amaritudinis,

343 3484 389 3538 in
413 3502 504 3555 qua
539 3488 764 3545 Domino
808 3491 1152 3557 ministravit,
1181 3492 1276 3547 sed
1304 3492 1446 3548 illius
1476 3494 1529 3548 in
1565 3509 1668 3565 qua
1695 3494 1889 3552 Petrus

344 3592 498 3635 amare
515 3580 670 3637 flevit.
698 3582 831 3639 Nam
854 3592 907 3639 et
928 3583 1093 3640 Judas
1124 3586 1313 3642 Latine
1338 3587 1593 3658 confessio
1622 3597 1723 3644 est.
1746 3588 1888 3646 Con-

346 3668 533 3729 fessioni
581 3690 710 3745 ergo
751 3677 1056 3732 amaritudo
1100 3680 1409 3747 misceatur,
1440 3688 1500 3735 ut
1524 3697 1651 3736 vera
1711 3683 1887 3752 poeni-

350 3764 488 3818 tentia
525 3768 899 3839 prtesignetur:
931 3772 1033 3826 hac
1077 3773 1395 3843 pmnitentia
1436 3772 1755 3829 fecundatur
1778 3775 1883 3832 Ec-

354 3850 482 3907 tlesia
522 3856 572 3910 in
638 3858 890 3914 omnibus
933 3861 1181 3932 gentibus
1228 3865 1540 3919 constituta.
1602 3862 1885 3936 Oportebat

352 3943 723 4043 (aint-Christum
748 3952 862 4021 pati
908 3960 955 4006 et
985 3970 1250 4026 resurgere
1291 3957 1445 4012 tertia
1467 3959 1583 4025 die;
1610 3969 1659 4013 ct
1683 3960 1883 4031 prtcdi-

355 4040 443 4085 rari
458 4040 504 4088 in
524 4040 718 4092 nomine
747 4040 862 4110 ejus
885 4043 1236 4111 pmnitentiam
1283 4056 1331 4101 et
1367 4048 1722 4104 remissionem
1763 4067 1882 4123 pec-

355 4133 547 4181 catorum
558 4147 646 4198 per
670 4148 847 4186 omnes
869 4144 1042 4205 gentes
1070 4137 1432 4209 incipientibus
1453 4140 1518 4195 ab
1541 4139 1878 4198 Hierusalem

357 4211 477 4314 (tu.
505 4225 661 4292 mv).
686 4221 820 4277 Nam
840 4233 894 4280 et
925 4226 1037 4297 ipse
1074 4228 1287 4286 habitus
1323 4234 1623 4289 meretricis
1670 4233 1882 4292 confes-

353 4317 420 4399 sio
458 4320 777 4377 peccatorum
823 4325 924 4371 est.
969 4316 1175 4389 Typum
1226 4322 1420 4394 quippe
1448 4323 1702 4382 Ecclesiae
1741 4327 1881 4399 gerit

356 4391 549 4452 Thamar
572 4416 634 4455 ex
663 4406 913 4475 gentibus
937 4418 1191 4477 evocatze,
1221 4391 1412 4468 sedens
1436 4430 1559 4470 cum
1592 4417 1701 4472 hoc
1728 4391 1876 4473 habi-

353 4489 399 4577 li!
421 4486 477 4541 ad
496 4500 694 4559 portam
724 4494 876 4550 Enan
903 4497 988 4552 vel
1022 4497 1284 4566 Enachin,
1307 4504 1448 4572 quod
1491 4505 1876 4577 interpretatur

352 4572 463 4641 fons.
481 4578 713 4639 Cucurrit
745 4587 890 4641 enim
914 4588 1060 4643 velut
1079 4606 1271 4647 cervus
1299 4593 1366 4647 ad
1404 4593 1579 4651 fontes
1613 4572 1874 4667 a—quarum

351 4672 593 4732 pervenire
624 4675 689 4730 ad
718 4692 903 4732 semen
928 4678 1173 4735 Abrahae.
1199 4681 1292 4737 illo
1318 4683 1462 4738 enim
1518 4701 1624 4740 non
1678 4702 1880 4758 cogno-

349 4770 504 4848 mle
520 4763 713 4822 feratur
733 4768 873 4843 (sic),
891 4771 1014 4840 quia
1039 4770 1106 4826 de
1131 4773 1224 4828 illo
1236 4775 1550 4843 praedictum
1571 4786 1653 4833 est
1672 4796 1684 4831 :
1705 4774 1883 4848 Popu-

348 4845 416 4900 lus
435 4866 570 4939 quem
596 4872 698 4910 non
738 4859 971 4928 cognovi,
999 4861 1182 4916 serviet
1210 4860 1336 4917 mihi
1360 4860 1530 4935 (Psal.
1586 4866 1740 4939 xvu).
1772 4845 1882 4922 Ac-

348 4936 470 5007 cepit
492 4939 541 4995 in
565 4943 775 5000 occulto
803 4947 1058 5002 annulum
1091 4956 1147 5005 et
1171 4951 1371 5006 monile
1403 4961 1460 5007 et
1497 4936 1707 5026 virgam
1727 4952 1885 5027 (Gen.

351 5031 564 5101 umu),
584 5036 708 5104 quia
736 5038 1021 5095 vocatione
1053 5041 1317 5112 signatur,
1347 5043 1736 5115 justiﬁcatione
1786 5047 1883 5102 dc-

348 5127 551 5189 coratur,
577 5125 968 5194 gloriﬁcatione
987 5129 1275 5185 exaltatur.
1319 5130 1464 5197 Quos
1505 5134 1646 5188 enim
1680 5135 1882 5204 prinde-

344 5204 545 5277 “inerit,
568 5213 683 5270 illos
704 5226 754 5273 et
776 5216 1007 5285 rocavit;
1030 5235 1159 5289 quos
1208 5231 1381 5276 autem
1429 5225 1644 5291 vocavit,
1666 5224 1785 5280 illos
1834 5236 1882 5280 et

2061 3307 2161 3365 Job
2187 3316 2390 3374 autem,
2420 3316 2480 3363 ut
2505 3309 2720 3378 quidam
2744 3309 3106 3378 suspicantur,
3137 3309 3192 3364 in
3222 3308 3360 3363 libro
3391 3307 3564 3363 Gene-

1990 3420 2113 3460 seos
2138 3404 2310 3462 Jobab
2337 3403 2665 3467 nominatur,
2693 3408 2748 3457 et
2772 3401 2838 3456 de
2864 3400 3032 3469 stirpe
3054 3399 3193 3455 Esau
3217 3399 3565 3470 generatione

1988 3505 2180 3566 quarta
2199 3503 2359 3550 natus
2377 3492 2632 3550 creditur.
2660 3493 2702 3547 Ε
2724 3499 2910 3547 contra
2930 3490 3140 3546 Hebraei
3164 3497 3414 3545 asserunt
3439 3503 3563 3543 eum

1988 3588 2055 3642 dc
2084 3587 2299 3642 Nacbor
2319 3586 2486 3656 stirpe
2509 3600 2627 3640 esse
2664 3592 2997 3655 generatum.
3029 3580 3163 3636 Nam
3194 3580 3437 3650 Eliphaz,
3470 3578 3566 3648 qui

1986 3695 2127 3734 unus
2155 3678 2222 3734 de
2243 3679 2413 3733 tribus
2445 3677 2632 3733 amicis
2656 3675 2757 3732 Job
2783 3689 2905 3731 esse
2935 3673 3130 3746 legitur
3152 3714 3166 3739 ,
3194 3673 3247 3727 in
3285 3671 3427 3725 libro
3458 3667 3565 3724 lle-

1985 3768 2291 3823 braicarum
2325 3766 2690 3833 Quaestionum
2729 3764 2987 3834 scriptum
3028 3762 3247 3834 reperi,
3279 3760 3422 3831 quod
3447 3759 3564 3829 ipse

1984 3859 2145 3915 fuerit
2162 3859 2303 3914 ﬁlius
2330 3859 2473 3915 Esau
2502 3873 2569 3914 ex
2591 3858 2707 3913 Ada
2727 3873 2897 3913 uxore
2916 3872 3032 3913 sua.
3062 3856 3120 3912 ln
3145 3855 3392 3911 Latinum
3421 3868 3560 3924 quo-

1983 3965 2090 4020 que
2118 3950 2348 4005 vertitur
2374 3946 2506 4016 Job,
2548 3948 2749 4004 dolens.
2795 3948 2863 4004 Et
2894 3956 3041 4004 recte
3074 3947 3294 4013 dolens,
3339 3956 3564 4019 propter

1981 4039 2383 4109 percussionem
2425 4039 2608 4094 carnis
2643 4046 2699 4094 et
2720 4039 3000 4109 passiones
3026 4037 3269 4094 dolorum
3294 4054 3308 4103 ;
3338 4036 3560 4094 calami-

1983 4137 2122 4184 tates
2164 4129 2309 4184 cnlm
2351 4145 2479 4185 suas
2526 4129 2760 4186 nominis
2787 4129 3107 4202 etymologia
3151 4128 3420 4197 figuravit.
3452 4124 3557 4184 Hic

1978 4236 2111 4294 ergo
2157 4222 2211 4275 in
2258 4219 2418 4276 l‘actis
2465 4220 2726 4290 dictisque
2786 4221 2899 4276 suis
2960 4232 3246 4290 personam
3295 4217 3553 4289 exprimit

1978 4314 2375 4385 Redemptoris,
2406 4314 2474 4371 de
2506 4329 2613 4385 quo
2638 4313 2896 4385 scriptum
2924 4318 3008 4369 est
3040 4331 3052 4366 :
3088 4310 3208 4382 Ipse
3228 4310 3434 4366 dolores
3463 4327 3551 4366 no-

1977 4412 2112 4461 stros
2134 4404 2252 4459 tulit
2272 4414 2321 4459 et
2341 4402 2703 4475 trgrota’tioues
2724 4402 2944 4473 portavit
2970 4399 3106 4475 (Isa.
3131 4401 3269 4471 Lm).

2051 4492 2201 4549 Uxor
2229 4494 2425 4565 quippe
2453 4493 2619 4563 ipsius
2654 4490 2754 4547 Job
2776 4532 2791 4559 ,
2822 4506 2942 4563 qua:
2969 4505 3093 4546 cum
3135 4493 3203 4546 ad
3227 4488 3554 4545 maledicen-

1984 4583 2111 4641 dum
2139 4574 2468 4656 provocavit,
2497 4584 2819 4654 pravitatem
2847 4579 3142 4639 carnalium
3172 4581 3434 4652 designat.

2056 4675 2191 4732 Tres
2236 4668 2366 4731 vero
2417 4674 2575 4730 amici
2626 4673 2767 4731 illius
2812 4684 2995 4747 typum
3043 4682 3230 4730 tenent
3272 4672 3556 4728 hzeretico-

1989 4780 2109 4825 rum
2136 4809 2150 4836 ,
2179 4770 2270 4839 qui
2302 4769 2402 4824 sub
2432 4768 2613 4840 specie
2643 4767 2955 4824 consulendi
2987 4766 3220 4822 studium
3251 4769 3445 4835 gerunt
3482 4778 3543 4818 se

1991 4858 2238 4915 ducendi.

2062 4951 2219 5006 Eliud
2254 4965 2419 5016 vero,
2451 4951 2542 5019 qui
2567 4958 2753 5005 contra
2781 4964 2903 5005 eum
2942 4946 3170 5018 superbe
3209 4944 3416 4999 locutus
3454 4951 3556 5006 cst,

1988 5042 2263 5099 doctorem
2306 5041 2593 5110 superbum
2615 5050 2670 5095 et
2705 5050 3045 5111 arrogantem
3081 5038 3434 5101 demonstrat,
3464 5035 3553 5105 qui

1989 5132 2175 5187 durius
2194 5132 2562 5202 increpatione
2582 5147 2677 5185 sua
2696 5128 2927 5185 ﬁdelium
2951 5130 3091 5184 intra
3112 5133 3353 5182 sanctam
3377 5124 3569 5181 Eccle-

1990 5221 2125 5276 siam
2156 5221 2332 5293 arguit
2357 5230 2411 5277 et
2445 5222 2687 5292 increpat
2724 5221 2953 5274 turbam.
