4064 6206
433 315 494 371 5i
1066 312 1126 366 Β.
1167 310 1418 366 RABANI
1459 307 1676 366 MAURI
1714 307 2036 364 ARCHIEP.
2074 306 2380 365 MOGUNT.
2422 307 2706 367 OPERUM
2740 310 2918 368 PARS
2954 311 3019 368 II.
3598 295 3678 369 εἰ

1663 438 1826 450 ...ιο-ο

1827 439 2186 452 Ψ

1636 532 1925 608 LIBER
2001 533 2478 609 TERTIUS.

1859 696 2232 712 —-————

933 813 1157 869 CAPUT
1196 811 1483 868 PRIMUM.

429 906 505 962 De
524 906 644 960 aliis
667 904 977 974 quihusdam
1006 905 1129 958 viris
1153 904 1257 958 sive
1283 903 1521 974 feminis,
1533 917 1755 972 quorum
1783 903 1995 956 nomina

649 972 703 1029 in
743 973 912 1028 Veteri
937 972 1262 1027 Testamento
1284 973 1477 1041 scripta
1503 972 1762 1042 leguntur.

501 1085 712 1140 Pharao
734 1098 927 1139 nomen
949 1091 1160 1138 estnon
1188 1082 1441 1147 hominis,
1470 1082 1565 1138 sed
1592 1081 1834 1146 honoris,
1858 1080 1997 1136 sicut

427 1177 570 1247 apud
614 1191 713 1231 nos
753 1175 973 1246 Augusti
1007 1175 1340 1246 appellantur
1377 1190 1564 1243 reges,
1603 1191 1726 1230 cum
1764 1175 2002 1244 propriis

427 1266 731 1321 nominibus
747 1274 1088 1320 censeantur.
1109 1265 1440 1335 Exprimitur
1467 1273 1647 1320 autem
1672 1265 1724 1318 in
1745 1264 1995 1320 Latinum

425 1357 657 1422 Pharao,
679 1358 938 1427 denegans
959 1373 1098 1422 eum,
1132 1358 1314 1426 utique
1335 1358 1503 1412 Deum
1521 1397 1536 1422 ,
1568 1357 1680 1412 sive
1711 1357 1992 1426 dissipans,

423 1464 522 1504 seu
541 1449 936 1519 discooperiens,
961 1447 1166 1504 scilicet
1191 1449 1442 1518 populum
1471 1449 1585 1513 Dei,
1611 1448 1762 1518 cujus
1791 1449 1892 1504 fuit
1917 1448 1995 1502 at-

424 1540 619 1595 llictor.
652 1539 750 1594 Hic
772 1555 900 1610 ergo
926 1539 1151 1610 ﬁguram
1177 1541 1373 1596 diaboli
1400 1541 1588 1596 habuit
1606 1581 1622 1606 ,
1647 1541 1740 1611 qui
1763 1541 1817 1595 in
1840 1541 1998 1612 hujus

425 1628 607 1683 szeculi
643 1630 953 1699 captivitate
989 1629 1240 1700 populum
1281 1631 1374 1686 Dei
1417 1632 1644 1701 perdere
1673 1641 1729 1687 et
1766 1633 1996 1689 terrenis

422 1719 678 1774 vitiorum
705 1719 956 1788 operibus
976 1735 1316 1790 praegravare
1346 1722 1590 1777 tentavit.
1620 1722 1786 1792 Cujus
1819 1738 1993 1778 eunu-

424 1808 557 1862 chus
585 1807 864 1878 Putiphar,
888 1809 980 1878 qui
1002 1810 1386 1881 interpretatur
1426 1827 1481 1865 os
1520 1811 1779 1866 inclinans
1803 1813 1872 1866 ad
1893 1812 1997 1867 dis-

423 1898 662 1964 cendum,
687 1900 819 1954 emit
844 1897 1066 1969 .loseph,
1083 1900 1437 1957 vendentibus
1459 1901 1720 1958 fratribus
1743 1905 1872 1958 suis.
1905 1902 1996 1959 Sic

424 1997 480 2043 et
529 1999 710 2046 castus
747 1990 800 2045 in
843 1989 1139 2060 disciplinis
1177 1991 1519 2062 evangelicus
1551 1991 1777 2062 populus
1821 1992 1994 2062 pretio

2024 814 2074 874 Α
2173 807 2306 865 Filia
2338 811 2650 878 Pharaonis,
2680 828 2798 881 quin
2824 813 3125 882 expositum
3156 812 3372 885 Moysen
3394 813 3466 869 ad
3493 816 3680 886 ripam

2098 900 2332 956 fluminis
2365 902 2577 973 collegit
2612 901 2804 972 (Exod.
2847 903 2948 974 ιι),
2989 904 3229 960 Ecclesia
3265 908 3500 976 gentium
3550 919 3672 973 est,

2096 1005 2216 1059 quae
2243 991 2515 1046 Christum
2545 992 2609 1047 ad
2641 992 2838 1047 ﬁumen
2861 993 3117 1049 salutaris
3135 994 3334 1051 lavacri
3363 998 3581 1068 reperit.

2163 1076 2382 1136 Jamnes
2413 1081 2794 1150 interpretatur
2818 1083 3074 1148 marinus,
3107 1084 3220 1138 sive
3241 1085 3328 1138 ubi
3343 1095 3417 1140 est
3435 1087 3674 1157 signum.

2094 1170 2288 1226 Coram
2326 1174 2470 1228 enim
2501 1175 2670 1245 signis
2711 1174 2879 1246 Moysi
2916 1177 3102 1242 cessit,
3139 1186 3195 1233 et
3233 1179 3429 1236 defecit
3454 1183 3671 1252 signum

2095 1264 2228 1333 ejus.
2273 1263 2420 1319 Unde
2464 1274 2519 1320 et
2563 1266 2814 1341 dixerunt
2849 1267 3035 1338 magi:
3068 1267 3171 1322 Hic
3213 1269 3407 1340 digitus
3455 1271 3549 1327 Dei
3591 1284 3671 1328 est

2097 1353 2292 1425 (Exod.
2324 1354 2464 1424 vin).

2165 1442 2431 1498 Mambrcs
2459 1445 2840 1515 interpretatur
2881 1464 3025 1502 mare
3053 1448 3345 1518 pelliceum,
3384 1451 3496 1505 sive
3522 1469 3675 1506 mare

2094 1532 2149 1584 in
2170 1532 2355 1601 capite.

2163 1621 2369 1693 Moyses
2415 1623 2797 1694 interpretatur
2850 1639 3084 1698 sumptus
3130 1646 3194 1683 ea:
3245 1647 3400 1698 aqua.
3456 1631 3674 1687 Invenit

2093 1726 2216 1765 eum
2263 1712 2330 1766 ad
2366 1713 2538 1782 ripam
2580 1713 2814 1771 fluminis
2854 1719 3153 1787 expositum
3198 1719 3300 1774 lilia
3346 1721 3669 1778 Pharaonis.

2093 1800 2266 1866 Quem
2317 1803 2580 1873 colligens
2616 1805 2890 1876 ad0ptavit
2935 1807 3058 1872 sibi,
3103 1811 3418 1879 vocavitque
3470 1828 3671 1867 nomen

2093 1891 2208 1960 ejus
2235 1892 2474 1964 Moyses,
2509 1909 2573 1950 eo
2594 1896 2733 1965 quod
2765 1898 2831 1952 de
2859 1913 2997 1966 aqua
3025 1899 3252 1968 sumpsit
3287 1917 3428 1955 eum.
3463 1901 3562 1957 llic
3586 1913 3673 1974 ty-

2093 1996 2221 2050 pum
2241 1980 2442 2037 Christi
2467 1985 2731 2053 gestavit;
2758 1987 2847 2055 qni
2874 1987 3124 2056 populum
3156 1989 3247 2043 Dei
3277 2005 3305 2044 a
3323 1988 3453 2060 jngo
3479 1992 3673 2046 diabo—

425 2079 552 2134 ﬁdei
572 2080 702 2134 emi;
731 2079 1023 2145 Christum,
1053 2080 1411 2136 vendentibus
1443 2096 1567 2136 eum
1589 2080 1789 2136 ,ιιιάεείε
1809 2082 1994 2152 ρι-οχί-
2025 2151 2039 2152 7
2096 2070 2212 2124 licaa
2241 2072 2512 2128 servitutis
2543 2075 2760 2144 eripuit,
2791 2085 2847 2131 et
2875 2078 3046 2146 ipsum
3078 2079 3344 2134 diabolum
3376 2081 3426 2134 in
3455 2092 3670 2137 :eterna

426 2167 529 2222 mis
543 2167 822 2238 sanguinis
849 2169 951 2223 sui.
977 2167 1077 2236 Qui
1105 2169 1298 2223 merito
1323 2185 1380 2223 os
1407 2169 1666 2224 inclinans
1700 2171 1768 2224 ad
1789 2151 1989 2226 discen-

2092 2173 2248 2230 ptnna
2272 2161 2669 2230 damnavit.Qui
2689 2165 2871 2220 decem
2887 2167 3336 2238 plagis-percussit
3348 2169 3666 2242 Egyptum,

421 2257 547 2312 dum
575 2256 796 2322 dicitur,
818 2257 941 2328 quia
975 2257 1155 2313 subdit
1181 2273 1240 2313 se
1260 2259 1571 2316 doctoribus
1592 2260 1660 2315 ad
1683 2260 1992 2316 discendam

421 2347 743 2418 sapientiam
764 2349 1017 2403 divinam.
1034 2347 1246 2404 Pharao
1260 2364 1388 2420 ergo
1399 2349 1666 2405 somnium
1679 2350 1833 2417 vidit,
1850 2351 1994 2421 quod

421 2437 805 2508 interpretatus
839 2448 924 2494 est
963 2439 1181 2510 Ioseph,
1224 2440 1348 2510 quia
1393 2441 1706 2511 mysterium
1751 2441 1994 2496 incarna-

425 2528 589 2583 tionis
616 2529 929 2596 Dominicae,
955 2531 1097 2600 quod
1132 2532 1410 2600 ignorabat
1433 2530 1677 2587 diabolus
1698 2571 1712 2598 ,
1741 2531 1992 2589 Christus

421 2619 670 2690 gentibus
707 2621 1090 2676 manifestavit.
1137 2620 1270 2676 Nam
1306 2631 1510 2691 septem
1543 2623 1665 2677 anni
1705 2623 1988 2690 ubertatis,

421 2711 512 2780 qui
537 2711 592 2765 in
617 2719 820 2782 septem
843 2712 1005 2782 Spicis
1035 2712 1227 2783 plenis,
1253 2727 1347 2768 seu
1374 2714 1428 2767 in
1451 2721 1654 2783 septem
1669 2714 1849 2769 vaccis
1869 2715 1990 2784 pin-

420 2803 614 2872 guibus
637 2803 1072 2868 ostendebantur,
1105 2812 1309 2874 septem
1348 2803 1734 2859 charismatum
1773 2805 1988 2875 spirita-

420 2893 552 2948 lium
581 2894 738 2960 dona,
769 2895 962 2965 quibus
991 2896 1205 2950 ubertas
1237 2894 1358 2948 ﬁdei
1394 2893 1540 2965 larga
1563 2894 1761 2962 pietate
1791 2896 1990 2950 redun-

421 2984 534 3049 dat,
561 2983 952 3055 signiﬁcabant.
976 2983 1044 3037 At
1063 2991 1249 3038 contra
1272 2991 1475 3053 septem
1496 2983 1706 3039 steriles
1731 2993 1783 3037 et
1805 2992 1990 3040 tenues

423 3075 617 3130 famem
643 3077 882 3130 veritatis
901 3084 953 3130 et
979 3075 1201 3145 justitia:
1233 3076 1540 3130 novissimis
1580 3077 1906 3147 temporibus
1929 3078 1989 3130 h-

416 3168 698 3236 gurabant.
727 3167 924 3237 Joseph
953 3175 1150 3234 autem,
1172 3168 1260 3237 qui
1290 3176 1472 3238 typum
1495 3168 1742 3223 induerat
1763 3169 1985 3234 Christi,

421 3273 639 3311 currum
680 3258 872 3312 meruit
912 3266 967 3313 et
995 3257 1339 3326 praeconiavit
1371 3266 1496 3312 ante
1521 3273 1642 3312 eum
1662 3298 1677 3323 ,
1703 3267 1758 3313 et
1783 3260 1986 3315 consti-

423 3345 524 3398 tuit
555 3345 699 3398 illum
732 3345 944 3400 Pharao
971 3361 1131 3415 super
1159 3345 1462 3400 universam
1494 3353 1693 3401 terram
1723 3346 1936 3418 {Egypti
1969 3362 1984 3402 :

419 3446 476 3488 et
499 3433 755 3489 Dominus
771 3445 952 3490 noster
977 3444 1258 3505 postquam
1272 3445 1355 3490 est
1375 3436 1663 3491 distractus
1686 3451 1717 3490 a
1741 3433 1900 3500 Juda,
1926 3447 1986 3491 ut

417 3521 617 3595 Joseph
648 3539 679 3579 a
719 3524 994 3591 fratribus,
1025 3535 1079 3581 et
1105 3526 1170 3581 de
1195 3523 1525 3582 infernarum
1554 3541 1772 3582 carcere
1802 3543 1982 3582 resur-

427 3614 581 3681 rexit,
611 3615 855 3671 ascendit
892 3631 1110 3671 currum
1139 3617 1287 3687 regni
1329 3616 1561 3673 ccelestis
1587 3636 1598 3670 :
1627 3617 1694 3672 de
1723 3633 1829 3688 quo
1855 3619 1990 3673 seri-

421 3713 569 3776 ptum
591 3713 702 3760 est:
719 3703 918 3760 Curras
933 3705 1030 3760 Dei
1051 3705 1224 3760 decem
1244 3705 1592 3778 millia(Psal.
1617 3706 1802 3779 xcvn);
1827 3716 1881 3762 et
1901 3723 1989 3762 ac-

420 3795 564 3866 cepit
605 3803 926 3865 potestatem
961 3811 990 3848 a
1023 3794 1178 3850 Patre
1217 3795 1543 3866 prmdicandi
1586 3805 1642 3851 et
1671 3795 1942 3865 judicandi
1969 3837 1985 3862 ,

419 3885 558 3940 sicut
600 3884 872 3956 apostolus
909 3883 1104 3939 Paulus
1133 3884 1208 3938 ait
1237 3902 1248 3937 :
1280 3884 1349 3938 Et
1392 3884 1532 3938 dedit
1561 3884 1607 3938 ei
1639 3901 1822 3938 nomen
1849 3885 1987 3956 quod

417 3986 492 4031 est
529 3993 684 4048 super
710 3993 858 4030 omne
885 3992 1089 4041 nomen,
1122 3985 1176 4029 ut
1205 3976 1258 4030 in
1288 3975 1494 4030 nomine
1520 3975 1646 4030 Jesu
1685 3992 1834 4030 omne
1855 3993 1988 4046 genu

418 4071 659 4140 flectatur
671 4069 974 4136 ctelestium,
990 4070 1309 4124 terrestrium
1324 4076 1371 4122 et
1384 4066 1706 4136 infernarum
1722 4062 1885 4138 (Phil.
1903 4065 1985 4138 ιι).

417 4159 642 4229 Accepit
691 4173 903 4230 quoque
949 4166 1003 4213 et
1051 4157 1328 4223 annulum,
1372 4155 1742 4226 pontiﬁcatum
1783 4155 1991 4212 scilicet

417 4245 564 4312 ﬁdei,
592 4263 698 4316 quo
723 4247 1058 4303 credentium
1085 4248 1276 4302 anima:
1311 4246 1496 4302 salutis
1525 4246 1680 4316 signo
1708 4245 1990 4318 signantur

419 4335 683 4389 frontibus
699 4345 753 4390 et
771 4337 1041 4391 cordibus.
1062 4337 1162 4391 Per
1182 4337 1393 4407 signum
1414 4337 1589 4392 crucis
1611 4336 1779 4407 ﬁgura
1800 4337 1988 4391 teterni

421 4426 561 4498 regis
593 4427 928 4496 exprimitur.
956 4428 1304 4498 lnduiturque
1337 4427 1722 4498 stola.byssina
1742 4467 1756 4492 ,
1791 4427 1844 4482 id
1882 4435 1984 4493 est,

419 4528 607 4575 sancta
638 4536 802 4576 carne
822 4521 984 4592 bysso
1013 4521 1342 4588 candidiore,
1369 4531 1424 4576 et
1451 4521 1588 4576 stola
1612 4520 1987 4575 immortalita-

421 4611 512 4665 tis.
540 4609 761 4679 Accepit
781 4625 993 4680 quoque
1026 4618 1270 4679 torquem
1300 4625 1540 4675 auream,
1571 4610 1624 4665 id
1652 4618 1755 4675 est,
1782 4609 1989 4664 intelle-

420 4712 566 4756 ctum
605 4702 825 4756 bonum.
857 4701 1042 4756 Pracco
1069 4712 1194 4756 ante
1218 4717 1341 4757 eum
1372 4702 1646 4771 prazcedit,
1675 4703 1726 4756 id
1763 4709 1865 4768 est,
1897 4710 1988 4756 aut

417 4792 653 4848 Joannes
681 4791 943 4861 Baptista,
982 4791 1071 4860 qui
1108 4791 1210 4845 iter
1233 4790 1348 4861 ejus
1371 4790 1676 4860 praecedens
1695 4791 1987 4860 pr:econia-

417 4881 512 4936 bat
525 4879 737 4935 dicens:
754 4875 948 4932 Parate
961 4879 1096 4932 viam
1108 4878 1331 4933 Domino
1346 4877 1559 4950 (Matth.
1577 4877 1678 4948 ιιι).
1696 4878 1988 4935 Habebitet

418 4975 580 5030 alium
598 4989 920 5046 praeconem,
943 4973 1123 5027 tubam
1140 4972 1332 5042 angeli.
1349 4972 1473 5042 quia
1489 4972 1595 5042 ipse
1614 4973 1776 5026 veniet
1789 4972 1843 5026 in
1862 4973 1985 5026 tuba

418 5065 588 5134 angeli
629 5065 681 5138 (Ι
719 5065 899 5120 Thess.
945 5061 1039 5136 ιν).
1074 5062 1219 5116 Dixit
1254 5077 1466 5132 quoque
1501 5077 1595 5116 rex
1639 5061 1705 5117 ad
1741 5061 1936 5134 Joseph
1967 5082 1980 5118 :

421 5155 533 5226 Ego
573 5172 689 5210 sum
730 5155 960 5210 Pharao.
994 5153 1198 5224 Absque
1240 5161 1328 5206 tuo
1366 5154 1580 5224 imperio
1622 5170 1724 5207 non
1770 5154 1986 5208 movebit

416 5247 688 5316 quisquam
723 5261 935 5300 manum
982 5253 1074 5298 aut
1108 5244 1288 5315 pedem
1321 5243 1374 5296 in
1417 5244 1556 5296 omni
1583 5253 1721 5296 terra
1748 5242 1984 5314 Egypti.

430 5332 691 5404 Vertitque
720 5350 904 5388 nomen
932 5333 1095 5399 illius,
1128 5343 1174 5387 et
1203 5332 1397 5387 vocavit
1426 5348 1545 5386 eum
1583 5331 1761 5403 lingua
1813 5333 1986 5403 [Ερυ-

418 5425 590 5494 ptiaca
617 5424 922 5480 salvatorem
944 5425 1123 5479 mundi
1152 5423 1304 5492 (Gen.
1323 5421 1456 5496 xu).
1481 5423 1618 5491 Quid
1653 5423 1988 5482 manifestius

421 5515 488 5567 de
515 5511 743 5576 Christo,
769 5515 981 5582 quando
1006 5516 1104 5570 sub
1126 5515 1296 5586 ﬁgura
1323 5513 1519 5585 Joseph
1542 5513 1788 5569 Salvator
1808 5523 1988 5570 osten-

422 5604 588 5667 ditur,
618 5617 722 5657 non
751 5603 1129 5677 tantumbnius
1151 5613 1308 5660 terrae
1338 5603 1575 5675 Egypti,
1598 5604 1692 5658 sed
1717 5605 1880 5658 etiam
1906 5612 1985 5660 to-

421 5692 528 5751 tius
557 5689 774 5748 mundi?

2012 4840 2065 4900 D

2092 2258 2147 2304 et
2166 2251 2348 2305 decem
2373 2254 2654 2324 praeceptis
2676 2255 2910 2310 erudivit
2937 2256 3187 2326 populum
3213 2258 3307 2313 Dei
3339 2259 3392 2313 in
3413 2261 3629 2315 deserto
3647 2279 3674 2327 ;

2091 2341 2216 2410 quia
2245 2341 2494 2399 Christus
2524 2345 2576 2399 in
2609 2346 2873 2402 mandatis
2909 2347 3206 2419 Evangelii,
3245 2350 3434 2418 quibus
3480 2351 3533 2404 in
3564 2352 3667 2406 de-

2092 2439 2238 2487 serto
2267 2433 2420 2488 istius
2448 2434 2630 2488 mundi
2662 2435 2831 2488 nutrit
2861 2437 3174 2502 credentes,
3213 2440 3389 2509 arguit
3417 2456 3481 2496 ac
3513 2442 3669 2496 dam-

2091 2527 2187 2574 nat
2213 2521 2530 2577 incredulos.
2569 2521 2668 2578 llic
2711 2525 2860 2594 virga
2884 2526 3191 2594 percutiens
3218 2537 3425 2598 petram
3459 2531 3669 2586 fontem

2089 2609 2320 2666 viventis
2345 2627 2538 2680 aquam
2563 2613 2814 2682 produxit
2843 2632 2856 2668 :
2885 2615 2962 2670 sic
2985 2626 3038 2669 et
3063 2615 3307 2671 Christus
3329 2634 3425 2688 per
3453 2621 3667 2689 passio.-

2090 2715 2213 2756 nem
2236 2701 2414 2756 crucis
2441 2713 2668 2757 mortem
2698 2703 3007 2774 degustans,
3047 2707 3364 2777 sanguinem
3385 2719 3438 2763 et
3462 2726 3667 2778 aquam

2090 2793 2158 2848 de
2193 2791 2362 2848 latere
2399 2809 2496 2849 suo
2523 2795 2794 2864 produxit,
2827 2797 3022 2866 quibus
3059 2798 3266 2855 duobus
3308 2805 3671 2859 sacramentis

2092 2892 2279 2941 sancta
2308 2886 2547 2942 induitur
2589 2888 2847 2943 Ecclesia.
2891 2889 3101 2960 Moyses
3139 2893 3395 2962 populum
3433 2910 3530 2962 per
3568 2895 3668 2950 de-

2089 2985 2295 3032 sertum
2334 2977 2516 3042 duxit,
2555 2979 2648 3034 sed
2691 2988 2869 3033 tamen
2898 2979 3035 3034 ultra
3059 2981 3350 3038 Jordanem
3374 2985 3426 3038 in
3459 2993 3668 3040 terrain

2091 3067 2522 3136 repromissionis
2569 3084 2675 3129 non
2723 3070 3023 3126 introduxit
3054 3089 3067 3125 :
3109 3074 3233 3142 quia
3264 3072 3428 3129 Vetus
3464 3075 3663 3130 Testa.-

2089 3164 2327 3210 mentum
2370 3157 2497 3212 licet
2536 3156 2768 3212 futuram
2805 3159 2858 3214 in
2889 3161 3040 3216 caelis
3083 3162 3310 3230 patriam
3352 3165 3403 3218 in
3443 3167 3668 3234 scriptis

2089 3246 2201 3300 suis
2241 3248 2585 3316 promiserit,
2633 3259 2807 3304 tamen
2839 3267 2966 3316 non,
3009 3253 3110 3306 nisi
3159 3268 3256 3324 per
3294 3252 3419 3308 Jesu
3453 3255 3664 3312 Christi

2088 3339 2363 3405 ducatum,
2405 3341 2608 3396 aditum
2651 3343 2800 3412 regni
2830 3344 3066 3400 caelestis
3107 3346 3244 3401 ullus
3284 3346 3508 3416 adeptus
3552 3359 3662 3402 est.

2089 3428 2188 3483 llic
2223 3445 2434 3501 quoque
2476 3445 2574 3499 per
2611 3431 2808 3487 fluenta
2841 3433 3184 3503 baptismatis
3213 3437 3467 3505 populum
3501 3453 3665 3493 suum
3707 3471 3713 3476 -

2088 3520 2142 3573 in
2165 3531 2362 3576 terram
2402 3521 2654 3577 Ecclesite
2683 3524 3053 3590 introducens,
3085 3527 3207 3580 vita:
3231 3537 3445 3582 materna:
3469 3528 3667 3585 electis

2087 3611 2199 3664 suis
2222 3611 2367 3664 dedit
2389 3613 2821 3682 promissionem,
2850 3623 2904 3668 et
2935 3615 3233 3686 terrigenas
3255 3615 3381 3672 fecit
3403 3633 3521 3672 esse
3547 3634 3668 3672 ca:-

2087 3701 2289 3756 licolas.
2332 3702 2553 3772 Accepit
2579 3719 2706 3774 ergo
2744 3705 2951 3778 Moyses
2986 3723 3146 3762 unam
3186 3709 3253 3764 de
3283 3718 3487 3780 septem
3519 3711 3668 3766 ﬁlia-

2086 3792 2187 3846 bus
2213 3791 2433 3863 Ragucl,
2461 3794 2552 3863 qui
2583 3795 2964 3865 interpretatur
2982 3800 3150 3868 pastio
3176 3799 3292 3865 Dei,
3325 3800 3438 3855 sive
3457 3803 3664 3856 amicus

2085 3881 2198 3952 ejus
2244 3883 2407 3949 Deus,
2450 3885 2667 3940 nomine
2720 3886 3053 3956 Sephoram,
3097 3905 3215 3958 qure
3273 3890 3668 3956 interpretatur

2085 3972 2438 4040 pulchritudo,
2469 3975 2581 4030 sive
2612 3975 2839 4046 placens.
2865 3976 2994 4044 Quae
3012 3979 3196 4048 genuit
3214 3979 3263 4032 ei
3286 3979 3470 4044 lilium,
3496 3996 3667 4048 quem

2088 4064 2301 4118 vocavit
2324 4062 2553 4131 Gersan,
2581 4066 2724 4135 quod
2761 4067 3151 4136 interpretatur
3180 4069 3398 4123 advena.
3441 4069 3668 4139 Peperit

2087 4163 2141 4208 et
2166 4154 2392 4211 alterum
2413 4197 2428 4222 ,
2458 4157 2548 4227 qui
2575 4166 2794 4212 vocatus
2819 4168 2902 4214 est
2932 4160 3157 4224 Eliezer,
3189 4169 3244 4215 et
3271 4161 3668 4230 interpretatur

2087 4245 2227 4302 Deus
2250 4264 2391 4302 meus
2417 4248 2648 4318 adjutor,
2674 4264 2792 4303 cum
2816 4249 3140 4319 Redemptor
3165 4251 3232 4305 de
3255 4252 3440 4321 gentili
3455 4252 3663 4321 populo

2087 4337 2382 4394 Ecclesium
2414 4339 2778 4409 septiformem
2809 4341 3037 4410 spiritali
3071 4340 3316 4413 conjugio
3349 4343 3448 4398 sibi
3485 4359 3664 4412 copu-

2087 4426 2220 4479 lavit
2242 4467 2256 4492 ,
2297 4443 2414 4495 qua:
2449 4427 2574 4482 licet
2598 4443 2820 4483 munere
2862 4431 3029 4485 sancti
3063 4429 3294 4500 Spiritus
3328 4432 3668 4504 scptilormis

2087 4516 2175 4580 sit,
2222 4524 2397 4570 tamen
2441 4532 2544 4570 una
2593 4526 2676 4572 est
2717 4519 2768 4572 in
2822 4519 2924 4573 ﬁde
2970 4521 3230 4576 catholica
3272 4538 3286 4576 :
3327 4523 3391 4580 de
3437 4537 3542 4591 qua
3601 4523 3666 4584 in

2086 4603 2308 4660 Cantico
2337 4609 2668 4662 canticorum
2706 4609 2836 4663 dicit
2863 4626 2875 4662 :
2912 4607 3026 4662 Una
3046 4621 3119 4664 est
3147 4611 3382 4665 columba
3412 4629 3525 4667 mea
3554 4613 3667 4669 ele-

2088 4703 2169 4746 cta
2201 4695 2435 4763 genitrici
2457 4711 2567 4749 suae
2593 4694 2767 4767 (Cant.
2796 4697 2891 4768 vt).
2916 4698 3038 4754 llaec
3063 4715 3225 4753 unum
3250 4701 3432 4771 genuit
3458 4701 3659 4769 lilium,

2089 4784 2179 4853 qui
2225 4793 2448 4838 vocatur
2498 4785 2716 4852 advena,
2767 4796 2821 4842 et
2871 4787 3098 4843 alterum
3143 4790 3234 4859 qui
3290 4800 3510 4844 vocatur
3557 4791 3664 4847 Dei

2090 4873 2428 4942 adjutorium.
2481 4874 2610 4941 Quae
2661 4879 2876 4933 nomina
2925 4880 3061 4934 bene
3093 4881 3415 4936 conveniunt
3460 4882 3663 4952 populo

2091 4961 2401 5018 Christiano
2430 4978 2496 5017 ex
2519 4964 2928 5020 circumcisione
2959 4977 3012 5020 et
3040 4969 3300 5036 praeputio
3337 4978 3660 5025 convocato.

2089 5053 2321 5108 Advcnaz
2348 5055 2490 5108 enim
2532 5065 2688 5122 sunt,
2719 5057 2844 5127 quia
2882 5058 2935 5111 in
2965 5058 3196 5112 incolatu
3231 5060 3387 5113 istius
3415 5060 3594 5114 mundi
3629 5077 3664 5117 ξι

2091 5145 2296 5199 coelcsti
2331 5147 2502 5214 patria
2539 5148 2696 5201 modo
2725 5148 3166 5218 peregrinantur;
3209 5148 3304 5204 sed
3343 5156 3522 5204 tamen
3559 5148 3664 5206 Dei

2092 5233 2356 5303 adjutorio
2387 5253 2657 5306 nunquam
2680 5240 2956 5293 carebunt.

2159 5327 2337 5381 Aaron
2388 5344 2534 5381 mons
2592 5328 2916 5398 fortitudinis
2963 5329 3376 5397 interpretatur;
3439 5338 3669 5398 propter

2089 5421 2233 5490 quod
2286 5419 2618 5474 thuribulum
2673 5421 2942 5490 accipiens
2987 5422 3041 5475 in
3087 5421 3264 5477 medio
3303 5422 3666 5491 superstitum

2088 5518 2143 5564 et
2179 5510 2624 5579 interemptorum
2654 5511 2865 5566 obviam
2895 5511 3080 5575 stetit;
3112 5519 3167 5565 et
3202 5509 3412 5564 ruinam
3441 5509 3664 5577 mortis,

2089 5599 2240 5668 quasi
2271 5599 2489 5668 quidam
2526 5615 2680 5654 mons
2711 5599 2883 5666 fortis,
2911 5599 3160 5655 exclusit.
3206 5599 3307 5654 Hie
3354 5601 3669 5657 sacerdotio

2091 5706 2187 5746 suo
2234 5689 2430 5746 Christi
2485 5690 2738 5759 exprimit
2777 5691 3153 5755 sacerdotium,
3206 5689 3332 5760 quia
3381 5689 3521 5744 sicut
3570 5688 3668 5745 ille
