4064 6206
371 399 438 454 5'3
1370 389 1459 444 DE
1499 384 1848 446 UMVERSO
1891 384 2073 439 LIBRI
2114 382 2275 440 XXII.
2318 415 2384 422 —-
2425 383 2550 438 LIB.
2593 383 2676 438 III.
3583 383 3652 440 54

375 521 565 561 cruore
613 505 960 559 victimarum
998 503 1252 573 populum
1286 501 1560 572 expiabat,
1604 500 1676 554 ita
1718 507 1774 554 et
1807 496 1958 554 Chri‘
1990 497 2038 556 Λ
2139 495 2428 549 Duodecim
2467 494 2833 565 exploratores
2873 495 3176 550 scribarum
3229 510 3293 550 ac
3352 496 3654 551 Pharisaeo-

376 609 491 652 stus
527 595 806 650 sacriﬁcio
840 593 1119 665 sanguinis
1156 591 1238 647 sui
1285 599 1507 662 peccata
1548 589 1706 644 diluit
1753 587 1958 644 mundi.

383 689 510 746 Nam
546 687 703 759 virga
733 689 917 742 Aaron
945 687 1183 742 abscissa
1224 683 1466 740 reﬂoruit
1511 699 1575 738 ac
1605 683 1810 738 h‘uctus
1835 695 1965 752 pro—

382 782 500 837 tulit
530 798 544 834 :
586 781 670 836 sic
699 787 754 834 et
788 779 953 834 arbor
986 777 1166 850 crucis
1193 774 1394 831 Christi
1433 783 1651 829 :eternte
1677 772 1968 828 viriditatis

382 881 434 928 et
477 869 719 926 fructum
773 869 900 923 vitai
950 875 1221 938 perpetuae
1268 881 1365 937 per
1396 865 1716 936 passionem
1764 862 1965 918 Christi

385 963 634 1019 universo
678 959 905 1031 protulit
951 958 1172 1023 mundo,
1223 957 1720 1027 demonstravitque
1765 955 1964 1011 Christi

386 1051 746 1107 sacerdotium
790 1057 1054 1119 perpetuo
1082 1053 1206 1102 esse
1234 1061 1572 1111 mansurum,
1603 1053 1660 1100 et
1698 1044 1966 1100 credenti—

385 1146 482 1198 hus
499 1144 556 1197 in
587 1157 714 1198 eum
743 1157 864 1196 esse
886 1140 1210 1210 proﬁcuum.

452 1231 622 1286 Maria
645 1247 804 1286 soror
833 1229 1009 1283 Aaron
1039 1227 1337 1299 Synagogre
1367 1225 1601 1296 speciem
1632 1224 1887 1293 praetulit.

452 1320 604 1376 Uxor
647 1319 816 1390 Moysi
863 1318 1196 1388 Ethiopissa
1253 1316 1502 1384 ﬁguravit
1558 1315 1853 1370 Ecclesiam
1897 1331 1965 1370 ex

383 1409 673 1480 gentilibus
695 1409 910 1465 Christo
932 1407 1294 1476 conjunctam,
1325 1406 1476 1475 cujus
1501 1406 1570 1460 ob
1599 1421 1817 1461 causam
1849 1406 1965 1462 zelo

386 1501 667 1573 Synagoga
703 1501 1020 1554 obtrectans
1053 1499 1312 1553 adversus
1344 1497 1619 1552 Christum
1659 1498 1803 1554 illico
1827 1514 1963 1553 con-

387 1593 598 1663 tagione
626 1591 788 1660 lepra:
812 1589 1171 1661 perfunditur.
1260 1657 1272 1668 _

445 1682 677 1736 Eleazar
703 1683 1091 1750 interpretatur
1118 1680 1257 1735 Deus
1288 1696 1432 1735 meus
1457 1679 1698 1750 adjutor,
1733 1680 1848 1736 sive
1869 1681 1965 1737 Dei

383 1774 731 1844 adju!orium.
768 1773 868 1829 llic
910 1785 1092 1845 typum
1123 1782 1268 1829 tenet
1303 1783 1614 1829 sanctorum
1645 1775 1925 1829 doctorum
1947 1816 1962 1840 ,

2070 599 2189 638 rum
2221 585 2509 655 imaginem
2540 592 2861 650 tenuerunt,
2900 583 2992 654 qui
3016 584 3368 639 Israeliticum
3393 585 3649 656 populum

2067 683 2422 740 averterunt,
2465 690 2536 731 ne
2575 675 2910 730 conﬁderent
2955 675 3185 744 gratiam
3235 675 3430 730 divina:
3468 691 3651 746 repro-

2069 763 2340 819 missionis
2363 763 2585 834 adipisci
2615 779 2773 834 posse
2797 779 2895 834 per
2923 763 3219 819 Christum.

2137 857 2254 911 Duo
2292 857 2583 927 portitores
2611 896 2626 921 ,
2656 856 2746 926 qui
2773 856 2840 911 de
2878 865 3021 911 terra
3070 856 3504 927 repromissionis
3549 857 3648 913 ho-

2067 955 2211 1002 trum
2237 947 2292 1000 in
2326 945 2472 1016 ligno
2498 946 2738 1001 humeris
2765 953 3140 1015 gestaverunt,
3173 946 3400 1002 duorum
3428 947 3654 1018 populo-

2068 1053 2189 1092 rum
2239 1037 2685 1108 siguiﬁcationem
2738 1045 3141 1107 expresserunt.
3213 1037 3454 1104 Quorum
3501 1038 3651 1108 prior

2065 1125 2322 1182 Iudaicus
2375 1127 2630 1198 gradiens
2683 1129 2941 1183 adversus
2987 1127 3265 1182 Christum
3314 1129 3408 1183 dat
3459 1137 3650 1201 terga;

2064 1219 2330 1286 posterior
2362 1217 2708 1274 Christianus
2735 1232 2880 1284 eum,
2904 1227 3027 1289 post
3057 1232 3216 1289 quem
3241 1219 3407 1285 vehit,
3433 1219 3654 1290 inspicit

2064 1317 2120 1364 et
2146 1310 2391 1379 sequitur
2415 1310 2714 1365 Christum.

2133 1399 2298 1454 Iosue
2334 1401 2497 1464 enim,
2531 1400 2620 1470 qui
2654 1402 3045 1471 interpretatur
3070 1401 3326 1468 salvator,
3357 1403 3472 1474 ipse
3499 1404 3552 1459 in
3581 1406 3650 1458 ﬁ-

2065 1504 2256 1559 guram
2292 1488 2491 1544 Christi
2517 1489 2772 1560 populum
2800 1506 2831 1544 a
2861 1491 3077 1549 deserto
3102 1492 3350 1558 salvavit,
3375 1503 3429 1549 et
3459 1496 3514 1549 in
3541 1503 3652 1550 ter-

2066 1594 2180 1633 ram
2224 1581 2658 1650 repromissionis
2703 1582 2932 1636 induxit.
2972 1582 3078 1638 lste
3109 1581 3265 1640 Iesus
3308 1585 3473 1640 mittit
3515 1586 3651 1643 duos

2063 1667 2433 1737 exploratores
2478 1669 2546 1723 ad
2585 1668 2800 1724 Iericho
2827 1671 3016 1725 urbem
3041 1711 3056 1737 ,
3102 1673 3194 1740 qui
3229 1673 3595 1744 suscipiuntur
3617 1691 3650 1729 a

2066 1759 2350 1814 meretrice
2379 1759 2552 1815 Raab.
2601 1760 2758 1816 Iesus
2801 1761 2888 1815 ille
2923 1762 3029 1816 dux
3061 1763 3242 1833 populi
3281 1765 3337 1818 in
3359 1765 3651 1837 semetipso

381 1865 470 1935 qui
507 1867 673 1920 νει-ιη
701 1876 750 1920 ει
773 1866 1019 1935 exempto
1056 1875 1298 1920 sanciam
1337 1864 1596 1934 adjuvant
1635 1866 1962 1935 Ecclesiam;
1992 1849 2040 1909 B
2070 1850 2355 1905 Dominum
2384 1850 2662 1905 Christum
2711 1860 2767 1907 et
2809 1852 3070 1908 vocabulo
3105 1854 3340 1910 ostendit
3382 1864 3439 1909 et
3483 1853 3648 1911 facto.

381 1974 607 2028 quorum
640 1974 780 2013 unus
804 1959 880 2012 ait
910 1977 923 2012 :
956 1959 1053 2012 Dei
1081 1976 1261 2012 sumus
1288 1959 1577 2029 adjutores,
1616 1959 1715 2014 Dei
1741 1959 1967 2031 agricul-

381 2058 497 2101 tura
517 2049 662 2112 estis,
699 2048 793 2102 Dei
823 2050 1102 2117 a'diﬁcatio
1121 2051 1244 2103 estis
1263 2048 1317 2120 (1
1343 2049 1466 2103 Cor.
1495 2050 1599 2124 ut).

444 2139 688 2205 Amalec,
729 2141 819 2209 qui
867 2141 1260 2210 interpretatur
1287 2141 1512 2212 populus
1541 2141 1798 2209 lambens,
1849 2143 1966 2201 sive

381 2230 578 2301 ﬁngens
617 2248 739 2285 cum
764 2233 992 2285 eaercilu
1020 2248 1134 2286 suo.
1171 2232 1271 2299 Qui
1307 2232 1596 2287 humanam
1627 2249 1843 2304 semper
1871 2236 1967 2291 de-

380 2322 584 2378 siderat
617 2325 1009 2394 perditionem,
1036 2336 1087 2378 et
1109 2340 1210 2394 per
1231 2325 1336 2380 doli
1374 2327 1828 2384 machinationem
1868 2345 1964 2399 po-

384 2415 561 2481 pulum
605 2413 702 2467 Dei
739 2415 988 2484 decipere
1022 2417 1204 2486 gestit,
1237 2417 1509 2471 diabolum
1544 2418 1830 2488 signiﬁcat.
1866 2419 1964 2475 Hic

385 2503 570 2557 obvius
593 2503 690 2558 Dei
714 2505 911 2574 p0pulo
949 2505 1234 2572 resistens,
1267 2506 1332 2560 ad
1364 2506 1575 2577 signum
1603 2509 1778 2563 crucis
1807 2509 1961 2564 evin-

386 2595 543 2649 citur.

452 2686 596 2742 Seon
620 2703 838 2759 quoque
865 2705 961 2744 rex
997 2689 1455 2758 Amorrhaaorum,
1489 2692 1580 2763 qui
1614 2693 1668 2748 in
1709 2694 1962 2752 Latinum

386 2779 595 2832 tentatio
625 2780 852 2834 vertitur
877 2780 1146 2836 oculorum
1165 2824 1180 2846 ,
1211 2783 1461 2838 eumdem
1492 2783 1765 2840 diabolum
1795 2787 1964 2859 signi-

391 2867 528 2933 ﬁcat,
559 2870 652 2939 qui
691 2871 973 2925 mendacio
995 2870 1209 2927 fallendi
1233 2887 1292 2927 se
1321 2872 1466 2927 velut
1493 2875 1739 2944 angelum
1779 2883 1960 2933 trans-

392 2957 655 3027 ﬁguravit.

458 3049 532 3119 0g
556 3066 651 3106 rex
679 3052 880 3118 Basan,
909 3053 999 3122 qui
1027 3053 1414 3124 interpretatur
1439 3055 1721 3110 conclusio.
1749 3055 1846 3112 Hic
1873 3058 1961 3112 in-

391 3141 685 3198 tercludere
731 3143 950 3198 molitur
990 3144 1300 3200 difﬁcultate
1347 3146 1597 3201 vitiorum
1643 3149 1786 3202 viam
1835 3149 1956 3204 ﬁdei

389 3241 616 3298 nostrae,
659 3249 732 3288 ne
768 3245 949 3304 pateat
990 3235 1143 3291 nobis
1173 3237 1436 3292 transitus
1471 3238 1537 3293 ad
1582 3254 1807 3310 regnum
1839 3255 1962 3310 pro-

390 3324 609 3379 missum
645 3327 775 3380 vitae
801 3334 1034 3382 aeternae.

458 3413 809 3485 Septuaginta
838 3417 937 3471 viri
988 3418 1244 3481 seniores,
1271 3435 1439 3490 super
1463 3435 1598 3491 quos
1627 3421 1822 3476 cecidit
1859 3422 1967 3492 spi-

388 3509 524 3563 ritus
549 3508 668 3574 Dei,
707 3510 1042 3580 septuaginta
1073 3512 1478 3582 generationum
1528 3511 1738 3584 linguas
1777 3515 1829 3568 in
1863 3514 1966 3569 hoc

390 3600 585 3653 mundo
615 3598 839 3654 diﬁ'usas
866 3601 1136 3666 ostendit,
1167 3617 1234 3656 ex
1266 3603 1462 3671 quibus
1507 3603 1657 3657 multi
1687 3604 1968 3660 credentes

385 3688 612 3755 gratiam
651 3688 887 3758 Spiritus
917 3691 1085 3744 sancti
1108 3700 1450 3760 acceperunt.

458 3777 668 3832 Dathan
698 3780 978 3834 etAbiron
1005 3823 1018 3843 ,
1072 3791 1127 3836 et
1177 3785 1355 3838 caeteri
1405 3785 1494 3854 qui
1539 3799 1598 3840 se
1641 3801 1672 3839 a
1702 3785 1882 3858 Moyse
1914 3796 1970 3842 et

386 3867 566 3921 Aaron
597 3879 967 3940 segregantes,
994 3872 1316 3928 sacriﬁcium
1338 3889 1600 3944 usurpare
1623 3877 1803 3930 conati
1820 3889 1964 3944 sunt,

387 3960 766 4014 haereticorum
819 3962 1136 4032 pravitatem
1189 3964 1470 4034 designant
1499 4005 1536 4029 ,.
1567 3965 1969 4036 perniciemque

385 4062 569 4102 eorum
612 4049 794 4118 quise
849 4065 881 4104 a
935 4052 1302 4108 sacerdotibus
1357 4053 1558 4108 Christi
1602 4062 1656 4110 et
1707 4057 1968 4112 societate

389 4136 642 4193 Ecclesia:
670 4139 941 4204 dividunt,
971 4150 1025 4195 et
1055 4142 1316 4198 sacriﬁcia
1351 4142 1579 4214 profana
1611 4145 1902 4217 accipiunt.

453 4226 676 4280 Balaam
704 4228 795 4297 qui
825 4228 1206 4298 interpretatur
1227 4249 1391 4286 vanus
1417 4233 1658 4304 populus,
1690 4245 1744 4290 et
1768 4236 1969 4291 cadens

383 4329 605 4387 apertos
639 4319 834 4374 habuit
861 4319 1065 4385 oculos,
1090 4330 1271 4392 typum
1301 4338 1488 4378 eorum
1522 4326 1712 4392 tenuit,
1741 4327 1831 4396 qui
1869 4343 1967 4398 per

385 4410 544 4464 ﬁdem
577 4411 939 4481 cognitionem
979 4411 1072 4467 Dei
1109 4415 1338 4480 habent,
1369 4417 1463 4471 sed
1491 4418 1762 4473 obscurati
1792 4421 1970 4489 operi-

383 4500 482 4556 bus
519 4511 808 4556 corruunt.

450 4591 696 4647 Phinees
729 4593 811 4645 ori
843 4609 1059 4661 parcens
1086 4594 1491 4665 intrepretatur.
1524 4596 1821 4653 Transﬁxit
1845 4615 1968 4654 cum

381 4685 621 4755 pugione
671 4682 890 4738 Zambri
935 4699 1056 4737 cum
1107 4693 1286 4740 scorto
1334 4684 1710 4752 Madiauitide;
1747 4688 1800 4744 id
1849 4698 1965 4754 est,

384 4773 604 4828 Domini
652 4771 895 4827 furorem
936 4772 1210 4843 placavit,
1269 4783 1328 4828 ut
1375 4784 1644 4845 parceret.
1687 4775 1822 4831 Nam
1866 4778 1969 4832 iste

384 4863 644 4928 Phinees,
668 4863 761 4932 qui
783 4862 998 4916 Zambri
1017 4871 1071 4918 et
1101 4872 1338 4918 scortum
1365 4865 1419 4920 in
1450 4865 1715 4921 adulterio
1737 4883 1968 4922 conver-

379 4964 570 5008 santes
613 4951 794 5005 taliter
827 4951 1127 5017 interemit,
1168 4951 1394 5023 ﬁguram
1441 4953 1611 5008 tenuit
1656 4963 1966 5008 sanctorum

379 5043 672 5097 doctorum
704 5040 796 5112 qui
822 5037 1034 5093 Iudzeos
1062 5048 1119 5094 et
1142 5040 1424 5095 haareticos
1452 5041 1678 5111 spiritali
1709 5057 1969 5096 mucrone

379 5133 527 5187 verbi
583 5129 677 5185 Dei
708 5130 759 5182 in
799 5129 1048 5199 amplexu
1088 5127 1234 5183 falsa!
1275 5128 1532 5183 doctrina:
1582 5138 1637 5184 et
1682 5129 1967 5184 toucubitu

375 5223 798 5277 interfecerunt.

442 5313 678 5368 Zambri
705 5312 1090 5382 interpretatur
1106 5308 1256 5365 stella
1270 5309 1527 5366 lacescens
1551 5311 1636 5366 vel
1648 5313 1964 5367 amaricans.

373 5404 610 5475 Proprie
657 5403 804 5458 enim
860 5416 1060 5456 nomen
1117 5400 1184 5454 ab
1236 5401 1597 5456 amaritudine
1651 5401 1964 5472 ﬁguratum,

373 5498 521 5567 quod
555 5494 840 5567 peccando
864 5493 1241 5548 amaricaverit
1265 5492 1542 5563 populum.

445 5591 542 5646 Ille
586 5604 840 5660 quoque,
879 5586 972 5657 qui
1007 5587 1230 5641 sabbato
1258 5584 1400 5656 ligna
1427 5585 1674 5654 collegit,
1703 5586 1970 5657 signiﬁcat

375 5699 502 5738 cum
538 5698 705 5752 quem
736 5697 862 5736 cum
890 5687 1112 5750 peccato
1135 5675 1322 5748 iudicii
1351 5676 1466 5731 dies
1493 5677 1798 5744 invenerit,
1829 5679 1969 5733 unde

379 5776 573 5829 ωιςιτιὶ
606 5773 817 5831 sabbati
852 5771 1087 5841 requiem
1116 5786 1221 5824 non
1249 5777 1486 5824 meretur
1516 5768 1758 5838 accipere

2063 1937 2282 1996 Iericho
2325 1950 2508 1995 autem
2549 1941 2746 1997 civitas
2775 1943 3007 1998 mundus
3036 1951 3120 1998 est
3146 1984 3160 2008 ,
3216 1946 3285 2000 ad
3332 1961 3494 2016 quem
3539 1947 3651 2002 Do-

2063 2031 2241 2085 minus
2285 2030 2534 2086 Christus
2588 2034 2656 2086 ad
2698 2035 3115 2102 perscrutandos
3151 2050 3332 2091 mores
3371 2036 3649 2090 hominum

2063 2119 2172 2175 duo
2201 2129 2527 2176 testamenta
2578 2123 2795 2178 direxit.
2834 2123 2967 2178 Nam
3011 2125 3066 2179 in
3111 2139 3178 2180 eo
3213 2133 3272 2179 ut
3314 2127 3648 2182 credentium

2064 2209 2226 2266 ﬁdem
2259 2220 2352 2266 aut
2378 2211 2660 2267 rebellium
2684 2213 3045 2283 pervicaciam
3092 2215 3302 2284 plenius
3331 2217 3650 2286 comproba‘

2062 2311 2166 2366 ret,
2197 2311 2323 2357 ante
2365 2304 2656 2358 adventum
2700 2302 2892 2372 judicii
2933 2305 3036 2367 sui,
3093 2308 3246 2376 quasi
3276 2308 3648 2378 exploratores

2063 2393 2219 2460 duos,
2253 2393 2451 2466 Legem
2483 2405 2537 2450 et
2568 2395 2917 2466 Evangelium
2947 2397 3256 2452 destinavit.
3290 2399 3438 2454 Raab
3476 2416 3607 2456 vero
3629 2442 3645 2465 ,

2061 2502 2181 2556 quae
2211 2487 2597 2557 interpretatur
2617 2487 2864 2554 latitudo,
2905 2489 2987 2544 vel
3025 2491 3210 2560 fames,
3243 2492 3356 2546 sive
3382 2493 3604 2563 impetus
3631 2535 3646 2556 ,

2065 2584 2247 2649 typum
2276 2585 2422 2632 tenet
2442 2577 2717 2644 Ecclesiae,
2737 2595 2857 2650 quae
2885 2581 2950 2635 de
2976 2581 3250 2636 extraneis
3275 2590 3436 2652 atque
3457 2582 3649 2639 alienis

2062 2671 2312 2744 gentibus
2339 2681 2666 2743 congregata
2689 2681 2774 2729 est
2802 2690 2816 2739 ;
2851 2689 2970 2744 quae
2998 2681 3156 2728 antea
3198 2675 3385 2729 vivens
3428 2677 3482 2728 in
3509 2675 3652 2731 desi-

2061 2762 2228 2818 deriis
2248 2763 2430 2818 carnis
2473 2762 2844 2818 fornicabatur
2878 2764 2934 2818 in
2973 2764 3148 2819 idolis.
3181 2765 3255 2819 De
3289 2764 3536 2835 qualibus
3574 2767 3651 2820 ait

2062 2851 2324 2907 Dominus
2343 2849 2409 2905 ad
2437 2849 2671 2918 Iudaeos,
2695 2852 2837 2922 quod
2861 2853 3229 2920 praecederent
3255 2852 3309 2906 in
3341 2866 3509 2923 regno
3537 2868 3649 2909 cte-

2061 2941 2257 2997 Iorum.
2289 2943 2416 2998 Hzec
2449 2943 2614 3014 igitur
2655 2952 2972 2999 testamenta
3002 2943 3212 2998 Domini
3243 2944 3355 2999 sola
3382 2946 3607 3015 suscipit
3631 2987 3647 3011 ,

2059 3039 2118 3086 et
2157 3046 2218 3086 ea
2251 3030 2482 3087 ﬁdeliter
2508 3042 2826 3099 conservat;
2861 3033 3094 3088 inimicis
3135 3034 3357 3089 omnino
3391 3049 3500 3088 non
3535 3043 3649 3091 tra-

2065 3121 2166 3187 dit,
2195 3122 2310 3192 ipsa
2340 3123 2633 3194 periclitari
2659 3133 2874 3194 optans,
2899 3124 3189 3178 dummodo
3218 3123 3388 3178 illaesa-
3407 3138 3472 3178 ae
3499 3123 3650 3178 salva

1989 3203 2034 3266 C
2067 3221 2326 3269 servaret.
2353 3213 2479 3269 Haec
2501 3229 2754 3269 casurum
2786 3215 3064 3277 mundum,
3095 3214 3236 3269 sicut
3258 3214 3344 3268 illa
3373 3215 3649 3270 civitatem

2066 3307 2298 3363 ﬁrmiter
2326 3308 2573 3364 credidit.
2606 3307 2730 3363 Haec
2755 3323 2857 3379 pro
2885 3323 2944 3363 se
2977 3323 3042 3362 ac
3067 3323 3296 3362 suorum
3317 3308 3490 3363 salute
3530 3323 3650 3363 om-

2066 3398 2215 3451 nium
2264 3406 2482 3467 pactum
2524 3415 2646 3454 cum
2693 3400 3031 3454 testamentis
3066 3399 3281 3454 Domini
3316 3399 3488 3466 fecit;
3530 3401 3648 3456 haec

2066 3493 2121 3546 in
2145 3495 2303 3549 domo
2328 3509 2424 3549 sua
2452 3510 2709 3560 coccum,
2740 3495 2793 3550 id
2829 3503 2934 3560 est,
2983 3495 3196 3566 signum
3231 3494 3506 3565 sanguinis
3545 3509 3646 3564 po-

2067 3584 2207 3649 suit;
2262 3595 2418 3640 extra
2473 3586 2618 3640 hanc
2643 3586 2688 3640 si
2719 3585 2841 3655 quis
2880 3584 3041 3640 fuerit
3096 3585 3383 3650 inventus,
3432 3585 3643 3640 ruinam

2068 3674 2249 3730 smculi
2278 3684 2442 3745 atque
2475 3675 2782 3731 incendium
2807 3676 2990 3731 mundi
3023 3675 3170 3729 nulla
3197 3676 3405 3730 ratione
3431 3675 3642 3729 vitabit.

2136 3765 2347 3831 Achan,
2377 3764 2471 3835 qui
2518 3765 2584 3820 de
2633 3763 2852 3820 Iericho
2901 3763 3246 3818 anathemate
3295 3764 3642 3834 concupivit,

2068 3857 2340 3930 signiﬁcat
2382 3873 2616 3928 nequam
2641 3855 3038 3920 Christianum,
3069 3857 3159 3925 qui
3190 3863 3310 3926 post
3334 3865 3644 3926 perceptam

2066 3945 2228 4002 ﬁdem
2260 3945 2546 4002 saeuiares
2575 3961 2755 4002 mores
2779 3945 2865 4000 vel
2902 3947 3084 4000 mundi
3115 3945 3396 4000 illecebras
3420 3946 3643 4014 appetit.

2139 4037 2304 4093 Caleb
2331 4053 2478 4104 vero,
2506 4038 2598 4108 qui
2636 4037 3027 4107 interpretatur
3044 4038 3196 4108 quasi
3217 4053 3326 4102 cor,
3353 4045 3446 4090 aut
3474 4039 3643 4102 canis,

2068 4127 2340 4198 signiﬁcat
2364 4128 2641 4182 doctorem
2679 4125 3009 4182 catholicum
3048 4127 3342 4194 sapientem
3380 4127 3543 4181 corde
3589 4136 3648 4181 et

2069 4218 2264 4273 fortem
2313 4234 2376 4273 ac
2420 4227 2696 4272 strenuum
2728 4218 2780 4271 in
2809 4217 3068 4272 exercitio
3096 4216 3372 4271 virtutum.
3417 4217 3522 4272 Iste
3554 4219 3648 4273 de-

2067 4312 2243 4382 poscit
2271 4311 2374 4366 sibi
2412 4327 2442 4365 a
2472 4310 2634 4366 Iosue
2673 4308 2913 4380 permitti
2963 4307 3272 4364 facultatem
3321 4316 3379 4362 ut
3419 4324 3650 4378 congre-

2069 4410 2251 4465 diatur
2287 4425 2410 4463 eum
2441 4404 2733 4464 dialecticis
2777 4406 2978 4473 Saeculi,
3011 4423 3133 4462 cum
3162 4408 3246 4462 his
3268 4409 3357 4478 qui
3383 4425 3481 4478 pro
3504 4410 3648 4463 veris

1999 4541 2046 4601 Β
2072 4501 2207 4556 falsa
2232 4501 2574 4566 conﬁrmant,
2603 4507 2662 4553 ut
2685 4515 2780 4555 eos
2808 4497 3050 4554 confutet
3078 4507 3131 4554 et
3156 4509 3403 4569 superet,
3427 4509 3483 4554 et
3522 4500 3648 4556 sub-

2073 4601 2251 4649 vertat
2271 4593 2450 4648 omnia
2471 4607 2590 4662 qua:
2613 4592 2720 4648 illis
2744 4591 2894 4648 falsis
2916 4592 3307 4648 assertionibus
3330 4601 3648 4649 construxe-

2073 4691 2217 4736 runt.
2247 4681 2374 4736 [deo
2402 4681 2632 4750 denique
2681 4682 2869 4737 videns
2912 4681 3246 4737 alacritatem
3294 4681 3410 4751 ejus
3448 4682 3605 4739 Iesus
3633 4725 3647 4748 .

2071 4771 2368 4838 benedixit,
2425 4771 2620 4842 inquit,
2648 4787 2772 4828 eum
2801 4771 3034 4838 scilicet,
3061 4774 3204 4844 quod
3230 4773 3355 4828 talia
3396 4775 3650 4845 deposcat

2071 4873 2125 4918 et
2157 4863 2358 4918 audiat.
2391 4863 2497 4919 Sed
2532 4872 2589 4919 et
2621 4872 2675 4917 tu
2712 4864 2758 4918 si
2799 4863 2882 4919 vis
2918 4865 3048 4920 dare
3072 4880 3291 4934 operam
3326 4867 3518 4920 studiis
3540 4907 3555 4931 ,
3593 4876 3650 4922 et

2071 4955 2244 5025 legem
2280 4956 2574 5026 prudenter
2603 4955 2881 5021 meditari,
2917 4965 2971 5011 et
2998 4955 3133 5012 elﬁci
3165 4957 3417 5013 cordatus
3447 4959 3500 5012 in
3532 4959 3648 5029 lege

2077 5045 2196 5112 Dei,
2225 5055 2378 5117 potes
2407 5047 2538 5101 istas
2561 5045 2877 5117 magniﬁcas
2905 5054 2960 5100 et
2986 5049 3216 5101 munitas
3241 5047 3424 5112 urbes,
3459 5048 3511 5104 id
3540 5059 3644 5112 est,

2076 5135 2404 5190 assertiones
2445 5137 2758 5190 subvertere
2795 5135 3046 5189 falsitatis
3073 5175 3087 5196 ,
3135 5144 3193 5189 ut
3217 5144 3274 5190 et
3303 5145 3359 5190 tu
3392 5139 3648 5194 merearis

2075 5226 2317 5282 benedici
2347 5227 2414 5280 ab
2435 5225 2560 5280 Iesu
2579 5266 2593 5290 ,
2627 5235 2682 5280 et
2722 5225 2966 5296 accipere
2997 5223 3232 5281 Hebron.
3264 5227 3650 5296 Interpretatur

2075 5328 2254 5370 autem
2285 5315 2498 5370 Hebron
2528 5306 2825 5386 conjunctio
2844 5355 2859 5380 ,
2905 5315 2988 5369 vel
3017 5317 3338 5386 conjugium.
3367 5317 3473 5372 Per
3507 5322 3650 5388 quod

2079 5405 2306 5460 fortasse
2335 5413 2512 5474 potest
2558 5406 2685 5459 illud
2719 5407 2948 5468 ostendi,
2981 5408 3121 5474 quod
3168 5407 3419 5476 spelunca
3451 5408 3648 5481 duplex

2073 5505 2387 5566 comparata-
2409 5497 2478 5552 ab
2509 5497 2780 5551 Abraham
2809 5497 3116 5565 patriarcha
3145 5497 3197 5552 iu
3228 5514 3291 5553 ea
3317 5507 3419 5565 est,
3457 5501 3509 5554 in
3542 5518 3647 5570 qua

2075 5595 2286 5654 patrum
2319 5586 2557 5656 reliquis:
2577 5584 2780 5653 jacent,
2814 5586 2866 5639 id
2889 5595 3003 5651 est,
3033 5586 3303 5642 Abraham
3330 5605 3452 5644 cum
3490 5589 3644 5657 Sara,

2075 5675 2220 5729 Isaae
2237 5689 2360 5728 cum
2388 5674 2654 5736 Rebecca,
2681 5671 2846 5727 Iacob
2874 5680 2994 5727 eum
3023 5673 3138 5728 Lia.
3167 5674 3285 5744 Ipse
3305 5691 3433 5746 ergo
3457 5678 3510 5731 in
3537 5693 3649 5732 mc-

2076 5764 2262 5819 moriis
2290 5775 2502 5835 patrum
2535 5763 2899 5818 lucrcditatcm
2931 5768 3072 5835 capit.
3099 5766 3334 5835 prudens
3354 5776 3408 5821 et
3429 5767 3646 5839 sapiens
