4064 6206
355 325 422 380 illi
987 325 1047 380 Β.
1089 325 1341 382 RABANl
1379 327 1598 383 MAURI
1633 324 1948 381 ARCHIEP.
1988 324 2294 384 MOGUNT.
2336 329 2618 388 OPERUH
2655 332 2834 390 PARS
2869 334 2932 390 Il.
3529 342 3601 399 56

347 438 544 505 Caleb;
570 437 670 508 ipsi
698 435 858 494 Iesus
881 437 1264 494 Enachitarum
1301 437 1541 510 gentium
1588 433 1926 506 metropolim
1956 438 2003 496 Α
2029 436 2274 504 pervenit
2301 437 2354 491 in
2381 449 2663 496 sexcentos
2687 480 2702 505 ,
2751 441 2932 496 mundi
2973 439 3128 510 hujus
3158 442 3383 512 ﬁguram
3415 453 3558 500 tenet
3585 488 3603 513 ,

349 529 540 588 tribuit
568 529 818 597 Hebron,
847 537 903 584 et
921 527 1226 598 elﬁciturei
1267 544 1388 586 sors
1410 543 1582 598 usque
1615 527 1670 582 in
1706 526 1923 583 hodier-

347 637 480 678 num
505 620 670 676 diem.

420 709 692 772 Othoniel,
731 711 823 780 qui
869 710 1256 780 interpretatur
1278 720 1480 782 tempus
1507 711 1620 780 ejus
1651 711 1816 776 Deus,
1843 710 1928 764 vel

349 801 622 872 responsio
658 800 771 856 Dei.
799 801 904 856 Iste
930 801 1200 872 signiﬁcat
1231 809 1468 857 rectores
1491 801 1842 856 ecclesiarum
1861 815 1926 856 ac

343 893 576 964 judices,
601 893 799 962 quibus
821 906 920 964 per
946 891 1180 962 Spiritus
1210 893 1382 948 sancti
1411 892 1638 964 gratiam
1661 891 1925 962 judicium

350 999 458 1040 non
485 983 656 1039 solum
685 997 862 1040 rerum
900 993 1174 1054 gestarum
1198 985 1382 1040 datum
1405 992 1490 1041 est
1513 1024 1529 1050 ,
1576 983 1672 1039 sed
1715 991 1772 1038 et
1805 984 1925 1038 ani-

349 1089 582 1128 marum.
634 1072 768 1128 Nam
816 1075 1075 1144 scriptum
1120 1083 1205 1130 est
1251 1075 1317 1130 de
1361 1075 1476 1144 ipso
1517 1071 1768 1132 Othoniel
1811 1073 1925 1126 :Et

292 1162 296 1168 ⁷
353 1165 524 1234 factus
562 1175 638 1220 est
672 1165 886 1236 spiritus
929 1166 1140 1222 Domini
1202 1183 1358 1236 super
1393 1182 1532 1232 eum,
1575 1176 1622 1220 et
1666 1163 1926 1234 judicavit

351 1259 544 1324 Israel,
571 1269 620 1314 et
641 1261 766 1314 exiit
793 1259 862 1312 ad
901 1258 1090 1313 bellant
1110 1301 1122 1321 ,
1149 1269 1195 1312 et
1219 1259 1435 1313 tradidit
1461 1257 1713 1312 Dominus
1739 1257 1793 1311 in
1814 1273 1927 1310 ma-

353 1367 452 1404 nus
473 1351 588 1420 ejus
609 1349 815 1406 Chusar
846 1349 1048 1406 Satlton
1073 1366 1261 1420 regem.
1287 1349 1466 1416 Quare
1491 1349 1595 1404 hoc
1614 1347 1638 1401 ἶ
1658 1348 1782 1418 quia
1811 1347 1924 1416 spi-

353 1441 492 1495 ritus
527 1442 738 1497 Domini
769 1443 824 1496 iu
865 1458 930 1498 eo
954 1483 970 1508 ,
1015 1451 1070 1496 et
1102 1440 1404 1498 confortata
1453 1449 1538 1496 est
1585 1454 1775 1494 manus
1810 1437 1928 1510 ejus

353 1545 515 1600 super
541 1529 748 1585 Chusar
788 1529 1013 1588 Sathon.
1048 1531 1116 1584 Et
1161 1531 1276 1586 hrec
1327 1530 1456 1584 dicit
1506 1546 1520 1583 :
1570 1528 1710 1596 Quia
1739 1529 1926 1599 quierit

351 1628 492 1672 terra
507 1619 602 1672 sub
625 1636 686 1674 eo
704 1619 878 1688 iudice
900 1619 1252 1690 quadraginta
1285 1619 1438 1674 aristis
1468 1618 1620 1688 (Iud.
1657 1617 1734 1687 v).
1763 1615 1928 1673 Vides

352 1726 516 1780 quam
552 1710 702 1782 larga
753 1719 836 1766 est
879 1710 1062 1766 divina
1110 1709 1414 1766 clementia.
1464 1709 1600 1766 Octo
1643 1710 1801 1765 annis
1831 1709 1926 1765 ﬁlii

2027 527 2118 596 qui
2166 527 2220 583 in
2270 543 2364 582 sex
2405 529 2594 585 diebus
2621 531 2818 585 dicitur
2847 541 3270 588 consummatus.
3309 532 3608 592 Sexeentos

2027 631 2155 686 ergo
2178 617 2230 670 in
2258 627 2440 672 aratro
2468 619 2664 674 dicitur
2687 623 3022 690 percussisse
3044 622 3133 679 ille
3155 624 3242 678 cui
3269 639 3369 695 per
3385 641 3605 682 crucem

2027 705 2225 762 Christi
2253 708 2544 764 cruciﬁxus
2571 720 2656 765 est
2681 712 2928 767 mundus.

2100 795 2330 863 Debora,
2361 814 2482 869 qua:
2519 798 2907 870 interpretatur
2929 805 3064 872 apis,
3088 805 3354 876 signiﬁcat
3376 808 3608 878 pr0pbe-

2028 887 2118 940 tite
2155 887 2515 956 suavitatem,
2557 897 2613 945 et
2656 891 2892 948 caelestis
2938 893 3197 951 doctrina:
3243 897 3602 955 dulcedinem.

2028 978 2154 1034 llazc
2207 981 2485 1036 habitabat
2528 983 2627 1038 sub
2671 983 2850 1055 palma
2901 986 3044 1041 inter
3085 987 3254 1043 Rama
3291 999 3348 1045 et
3392 990 3604 1048 Bethel.

2029 1069 2197 1124 flama
2241 1071 2622 1142 interpretatur
2643 1075 2865 1142 excelsa,
2890 1077 3074 1132 Bethel
3103 1079 3288 1134 domus
3337 1081 3454 1136 Dei.
3491 1082 3607 1141 Sub

2026 1161 2204 1238 palma
2246 1163 2426 1219 sedem
2465 1164 2627 1220 habet
2658 1167 2962 1237 prophetia,
2989 1170 3114 1240 quia
3134 1171 3314 1241 justus
3347 1183 3400 1227 ut
3424 1175 3606 1244 palma

2025 1255 2228 1324 ﬂorebit
2277 1254 2448 1328 (Psal.
2497 1255 2630 1326 xei),
2679 1259 2825 1314 inter
2863 1261 3080 1318 excelsa
3123 1263 3374 1320 videlicet
3415 1275 3470 1322 et
3507 1267 3607 1322 do-

2027 1361 2174 1401 mum
2200 1347 2292 1401 Dei
2317 1363 2332 1412 ;
2361 1347 2482 1416 quia
2513 1349 2646 1404 nihil
2669 1349 2774 1405 vile
2797 1351 2959 1408 habet
2985 1354 3288 1424 prophetia,
3321 1372 3422 1412 nec
3446 1359 3606 1414 docet

2027 1451 2128 1491 nos
2165 1451 2285 1506 quas
2329 1446 2454 1492 sunt
2482 1453 2644 1508 super
2671 1449 2870 1496 terram
2917 1459 3162 1514 quaerere
3189 1486 3206 1513 ,
3256 1447 3354 1504 sed
3386 1463 3506 1518 quae
3546 1450 3605 1505 in

2027 1527 2179 1582 caelis
2220 1538 2346 1584 sunt
2373 1537 2428 1584 et
2457 1529 2509 1583 in
2536 1531 2784 1588 excelsis.
2837 1533 2964 1591 Haec
2998 1551 3126 1606 ergo
3167 1538 3342 1608 primo
3387 1541 3606 1596 vocavit

2029 1616 2094 1672 ad
2129 1633 2188 1674 se
2225 1616 2430 1674 Barach
2452 1658 2468 1683 ,
2511 1620 2604 1690 qui
2633 1619 3016 1692 interpretatur
3045 1629 3355 1682 coruscatio.
3396 1628 3602 1686 Corus-

2029 1706 2172 1762 catio
2197 1721 2328 1762 vero
2351 1722 2471 1776 quae
2501 1708 2664 1764 habet
2703 1711 2920 1781 quidem
2963 1713 3157 1780 lucem,
3199 1717 3291 1771 sed
3331 1733 3436 1772 non
3471 1734 3601 1788 per-

351 1800 512 1858 lsrael
541 1801 844 1858 servierunt
868 1815 968 1870 pro
989 1800 1279 1855 multorum
1303 1797 1544 1864 delictis;
1570 1798 1924 1870 quadraginta
1958 1783 2000 1842 Β
2027 1803 2332 1851 manentem
2357 1813 2373 1862 ;
2417 1798 2483 1852 ad
2521 1799 2791 1856 modicum
2817 1801 2959 1856 enim
2987 1806 3244 1874 temporis
3276 1783 3600 1877 resplendet,

351 1892 508 1946 annis
528 1907 626 1961 pro
647 1891 804 1946 unius
821 1889 1030 1959 iustitia
1060 1889 1112 1944 in
1141 1905 1272 1960 pace
1293 1889 1606 1960 perdurant.

421 1980 778 2044 Adonibezec,
809 1979 901 2048 qui
949 1979 1334 2049 interpretatur
1361 1977 1604 2034 dominus
1650 1977 1886 2047 fulminis
1911 2019 1925 2045 ,

351 2071 616 2144 signiﬁcat
641 2069 928 2134 diabolum,
957 2069 1026 2124 de
1053 2083 1162 2138 quo
1187 2067 1474 2139 Apostolus
1503 2068 1578 2122 ait
1604 2085 1616 2122 :
1645 2067 1764 2138 Ipse
1792 2067 1929 2123 enim

355 2165 587 2220 Satanas
613 2161 956 2232 transﬁgurat
984 2176 1040 2214 se
1067 2161 1126 2214 in
1145 2157 1388 2230 angelum
1410 2157 1544 2214 lucis
1565 2157 1650 2229 (II
1675 2157 1798 2214 Cor.
1824 2159 1925 2216 xtl.

354 2253 490 2310 'l‘ota
513 2261 693 2308 autem
721 2249 837 2320 eius
867 2250 1104 2320 potentia
1133 2257 1294 2318 atque
1319 2255 1562 2316 potestas
1587 2247 1796 2302 vanitas
1820 2257 1924 2303 est.

353 2346 523 2414 Quem
549 2344 644 2400 ﬁlii
667 2342 822 2406 Juda,
851 2343 954 2398 hoc
978 2349 1076 2403 est,
1109 2339 1201 2394 ﬁlii
1222 2338 1584 2408 confessionis,
1614 2354 1678 2394 ac
1711 2337 1803 2392 ﬁlii
1837 2336 1926 2393 Si-

352 2452 532 2502 meon,
560 2435 614 2490 id
635 2442 740 2501 est,
768 2432 863 2488 ﬁlii
887 2431 1237 2486 exauditionis
1277 2428 1568 2493 debellant,
1597 2445 1717 2484 cum
1739 2428 1926 2484 ﬁdeles

351 2531 552 2602 quique
589 2536 743 2584 scuto
771 2526 894 2581 ﬁdei
935 2531 1099 2594 atque
1116 2523 1284 2579 armis
1308 2524 1567 2582 virtutum
1595 2532 1780 2580 contra
1800 2539 1928 2580 eum

353 2619 638 2682 dimicant;
667 2615 1285 2686 comprehendentesque
1327 2629 1455 2670 eum
1479 2654 1494 2680 ,
1524 2613 1738 2670 cadunt
1773 2629 1923 2670 sum-

352 2708 569 2766 mitates
591 2719 842 2762 manuum
871 2718 935 2760 ac
960 2703 1153 2772 pedum
1176 2699 1307 2770 eius,
1325 2717 1448 2757 cum
1469 2702 1762 2772 primordia
1785 2701 1926 2758 male

351 2799 680 2872 operationis
709 2806 870 2868 atque
913 2796 1064 2868 pravi
1103 2795 1336 2866 exempli
1382 2795 1665 2851 abscidere
1698 2795 1926 2852 viriliter

350 2891 680 2950 contendunt
705 2930 721 2957 ,
765 2897 1032 2960 quatenus
1071 2887 1320 2959 maligna:
1379 2885 1586 2942 fraudis
1630 2885 1923 2943 eﬁicaciam

349 2983 646 3054 repentium
671 2980 1004 3052 deceptionis
1029 2994 1136 3034 non
1164 2979 1444 3034 inveniant
1468 3019 1484 3044 ,
1515 2993 1638 3034 cum
1668 2979 1822 3051 vigor
1845 2979 1920 3034 illi

348 3071 578 3128 nocendi
607 3070 836 3142 spiritali
873 3069 1216 3126 dimicatione
1243 3067 1504 3124 aufertur.

415 3162 585 3234 Eglon
618 3176 748 3232 ergo
786 3175 884 3216 rex
921 3159 1274 3216 Moabitarum
1301 3199 1318 3225 ,
1375 3159 1465 3228 qui
1533 3159 1921 3230 interpretatur

347 3263 572 3319 rotatas,
592 3251 678 3308 vel
705 3250 932 3316 orbitas,
974 3258 1158 3320 typum
1193 3255 1340 3304 tenet
1365 3247 1582 3312 diaboli,
1614 3247 1922 3320 qui'fatigat

345 3343 603 3416 populum
637 3341 756 3406 Dei,
807 3349 862 3396 et
895 3349 1114 3410 propter
1151 3346 1372 3410 peccata
1400 3353 1494 3394 sua
1531 3339 1631 3394 sub
1658 3337 1920 3392 servitute

345 3433 646 3498 constituit.
689 3431 845 3488 Hunc
873 3431 989 3486 Aod
1009 3431 1173 3500 iudex
1205 3470 1221 3496 ,
1248 3430 1338 3500 qui
1388 3431 1778 3500 interpretatur
1800 3429 1916 3502 glo-

344 3528 540 3590 riosus,
567 3531 624 3579 et
651 3531 734 3580 est
759 3521 1094 3578 ambidexter
1122 3521 1326 3575 habens
1345 3519 1581 3590 gladium
1609 3521 1916 3592 ancipitem,

343 3614 632 3672 interfecit.
665 3613 758 3669 Sic
782 3613 970 3669 doctor
997 3609 1294 3666 catholicus
1333 3617 1601 3666 rotantem
1648 3609 1918 3666 diabolum

346 3711 403 3764 in
453 3705 786 3780 argumentis
822 3703 1264 3775 philosophorum
1314 3716 1563 3758 sermone
1611 3701 1918 3772 cvangelico

347 3807 510 3868 atque
522 3795 836 3868 prophetico
855 3808 954 3849 con
961 3791 1044 3848 clu
1053 3792 1151 3856 dit,
1165 3799 1219 3846 et
1229 3791 1521 3862 exstinguit
1539 3806 1754 3848 omnem
1767 3792 1918 3862 pravi

345 3891 608 3962 dogmatis
631 3896 690 3944 et
710 3902 906 3943 crassa
930 3883 1292 3956 intelligentia:
1319 3898 1555 3949 sensum,
1583 3884 1676 3954 qui
1715 3899 1774 3940 se
1817 3899 1916 3939 ex-

343 3982 486 4040 tollit
512 3989 569 4036 et
594 3980 752 4051 erigit
775 3978 1060 4034 adversum
1074 3975 1369 4046 spiritalem
1388 3975 1668 4032 scientiam
1691 3973 1912 4031 Christi.

341 4072 577 4131 Possunt
603 4079 657 4128 et
699 4069 878 4142 angeli
923 4066 1188 4124 salutares
1215 4067 1269 4122 in
1298 4064 1596 4122 Othonielis
1625 4064 1710 4121 vel
1750 4062 1916 4120 Jacob

341 4163 522 4233 specie
549 4159 840 4232 designari,
869 4159 1016 4230 quia,
1051 4156 1192 4213 sicut
1214 4171 1355 4226 saepe
1380 4155 1716 4210 ostendimus
1747 4193 1763 4219 ,
1807 4167 1914 4208 non

341 4253 517 4308 solum
554 4267 586 4306 a
621 4249 912 4306 contrariis
957 4246 1249 4303 virtutibus
1295 4246 1704 4317 impugnamur,
1739 4241 1833 4298 sed
1859 4249 1917 4297 et

341 4345 538 4402 divina:
562 4343 823 4410 bonaeque
846 4339 1076 4395 virtutes
1111 4339 1178 4394 ad
1207 4337 1466 4393 auxilium
1512 4345 1755 4392 nostrum
1789 4335 1914 4389 mit-

340 4444 532 4492 tuutur
559 4449 590 4488 a
620 4432 866 4488 Domino.
915 4429 1076 4484 Mittit
1107 4430 1270 4485 etiam
1302 4429 1458 4484 nobis
1502 4428 1761 4483 Dominus
1805 4427 1912 4480 vir-
1937 4463 1990 4524 Β

339 4545 508 4590 tutem
547 4546 700 4588 suam
735 4528 1008 4584 caelestem
1033 4566 1046 4589 ,
1077 4541 1174 4596 per
1200 4541 1360 4595 quam
1392 4525 1680 4580 liberemur
1723 4539 1752 4576 a
1781 4519 1912 4594 iugo

337 4627 617 4689 servitutis
647 4623 952 4686 diabolicae,
971 4637 1092 4692 qua:
1110 4621 1263 4676 ducit
1288 4621 1354 4671 ad
1375 4617 1759 4688 perditionem,
1795 4629 1916 4685 quae

335 4723 514 4776 virtus
537 4717 718 4774 omnia
770 4729 871 4786 pro
897 4713 1058 4770 nobis
1105 4720 1253 4778 agat,
1294 4709 1517 4764 dextera
1542 4716 1598 4764 et
1617 4720 1915 4776 prospera:

336 4823 390 4862 et
419 4809 638 4860 revocet
661 4815 762 4856 nos
789 4797 856 4854 ad
878 4797 1024 4852 illam
1054 4809 1237 4850 veram
1269 4793 1410 4848 viam
1430 4831 1446 4858 ,
1470 4792 1560 4861 qui
1591 4790 1721 4848 dicit
1750 4809 1763 4846 :
1797 4791 1912 4862 Ego

337 4913 454 4952 sum
479 4896 583 4958 via,
603 4893 792 4949 veritas
827 4897 876 4944 et
897 4889 1001 4944 vita
1027 4886 1202 4960 (Joan.
1223 4884 1356 4954 XIV),
1385 4881 1566 4937 Iesum
1596 4881 1866 4937 Christum
1895 4923 1910 4947 ,

335 4985 622 5041 Dominum
645 4988 910 5040 nostrum.

411 5075 662 5146 Samgar,
684 5073 776 5142 qui
804 5072 1188 5141 interpretatur
1210 5083 1394 5122 nomen
1427 5066 1636 5120 advena:
1659 5105 1674 5130 ,
1704 5064 1816 5118 sive
1841 5064 1913 5119 ibi

337 5168 645 5234 colonus,et
663 5167 755 5237 qui
777 5171 1058 5222 sexcentos
1084 5162 1230 5218 viros
1256 5161 1322 5216 de
1342 5158 1667 5216 Philisthiim
1692 5173 1911 5214 vomere

335 5256 624 5329 percussit,
651 5262 706 5309 et
731 5251 970 5309 defendit
991 5249 1178 5316 lsrael,
1203 5250 1332 5320 ipse‘
1351 5247 1622 5319 signiﬁcat
1659 5245 1908 5301 doctores

337 5363 406 5403 ex
430 5345 676 5416 gentibus
700 5385 716 5410 ,
749 5343 840 5415 qui
871 5343 1056 5398 colunt
1088 5356 1276 5410 agrum
1303 5339 1662 5403 Dominicum,
1695 5346 1750 5392 et
1799 5352 1905 5392 non

339 5453 554 5508 semper
587 5438 761 5508 gladio
809 5435 1034 5492 districti
1065 5433 1329 5491 examinis
1357 5440 1541 5487 contra
1569 5429 1908 5484 adversarios

341 5537 602 5593 utuntur,
645 5526 738 5581 sed
781 5525 1066 5596 aliquando
1093 5523 1292 5594 agresti
1319 5531 1372 5576 et
1400 5521 1630 5591 simplici
1673 5535 1910 5576 commo—

339 5621 542 5678 nitione
571 5617 638 5674 de
665 5615 859 5672 animis
902 5615 1208 5672 auditorum
1240 5614 1366 5669 vitia
1423 5620 1478 5666 et
1528 5619 1748 5680 peccata
1785 5625 1911 5681 pro-

341 5712 560 5784 pellant.
584 5708 826 5778 Namque
849 5707 1093 5762 senarius
1113 5719 1384 5769 numerus,
1407 5702 1496 5772 qui
1526 5700 1908 5772 multiplicatus

2027 1897 2082 1943 et
2119 1881 2334 1943 desinit.
2379 1888 2531 1944 Unde
2576 1889 2784 1946 Barach
2814 1893 2948 1948 mihi
2977 1894 3191 1950 videtur
3235 1895 3465 1952 formam
3507 1915 3603 1971 ge-

2027 1995 2146 2034 rere
2169 1977 2367 2049 prioris
2390 1981 2592 2050 populi,
2623 1981 2715 2051 qui
2743 1983 2922 2053 primo
2955 1985 3194 2040 omnium
3237 2003 3332 2058 per
3365 1993 3604 2061 prophe-

2027 2070 2154 2124 tiam
2185 2079 2408 2128 vocatus
2429 2083 2510 2126 est
2539 2113 2554 2137 ,
2599 2083 2656 2126 et
2683 2073 2816 2146 legis
2841 2076 3122 2146 splendore
3151 2082 3474 2147 coruscavit,
3502 2085 3600 2138 sed

2026 2174 2131 2213 non
2158 2173 2308 2228 perm
2327 2161 2471 2215 'nsit.
2494 2159 2628 2216 Cum
2654 2177 2782 2234 ergo
2802 2164 3028 2220 dixisset
3054 2165 3262 2222 Debora
3289 2177 3344 2222 et
3364 2170 3598 2236 Barach,

2026 2251 2078 2304 id
2107 2259 2210 2316 est,
2231 2253 2538 2323 prophetia,
2568 2253 2635 2308 ad
2663 2256 2896 2324 priorem
2925 2257 3178 2328 populum
3213 2276 3224 2311 :
3259 2258 3373 2314 Tibi
3403 2279 3600 2332 prtere-

2023 2343 2099 2411 pit
2127 2341 2381 2396 Dominus
2415 2341 2557 2397 Deus
2595 2342 2806 2399 Israel:
2834 2355 2882 2398 et
2927 2355 2982 2400 tu
3031 2347 3251 2402 ascende
3278 2349 3332 2402 in
3372 2360 3597 2404 montem

2027 2428 2070 2482 Τ
2070 2429 2254 2495 habor,
2277 2439 2325 2484 et
2352 2431 2525 2502 accipe
2547 2431 2722 2486 decem
2752 2431 2919 2487 millia
2961 2435 3118 2500 viros,
3161 2444 3217 2490 et
3247 2437 3450 2507 reliqua
3475 2454 3598 2508 qua:

2025 2519 2224 2589 scripta
2265 2527 2389 2576 sunt
2430 2520 2627 2594 (Judic.
2653 2522 2762 2595 1v);
2795 2524 2924 2593 quid
2963 2528 3242 2596 respondit
3278 2527 3487 2585 Barach
3525 2544 3594 2585 ex

2023 2625 2249 2679 persona
2287 2611 2468 2681 populi
2495 2613 2563 2667 ad
2587 2613 2954 2684 prophetiam,
3001 2616 3300 2672 audiamus.
3336 2617 3480 2684 Non,
3512 2620 3599 2674 in-

2023 2701 2158 2770 quit,
2204 2703 2504 2762 ascendam.
2557 2705 2658 2758 nisi
2701 2715 2748 2758 et
2794 2713 2850 2758 tu
2876 2705 3170 2761 ascenderis
3213 2713 3598 2782 mecum,quia

2024 2791 2194 2844 nescio
2219 2791 2356 2845 diem
2391 2792 2446 2846 in
2475 2809 2581 2864 qua
2600 2793 2740 2848 misit
2774 2793 3029 2850 Dominus
3053 2797 3294 2867 angelum
3317 2816 3468 2854 suum
3491 2817 3600 2854 nte-

2022 2900 2159 2938 cum.
2178 2884 2254 2939 De
2274 2886 2619 2941 excusatione
2635 2886 2849 2956 quidem
2873 2903 3059 2942 verum
3081 2897 3184 2952 est,
3211 2889 3304 2944 sed
3325 2891 3390 2946 de
3413 2907 3600 2962 repro-

2021 2975 2276 3032 missione
2299 2973 2490 3030 falsum
2513 2983 2615 3030 est.
2641 2975 2794 3043 Quod
2816 2977 2957 3031 enim
2989 2978 3330 3034 ascenderint
3357 2980 3408 3034 in
3444 2997 3598 3036 mon-

2024 3075 2131 3122 tem
2184 3065 2302 3131 Dei,
2348 3073 2554 3120 certum
2602 3075 2723 3130 est;
2767 3067 2911 3136 quod
2958 3076 3136 3124 autem
3183 3070 3503 3138 pollicentur
3536 3087 3597 3128 se

2023 3173 2342 3214 ascensuros
2379 3171 2499 3213 esse
2544 3173 2667 3212 cum
2718 3159 3022 3230 pr0pbetia,
3081 3159 3274 3215 falsum
3329 3173 3432 3218 est.
3473 3162 3595 3219 Non

2021 3248 2164 3302 enim
2191 3247 2362 3303 secuti
2385 3256 2510 3303 sunt
2530 3248 2884 3318 prophetiam,
2916 3256 2974 3302 ut
2993 3250 3275 3306 crederent
3301 3253 3373 3318 ei,
3398 3253 3464 3308 de
3487 3271 3598 3323 quo

2021 3340 2198 3395 omnis
2223 3322 2518 3410 prophetia
2547 3339 2862 3410 praescripta
2887 3348 2992 3406 est,
3031 3339 3266 3396 Christo.
3298 3322 3594 3413 Propterea

2020 3444 2148 3501 ergo
2171 3430 2301 3485 dicit
2323 3431 2390 3486 ad
2427 3444 2549 3484 eum
2589 3429 2799 3485 Debora
2829 3448 2842 3483 :
2876 3429 2974 3484 Ibo
2997 3440 3201 3498 tecum;
3240 3443 3596 3491 verumtamen

2019 3521 2170 3587 scito,
2191 3521 2315 3591 quia
2335 3537 2438 3574 non
2461 3521 2558 3574 erit
2597 3521 2852 3590 primatus
2884 3529 3005 3575 tuus
3040 3522 3096 3575 in
3131 3523 3214 3576 via
3240 3523 3338 3576 hac
3364 3539 3468 3596 qua
3507 3527 3593 3579 in-

2019 3611 2192 3677 cedis,
2237 3610 2327 3664 sed
2369 3610 2424 3664 in
2465 3625 2625 3664 manu
2670 3609 2902 3665 mulieris
2941 3610 3110 3665 tradet
3150 3609 3407 3667 Dominus
3446 3611 3596 3669 Sisa-

2019 3718 2154 3755 ram.
2199 3701 2487 3756 Evidentcr
2529 3700 2766 3757 ostendit
2799 3701 2927 3771 quia
2957 3716 3064 3756 non
3095 3701 3200 3756 erit
3248 3703 3390 3773 apud
3440 3703 3593 3760 illum

2017 3793 2271 3864 populum
2294 3794 2556 3864 primatus
2574 3835 2588 3859 ,
2625 3809 2724 3848 nec
2750 3792 3085 3864 permanebit
3111 3794 3249 3864 apud
3269 3809 3391 3849 eum
3421 3794 3596 3850 virtu-

2019 3887 2114 3940 riae
2139 3885 2339 3957 palma,
2369 3887 2463 3941 sed
2493 3886 2546 3940 in
2575 3901 2764 3940 manus
2790 3885 3060 3950 mulieris,
3106 3886 3190 3940 cui
3225 3901 3420 3942 nomen
3448 3887 3591 3955 Jael,

2019 3976 2262 4031 tradetur
2307 3971 2508 4032 Sisara.
2535 3974 2652 4032 Jael
2683 3990 2896 4046 quoque
2925 3976 3310 4045 interpretatur
3333 3979 3590 4046 ascensio,

2017 4076 2074 4122 et
2101 4065 2365 4138 signiﬁcat
2391 4067 2682 4122 Ecclesiam
2705 4107 2722 4132 ,
2763 4082 2868 4137 qua
2914 4067 3224 4123 ascenditur
3261 4069 3315 4124 in
3349 4069 3544 4125 caelum
3573 4088 3591 4136 ;

2016 4159 2102 4214 cui
2133 4159 2362 4214 traditur
2389 4157 2595 4224 Sisara,
2635 4159 2726 4228 qui
2750 4159 3138 4229 interpretatur
3165 4161 3296 4214 visio
3321 4163 3459 4233 equi,
3485 4161 3595 4219 hoc

2015 4259 2120 4316 est,
2149 4249 2391 4306 diabolus
2427 4251 2688 4320 superbus
2715 4258 2769 4305 et
2813 4250 3060 4306 incentor
3086 4253 3381 4307 carnalium
3425 4253 3592 4308 vitio-

2017 4355 2156 4394 rum.
2187 4338 2338 4407 Quod
2368 4347 2545 4394 autem
2571 4337 2686 4394 Jael
2714 4339 2855 4410 ligno
2883 4347 3123 4411 tempora
3174 4339 3372 4396 Sisara:
3414 4349 3595 4398 trans-

2017 4427 2169 4492 fodit,
2219 4427 2472 4483 Ecclesia:
2506 4427 2836 4498 triumphum
2886 4429 3172 4497 expressit,
3224 4443 3342 4500 quae
3393 4429 3592 4486 vexillo

2014 4517 2190 4574 crucis
2222 4517 2417 4572 diaboli
2452 4518 2733 4588 imperium
2769 4515 3057 4572 interfecit.

2085 4608 2301 4664 Gedeon
2326 4608 2710 4678 interpretatur
2737 4607 3142 4677 experimentum
3179 4607 3467 4678 ipiquitatis
3495 4624 3590 4662 eo-

2014 4717 2150 4753 rum.
2185 4698 2572 4769 Frequentibus
2608 4701 2750 4756 enim
2777 4701 3114 4756 documentis
3140 4700 3459 4757 informatus
3481 4713 3588 4768 est,

2013 4790 2166 4859 quasi
2213 4790 2476 4861 praesagio
2535 4799 2724 4845 contra
2775 4791 2959 4846 hostes
3013 4789 3247 4846 futuram
3302 4792 3590 4849 victoriam

2016 4877 2292 4950 expediret
2322 4896 2335 4934 :
2364 4894 2426 4934 ex
2455 4894 2562 4948 quo
2598 4877 2778 4934 futuro
2803 4880 3170 4950 experimento
3206 4881 3589 4952 etymologiam

2017 4971 2251 5026 nominis
2278 4969 2524 5040 sumpsit.
2555 4970 2772 5026 Gedeon
2793 4985 2922 5040 ergo
2951 4971 3068 5037 iste,
3103 4971 3194 5040 qui
3230 4986 3351 5025 cum
3376 4980 3591 5026 trecen-

2017 5059 2086 5115 tis
2107 5059 2344 5129 perrexit
2371 5058 2436 5112 ad
2477 5057 2739 5129 praslium,
2773 5069 2956 5132 typum
2990 5057 3187 5114 Christi
3217 5061 3462 5130 gestavit,
3491 5061 3589 5130 qui

2015 5153 2069 5206 in
2100 5152 2252 5222 signo
2282 5151 2456 5206 crucis
2485 5151 2550 5205 de
2579 5151 2775 5205 mundo
2811 5151 3090 5208 victoriam
3119 5152 3432 5222 reportavit.
3453 5150 3590 5208 Tre-

2013 5249 2290 5296 eentorum
2319 5239 2462 5294 enim
2491 5255 2746 5294 numerus
2770 5239 2883 5294 Tau
2910 5241 3088 5294 littera
3115 5239 3442 5307 continetur,
3465 5255 3590 5310 quae

2011 5329 2242 5398 speciem
2267 5327 2441 5382 crucis
2466 5327 2720 5382 ostendit.

2081 5417 2390 5473 Abimelech
2440 5417 2826 5486 interpretatur
2871 5428 3193 5488 patefmeus
3223 5433 3331 5471 rex.
3362 5417 3592 5472 Videtur

2013 5525 2140 5580 ergo
2163 5507 2378 5564 Gedeon
2405 5507 2602 5563 Christi
2628 5507 2912 5578 imaginem
2937 5507 3224 5573 habuisse;
3247 5506 3590 5579 septuaginta

2013 5617 2141 5658 vero
2170 5600 2264 5655 ﬁlii
2315 5599 2652 5670 septuaginta
2682 5597 2874 5668 lingua:
2903 5598 2984 5652 vel
3011 5599 3283 5660 nationes;
3335 5597 3425 5666 qui
3470 5611 3593 5651 cre-

2018 5697 2203 5750 dentes
2241 5707 2336 5764 per
2363 5691 2652 5747 secundam
2682 5689 3138 5760 regenerationem
3192 5687 3284 5746 ﬁlii
3331 5685 3426 5742 Dei
3467 5699 3593 5739 esse
