4064 6206
232 308 262 326 υ

233 271 295 321 ετ
1226 260 1315 316 ns
1354 254 1704 316 UNIVERSO
1741 251 1919 308 una:
1958 249 2121 304 xxn.
2163 282 2225 288 --
2268 251 2394 307 us.
2438 253 2524 309 ut.
3426 264 3497 320 53

230 390 546 442 meruerunt.
577 379 898 435 Aliitneleeh
925 395 1054 434 vero
1078 376 1219 432 ﬁlius
1243 376 1452 431 ancilla:
1485 383 1669 445 typum
1696 370 1809 428 ΑΠ-
1839 370 1886 429 A
1915 370 2105 427 ell'ecta
2140 379 2241 436 est,
2274 371 2530 428 Ecclesiae
2558 375 2761 431 Christi
2795 385 2975 448 typum
3013 384 3174 442 tenet,
3205 394 3325 450 quae
3348 383 3500 452 prius

235 476 444 533 tichristi
472 482 721 544 portasse
757 473 1104 540 intelligitur,
1137 471 1227 540 qui
1266 467 1610 539 congregatis
1638 463 1818 534 pcrdi-

232 570 303 622 tis
324 562 623 620 nationibus
660 578 890 634 regnum
930 561 1034 616 sibi
1073 560 1319 629 improbe
1366 554 1671 626 usurpahit,
1701 566 1818 606 om-

232 672 419 727 nesque
446 663 663 709 sanctos
691 654 746 708 vi
772 663 825 708 et
868 650 1278 722 persecutione,
1328 647 1585 715 omnique
1627 644 1820 699 crude-

234 750 378 803 litate
397 746 705 801 trucidabit.
745 743 1019 799 Jonatban
1055 758 1185 798 vero
1203 741 1389 811 junior
1411 739 1580 811 ﬁgura
1606 744 1823 792 saneto-

236 854 350 892 rum
399 837 512 890 fuit.
564 834 719 889 Sicut
766 834 913 888 enim
949 832 1227 888 Jonathan
1246 846 1343 901 per
1363 828 1543 900 fugam
1574 826 1817 887 recessit,

235 940 290 984 et
320 928 499 996 reliqui
549 925 822 980 interfecti
861 934 987 979 sunt
1016 922 1234 985 fratres,
1281 921 1359 976 sic
1396 934 1555 973 nemo
1590 915 1817 970 evadere

234 1018 420 1088 poterit
439 1016 871 1088 persecutionem
897 1012 1242 1076 Antichristi,
1260 1012 1365 1066 nisi
1392 1010 1481 1079 qui
1510 1023 1604 1078 per
1634 1005 1814 1076 fugam

238 1108 535 1173 recesserit,
569 1114 623 1162 et
662 1107 716 1160 in
764 1112 1004 1160 montem
1053 1101 1443 1159 benedictionis
1488 1095 1813 1153 ascenderit.

237 1202 331 1257 llic
353 1212 430 1257 est
456 1217 612 1255 mons
637 1241 655 1265 ,
689 1216 847 1271 quem
896 1199 1073 1254 sancti
1106 1196 1540 1259 circumdabant,
1572 1207 1733 1262 quem
1762 1198 1819 1245 et

244 1301 445 1347 sanctus
490 1290 701 1361 Moyses
733 1292 787 1344 in
817 1289 1305 1358 benedictionibus,
1352 1285 1495 1341 sicut
1513 1283 1625 1353 jam
1651 1297 1812 1351 supc-

244 1385 349 1438 rius
369 1384 569 1438 dictum
589 1391 693 1445 est,
726 1382 781 1435 in
810 1380 1227 1436 Denteronomio
1254 1377 1453 1448 posuit.

308 1473 484 1536 Thala,
507 1473 599 1542 qui
629 1473 1020 1542 interpretatur
1041 1468 1397 1532 vermiculum,
1415 1468 1497 1523 vel
1521 1466 1808 1527 coccinum,

244 1564 492 1636 signiﬁcat
516 1580 613 1618 eos
638 1563 733 1632 qui
776 1563 1007 1632 gemina:
1051 1560 1333 1616 charitatis
1369 1558 1565 1612 ardore
1596 1554 1808 1610 accensi

241 1659 366 1712 bene
387 1657 644 1710 ducatum
681 1654 865 1725 p0puli
893 1652 1183 1710 Christiani
1209 1656 1420 1721 gerunt.

308 1747 430 1813 Jair,
456 1748 546 1818 qui
578 1748 972 1817 interpretatur
1008 1744 1314 1799 illuminans
1343 1783 1358 1809 ,
1407 1741 1500 1797 hic
1543 1737 1815 1810 signiﬁcat
1840 1729 1891 1789 Β
1919 1736 2189 1806 Pr0pheta
2232 1751 2247 1789 :

244 1840 638 1909 Redemptomm
668 1846 936 1903 nostrum,
966 1838 1058 1907 qui
1104 1838 1211 1892 dux
1243 1843 1298 1892 et
1346 1850 1440 1889 rex
1495 1840 1571 1889 est
1629 1830 1811 1901 populi

246 1929 540 1985 Christiani.
597 1928 751 1997 Quod
794 1929 933 1984 bene
983 1930 1095 1997 ipsa
1145 1929 1519 1983 demonstrant
1568 1923 1809 2003 nomina.

246 2019 350 2074 Jair
365 2022 505 2075 enim
535 2020 925 2089 interpretatur
952 2020 1276 2081 illuminans,
1300 2028 1354 2074 et
1368 2016 1569 2072 Galaad
1598 2032 1812 2069 acervus

247 2112 525 2164 testimonii.
555 2111 875 2165 llluminans
911 2111 1049 2166 bene
1072 2110 1266 2164 dicitur
1302 2108 1560 2163 Dominus
1587 2115 1771 2160 noster
1792 2145 1808 2170 ,

248 2203 307 2255 de
328 2218 424 2270 quo
455 2203 717 2271 scriptum
762 2210 849 2256 est
890 2201 945 2255 in
994 2199 1282 2265 Evangelio
1309 2217 1323 2252 :
1354 2197 1488 2252 Erat
1516 2197 1610 2251 luo:
1644 2213 1764 2251 vero
1791 2236 1808 2262 ,

244 2313 349 2366 qua
394 2296 654 2350 illuminat
695 2313 900 2350 omnem
936 2296 1197 2350 hominem
1239 2294 1522 2349 uenientem
1570 2294 1627 2347 in
1672 2293 1811 2347 hunc

246 2386 478 2438 nandum
501 2383 683 2454 (Joan.
717 2383 789 2455 t);
816 2391 870 2437 et
901 2384 967 2437 ad
1011 2399 1170 2452 quem
1195 2382 1262 2436 'in
1291 2380 1515 2451 psalmis
1538 2380 1809 2449 Propheta

248 2475 349 2527 ait:
389 2473 702 2527 Illumiuans
758 2484 812 2527 tu
863 2472 1173 2526 mirabiliter
1221 2489 1253 2525 a
1300 2470 1562 2525 montibus
1601 2470 1811 2543 teternis

248 2561 407 2633 (Paul.
435 2564 617 2635 Lxxv).
648 2564 751 2619 Hic
787 2578 919 2633 ergo
956 2578 1023 2617 ex
1053 2562 1257 2618 Galaad
1285 2570 1387 2623 est,
1417 2561 1542 2631 quia
1572 2576 1639 2616 ex
1664 2559 1813 2615 Scri-

244 2654 405 2721 pturis
444 2655 615 2709 sacris
642 2654 762 2723 ejus
810 2653 998 2708 notitia
1035 2653 1372 2723 percipitur:
1408 2666 1568 2720 quem
1598 2651 1690 2721 qui
1738 2650 1811 2704 ibi

245 2746 397 2800 corde
419 2745 631 2801 credulo
657 2745 875 2815 qumrit,
897 2745 1013 2799 sine
1035 2744 1196 2799 dubio
1225 2743 1453 2798 invenit.

309 2834 491 2905 Jephte
513 2837 603 2905 qui
631 2836 1019 2905 interpretatur
1042 2835 1296 2905 aperiens,
1328 2833 1409 2887 vel
1438 2843 1673 2903 apertum
1712 2841 1807 2885 est.

248 2922 335 2978 llic
373 2935 492 2994 post
520 2926 801 2980 victoriam
844 2925 1009 2980 ﬁliam
1048 2924 1386 2991 immolavit,
1434 2923 1811 2994 Redemptoris

248 3017 516 3070 ostendens
542 3016 801 3087 ﬁguram,
840 3018 989 3086 quia
1013 3016 1150 3071 facie
1176 3016 1403 3070 fratrum
1443 3030 1663 3070 suorum
1687 3056 1702 3081 ,
1755 3016 1810 3072 id

1921 464 1974 519 in
2012 464 2262 531 gentibus
2289 472 2401 518 erat
2439 466 2671 530 sterilis,
2726 484 2871 522 nunc
2924 468 3145 539 largiter
3190 470 3353 540 pollet
3402 490 3503 543 per

1918 552 2231 608 universam
2258 563 2459 609 terram
2488 556 2639 626 prole
2666 557 3026 614 innumerosae
3063 559 3427 618 fecunditatis.

1989 645 2107 703 Heli
2138 646 2526 715 interpretatur
2563 647 2706 703 Deus
2728 665 2893 703 meus.
2920 649 3018 705 llic
3040 650 3294 706 sacerdos
3314 668 3502 721 repro-

1921 735 2078 790 hatus
2104 734 2460 805 abjeetionem
2490 739 2776 794 sacerdotii
2799 741 2999 795 veteris
3029 742 3334 797 testamenti
3367 758 3502 812 prte-

1922 826 2200 896 ﬁguravit;
2233 829 2360 898 quia
2390 829 2516 883 licet
2543 829 2671 884 illud
2706 847 2736 884 a
2767 832 2878 885 Deo
2905 845 3002 901 per
3044 831 3263 903 Moysen
3312 849 3507 889 secun-

1920 918 2044 972 dun)
2091 928 2303 989 tempus
2329 922 2636 976 ordinatum
2664 922 2874 989 fuisset,
2908 933 3083 979 tamen
3120 940 3224 979 non
3254 940 3506 996 perman-

1920 1010 1990 1062 sit
2015 1052 2030 1075 ,
2058 1010 2187 1080 quia
2213 1010 2355 1064 aliud
2384 1012 2580 1067 melius
2626 1012 2866 1068 futurum
2906 1026 3027 1069 erat
3055 1022 3114 1069 ut
3143 1014 3198 1069 in
3240 1024 3504 1072 mternum

1917 1112 2300 1172 permaneret:
2326 1103 2536 1158 Domini
2568 1104 2817 1160 videlicet
2839 1106 3009 1160 nostri
3031 1103 3156 1161 Jesu
3187 1105 3413 1172 Christi,
3439 1108 3505 1164 de

1918 1208 2026 1263 quo
2056 1193 2316 1262 scriptum
2346 1201 2429 1247 est
2457 1212 2469 1247 :
2504 1193 2581 1248 Tu
2602 1211 2656 1249 es
2682 1196 2925 1250 sacerdos
2950 1197 3002 1250 in
3042 1206 3295 1252 (sternunt
3319 1215 3505 1253 secun-

1917 1282 2042 1336 dum
2074 1283 2310 1337 ordinem
2333 1283 2711 1339 Melchisedech
2737 1283 2911 1356 (Psal.
2941 1286 3076 1358 Ctx).

1932 1394 1936 1398 '
1985 1373 2180 1443 Ophni,
2218 1374 2577 1441 discalciatus,
2615 1374 2756 1430 ﬁlius
2797 1376 2941 1430 enim
2971 1375 3085 1430 Heli
3126 1375 3250 1443 fuit,
3296 1376 3504 1434 electus

1916 1464 1969 1518 in
2027 1464 2389 1519 ministerium
2427 1465 2750 1530 sacerdotii;
2799 1463 2949 1532 cujus
2999 1466 3345 1522 amissionem
3405 1483 3505 1523 suo

1915 1557 2183 1627 expressit
2218 1557 2495 1612 vocabulo.
2555 1556 2843 1627 Apostolus
2890 1558 3035 1612 enim
3087 1558 3165 1615 ait
3211 1576 3223 1612 :
3276 1558 3502 1614 Culciati

1913 1648 2065 1716 pedes
2096 1648 2153 1701 in
2191 1647 2576 1717 prwparatione
2605 1646 2877 1717 Evangelii
2911 1649 3056 1717 pacis
3126 1648 3391 1720 (Ep/Lm).
3437 1649 3504 1704 Et

2296 1734 2468 1801 Quam
2523 1738 2743 1806 speciosi
2801 1738 2990 1807 pedes,
3046 1740 3135 1810 qni
3184 1740 3502 1794 annuutiant

1914 1827 2138 1895 pacem!
2165 1824 2318 1897 (Isai.
2360 1824 2477 1897 ιιι.)
2520 1826 2624 1880 Iste
2675 1842 2803 1896 ergo
2854 1827 3210 1883 discalceatus
3238 1829 3504 1898 interpre-

1912 1910 2083 1982 tatur,
2126 1925 2186 1971 ut
2214 1916 2330 1986 ejus
2380 1917 2597 1973 nomine
2646 1918 2845 1972 veteris
2889 1920 3197 1974 testamenti
3246 1918 3500 1975 sacerdo-

1916 2007 2049 2061 tium
2075 2023 2104 2060 a
2131 2007 2301 2061 veteri
2334 2007 2530 2076 populo
2551 2007 2949 2078 signiﬁcaretur
2971 2009 3227 2064 ablatum.

1984 2097 2214 2154 Phinees
2272 2113 2435 2167 super
2478 2098 2655 2168 Opbni
2705 2117 2762 2152 os
2820 2110 3021 2153 mutum
3073 2102 3498 2171 interpretatur;
3542 2134 3551 2137 -

1912 2208 2019 2263 quo
2056 2193 2395 2264 signiﬁcatur
2419 2194 2708 2249 sacerdotii
2742 2195 2941 2250 veteris
2966 2204 3023 2249 et
3047 2196 3305 2251 doctrinae
3331 2198 3499 2252 silen-

1904 2272 2069 2340 tium.
2093 2284 2157 2339 Hi
2181 2300 2309 2356 ergo
2332 2285 2670 2350 sacerdotes,
2698 2285 2791 2356 qui
2815 2296 2971 2355 capta
2999 2300 3065 2339 ex
3091 2287 3341 2357 gentibus
3369 2303 3497 2343 arca

1911 2383 2172 2454 perempti
2204 2390 2349 2447 sunt,
2381 2382 2599 2452 signant
2634 2382 3010 2452 posteritatem
3038 2382 3324 2437 sacerdotii
3349 2383 3494 2454 prio-

1912 2475 1990 2530 ris
2036 2473 2201 2529 fuisse
2250 2474 2598 2535 exstinctam.
2647 2482 2702 2528 et
2739 2472 2877 2544 legis
2932 2480 3315 2529 testamentum
3370 2489 3494 2529 esse

1914 2566 2233 2620 translatum
2262 2566 2329 2620 ad
2360 2565 2563 2623 cultum
2593 2566 2859 2636 gentium.

1984 2655 2201 2710 Samuel
2245 2656 2633 2725 interpretatur
2666 2671 2856 2709 nomen
2888 2655 3002 2725 ejus
3056 2656 3215 2710 Deus.
3262 2655 3362 2713 Hie
3408 2672 3498 2713 re-

1911 2748 2136 2816 probate
2186 2747 2303 2802 IIeli
2349 2748 2403 2802 in
2466 2747 2770 2802 ministerio
2843 2749 3160 2803 sacerdotali
3214 2752 3496 2806 successit.

1913 2836 2046 2891 Novi
2079 2837 2367 2892 sacerdotii
2405 2837 2800 2893 successionem
2838 2837 3049 2907 abjecto
3095 2841 3264 2895 veteri
3317 2856 3500 2898 sacer-

1911 2928 2059 2982 dotio
2088 2927 2489 2998 prmnuntiavit.

1980 3021 2107 3086 lsai,
2133 3022 2225 3091 qui
2263 3021 2648 3092 interpretatur
2682 2986 2869 3077 insiin
2913 3024 3265 3094 sacriﬁcium,
3300 3025 3383 3080 vel
3414 3027 3497 3080 in-

250 3119 349 3173 est,
370 3110 675 3165 Iudaeorum
701 3111 997 3167 abscedens
1028 3152 1042 3177 ,
1076 3112 1128 3166 in
1168 3112 1421 3183 gentibus
1445 3112 1806 3182 principatum
1835 3085 1880 3148 C
1913 3127 2145 3176 censum,
2197 3109 2451 3181 populum
2500 3111 2769 3183 signiﬁcat
2806 3085 3072 3183 priorem,
3100 3114 3191 3183 qui
3221 3128 3318 3183 per
3341 3128 3493 3171 mare

250 3199 469 3268 accepit;
497 3200 583 3269 qui
609 3200 795 3255 omnia
822 3200 1069 3255 humanae
1097 3200 1287 3255 salutis
1327 3208 1663 3256 sacramenta
1696 3211 1815 3255 tan-

249 3304 392 3357 quam
418 3290 629 3357 iuratus
656 3291 921 3361 explevit,
972 3299 1026 3346 et
1055 3291 1206 3360 quasi
1238 3290 1402 3346 ﬁliam
1427 3331 1441 3352 ,
1492 3290 1566 3345 ita
1593 3306 1812 3365 carnem

246 3379 506 3448 propriam
532 3394 632 3449 pro
659 3380 835 3434 salute
858 3379 1024 3435 Israel
1055 3380 1281 3434 Domino
1326 3378 1542 3434 obtulit.
1592 3376 1813 3435 Jurasse

249 3467 375 3521 Patri
402 3468 735 3539 unigenitum
760 3470 988 3541 legimus
1007 3469 1216 3540 psalmo
1244 3469 1456 3524 dicente
1497 3486 1510 3522 :
1552 3467 1699 3522 Sicut
1723 3468 1814 3538 ju-

252 3562 361 3614 rsrit
384 3562 630 3626 Domino,
653 3571 830 3616 votum
870 3564 1002 3617 vovit
1033 3563 1142 3617 Deo
1181 3562 1346 3617 Iacob
1378 3558 1550 3633 (Psal.
1580 3559 1765 3632 cxxxt)
1791 3576 1807 3626 ;

250 3653 439 3707 scilicet
457 3661 516 3706 ut
538 3662 936 3707 sacramentum
966 3653 1237 3725 religionis
1266 3654 1319 3708 in
1347 3653 1526 3708 carnis
1555 3668 1664 3708 suae
1689 3668 1814 3723 pas-

251 3744 379 3799 sione
405 3760 508 3815 pro
534 3745 707 3800 salute
735 3746 949 3817 generis
973 3745 1195 3799 humani
1220 3745 1478 3827 expleret.

307 3834 531 3891 Samson
553 3837 942 3906 interpretatur
961 3834 1039 3890 sol
1056 3852 1258 3900 eorum,
1272 3836 1356 3891 vel
1377 3835 1503 3890 solis
1533 3835 1807 3906 fortitudo.

252 3925 354 3980 fuit
376 3928 524 3983 enim
553 3928 754 3982 virtute
781 3928 981 3994 clarus,
1013 3936 1068 3983 et
1096 3927 1340 3981 liberavit
1361 3927 1527 3982 Israel
1551 3928 1617 3982 de
1638 3927 1808 3984 hosti-

252 4017 334 4070 lus
361 4037 373 4071 :
411 4016 706 4073 Salvatoris
735 4018 905 4072 nostri
938 4026 1166 4072 mortem
1203 4024 1257 4071 et
1300 4017 1583 4072 victoriam
1614 4017 1811 4086 ﬁgura-

248 4107 331 4171 vit,
354 4108 471 4163 sive
493 4109 616 4178 quia
645 4108 713 4163 de
741 4107 987 4163 faucibus
1014 4107 1208 4163 diaboli
1239 4117 1425 4180 gentes
1446 4107 1598 4177 quasi
1630 4107 1810 4163 favum

248 4196 305 4248 ab
326 4212 419 4250 ore
450 4199 695 4268 praecepti
718 4198 890 4253 leonis
913 4199 1195 4263 abstraxit,
1228 4199 1341 4256 sive
1366 4197 1491 4269 quia
1516 4206 1639 4268 post
1667 4215 1811 4255 mor-

251 4293 339 4339 tem
374 4288 561 4359 plures
606 4289 892 4356 lucratur,
938 4289 1307 4360 plurimosque
1362 4290 1600 4345 moriens
1647 4306 1808 4361 quam

248 4377 381 4434 vivus
398 4381 681 4434 exstinxit.

307 4468 483 4534 Dalila,
516 4477 638 4539 qua:
666 4470 1052 4538 interpretatur
1075 4469 1410 4541 paupercula,
1443 4469 1526 4525 vel
1551 4471 1732 4535 situla,
1756 4479 1811 4527 et

251 4552 453 4612 Samson
505 4558 771 4611 verticem
802 4557 1118 4623 decalvavit,
1150 4557 1489 4629 Synagogam
1519 4560 1805 4631 signiﬁcat,

249 4661 349 4713 qtae
373 4645 645 4702 Christum
672 4648 724 4700 in
756 4646 875 4702 loco
904 4646 1165 4702 Calvaria:
1201 4648 1490 4702 cruciﬁxit.

306 4736 437 4792 Boos
457 4779 472 4801 ,
499 4739 591 4807 qui
618 4739 1009 4808 interpretatur
1036 4739 1088 4792 in
1113 4739 1423 4809 fortitudine
1441 4780 1456 4803 ,
1484 4740 1609 4815 sive.
1626 4742 1681 4794 in
1703 4757 1807 4812 quo

253 4828 405 4893 robur,
430 4827 706 4882 Christum
738 4842 928 4881 verum
956 4827 1210 4883 Ecclesia:
1236 4844 1490 4899 sponsum
1516 4829 1805 4899 expressit.

304 4916 434 4972 Ruth
470 4919 862 4987 interpretatur
882 4919 1155 4988 festinans.
1188 4919 1496 4990 Alienigena
1524 4921 1669 4974 enim
1689 4929 1808 4976 erat

250 5020 303 5059 ex
335 5008 510 5077 gentili
552 5008 784 5078 populo;
820 5024 940 5077 qua:
969 5049 982 5073 ,
1030 5008 1213 5063 relicta
1267 5009 1439 5079 patria
1462 5049 1477 5073 ,
1533 5009 1807 5064 festinavit

249 5100 492 5154 transilire
523 5101 573 5153 in
609 5108 814 5154 teriam
841 5098 1003 5154 Israel
1022 5140 1036 5165 ,
1062 5101 1245 5154 dicens
1268 5095 1587 5154 socrui’suzc
1616 5115 1631 5154 :
1662 5098 1805 5167 Quo-

248 5202 423 5259 cumque
442 5191 734 5259 perrexeris
760 5204 972 5258 pergam
997 5187 1179 5259 (Ruth.
1214 5187 1275 5259 ι).
1301 5186 1427 5243 Haec
1457 5187 1754 5260 alienigena
1785 5232 1801 5258 ,

248 5288 348 5342 qua:
384 5278 677 5334 lsraelitico
708 5279 828 5333 viro
854 5277 1058 5348 nupsit,
1092 5276 1388 5332 Ecclesium
1432 5279 1501 5332 ad
1525 5277 1801 5334 Christum

246 5366 522 5423 venientem
550 5367 813 5424 ostendit.
1057 5352 1117 5379 ω’

302 5458 445 5513 Anna
491 5461 665 5531 gratia
706 5460 827 5531 ejus
878 5458 1286 5529 interpretatur.
1341 5458 1469 5528 Qua:
1498 5457 1623 5515 dum
1653 5462 1805 5531 prius

249 5558 370 5603 esset
391 5552 586 5607 sterilis
612 5560 846 5617 natura,
875 5559 1150 5620 postremo
1182 5551 1276 5607 Dei
1311 5552 1482 5624 gratia
1520 5551 1803 5608 fecundata

250 5644 332 5689 est.
372 5638 491 5696 llzec
531 5657 653 5712 quae
684 5636 788 5695 fuit
817 5639 1017 5696 sterilis
1044 5680 1060 5705 ,
1107 5648 1160 5695 et
1192 5641 1530 5711 postmodum
1576 5640 1800 5697 fecunda

1897 3201 2153 3266 .Ruhrum
2196 3216 2295 3272 per
2324 3201 2542 3273 Moysen
2574 3203 2899 3269 translatus,
2946 3204 3270 3263 sacriﬁcium
3301 3220 3496 3261 secun-

1911 3290 2039 3346 dum
2069 3291 2241 3362 legem
2273 3291 2387 3347 Deo
2408 3292 2652 3346 exhibuit
2696 3292 2749 3347 in
2796 3293 3029 3349 deserto.
3062 3295 3138 3349 De
3166 3310 3271 3364 quo
3296 3309 3490 3350 secun-

1912 3382 2037 3436 dum
2070 3397 2287 3437 carnem
2328 3392 2486 3437 natus
2509 3390 2591 3438 est
2620 3383 2787 3437 David
2814 3392 3028 3448 noster,
3058 3384 3319 3459 Dominus
3340 3384 3490 3439 vide-

1911 3475 2035 3530 licet
2058 3474 2215 3530 Jesus
2262 3476 2529 3541 Christus,
2565 3475 2658 3545 qui
2694 3482 2779 3530 est
2803 3474 2916 3530 Rex
2946 3492 3132 3548 regum
3157 3484 3212 3531 et
3235 3475 3497 3531 Dominus

1913 3564 2324 3619 dominantium.

1983 3652 2112 3709 Saul
2158 3655 2336 3724 petitio
2373 3655 2779 3723 interpretatur.
2829 3653 3026 3708 Notum
3059 3661 3142 3709 est
3163 3654 3305 3710 enim
3342 3657 3486 3724 quod

1828 3804 1835 3807 η
1912 3743 2259 3799 Ilebrmorum
2283 3743 2510 3813 populus
2538 3759 2662 3797 eum
2687 3743 2789 3798 sibi
2823 3758 3002 3814 regem
3031 3752 3241 3813 peteret
3261 3752 3315 3799 et
3341 3758 3495 3799 acce-

1911 3838 2008 3908 pit,
2041 3853 2145 3893 non
2170 3836 2465 3893 secundum
2505 3835 2696 3900 Deum,
2741 3837 2835 3891 sed
2866 3835 3160 3892 secundum
3209 3851 3362 3891 suam
3399 3849 3496 3890 vo-

1912 3927 2193 3983 luntatem.
2236 3926 2336 3983 Hic
2379 3942 2472 3981 rex
2503 3924 2710 3982 Iudaici
2742 3926 2924 3997 populi
2959 3927 3198 3981 insinuat
3231 3928 3493 3996 reproba-

1914 4017 2114 4072 tionem
2142 4057 2158 4083 ,
2202 4017 2317 4072 sive
2372 4017 2611 4087 ejusdem
2657 4016 2836 4086 populi
2902 4015 3295 4083 aemulationem
3329 4054 3344 4079 ,
3397 4015 3490 4084 qui

1915 4110 2081 4165 David
2100 4149 2116 4174 ,
2159 4109 2211 4164 id
2243 4117 2346 4174 est,
2375 4108 2649 4164 Christum
2694 4106 2894 4175 injusto
2927 4105 3131 4176 judicio
3155 4113 3382 4160 conatus
3407 4114 3493 4160 est

1910 4197 2156 4269 perdere.
2790 4258 2795 4263 ι

1983 4286 2150 4341 David
2177 4286 2563 4354 interpretatur
2589 4285 2741 4354 fortis
2774 4301 2967 4348 manu,
2992 4286 3179 4355 utique
3218 4284 3345 4355 quia
3387 4283 3493 4339 for-

1911 4378 2151 4434 tissimus
2176 4378 2228 4432 in
2259 4377 2458 4448 praeliis
2487 4376 2610 4443 fuit,
2639 4378 2752 4447 ipse
2774 4385 2829 4431 et
2850 4378 3210 4434 desiderabilis
3239 4379 3294 4434 in
3324 4380 3491 4450 stirpe

1911 4469 2120 4525 scilicet
2155 4484 2251 4524 sua
2281 4508 2296 4535 ,
2340 4468 2406 4524 de
2440 4483 2544 4537 qua
2598 4468 2922 4538 praedixerat
2962 4469 3224 4539 propheta
3256 4487 3269 4523 :
3309 4467 3489 4524 Veniet

1909 4560 2233 4615 desideratus
2267 4560 2466 4613 cunctis
2491 4558 2726 4630 gentibus
2763 4558 2916 4629 (Agg.
2948 4558 3033 4629 ll).
3060 4558 3159 4614 Hic
3191 4557 3491 4614 Salvatoris

1908 4649 2077 4703 nostri
2126 4647 2392 4717 expressit
2437 4646 2745 4717 imaginem,
2778 4646 2892 4701 sive
2920 4647 3063 4717 quod
3101 4648 3155 4703 in
3192 4649 3489 4703 sectatione

1907 4737 2212 4791 Judmorum
2264 4735 2514 4804 injustam
2566 4737 2993 4806 persecutionem
3038 4738 3330 4802 sustinuit,
3376 4738 3490 4792 sive

1909 4828 2051 4898 quod
2095 4844 2257 4882 manu
2309 4826 2464 4881 fortis
2500 4826 2693 4881 fortem
2727 4827 2858 4882 vicit
2885 4827 3156 4883 diabolum
3184 4836 3347 4897 atque
3371 4826 3490 4882 alli-

1912 4920 2080 4990 gavit,
2115 4916 2336 4988 ejusque
2362 4918 2530 4989 spolia
2559 4917 2612 4972 in
2644 4926 2756 4972 toto
2781 4919 2911 4973 orbe
2932 4919 3222 4974 distribuit.

1980 5009 2191 5066 Goliath
2217 5010 2460 5085 designat
2486 5009 2787 5075 diabolum;
2812 5009 2966 5080 cujus
2991 5009 3302 5080 superbiam
3324 5006 3484 5064 Chri-

1908 5102 1977 5157 sti
2004 5103 2296 5172 prostravit
2327 5100 2623 5155 humilitas.

1977 5192 2244 5249 Jonathan
2268 5193 2653 5262 interpretatur
2679 5190 2928 5246 columba:
2947 5191 3163 5245 donum.
3205 5189 3486 5262 Signiﬁcat

1907 5299 2003 5339 eos
2025 5324 2040 5346 ,
2084 5284 2175 5353 qui
2202 5298 2299 5353 per
2326 5282 2551 5351 gratiam
2583 5281 2814 5352 Spiritus
2856 5280 3031 5335 sancti
3060 5295 3201 5337 verte
3228 5279 3361 5334 ﬁdei
3383 5280 3484 5335 do-

1906 5387 2036 5427 num
2074 5378 2129 5425 et
2162 5369 2501 5425 devotionem
2526 5384 2653 5441 erga
2692 5369 2856 5424 David
2888 5376 3134 5423 nostrum
3157 5367 3479 5437 percipiunt.

1978 5459 2137 5516 Urias
2178 5459 2561 5531 interpretatur
2609 5458 2700 5511 lux
2753 5474 2863 5511 mea
2914 5457 3012 5512 Dei
3055 5467 3150 5512 est.
3207 5457 3485 5528 Signiﬁcat

1907 5550 2176 5606 diabolum
2202 5590 2217 5615 ,
2264 5550 2354 5620 qui
2400 5564 2459 5604 se
2507 5564 2605 5618 per
2641 5547 2913 5603 ﬁctionem
2968 5548 3023 5604 in
3059 5549 3305 5622 angelum
3348 5550 3482 5608 lucis

1911 5638 2205 5694 transtulit.
2234 5637 2395 5708 Cujus
2419 5637 2671 5707 coniugio
2697 5638 2848 5707 prius
2874 5647 2994 5695 erat
3014 5640 3259 5709 copulata
3294 5639 3453 5694 Eccle
