4064 6206
555 314 624 372 59

550 520 838 590 metipsam
873 536 904 574 a
952 523 1202 580 sordibus
1231 528 1413 582 saeculi
1441 545 1537 599 per
1560 529 1760 586 lavacri
1795 535 1992 588 undam
2040 550 2137 604 pu-

551 611 877 666 riﬁcantem.

621 699 854 756 Absalon
883 705 1049 773 patris
1069 722 1174 775 pax
1201 706 1592 777 interpretatur
1628 726 1727 782 per
1757 714 2134 785 antiphrasim,

548 806 614 846 eo
652 793 794 861 quod
855 793 1054 850 bellum
1113 797 1372 855 adversus
1426 814 1636 872 patrem
1689 807 1967 876 gessisset,
2022 809 2137 866 sive

548 884 689 951 quod
743 884 797 938 in
841 884 960 955 ipso
1010 887 1149 942 bello
1198 889 1365 945 David
1416 902 1670 962 pacatum
1723 896 1888 954 fuisse
1941 899 2138 972 legitur

548 972 678 1038 ﬁlio,
715 976 850 1029 adeo
897 979 1147 1032 utetiam
1193 997 1387 1052 magno
1416 1000 1540 1039 cum
1592 987 1779 1046 dolore
1806 993 2134 1048 exstinctum

545 1065 843 1136 plangeret.
879 1067 976 1124 Hic
1009 1081 1192 1141 typum
1225 1080 1370 1129 tenet
1391 1074 1701 1135 Iudaeorum
1728 1082 1812 1138 vel
1834 1083 1984 1138 Judae
2009 1101 2136 1154 pro-

548 1155 738 1210 ditoris
766 1157 855 1227 qui
888 1159 1207 1218 seditionem
1237 1162 1554 1223 levaverunt
1599 1179 1788 1225 contra
1818 1187 2000 1227 verum
2030 1175 2134 1228 Da-

543 1245 655 1312 Vid,
691 1247 992 1309 invidentes
1047 1256 1118 1322 ei,
1163 1265 1217 1310 et
1244 1259 1571 1331 principatui
1600 1261 1718 1331 ejus
1755 1264 1982 1321 insidias
2011 1284 2129 1324 mo-

545 1339 759 1396 lientes.

621 1428 876 1486 Salomon
910 1433 1082 1488 tribus
1103 1437 1410 1495 nominibus
1442 1439 1606 1498 fuisse
1640 1444 1971 1513 perhibetur.
2005 1448 2128 1505 Pri-

545 1536 694 1574 mum
731 1524 1052 1580 vocabulum
1081 1526 1199 1596 ejus
1233 1528 1504 1597 Salomon,
1555 1532 1606 1587 id
1644 1543 1726 1589 est
1747 1537 2026 1605 paciﬁcus,
2065 1555 2130 1595 eo

547 1613 772 1681 quodin
819 1630 986 1686 regno
1025 1614 1141 1684 ejus
1175 1634 1278 1688 pax
1336 1619 1518 1676 fuerit.
1574 1621 1879 1680 Secundum
1933 1643 2130 1685 nomen

544 1713 627 1760 est
646 1706 825 1773 Idida,
852 1725 916 1765 eo
937 1712 1077 1781 quod
1100 1713 1265 1768 fuerit
1285 1702 1510 1771 dilectus
1532 1726 1586 1772 et
1609 1721 1855 1776 amabilis
1878 1724 2123 1780 Domino.

1228 321 1290 377 Β.
1333 323 1586 381 RABANI
1629 327 1846 385 MAURI
1885 331 2204 387 ARCIIEP.
2249 334 2558 394 MOGUNT.
2599 339 2885 401 OPERUM
2922 347 3101 406 PARS
3138 351 3202 407 ll.

551 430 654 495 sia,
686 445 848 501 quam
878 429 1126 489 Christus
1154 438 1461 508 concupivit
1496 407 1798 506 lavantem,
1838 442 1891 496 id
1921 451 2026 508 est,
2050 458 2136 498 se-
2163 451 2207 504 Α
2239 444 2364 514 fuit,
2398 456 2583 520 typum
2631 461 2777 510 tenet
2821 459 3124 515 scribarum
3154 472 3210 518 et

3749 364 3818 420 60

3255 463 3674 542 Pharisaeorum,
3724 480 3821 548 qui

2239 537 2562 595 videbantur
2609 559 2798 616 regere
2836 547 3118 606 Judaicum
3151 557 3429 627 populum,
3460 566 3552 620 sed
3581 537 3823 637 paterni-

2241 639 2404 686 tatem
2433 649 2499 689 ac
2537 634 2852 707 dignitatem
2907 646 3142 702 nominis
3168 650 3248 704 sui
3277 634 3650 721 perdiderunt.
3682 661 3823 719 Cum

2239 724 2614 783 traditionibus
2643 729 2754 785 suis
2776 733 3113 793 violaverunt
3138 739 3310 811 legem
3334 761 3347 797 :
3380 745 3459 800 sic
3479 746 3635 816 Abia,
3657 764 3819 823 capta

2233 812 2441 880 Bethel,
2506 817 2646 873 idola
2687 819 2871 877 Israeli
2929 824 2982 879 in
3033 830 3345 886 scandalum
3398 812 3820 909 reservavit,.ut

2235 901 2446 959 Hebraei
2481 917 2750 976 asserunt,
2776 920 2832 966 et
2879 913 2998 970 ideo
3037 930 3325 985 percussus
3353 938 3385 979 a
3412 926 3640 985 Domino
3665 948 3821 989 mor-

2235 1005 2358 1052 tuus
2393 1007 2495 1053 est.

2302 1088 2431 1155 Asa,
2463 1091 2554 1160 qui
2589 1093 2978 1166 interpretatur
3011 1100 3218 1169 tollens,
3248 1105 3363 1162 sive
3393 1111 3688 1180 sustollens,
3723 1115 3820 1173 hic

2232 1178 2288 1232 in
2315 1181 2583 1252 principio
2619 1187 2769 1256 regni
2828 1189 2910 1242 sui
2940 1195 3264 1250 restauravit
3313 1199 3515 1256 cultum
3548 1204 3814 1272 divinum,

2231 1278 2282 1322 et
2318 1270 2440 1338 fecit
2465 1273 2604 1342 quod
2627 1273 2816 1330 bomtm
2837 1289 2886 1332 et
2910 1279 3285 1353 beneplacitum
3308 1300 3419 1344 erat
3451 1293 3506 1347 in
3533 1270 3818 1364 conspecta

2185 1351 2196 1363 ’
2229 1359 2465 1429 Domini,
2505 1367 2854 1439 subuertitque
2899 1351 3093 1429 altaria
3144 1376 3421 1446 idolorum,
3475 1396 3526 1438 et
3553 1390 3817 1462 confregit

2229 1452 2515 1509 simulacra
2546 1457 2667 1527 (III
2694 1458 2822 1531 Reg.
2867 1463 2977 1535 xv).
3018 1465 3171 1523 Unde
3191 1472 3421 1541 gratiam
3449 1452 3663 1532 Domini
3683 1452 3820 1550 pro-

2231 1542 2448 1608 meruit,
2502 1544 2575 1599 ita
2607 1555 2665 1601 ut
2695 1564 2940 1620 pugnans
2985 1568 3173 1611 contra
3211 1557 3497 1632 Ethiopes
3528 1542 3816 1626 victoriam

2230 1640 2465 1700 caperet,
2515 1641 2569 1689 et
2616 1651 2710 1693 eos
2768 1655 2939 1711 usque
2987 1645 3053 1698 ad
3079 1645 3499 1706 internecionem
3557 1657 3816 1725 caederet,

2231 1721 2358 1789 quia
2381 1721 2608 1780 Domino
2629 1742 2728 1796 pro
2759 1745 2824 1786 eo
2868 1744 3138 1804 pugnante
3166 1746 3220 1793 et
3247 1743 3543 1799 exercitum
3577 1747 3694 1818 ejus
3717 1721 3821 1805 ad;

2631 1795 2644 1796 κ
2868 1795 2882 1802 -
2941 1795 2969 1804 .,
3354 1795 3366 1796 κ
3581 1795 3693 1818 Ἴ---
3717 1795 3790 1805 ..ν

543 1797 787 1853 Tertium
810 1799 1038 1869 Coeleth,
1064 1806 1206 1876 quod
1244 1805 1430 1863 Graece
1457 1810 1757 1879 appellatur
1779 1814 2121 1882 ecclesiastes,
2153 1795 2202 1858 Β
2223 1811 2448 1882 lumine
2491 1819 2713 1875 εοηιτίιί
2745 1832 2908 1890 sum;
2941 1827 3034 1880 Sed
3063 1837 3248 1896 Ροεῑθει
3288 1833 3342 1886 in
3391 1832 3630 1892 deterius
3672 1841 3820 1896 Nila-

542 1887 734 1945 Latine
764 1894 1127 1962 concionator,
1180 1899 1325 1968 quod
1376 1903 1442 1954 ad
1479 1902 1731 1972 pepulum
1791 1904 2122 1976 loqueretur.

542 1977 669 2035 Haec
692 1995 821 2051 ergo
850 1981 1050 2039 Christi
1081 1988 1448 2056 praenuntiant
1498 1990 1744 2060 ﬁguram,
1777 1994 1866 2062 qui
1893 1995 2126 2051 aediﬁca-

542 2069 620 2124 vit
648 2071 865 2127 domum
906 2073 1133 2132 Domino
1189 2079 1244 2132 in
1274 2080 1482 2135 caelesti
1531 2081 1889 2152 Hierusalem,
1923 2103 2029 2142 non
2059 2089 2126 2145 de

541 2157 701 2228 lignis
759 2169 813 2215 et
859 2162 1151 2233 lapidibus,
1183 2168 1276 2222 sed
1325 2170 1393 2224 de
1432 2173 1632 2227 sanctis
1683 2174 2012 2233 hominibus.
2042 2179 2124 2233 Ad

539 2249 692 2320 cujus
721 2252 1040 2322 sapientiam
1072 2257 1394 2314 audiendam
1426 2261 1612 2332 regina
1640 2265 1785 2319 venit
1809 2265 2122 2338 Ethiopiae,

539 2341 643 2396 hoc
693 2351 794 2408 est,
826 2344 1064 2401 Ecclesia
1109 2348 1176 2403 de.
1219 2351 1486 2427 gentibus.
1523 2352 1649 2410 Haec
1669 2370 1796 2426 ergo
1823 2357 1891 2412 ad
1932 2360 2122 2427 paciﬁ-

538 2445 661 2484 cum
693 2442 934 2488 nostrum
960 2446 1015 2491 et
1066 2439 1348 2494 amabilem
1404 2443 1650 2509 Domino,
1701 2445 1769 2499 de
1814 2463 1921 2517 quo
1960 2448 2124 2505 Pater

536 2520 613 2573 ait
643 2538 656 2574 :
691 2519 790 2576 Hic
812 2534 884 2577 est
914 2523 1088 2580 Filius
1127 2545 1272 2584 meus
1308 2531 1550 2598 dilectus,
1602 2534 1657 2587 in
1693 2552 1796 2606 quo
1835 2539 1964 2591 mihi
1998 2539 2121 2594 bene

543 2609 837 2680 complacui
864 2613 1078 2680 (Matth.
1127 2618 1231 2689 Ill),
1265 2629 1322 2674 ut
1359 2622 1572 2678 audiret
1621 2626 1938 2696 sapientiam
1975 2630 2116 2700 ejus,

537 2701 685 2755 venit
714 2702 781 2759 de
810 2705 1012 2762 ultimis
1038 2717 1197 2766 terra:
1223 2710 1444 2780 ﬁnibus,
1480 2725 1533 2771 et
1558 2719 1743 2775 audito
1767 2735 1852 2787 eo,
1876 2721 2118 2793 visisque

535 2791 851 2850 ministeriis
880 2795 1010 2865 ejus,
1047 2800 1098 2854 in
1153 2801 1362 2859 laudem
1404 2806 1572 2876 ipsius
1608 2811 1857 2882 prorupit
1889 2791 2113 2869 dicens:

537 2878 687 2934 Beati
715 2882 813 2937 viri
849 2887 944 2952 tui,
995 2899 1040 2942 et
1072 2890 1209 2945 beati
1252 2896 1386 2949 servi
1422 2898 1518 2961 tui,
1566 2878 1657 2970 qui
1693 2878 1833 2956 stant
1860 2920 2038 2958 coram
2067 2915 2117 2960 te

531 2986 751 3041 semper,
779 2984 827 3028 et
877 2979 1099 3033 audiunt
1147 2983 1457 3051 sapientiam
1501 2997 1666 3043 tuam.
1720 2988 1801 3046 Sit
1850 2992 2110 3050 Dominus

538 3061 677 3119 Deus
715 3077 838 3122 tuus
866 3069 1179 3140 benedictus,
1227 3077 1311 3130 cui
1352 3078 1621 3150 placuisti,
1649 3095 1697 3138 et
1735 3089 1908 3156 posuit
1948 3099 1998 3144 te
2017 3107 2110 3144 su—

527 3171 620 3223 per
657 3157 901 3213 thronum
947 3160 1117 3217 Israel
1139 3137 1245 3220 :ieo
1287 3137 1426 3239 (ιιι,οά
1456 3137 1697 3228 dilexerit
1735 3137 1993 3234 Dominus
2030 3137 2182 3235 Is-c

531 3244 642 3297 rael
670 3247 724 3300 in
751 3251 1137 3319 sempitermmt,
1179 3266 1226 3309 ct
1257 3261 1523 3316 constituit
1549 3272 1598 3318 te
1647 3282 1836 3336 regem,

529 3351 610 3390 res
626 3337 894 3406 judicium
921 3354 968 3396 et
991 3344 1274 3416 justitiam,
1313 3360 1420 3406 etc.
1448 3352 1571 3424 (III
1605 3355 1730 3428 Reg.
1761 3358 1839 3431 Χ).

602 3426 842 3485 Boboam
875 3433 1262 3505 interpretatur
1309 3441 1534 3498 latitudo
1585 3426 1806 3517 populi,
1829 3459 1882 3506 et
1931 3453 2104 3524 ipsum

524 3533 622 3586 per
648 3522 1005 3592 antiphrasin,
1049 3543 1114 3584 eo
1141 3532 1283 3599 quod
1336 3532 1522 3589 decem
1571 3538 1817 3595 tribubus
1846 3543 1914 3597 ab
1939 3522 2002 3599 eo
2024 3561 2108 3600 se-

523 3612 748 3678 paratis,
799 3613 917 3670 dua:
959 3624 1166 3674 tantum
1195 3622 1243 3676 ei
1277 3624 1478 3680 relictae
1523 3628 1652 3682 sint.
1685 3630 1785 3686 Hic
1833 3647 1962 3704 ergo
2001 3637 2106 3692 Ro-

521 3699 676 3754 boam
707 3703 846 3759 ﬁlius
874 3705 1177 3766 Salomonis
1207 3723 1260 3768 et
1289 3713 1576 3773 Jeroboam
1603 3736 1818 3790 servus,
1857 3728 1955 3782 sub
1981 3731 2103 3800 qui-

519 3789 619 3844 bus
651 3792 815 3849 Israel
843 3796 894 3850 in
920 3798 1054 3854 duas
1081 3812 1262 3870 partes
1313 3807 1516 3864 divisus
1552 3819 1654 3877 est,
1687 3813 1970 3886 designant
1993 3789 2102 3877 dis-

515 3881 824 3937 sensionem
854 3884 998 3940 illam
1034 3889 1087 3942 in
1117 3890 1328 3948 Domini
1379 3897 1614 3954 adventu
1650 3901 1870 3971 factam,
1902 3908 1952 3962 in
1991 3926 2096 3980 qua

513 3984 639 4039 pars
663 3973 996 4031 credentium
1031 3994 1096 4034 ex
1126 3979 1328 4059 Iudaeis
1358 3998 1546 4058 regnat
1593 4007 1713 4048 cum
1743 3995 1980 4065 Christo,
2005 3973 2098 4070 qui

513 4059 684 4118 David
710 4081 907 4136 genere
928 4078 1118 4137 ortus;
1148 4089 1276 4143 pars
1313 4092 1444 4132 vero
1467 4090 1650 4137 secuta
1695 4094 1777 4140 est
1819 4086 2095 4146 Antichri-

512 4161 673 4219 stum,
709 4157 862 4227 cujus
907 4161 1075 4217 cultui
1135 4166 1376 4224 nefandae
1414 4175 1692 4232 servitutis
1744 4194 1931 4236 errore
1959 4199 2090 4238 con-

511 4247 685 4301 stricti
715 4259 856 4305 sunt.
890 4252 1063 4308 Aliter
1090 4265 1268 4312 autem
1314 4259 1553 4318 Roboam
1603 4268 1873 4339 signiﬁcat
1921 4276 2090 4331 malos

509 4346 751 4392 rectores
779 4341 834 4394 in
868 4342 1129 4411 Ecclesia,
1161 4350 1252 4418 qui
1310 4355 1542 4410 terrenis
1586 4361 1972 4428 cupiditatibus
1996 4367 2089 4421 de-

507 4425 603 4480 diti
652 4430 927 4503 negligunt
978 4452 1162 4492 curam
1215 4443 1416 4500 habere
1449 4425 1812 4518 subditorum,
1852 4464 1906 4510 et
1932 4458 2083 4514 delc-

512 4525 728 4573 ctantur
777 4521 830 4574 in
879 4525 1220 4584 multitudine
1273 4532 1372 4586 sibi
1412 4536 1822 4608 obsequentium
1857 4561 1955 4602 nec
2004 4557 2086 4604 ta-

505 4620 632 4661 men
671 4611 990 4684 condignam
1032 4617 1230 4674 habent
1255 4623 1672 4685 sollicitudinem
1703 4633 1802 4689 sibi
1826 4639 2080 4694 commis-

506 4710 710 4752 serum.

569 4785 853 4845 Jeroboam
891 4793 1275 4868 interpretatur
1312 4805 1596 4875 judicatio,
1631 4814 1743 4868 sive
1795 4835 1957 4873 causa
1984 4839 2078 4891 po-

496 4877 630 4948 puli,
661 4881 761 4946 vel,
795 4892 854 4939 ut
875 4889 1089 4956 quidam
1117 4894 1289 4960 aiunt,
1318 4897 1524 4965 divisio,
1558 4919 1622 4957 eo
1650 4909 1789 4975 quod
1823 4909 1874 4962 iu
1907 4928 2074 4983 regno

495 4967 613 5038 ejus
638 4970 840 5029 divisus
887 4977 958 5032 sit
985 4981 1211 5050 populus
1245 4985 1429 5055 lsrael,
1482 5001 1536 5046 et
1562 4997 1819 5061 praecisus
1847 5015 1876 5053 a
1908 5018 2071 5074 regno

496 5060 683 5130 stirpis
736 5063 946 5133 David;
1005 5071 1286 5130 divisionis
1330 5079 1472 5134 enim
1529 5060 1710 5153 populi
1761 5103 1924 5145 causa
1968 5060 2070 5150 iste

493 5151 722 5206 exstitit.
793 5156 1074 5228 Signiﬁcat
1138 5164 1440 5231 haereticos,
1509 5151 1614 5242 qui
1676 5177 2066 5239 dissensionem

491 5248 695 5307 amant,
721 5250 776 5298 et
825 5248 1084 5306 unitatem
1113 5252 1233 5308 ﬁdei
1264 5259 1542 5315 catholicae
1582 5265 1875 5324 haeresibus
1918 5274 2064 5326 scin-

491 5329 640 5396 dunt,
669 5348 732 5388 ac
760 5335 839 5390 sic
869 5339 1030 5393 cultui
1081 5344 1435 5414 malignorum
1493 5353 1778 5421 spirituum
1829 5360 1929 5415 sibi
1957 5362 2060 5436 [se]

489 5418 847 5489 obsequentes
883 5428 1121 5482 tradunt.
1155 5418 1541 5504 Interpretatur
1570 5453 1748 5499 autem
1777 5418 2064 5506 Jerobdani

487 5505 786 5578 dijudicam
820 5518 1088 5587 populum.
1124 5521 1258 5577 Nam
1295 5526 1536 5584 haeretici
1573 5532 1867 5601 dijudicare
1895 5557 2064 5612 popu-

487 5595 597 5651 lum
625 5599 892 5670 videntur,
922 5624 1044 5662 cum
1067 5615 1267 5670 erroris
1297 5618 1378 5671 sui
1410 5634 1696 5690 sequacem
1728 5625 1950 5685 faciunt.

557 5688 708 5758 Allia,
755 5693 843 5762 qui
884 5695 1266 5766 interpretatur
1292 5719 1440 5771 pater
1470 5688 1741 5778 Dominus,
1789 5719 1868 5772 vel
1909 5733 2058 5790 pater

1873 3279 1930 3324 ut
1972 3271 2111 3342 face-

2227 1903 2386 1970 beus,
2422 1922 2544 1961 cum
2591 1911 2846 1967 auxilium
2876 1913 3223 1987 Assyriorum
3247 1932 3431 1978 contra
3461 1925 3596 1982 Basa
3624 1945 3818 2000 regem

2227 1994 2392 2051 Israel
2449 2001 2772 2068 quaesisset;
2810 2012 2864 2058 et
2892 2005 3068 2062 Anani
3110 2013 3428 2081 prophetam
3460 2017 3526 2072 ad
3553 2033 3610 2074 se
3639 1994 3817 2076 a'Do-

2225 2085 2375 2141 mino
2402 2089 2646 2155 missum,
2688 2100 2748 2146 ut
2772 2108 2896 2149 eum
2923 2096 3046 2152 inde
3071 2102 3391 2172 corriperet,
3420 2114 3474 2160 et
3508 2107 3562 2161 in
3590 2111 3812 2168 vincula

2225 2177 2486 2243 misisset,
2523 2182 2759 2250 graviter
2787 2184 2914 2241 inde
2949 2188 3235 2246 Dominum
3269 2192 3512 2251 oﬁettdit.
3543 2198 3696 2256 Unde
3718 2203 3818 2272 ju-

2223 2273 2307 2321 ste
2332 2268 2435 2322 sibi
2459 2269 2569 2325 Deo
2593 2274 2922 2332 retribuente
2951 2279 3140 2335 incidit
3163 2282 3218 2336 in
3257 2282 3567 2357 languorem
3598 2268 3817 2362 gravis-

2225 2358 2442 2427 simum,
2494 2372 2550 2416 et
2596 2367 2794 2434 pedum
2846 2369 3085 2426 dolorem
3129 2376 3705 2438 vehementissimum:
3751 2387 3812 2441 in

2222 2463 2328 2518 quo
2356 2459 2409 2505 et
2430 2452 2582 2508 obiit.
2611 2455 2722 2511 Nec
2740 2465 2794 2513 et
2823 2458 2923 2532 [in]
2950 2461 3268 2523 inﬁrmitate
3297 2485 3393 2524 sua
3425 2476 3673 2542 quaesivit
3699 2475 3812 2532 Do-

2220 2539 2449 2607 minum,
2481 2543 2573 2598 sed
2620 2549 2792 2614 magis
2820 2550 2874 2604 in
2926 2554 3258 2612 medicorum
3308 2570 3480 2617 artem
3525 2566 3812 2624 conﬁdens

2219 2631 2437 2688 delusus
2479 2643 2583 2690 est.
2617 2637 2667 2693 ls
2694 2639 2876 2712 itaque
2925 2659 3016 2700 eos
3045 2648 3244 2719 ﬁgurat
3290 2653 3483 2724 typice,
3522 2657 3612 2726 qui
3658 2658 3810 2715 bono

2217 2723 2476 2782 inchoant
2507 2729 2681 2796 initio,
2720 2735 2812 2790 sed
2862 2739 3002 2795 malo
3035 2741 3230 2799 ﬁniunt
3257 2723 3640 2821 termino;'qui
3677 2766 3809 2824 post

2217 2815 2615 2877 abdicationem
2682 2825 3020 2895 idololatriae,
3081 2842 3137 2887 et
3185 2845 3418 2904 spretam
3477 2815 3805 2900 servitu-tem

2214 2906 2620 2977 daemoniorum,
2666 2928 2915 2988 percepta
2962 2923 3134 2991 gratia
3171 2925 3511 2996 baptismatis
3558 2943 3614 2987 et
3650 2936 3806 2990 chri-

2213 2998 2406 3053 smatis
2436 3003 2577 3056 sacri
2601 3007 2871 3074 unctione,
2899 3013 3081 3067 statim
3112 3015 3164 3069 in
3211 3018 3508 3086 primordio
3533 3040 3644 3078 suae
3671 3028 3805 3082 vitae

2212 3087 2428 3154 pielatis
2453 3093 2718 3164 arripiunt
2745 3115 2907 3168 opera
2933 3119 2948 3167 ;
2982 3105 3076 3159 sed
3105 3105 3326 3163 fortiore
3346 3120 3525 3178 aetate,
3554 3131 3616 3170 ac
3634 3116 3804 3183 juxta

2211 3181 2498 3247 praesentis
2520 3183 2642 3239 vitae
2672 3191 2981 3259 terminum,
3013 3200 3225 3264 quando
3251 3201 3537 3260 virtutibus
3567 3181 3804 3279 operam

2209 3270 2341 3327 dare
2363 3272 2681 3346 debuerant,
2714 3283 2783 3335 ad
2810 3284 2937 3340 vitia
2969 3289 3371 3349 rebellabuntur
3402 3270 3802 3376 [relabuntur],

2207 3371 2264 3417 et
2293 3363 2347 3418 in
2373 3369 2557 3434 pravis
2578 3370 2917 3430 delectantur
2937 3378 3164 3436 actibus.

2277 3452 2561 3526 Josaphat,
2599 3462 2690 3532 qui
2739 3463 3127 3538 interpretatur
3174 3473 3317 3530 Deus
3347 3477 3634 3548 judicium.
3689 3483 3803 3543 llic

2205 3558 2336 3616 ergo
2379 3563 2473 3602 rex
2507 3560 2691 3621 typum
2720 3556 2939 3624 praefert
2983 3563 3164 3632 populi
3195 3567 3527 3626 credentium
3559 3575 3624 3629 de
3659 3593 3802 3647 gen—

2205 3638 2373 3706 tibus,
2395 3641 2486 3710 qui
2518 3644 2584 3698 ad
2615 3645 3030 3719 Redemptorem
3056 3665 3320 3724 nostrum,
3355 3662 3543 3719 relicto
3581 3638 3798 3736 paren-

2205 3736 2317 3784 tum
2360 3747 2568 3800 errore,
2599 3741 2886 3809 convenit;
2929 3759 3084 3801 sacro
3112 3747 3433 3820 baptismate
3465 3757 3702 3826 ablutus,
3737 3774 3801 3818 et

2202 3823 2375 3877 sancti
2417 3824 2728 3885 chrismatis
2770 3835 3022 3890 unctione
3069 3838 3270 3906 linitus,
3302 3859 3329 3897 a
3356 3844 3572 3905 Christo
3623 3853 3797 3909 Chri-

2201 3911 2434 3968 stianum
2489 3932 2684 3974 nomen
2725 3925 3003 3994 etregiam
3051 3929 3362 4000 dignitatem
3413 3942 3620 4010 accepit
3650 3962 3662 3996 :
3691 3949 3794 4002 cui

2199 4003 2390 4061 Petrus
2409 4011 2685 4077 apostolus
2718 4014 2769 4068 in
2799 4015 3036 4086 Epistola
3071 4037 3165 4076 sua
3197 4025 3309 4079 ait:
3347 4025 3448 4082 Vos
3467 4003 3588 4085 estis
3612 4050 3793 4103 genus

2196 4095 2434 4164 electum,
2495 4103 2668 4174 regale
2714 4111 3089 4180 sacerdotium,
3137 4133 3260 4187 gens
3300 4134 3505 4190 sancta,
3539 4115 3790 4198 populus

2194 4189 2551 4257 acquisitionis
2592 4195 2641 4267 (Ι
2671 4195 2814 4252 I’etr.
2851 4202 2932 4273 tt).
2967 4205 3117 4272 Quod
3148 4213 3380 4268 nominis
3408 4189 3572 4285 ipsius
3601 4189 3786 4278 inter-

2192 4280 2422 4344 pretatio
2451 4282 2584 4338 bene
2613 4288 2916 4346 conﬁrmat.
2970 4295 3362 4368 interpretatur
3391 4280 3570 4364 autem
3608 4312 3784 4381 juxta

2191 4369 2449 4436 quosdam
2499 4372 2755 4448 Josaphat
2792 4380 3005 4438 Domini
3027 4389 3140 4453 dos,
3167 4392 3280 4446 sive
3308 4396 3398 4465 qui
3427 4408 3504 4452 est
3527 4369 3784 4466 dot'atus.

2192 4456 2427 4514 Ecclesia
2451 4466 2685 4532 gentium
2726 4485 2854 4540 ergo
2884 4476 3056 4542 pretio
3085 4456 3360 4551 sanguinis
3390 4485 3590 4543 Christi
3620 4508 3794 4550 com-

2189 4559 2399 4618 parata,
2431 4562 2484 4606 et
2506 4555 2737 4624 Spiritus
2763 4567 2934 4618 sancti
2960 4568 3181 4638 pignore
3201 4574 3403 4640 dotata,
3431 4585 3778 4640 consortium

2187 4646 2369 4710 sponsi
2399 4648 2636 4704 ca-lestis
2680 4664 2732 4708 et
2761 4658 3076 4716 societatem
3136 4668 3282 4733 regni
3314 4677 3631 4737 promeruit.
3666 4680 3778 4735 Cui

2185 4730 2338 4787 factae
2365 4746 2490 4790 sunt
2538 4739 2762 4798 inﬁnitae
2798 4746 3019 4814 divitiae,
3051 4752 3161 4806 sive.
3197 4755 3249 4808 in
3287 4769 3552 4816 conventu
3580 4763 3778 4822 diver-

2182 4836 2362 4877 sarum
2394 4829 2669 4885 nationum
2694 4836 2760 4888 ad
2789 4836 2966 4904 ﬁdem,
3001 4856 3091 4896 seu
3118 4844 3168 4897 in
3191 4850 3545 4917 aequisitione
3573 4859 3774 4912 varia-

2181 4927 2300 4994 rum
2337 4916 2616 4986 virtutum,
2659 4931 2716 4977 ct
2781 4927 2944 4982 multa
2991 4930 3160 5002 gloria
3224 4916 3481 5006 spiritalis
3533 4947 3773 5014 sapien-

2177 4990 2282 5055 tiae.

2244 5095 2430 5153 Achab
2459 5110 2638 5156 autem
2685 5105 2899 5176 impius,
2935 5112 3028 5181 qui
3087 5115 3140 5170 in
3173 5116 3417 5176 Samaria
3462 5130 3767 5200 regnabat,

2173 5184 2561 5246 haeresiarchas
2598 5197 2868 5265 exprimit,
2901 5203 2992 5270 qui
3021 5207 3354 5273 perditorum
3405 5217 3619 5271 turbam
3654 5236 3772 5290 per

2170 5289 2408 5332 errorum
2435 5280 2588 5336 devia
2617 5284 2840 5354 ducunt,
2866 5299 2920 5345 et
2951 5292 3002 5347 in
3032 5308 3348 5367 perpetuum
3379 5309 3572 5364 mortis
3602 5280 3760 5380 prae.-

2161 5365 2410 5434 _cipitium
2443 5383 2708 5443 mergunt.
2762 5378 2915 5446 Quod
2964 5365 3144 5441 autem
3195 5365 3765 5463 Josaphatallin-itate

2167 5454 2486 5522 conjunctus
2520 5472 2603 5518 est
2625 5465 2833 5534 Achab,
2865 5472 3250 5548 descenditque
3295 5454 3361 5536 all
3388 5501 3509 5540 eum
3539 5489 3592 5542 in
3641 5491 3760 5549 Sa-

2164 5545 2413 5612 mariam,
2444 5561 2629 5606 contra
2676 5555 2862 5614 hostes
2910 5565 3156 5629 praebens
3201 5569 3253 5622 ei
3286 5574 3562 5643 auxilium,
3623 5580 3762 5641 illos

2164 5635 2462 5706 ﬁguraliter
2485 5642 2819 5702 demonstrat
2843 5651 2933 5718 qui
2957 5653 3022 5707 de
3047 5659 3324 5717 catholicis
3363 5665 3432 5720 ad
3460 5635 3759 5729 haeretico-

2166 5744 2282 5785 rutu
2337 5731 2626 5787 :uuicitiatu
2661 5753 2716 5791 se
2746 5739 3002 5798 inclinant
3026 5763 3041 5815 ;~
3072 5751 3160 5818 qui
3205 5752 3326 5809 licet
3355 5772 3382 5810 θ
3417 5771 3579 5815 rectae
3614 5766 3756 5820 lidci
