4064 6206
317 245 373 298 6i
1325 247 1412 302 DE
1451 246 1795 306 UNIVERSO
1829 249 2005 306 LIBRI
2045 251 2204 306 XXII.
2263 283 2316 291 ——
2355 252 2480 308 LIB.
2525 253 2613 309 III.
3493 262 3562 316 6!.

317 362 523 418 tramite
549 375 655 416 non
687 361 976 428 recedant,
1007 370 1184 418 tamen
1227 367 1525 421 errantium
1573 368 1884 423 societatem
1915 376 1966 434 Α
2060 371 2328 436 Amasias,
2358 368 2449 441 qui
2483 373 2866 442 interpretatur
2884 373 3129 444 papulum
3150 376 3354 440 tollens,
3385 378 3554 448 signi-

319 464 470 519 atque
524 451 965 505 communionem
1013 453 1250 523 perfecte
1297 470 1400 508 non
1441 456 1701 511 devitant.
1737 458 1888 524 Quod

321 540 457 594 nullo
502 539 662 594 modo
712 540 834 594 sine
880 541 1036 611 culpa
1071 557 1189 596 esse
1238 545 1456 612 poterit,
1504 547 1738 601 maxime
1768 563 1887 601 cum

318 630 506 685 Paulus
535 631 606 683 ait
641 629 922 698 apostolus
952 631 1261 686 haereticum
1285 632 1555 688 hominem
1587 645 1708 704 post
1729 652 1890 690 unam

319 730 368 776 ct
388 720 676 774 secninlam
705 722 1106 790 correptionem
1133 723 1477 779 devitandum
1509 724 1635 798 (Tit.
1660 730 1764 799 ιιι).

383 809 582 876 Joram,
611 811 703 878 qui
743 810 1135 880 interpretatur
1156 814 1272 882 quis
1322 823 1398 868 est
1447 816 1705 882 excelsus,
1739 825 1794 871 et
1825 818 1891 872 de

320 902 564 969 religioso
593 909 746 970 patre
774 900 1036 969 Josaphat
1077 905 1288 974 genitus
1316 907 1381 960 ad
1409 907 1690 976 perﬁdiam
1722 910 1888 964 decli-

319 993 479 1054 navit,
494 1001 552 1044 et
572 991 828 1044 fornicari
857 990 986 1046 fecit
1002 992 1136 1047 ﬁlios
1148 992 1177 1046 Ι
1183 995 1305 1057 uda,
1325 996 1564 1052 imitatus
1583 998 1892 1070 fornicatio-

319 1097 433 1134 nem
448 1083 639 1135 domus
653 1081 862 1146 Achab,
878 1097 974 1135 eos
987 1093 1164 1151 potest
1184 1072 1491 1155 signiﬁcare
1511 1089 1601 1156 qui
1625 1091 1888 1145 catholica

321 1175 416 1229 ﬁde
438 1174 654 1237 imbuti,
684 1189 750 1229 ac
762 1174 1074 1230 Christiano
1099 1178 1419 1247 baptismate
1435 1184 1759 1251 regenerati,
1791 1185 1892 1239 Ec-

316 1268 486 1321 desim
524 1266 953 1320 instituebantur
980 1271 1372 1332 sacramentis;
1405 1271 1496 1325 sed
1528 1273 1891 1343 relinquentes

317 1358 430 1436 ﬁdei
458 1359 776 1423 veritatem,
807 1374 1022 1413 errores
1067 1369 1366 1429 sequuntur
1408 1361 1805 1428 haareticorum,
1835 1373 1890 1419 et

316 1464 412 1502 non
437 1454 616 1506 solum
651 1450 754 1519 ipsi
789 1466 818 1504 a
851 1451 1067 1505 tramite
1097 1452 1212 1506 sani
1244 1451 1510 1522 dogmatis
1559 1453 1886 1520 exorbitant,

314 1542 410 1594 imo
439 1543 575 1593 alios
605 1555 794 1594 secum
846 1556 943 1609 per
971 1555 1216 1595 errorum
1243 1543 1397 1597 devia
1429 1543 1626 1598 ducere
1653 1552 1885 1599 certant.

312 1629 450 1684 Unde
477 1628 599 1683 illos
625 1629 795 1694 Elias,
848 1629 951 1684 hoc
980 1639 1082 1693 est,
1109 1647 1288 1686 sermo
1328 1633 1676 1702 propheticus
1705 1635 1888 1688 redar-

1995 459 2122 515 ﬁcat
2155 461 2326 516 malos
2357 471 2618 528 rectores,
2654 465 2744 533 qui
2772 465 3023 534 pupulum
3066 463 3159 518 Dei
3190 466 3348 520 noxio
3372 483 3556 523 errore

1992 549 2108 605 sive
2137 551 2317 619 pravis
2349 553 2610 625 exemplis
2652 556 2763 609 suis
2814 555 3007 609 tollunt
3034 572 3065 609 a
3096 572 3224 610 vera
3275 557 3552 628 religione,

1991 649 2046 694 et
2073 641 2331 697 inducunt
2357 645 2412 699 in
2456 660 2696 701 errorem
2722 656 2884 717 atque
2927 662 3149 717 pravam
3183 653 3550 706 conversatio-

1992 747 2114 788 nem
2139 750 2152 798 ;
2181 735 2273 803 qui
2304 735 2571 802 videlicet,
2601 739 2739 792 sicut
2771 737 3037 804 Amasias,
3087 739 3341 795 simulant
3371 741 3422 795 in
3451 743 3552 796 ali-

1991 822 2185 890 quibus
2213 824 2383 879 bonos
2405 841 2464 880 se
2486 842 2624 893 esse,
2654 829 2745 882 sed
2777 838 2952 882 tamen
2976 845 3081 882 non
3112 839 3255 893 sunt,
3287 831 3410 899 quia
3435 847 3557 901 per-

1992 911 2189 968 fectum
2231 931 2327 968 cor
2376 931 2481 970 non
2523 915 2723 971 habent
2770 917 2993 972 incultu
3028 919 3143 984 Dei,
3181 920 3273 973 sed
3304 929 3557 977 nutantes

1990 1012 2150 1072 atque
2176 1006 2489 1061 vacillantes
2535 1023 2748 1076 semper
2778 1009 3054 1064 instabiles
3099 1010 3254 1076 ﬁunt,
3306 1021 3360 1066 et
3388 1016 3562 1084 magis

1991 1094 2204 1148 diabolo
2233 1111 2391 1165 quam
2430 1097 2540 1152 Deo
2567 1099 2770 1153 servire
2799 1100 3112 1168 probantur.

2061 1184 2238 1246 Ozias,
2267 1187 2358 1254 qui
2389 1187 2774 1257 interpretatur
2803 1189 3052 1256 fortitudo
3102 1191 3332 1257 Domini,
3363 1194 3553 1265 diony-

1990 1290 2111 1328 mus
2135 1283 2290 1340 erat;
2317 1277 2440 1344 quia
2469 1278 2560 1345 qui
2600 1278 2652 1331 in
2698 1279 3142 1348 Paralipomenon
3196 1281 3374 1347 Ozias,
3412 1285 3552 1338 idem

1990 1365 2043 1417 in
2073 1363 2209 1419 libro
2230 1364 2434 1434 Regum
2466 1367 2688 1421 Azarias
2728 1369 3058 1424 nominatur.
3091 1370 3250 1426 Ozias
3287 1373 3553 1439 interpre-

1991 1462 2136 1506 tatur
2189 1455 2350 1508 virtus
2375 1455 2606 1521 Domini,
2634 1464 2688 1510 et
2737 1457 2961 1513 Azarias
3010 1460 3267 1514 auxilium
3323 1461 3554 1516 Domini.

1989 1543 2056 1596 Et
2081 1553 2225 1598 recte
2250 1545 2419 1600 virtus
2448 1545 2657 1601 Domini
2685 1549 2765 1602 vel
2789 1551 3044 1604 auxilium
3074 1553 3282 1607 Domini
3313 1563 3557 1620 vocatur,

1989 1632 2112 1700 quia
2142 1635 2380 1701 quandiu
2434 1646 2581 1690 recta
2618 1639 2747 1707 egit,
2798 1640 2974 1694 divina
3027 1657 3126 1710 ope
3172 1641 3408 1710 adjutus,
3439 1645 3557 1714 plu-

311 1721 433 1790 gnit,
461 1721 590 1789 quia
641 1722 824 1776 omnis
851 1722 1150 1774 divinorum
1188 1722 1450 1776 librorum
1495 1725 1701 1778 sanctio
1754 1725 1888 1779 tales
1917 1726 1962 1783 B
1993 1725 2127 1778 rima
2156 1727 2426 1781 commisit
2455 1728 2682 1782 feliciter
2712 1731 2868 1796 bella,
2918 1741 2973 1786 et
2994 1734 3191 1804 ubique
3221 1736 3286 1788 de
3310 1734 3552 1791 hostibus

313 1811 680 1882 reprehendit,
713 1818 779 1865 ac
808 1812 1004 1865 merito
1035 1826 1142 1865 sua:
1163 1813 1533 1880 perversitatis
1555 1813 1885 1883 gravissimis

311 1902 686 1955 testationibus
715 1902 984 1969 increpat.

368 1993 661 2056 Achazias,
713 1993 806 2062 qui
859 1993 1247 2061 interpretatur
1286 1993 1672 2063 apprehendens
1705 1993 1885 2048 Domi-

309 2101 437 2148 mun,
465 2083 752 2154 signiﬁcat
778 2083 984 2137 scribas
1033 2092 1086 2136 et
1115 2083 1417 2137 Pharismos
1457 2083 1706 2139 doctores
1751 2085 1885 2154 legis

310 2176 511 2239 veteris,
551 2176 652 2246 qui
684 2183 933 2229 tenentes
963 2174 1317 2248 Scripturam,
1347 2176 1516 2248 legem
1540 2177 1750 2232 Domini
1779 2195 1885 2232 non

310 2277 473 2323 tamen
506 2278 897 2322 servaverunt.
925 2269 1131 2323 Idcirco
1157 2267 1292 2323 Jehu
1323 2283 1482 2338 quem
1513 2269 1771 2324 Dominus
1790 2285 1887 2340 per

310 2359 547 2413 Elismum
581 2360 912 2428 prOphetam
940 2360 1004 2413 ad
1032 2360 1433 2428 exstirpandam
1461 2359 1676 2415 domum
1701 2361 1886 2415 Achab

310 2457 354 2502 et
372 2451 690 2503 sacerdotes
713 2450 842 2503 Baal
869 2451 1268 2506 interﬁciendos
1298 2452 1464 2517 misit,
1498 2455 1766 2522 percussit
1790 2454 1884 2509 Jo-

311 2557 414 2596 ram
443 2558 632 2612 regem
683 2542 874 2606 Israel,
922 2551 977 2597 et
1000 2541 1289 2598 Achaziam
1323 2557 1503 2613 regem
1534 2542 1689 2609 Juda,
1717 2554 1770 2599 et
1798 2544 1886 2600 Je-

310 2633 448 2687 zabel
504 2633 895 2701 impiissimam
955 2633 1192 2703 reginam
1241 2634 1306 2688 de
1349 2634 1550 2704 palatio
1591 2635 1644 2688 in
1676 2633 1885 2689 Jezrael

310 2722 646 2791 praecipitare
670 2720 820 2775 fecit.
848 2719 982 2776 Jehu
1021 2723 1162 2776 enim
1187 2723 1364 2792 typice
1388 2723 1670 2792 designare
1707 2731 1886 2793 potest

312 2813 538 2882 gentium
568 2812 962 2881 principatum,
991 2827 1150 2882 quem
1182 2813 1441 2867 Dominus
1473 2828 1536 2867 ac
1562 2813 1885 2881 Redemptor

311 2912 486 2957 noster
511 2904 829 2964 destinavit,
861 2911 919 2956 ut
950 2904 1000 2956 in
1044 2904 1299 2976 sacrilega
1330 2905 1569 2969 civitate,
1616 2920 1733 2974 qum
1762 2921 1885 2975 pro-

309 2994 492 3059 pbetas
519 3004 574 3047 et
607 2995 787 3063 ipsum
840 2995 1122 3048 Domimuu
1173 2999 1552 3064 prophetarum
1580 2998 1797 3061 occidit,
1830 3005 1883 3051 et

1989 1820 2355 1890 triumphavit.
2407 1822 2512 1878 Sed
2551 1837 2834 1895 postquam
2884 1843 2979 1897 per
3031 1831 3337 1899 superbiam
3370 1831 3552 1885 illicita

1986 1913 2248 1976 tentahat,
2271 1912 2416 1982 lepra
2441 1931 2749 1984 percussus,
2775 1926 2831 1970 et
2860 1919 3092 1974 nominis
3127 1929 3181 1974 et
3211 1921 3432 1977 honoris
3473 1921 3550 1974 si-

1985 2003 2095 2057 mul
2122 2003 2352 2058 fuscavit
2380 2005 2710 2075 dignitatem.
2750 2007 2849 2060 llic.
2905 2024 3018 2071 rex,
3050 2010 3141 2078 qui
3186 2011 3255 2063 ob
3300 2011 3553 2064 meritum

1985 2096 2245 2151 scelerum
2277 2110 2494 2150 suorum
2526 2097 2578 2150 in
2602 2097 2777 2151 fronte
2813 2101 3061 2168 contagio
3082 2100 3242 2169 lepra:
3282 2100 3553 2170 perfundi-

1987 2195 2096 2249 tur,
2129 2199 2350 2252 regnum
2406 2185 2606 2240 indicat
2636 2184 2960 2251 Iudaeorum,
3005 2189 3092 2256 qui
3118 2189 3345 2243 dedecus
3369 2197 3423 2242 et
3444 2204 3556 2242 ma-

1987 2274 2134 2330 culas
2159 2274 2396 2344 perﬁdiae
2427 2277 2478 2330 in
2508 2275 2684 2331 fronte
2732 2287 2945 2347 gerunt,
2975 2278 3064 2332 ubi
3118 2277 3328 2346 signum
3377 2280 3554 2334 crucis

1985 2375 2200 2435 portare
2229 2365 2534 2420 noluerunt.

2056 2457 2308 2519 Joathan,
2336 2458 2428 2526 qui
2455 2457 2836 2526 interpretatur
2857 2468 3243 2513 consummatus
3278 2460 3358 2513 vel
3381 2460 3551 2529 perfe-

1986 2559 2122 2610 rtus,
2180 2557 2395 2603 secutus
2442 2557 2525 2602 est
2556 2548 2834 2617 pulchram
2887 2549 3261 2619 etymologiam
3295 2550 3548 2603 nominis.

1988 2637 2138 2692 Fecit
2164 2637 2306 2692 enim
2337 2645 2539 2691 rectum
2577 2638 2627 2691 in
2651 2647 2937 2708 conspectu
2982 2640 3213 2701 Domini,
3258 2647 3310 2692 et
3339 2648 3550 2708 portam

1989 2729 2170 2797 templi
2199 2727 2484 2783 aediﬁcavit
2507 2727 2792 2783 excelsam.
2822 2727 2982 2783 Juxta
3009 2730 3293 2800 mysticum
3315 2745 3550 2792 sensum,

1986 2834 2142 2887 quem
2173 2819 2362 2874 melius
2408 2835 2503 2874 rex
2546 2820 2647 2874 iste
2699 2818 2946 2884 Joathan,
2980 2821 3131 2889 cujus
3161 2821 3267 2875 vita
3309 2830 3364 2875 et
3389 2836 3552 2891 opera

1987 2897 2292 2962 lamlautur,
2316 2903 2540 2962 indicat,
2566 2915 2728 2965 quam
2756 2900 3162 2965 Rede-mptorem
3209 2914 3475 2963 nostrum,
3499 2907 3565 2959 de

1985 3007 2095 3060 quo
2116 2991 2400 3045 Psalmista
2428 2991 2504 3045 ait
2526 3006 2540 3044 :
2564 2991 2826 3056 Quoniam
2849 3010 3069 3062 magnus
3094 2995 3350 3050 Dominus
3375 3008 3422 3050 et
3441 2997 3564 3051 lau-
3592 3066 3597 3071 ι

312 3083 577 3150 apostolos
603 3083 724 3150 ejus
759 3094 1042 3152 persecuta
1096 3093 1198 3149 est,
1243 3085 1445 3154 judicia
1493 3095 1796 3151 exerceret,
1828 3095 1882 3141 et
1909 3065 1953 3126 C
1985 3083 2179 3137 dabitis
2203 3083 2360 3137 nimis
2392 3095 2440 3137 et
2475 3083 2727 3137 terribilis
2751 3095 2827 3138 est
2855 3102 3011 3154 super
3039 3103 3213 3139 omnes
3239 3090 3362 3140 deos
3386 3088 3556 3158 (Psal.

318 3188 428 3224 eam
451 3172 665 3225 ultione
693 3171 843 3240 justa
869 3173 1175 3241 perimeret,
1207 3183 1366 3244 atque
1395 3178 1754 3231 sacerdotium
1783 3192 1882 3230 va-

315 3279 454 3325 num,
485 3263 631 3332 quod
655 3270 778 3332 post
801 3262 1002 3318 Christi
1034 3265 1318 3319 adventum
1342 3267 1574 3323 inaniter
1599 3268 1878 3335 habuerat,

317 3356 636 3418 destrueret,
668 3353 1032 3423 templumque
1059 3357 1415 3422 subverteret,
1445 3374 1546 3413 nec
1576 3375 1679 3414 non
1708 3368 1761 3414 et
1782 3361 1881 3414 im-

315 3446 446 3513 piam
475 3460 808 3516 synagogam
832 3460 952 3514 quae
979 3446 1290 3516 sanguinem
1327 3456 1634 3503 sanctorum
1665 3465 1881 3519 semper

317 3538 544 3599 sitiebat,
569 3539 638 3591 de
672 3537 824 3605 regni
877 3535 1110 3590 culmine
1140 3538 1515 3607 praecipitaret,
1548 3553 1611 3593 ac
1644 3548 1881 3595 rectores

318 3629 478 3697 ipsius
508 3628 864 3683 interﬁceret.

377 3720 587 3773 Athalia
634 3721 798 3789 igitur
827 3721 958 3784 hzcc,
989 3736 1107 3790 quae
1129 3735 1309 3776 semen
1346 3721 1511 3775 David
1537 3722 1880 3790 exstinguere

320 3812 637 3866 moliebatur
665 3822 718 3865 et
751 3813 950 3882 regiam
975 3814 1194 3881 stirpem
1231 3813 1431 3876 delere,
1461 3813 1594 3868 bene
1637 3814 1882 3882 impieta-

322 3911 418 3954 tem
446 3903 707 3971 exprimit
737 3901 1051 3973 Synagogte,
1084 3917 1200 3972 qua:
1234 3917 1334 3972 per
1364 3903 1656 3972 nequitiam
1687 3904 1881 3957 mentis

322 3991 527 4047 seminis
569 3990 759 4053 David,
813 3991 912 4044 hoc
942 4001 1023 4044 est
1057 3989 1275 4054 Christi,
1325 3991 1624 4045 insidiatrix
1660 3998 1795 4053 erat,
1827 3999 1881 4044 et

319 4084 490 4136 otium
517 4091 708 4137 contra
754 4097 876 4135 eum
927 4096 1139 4150 semper
1169 4082 1220 4135 in
1251 4083 1410 4136 corde
1458 4083 1700 4151 gerebat,
1755 4083 1878 4150 quia

319 4173 594 4242 aliquando
622 4189 851 4244 regnare
878 4174 1179 4236 videbatur,
1219 4189 1336 4228 cum
1371 4173 1506 4243 legis
1534 4173 1880 4228 caeremonias

318 4264 679 4334 temporaliter
715 4263 1059 4318 observabat.
1093 4262 1480 4332 Interpretatur
1506 4262 1718 4316 Athalia
1751 4271 1878 4314 tem-

320 4354 502 4422 poralis
539 4353 776 4406 Domini.
831 4351 936 4406 Sed
967 4350 1219 4406 Josabeth
1265 4352 1602 4409 strenuitate.
1649 4365 1766 4419 qua:
1794 4350 1878 4402 in-

319 4450 640 4511 terpretatur
664 4441 915 4494 saturitas
943 4439 1170 4503 Domini,
1201 4440 1250 4493 id
1289 4449 1372 4493 est
1396 4439 1665 4500 Ecclesiae,
1698 4439 1749 4492 in
1773 4453 1876 4508 qua

318 4547 449 4586 vera:
469 4541 596 4586 sunt
619 4531 847 4593 deliciae,
875 4538 1121 4584 servatur
1150 4527 1293 4591 Joas,
1348 4529 1438 4596 qui
1493 4528 1880 4596 interpretatur

321 4624 559 4676 memoria
591 4622 830 4685 Domini,
877 4620 1122 4675 Christus
1150 4618 1415 4681 videlicet,
1453 4619 1505 4670 in
1539 4633 1645 4687 quo
1672 4633 1879 4672 memo-

322 4714 393 4766 ria
423 4721 508 4768 est
557 4713 795 4767 nominis
838 4711 1068 4772 Domini,
1115 4723 1181 4764 ne
1227 4724 1324 4779 per
1365 4708 1742 4762 credulitatem
1780 4724 1881 4764 sae-

321 4804 508 4858 vientis
561 4803 738 4858 hostis
795 4801 1137 4855 interimatur
1167 4799 1220 4852 in
1275 4798 1525 4853 cordibus
1564 4799 1878 4863 electorum,

323 4895 593 4965 magisque
640 4893 913 4946 nutriatur
937 4892 989 4945 in
1017 4891 1176 4944 domo
1221 4887 1421 4943 Joiadae
1463 4888 1750 4958 pontiﬁcis,
1792 4889 1881 4956 qui

323 4986 530 5040 dilectus
555 4985 772 5039 Domini
807 4985 1208 5053 interpretatur.
1267 4983 1343 5036 De
1394 4996 1502 5050 quo
1553 4979 1730 5034 Patris
1781 4995 1884 5032 vox

324 5079 430 5131 ait:
466 5077 567 5131 Hic
595 5087 672 5132 est
703 5075 874 5130 Filius
923 5093 1066 5130 meus
1117 5076 1354 5138 dilectus,
1383 5075 1438 5127 in
1473 5089 1574 5143 quo
1605 5072 1733 5125 mihi
1762 5072 1885 5125 bene

324 5169 607 5237 complorati
638 5167 852 5238 (Matth.
879 5167 987 5236 ιιι).
1015 5165 1177 5235 Cujus
1203 5166 1392 5219 domus
1415 5173 1603 5216 sancta
1638 5161 1883 5216 Ecclesia

323 5267 418 5323 est,
449 5260 536 5312 ubi
562 5259 617 5312 in
646 5257 750 5312 ﬁde
774 5256 1069 5311 electorum
1097 5270 1320 5308 manens
1353 5253 1592 5322 quotidie
1642 5251 1772 5305 facit
1789 5266 1884 5305 au-

323 5361 591 5421 gmentum
642 5350 888 5419 corporis
915 5347 1022 5410 sui,
1071 5348 1240 5401 donec
1265 5356 1506 5415 tempore
1553 5342 1742 5413 judicii
1769 5359 1887 5399 sce-

321 5452 491 5510 ptrum
519 5444 673 5514 regni
705 5453 760 5498 et
799 5442 1096 5513 potentiam
1128 5441 1386 5494 adversus
1410 5453 1504 5493 eos
1531 5435 1756 5492 extollat
1791 5433 1884 5504 qui

323 5534 612 5602 deprimere
657 5533 990 5604 cogitabant,
1039 5538 1092 5586 et
1125 5529 1543 5585 interfectricem
1573 5535 1881 5583 sanctorum

324 5625 525 5680 uternis
552 5623 893 5696 deputaverit
913 5620 1109 5693 pmnis.

1906 4406 1956 4464 D

1988 3177 2131 3247 xcv).
2162 3176 2325 3246 Cujus
2380 3180 2801 3248 persecutionem
2855 3192 3047 3232 nomen
3095 3179 3266 3246 ipsum
3315 3177 3543 3232 .Ioathau

1985 3267 2255 3338 exprimit.
2285 3268 2677 3336 Interpretatur
2696 3268 2838 3322 enim
2860 3276 3267 3329 consummatus,
3293 3267 3406 3320 sive
3430 3283 3548 3334 per-

1983 3359 2166 3429 fectus.
2202 3357 2268 3412 Et
2295 3361 2360 3414 de
2388 3359 2612 3414 Domino
2646 3357 2925 3412 Salvatore
2976 3357 3172 3412 Paulus
3199 3358 3265 3411 ad
3296 3357 3549 3410 Hebrmos

1982 3451 2223 3506 scribens
2251 3452 2328 3506 ait
2355 3470 2368 3505 :
2405 3451 2471 3505 Et
2501 3451 2706 3522 quidem
2743 3467 2857 3503 cum
2886 3459 3017 3504 esset
3065 3448 3245 3502 Filius.
3265 3448 3382 3513 Dei,
3413 3447 3551 3501 didi-

1983 3541 2052 3593 cit
2087 3557 2152 3594 ea:
2177 3541 2279 3606 his,
2320 3557 2435 3611 quae
2461 3557 2646 3610 passus
2685 3530 2779 3603 est,
2827 3538 3190 3599 obedientiam,
3232 3544 3280 3589 et
3311 3551 3550 3589 consum—

1981 3629 2349 3699 matusfactus
2386 3638 2459 3683 est
2491 3629 2727 3683 omnibus
2755 3627 3221 3697 obtemperantibus
3261 3625 3360 3680 sibi
3389 3642 3548 3678 causa

1981 3719 2165 3773 salutis
2188 3730 2395 3774 (sternte
2427 3718 2583 3788 (Heb.
2624 3718 2699 3789 v).
2743 3718 2858 3788 Ipse
2899 3717 3184 3772 aadiﬁcavit
3207 3723 3420 3786 portam
3450 3716 3548 3769 do-

1981 3824 2099 3864 mus
2129 3809 2340 3863 Domini
2363 3808 2650 3872 excelsam,
2680 3807 2804 3876 quia
2847 3821 2943 3875 per
2972 3807 3144 3875 ipsum
3170 3805 3420 3859 introitus
3449 3819 3546 3873 pa-

1983 3909 2059 3953 tet
2111 3898 2356 3954 ﬁdelibus
2418 3897 2565 3967 regni
2637 3896 2921 3952 caelestis:
2983 3895 3096 3964 Ego
3155 3911 3287 3955 sum,
3353 3893 3550 3960 inquit,

1980 3989 2169 4043 ostium
2195 4005 2212 4043 :
2241 4005 2332 4058 per
2354 4004 2434 4040 me
2459 3987 2504 4040 si
2527 3987 2642 4058 quis
2682 3985 3018 4056 ingredietur,
3045 3982 3332 4036 salvabitur
3362 3979 3542 4051 (Joau.

1980 4081 2057 4149 x).
2087 4081 2154 4134 Et
2178 4088 2322 4134 recte
2360 4081 2474 4134 haec
2497 4078 2706 4133 excelsa
2735 4083 2884 4146 porta
2918 4082 3162 4136 vocatur,
3202 4072 3326 4140 quia
3355 4071 3421 4124 de
3447 4071 3546 4123 hac

1980 4169 2167 4225 eadem
2195 4169 2476 4221 Psalmista
2507 4167 2622 4220 ait:
2654 4164 2906 4218 Excelsus
2957 4177 3112 4230 super
3154 4176 3329 4212 ontues
3374 4169 3547 4228 gentes

1981 4268 2054 4312 est
2091 4257 2364 4317 Dominus,
2415 4271 2570 4324 super
2607 4253 2758 4307 caelos
2809 4252 2975 4322 gloria
3007 4250 3118 4320 ejus
3173 4246 3347 4320 (Psal.
3389 4249 3546 4317 cxn).

1983 4351 2247 4404 Dicuntur
2273 4358 2328 4402 et
2365 4347 2536 4402 sancti
2576 4347 2821 4401 doctores
2849 4351 3038 4414 portui,
3081 4342 3202 4410 quia
3232 4355 3329 4408 per
3360 4354 3545 4392 eorum

1982 4441 2421 4513 prmdicationem
2476 4439 2599 4492 vitae
2653 4436 2907 4491 discimus
2967 4432 3286 4495 introitum;
3329 4429 3470 4484 sicut
3496 4436 3552 4479 et

1982 4543 2151 4606 portae
2177 4531 2332 4586 inferi
2359 4531 2610 4584 dicuntur
2636 4526 2894 4590 haeretici,
2929 4524 3019 4592 qui
3041 4530 3226 4588 contra
3253 4518 3544 4573 Ecclesiam

1980 4640 2143 4695 super
2171 4630 2378 4693 petram
2406 4619 2743 4682 aediﬁcatam,
2767 4617 2935 4685 ipsius
2969 4612 3177 4667 Domini
3205 4608 3549 4664 attestatione

1980 4713 2273 4784 praevalere
2300 4726 2404 4765 non
2427 4717 2672 4780 possunt.

2049 4803 2230 4857 Achas
2255 4801 2641 4868 interpretatur
2667 4793 3072 4866 apprehendens.
3103 4791 3343 4859 Denique
3371 4787 3546 4841 Achas

1984 4892 2074 4961 qui
2117 4907 2181 4944 ex
2205 4889 2353 4958 justo
2387 4897 2541 4958 patre
2566 4887 2741 4942 editus
2766 4886 2820 4938 in
2847 4883 3127 4954 perﬁdiam
3159 4891 3214 4934 et
3235 4877 3410 4932 scelus
3439 4877 3550 4928 ido-

1986 4980 2209 5034 lolatriae
2257 4980 2504 5047 delapsus
2551 4984 2658 5037 est,
2707 4973 2976 5043 signiﬁCat
3026 4969 3326 5028 haereticos,
3365 4965 3452 5034 qui
3482 4979 3544 5017 ex

1986 5070 2265 5127 catholicis
2313 5069 2554 5138 patribus
2599 5071 2936 5120 sacramento
2985 5060 3103 5114 ﬁdei
3160 5055 3347 5112 imbuti
3399 5063 3544 5117 sunt,

1986 5161 2079 5216 sed
2108 5161 2175 5214 ad
2203 5159 2520 5229 apostasiam
2571 5156 2900 5211 declinantes
2952 5151 3155 5206 cultum
3209 5147 3447 5202 divinum
3479 5146 3546 5198 si-

1987 5249 2241 5305 mulacris
2268 5263 2509 5303 errorum
2547 5261 2764 5301 suorum
2793 5244 3033 5314 praebere
3060 5257 3164 5295 non
3196 5239 3426 5300 timent;
3457 5238 3543 5304 qui

1982 5341 2215 5394 fructum
2253 5338 2391 5391 uteri
2412 5337 2516 5400 sui,
2547 5337 2650 5390 hoc
2676 5343 2777 5398 est,
2807 5332 3053 5386 etl'ectum
3098 5342 3274 5399 prava:
3322 5325 3541 5378 medita-

1986 5429 2144 5484 tionis
2194 5428 2248 5481 in
2281 5427 2401 5496 igne
2436 5425 2536 5480 zeli
2567 5423 2841 5479 darmouiis
2889 5419 3205 5488 immolant;
3233 5415 3358 5484 quia
3408 5415 3546 5467 sicut

1983 5520 2177 5583 Achas,
2207 5517 2432 5588 spoliata
2457 5515 2615 5568 domo
2635 5511 2844 5564 Domini
2863 5519 2918 5564 et
2943 5509 3102 5562 domo
3126 5521 3308 5578 regum
3331 5513 3385 5558 et
3404 5503 3547 5572 priu-

1984 5611 2181 5680 cipum,
2233 5607 2380 5660 dedit
2431 5603 2542 5666 regi
2593 5599 2934 5670 Assyriorum
2987 5614 3230 5664 munera,
3284 5605 3339 5650 et
3370 5603 3546 5648 tamen
