4064 6206
488 322 556 375 65
1111 316 1171 370 B.
1214 313 1466 369 RABANI
1498 311 1719 368 MAURI
1754 311 2073 368 Al‘tClliEI’.
2114 309 2421 365 MOGUNT.
2463 309 2745 367 OPERUM
2783 310 2962 365 PARS
3000 311 3063 366 ll.
3659 317 3729 373 σι

487 437 622 493 nihil
647 436 695 490 ei
733 433 957 507 profuit,
1011 434 1086 488 ita
1141 434 1232 489 isti
1281 447 1472 487 aurum
1522 433 1735 503 sagacis
1781 432 1981 503 ingenii
2007 438 2062 485 et
2087 434 2133 494 Α
2163 430 2566 486 consentientes
2617 432 2766 487 vitiis
2816 432 2930 487 suis
2977 446 3235 502 personas
3287 431 3531 504 eligunt;
3592 450 3733 505 quos

488 537 767 601 argentum
797 528 1113 596 eloquentia:
1169 525 1404 581 conﬂant
1450 526 1506 579 in
1532 525 1734 580 cultum
1769 525 2054 591 idolorum,

488 630 549 676 ut
574 624 854 675 intereant.
888 618 1181 689 Egyptum
1204 619 1459 673 invocant
1478 625 1535 671 et
1555 617 1809 688 Assyrios
1834 617 2056 682 adeunt,

487 726 610 765 cum
642 726 675 764 a
698 709 1054 779 potestatibus
1094 709 1248 763 istius
1274 708 1458 762 mundi
1507 708 1715 779 protegi
1768 716 2053 778 quaerunt;

489 799 581 855 sed
605 800 658 853 in
700 798 924 853 transitu
957 812 1143 852 eorum
1196 798 1338 866 capti
1377 798 1733 867 atque,occisi
1765 807 1909 861 sunt,
1931 798 2057 866 quia

489 889 793 943 maledictus
829 898 903 943 est
940 888 1092 941 homo
1125 889 1214 957 qui
1247 888 1465 956 conlidit
1503 890 1558 943 in
1588 890 1868 953 hominem,
1894 899 1941 942 et
1961 904 2057 958 po—

490 980 563 1031 nit
591 994 798 1032 carnem
836 978 1104 1032 brachium
1149 994 1323 1042 suum,
1348 988 1396 1031 et
1423 996 1456 1032 a
1488 978 1709 1032 Domino
1756 980 1942 1033 recedit
1970 995 2061 1032 cor

488 1069 601 1137 ejus
636 1066 852 1139 (Jerem.
880 1067 1036 1133 xvtt).

558 1159 817 1212 Ezechias
878 1159 1263 1228 interpretatur
1307 1157 1695 1228 apprehendens
1753 1157 2057 1223 Dominum,

486 1249 570 1303 vel
600 1247 851 1317 fortitudo
880 1248 1091 1302 Domini
1118 1265 1136 1313 ;
1165 1256 1219 1302 et
1247 1263 1353 1302 non
1381 1256 1587 1302 tantum
1616 1263 1714 1317 per
1739 1264 1799 1304 se
1822 1263 2059 1317 suosque

486 1353 621 1408 opus
650 1336 742 1391 Dei
770 1345 989 1391 strenue
1035 1338 1222 1407 gessit,
1253 1338 1362 1391 imo
1402 1351 1502 1406 per
1546 1339 1764 1393 nuntios
1787 1338 1855 1392 ad
1885 1337 2060 1392 simile

487 1429 720 1483 studium
752 1427 884 1483 alios
906 1428 1236 1497 provocavit,
1268 1436 1452 1500 typum
1477 1428 1615 1499 gerit
1642 1428 2059 1485 DominiSalva-

489 1522 643 1585 toris,
672 1521 726 1574 in
768 1537 869 1590 quo
893 1522 1092 1576 habitat
1123 1521 1291 1575 omnis
1337 1519 1606 1591 plenitudo
1634 1521 1921 1576 divinitatis
1943 1536 2059 1575 cor-

485 1613 750 1683 poraliter,
781 1624 829 1667 et
871 1623 945 1667 est
968 1622 1121 1684 caput
1147 1613 1314 1667 omnis
1342 1613 1663 1683 principatus
1706 1622 1756 1667 et
1789 1612 2056 1683 potestatis

488 1701 625 1772 (Col.
651 1704 713 1773 ιι)
739 1720 752 1768 ;
781 1703 1036 1757 Dominus
1064 1704 1219 1774 {ortis
1245 1713 1294 1758 et
1343 1713 1523 1774 potens
1562 1704 1618 1757 in
1648 1704 1831 1774 praelia
1879 1704 2051 1775 (Psal.

2156 519 2370 576 Pharao
2412 521 2466 575 in
2525 521 2784 577 Reblatba
2809 522 2998 587 vinxit,
3030 531 3086 577 et
3115 523 3169 576 in
3204 522 3497 594 Egyptum
3554 526 3728 589 duxit,

2155 624 2280 664 cum
2336 611 2578 665 diabolus
2627 625 2725 681 per
2755 612 3149 666 multitudinem
3185 612 3525 668 adulatorum
3575 630 3736 670 ener-

2160 714 2295 756 vans
2324 702 2526 771 decipit
2548 703 2712 757 corda
2743 703 3107 772 prmlatorum.
3136 704 3562 774 Reblatbaenim,
3594 709 3736 761 mut-

2158 790 2326 843 titudo
2380 791 2799 860 interpretatur;
2851 793 3036 862 sicque
3100 794 3155 848 in
3208 796 3435 864 spiritali
3496 797 3736 868 Egypto

2158 879 2369 935 vinctos
2415 881 2620 935 catenis
2670 882 2725 935 in
2779 891 3125 953 peccatorum
3155 886 3500 939 tenebrosum
3537 889 3734 959 mergit

2160 969 2432 1040 abyssum.

2227 1057 2470 1113 Joachim
2500 1061 2637 1115 idem
2688 1069 2773 1114 est
2810 1061 2902 1130 qui
2928 1070 2983 1116 et
3012 1061 3276 1116 Eliacbin.
3307 1061 3439 1117 Nam
3484 1062 3731 1119 Joschim

2158 1147 2546 1217 interpretatur
2567 1152 2653 1204 ubi
2680 1161 2755 1205 est
2779 1153 3117 1220 prwparatio,
3141 1160 3194 1206 et
3223 1152 3489 1215 Eliachin,
3522 1154 3620 1208 Dei
3642 1171 3735 1209 re-

2157 1241 2429 1294 surrectio.
2460 1240 2740 1312 Signiﬁcat
2780 1243 3054 1297 deviantes
3078 1252 3321 1313 pastores
3353 1245 3609 1311 ﬁdelium,
3634 1247 3735 1316 qui

2136 1318 2282 1382 ‘sunt
2311 1329 2536 1383 scientia
2563 1332 2803 1400 apparati
2832 1339 2991 1400 atque
3019 1333 3221 1399 ornati,
3251 1342 3305 1388 et
3332 1342 3597 1403 potestate
3633 1352 3732 1390 su—

2156 1417 2402 1485 blimati;
2434 1421 2527 1474 sed
2571 1421 2740 1491 magis
2765 1436 2862 1490 per
2915 1422 3029 1476 haec
3080 1424 3220 1478 dona
3272 1424 3484 1479 diabolo
3524 1426 3736 1482 servire

2154 1512 2452 1580 probantur
2495 1528 2657 1583 quam
2709 1516 2838 1579 Deo,
2893 1523 2949 1569 et
2996 1516 3161 1571 variis
3213 1518 3355 1572 vitiis
3402 1519 3729 1574 subduntur.

2155 1600 2443 1655 Sciendum
2473 1612 2676 1669 autem,
2700 1604 2844 1672 quod
2893 1619 3014 1657 eum
3059 1605 3225 1660 semel
3272 1606 3394 1675 quis
3419 1606 3639 1663 cuilibet
3667 1624 3732 1664 se

2154 1689 2477 1758 manciparit
2499 1691 2649 1755 vitio,
2689 1707 2795 1745 non
2824 1707 2931 1746 uno
2958 1695 3052 1747 sed
3078 1693 3260 1748 multis
3294 1696 3527 1751 dominis
3550 1697 3732 1752 obno-

486 1794 668 1864 xxm).
701 1795 799 1848 llic
838 1795 1292 1863 transgressiones
1323 1802 1556 1863 patrum,
1600 1802 1655 1847 et
1677 1808 1868 1847 omnes
1913 1808 2056 1863 prae-

2159 1779 2276 1834 xius
2303 1780 2426 1834 erit.
2475 1780 2627 1836 Unde
2673 1780 2938 1847 Joacbim,
2973 1797 3131 1851 quem
3160 1783 3373 1839 Pharao
3419 1796 3545 1839 ante
3594 1802 3729 1842 ceu-

486 1883 866 1949 varicationes,
917 1900 1037 1953 quae
1088 1884 1305 1939 fuerunt
1343 1886 1442 1939 sub
1492 1884 1628 1955 lege,
1662 1884 1920 1954 sanguine
1956 1900 2058 1939 suo

488 1972 663 2038 diluit,
691 1981 746 2027 et
768 1973 971 2028 cultum
1004 1973 1215 2043 pietatis
1249 1974 1305 2027 in
1326 1972 1566 2028 Ecclesia
1601 1972 1756 2042 plene
1790 1972 2059 2027 instaura-

485 2063 581 2116 vit.
617 2061 736 2131 Ipse
770 2062 973 2132 legatos
1000 2078 1128 2117 suos
1155 2063 1223 2116 ad
1250 2063 1624 2116 convocandas
1665 2073 1852 2131 gentes
1894 2062 1961 2115 ad
1989 2061 2055 2115 ﬁ—

489 2154 630 2217 dem,
666 2153 769 2207 hoc
793 2160 896 2214 est,
945 2153 1176 2221 primum
1203 2151 1510 2220 prophetas,
1543 2152 1735 2207 deinde
1788 2152 2058 2221 apostolos

487 2242 653 2307 misit,
683 2257 788 2297 non
812 2242 987 2297 solum
1015 2242 1081 2297 de
1121 2240 1329 2303 Iudaea,
1358 2240 1452 2295 sed
1482 2242 1625 2297 etde
1660 2242 1782 2298 aliis
1824 2243 2059 2300 nationi-

486 2332 611 2395 bus,
639 2333 900 2403 plurimos
932 2332 1000 2387 ad
1019 2330 1336 2387 catholicam
1367 2331 1543 2394 ﬁdem,
1574 2339 1631 2388 et
1659 2332 1726 2386 ad
1753 2349 1936 2388 veram
1972 2349 2060 2389 re-

486 2421 738 2493 ligionem
767 2431 890 2492 post
911 2422 1345 2491 prtedicationem
1377 2423 1650 2491 Evangelii
1672 2424 1754 2477 sui
1778 2425 2054 2480 conduxit.

487 2515 640 2580 Quod
677 2522 855 2568 autem
898 2513 1143 2568 Ezechia:
1175 2529 1275 2583 pro
1326 2513 1467 2568 bono
1514 2529 1678 2583 opere
1731 2514 2058 2583 adjiciuntur

489 2604 795 2672 quindecim
822 2604 970 2668 anni,
1006 2603 1272 2671 signiﬁcat
1295 2619 1482 2658 omnes
1507 2613 1722 2660 sanctos
1768 2607 1964 2674 quibus
1984 2608 2054 2662 ob

490 2692 815 2761 sequendam
840 2692 1005 2745 vitam
1035 2702 1290 2747 aeternam
1315 2693 1550 2763 quinque
1574 2693 1698 2748 libri
1726 2694 1862 2765 legis
1889 2694 2057 2765 Moysi

490 2796 614 2835 cum
671 2781 856 2836 decem
892 2781 1069 2836 verbis
1114 2780 1357 2851 Decalogi
1393 2782 1503 2836 dati
1527 2791 1674 2848 sunt,
1701 2792 1761 2837 ut
1787 2799 1884 2853 per
1910 2798 2057 2838 com-

488 2870 817 2940 plementum
845 2869 978 2941 legis
1004 2878 1061 2925 et
1092 2878 1483 2940 praeceptorum
1508 2870 1658 2942 regni
1687 2871 1923 2928 caelestis
1946 2872 2058 2942 ple-

490 2959 789 3014 nitudinem
816 2966 1231 3029 consequantur.

563 3049 836 3104 Manasses
871 3057 1073 3114 autem,
1102 3049 1192 3118 qui
1221 3048 1606 3120 interpretatur
1640 3050 1918 3106 obliuiosus
1939 3052 2059 3122 (per

2157 1884 2277 1923 sum
2312 1871 2414 1925 sibi
2437 1872 2567 1927 dare
2586 1873 2779 1942 coegit,
2808 1889 2949 1928 nunc
2971 1872 3483 1940 Nabuchodonosor,
3512 1890 3604 1932 rex
3626 1879 3733 1932 Ba-

2155 1959 2389 2028 bylonis,
2426 1962 2526 2015 sibi
2588 1964 2759 2017 tribus
2812 1965 2972 2018 annis
3033 1966 3238 2019 servire
3264 1967 3555 2036 compellit.
3587 1968 3733 2035 Quid

2155 2059 2241 2104 est
2275 2066 2406 2121 ergo
2455 2052 2598 2106 aliud
2628 2054 2769 2122 regis
2805 2052 3093 2124 Babylonis
3130 2069 3343 2109 servum
3397 2072 3536 2121 esse,
3564 2072 3728 2125 quam

2155 2142 2524 2209 persuasionis
2577 2142 2934 2199 delectatione
2988 2151 3150 2213 atque
3198 2159 3461 2202 consensu
3505 2148 3732 2216 antiquo

2156 2230 2299 2285 hosti
2350 2232 2623 2287 subditum
2651 2231 2788 2298 fore,
2819 2242 2876 2288 et
2908 2234 2965 2288 in
2998 2235 3303 2305 cogitando,
3352 2236 3619 2306 loquendo
3648 2246 3735 2293 at-

2155 2336 2261 2391 que
2291 2324 2345 2377 in
2374 2325 2604 2395 agendo,
2634 2333 2806 2382 totum
2830 2327 2975 2383 vitiis
2998 2327 3236 2385 deditum
3268 2331 3422 2399 quasi
3456 2331 3628 2387 libere
3654 2333 3727 2386 ab

2155 2426 2221 2466 eo
2251 2412 2562 2480 possideri?

2223 2499 2468 2557 Joachim
2524 2504 2638 2560 sive
2684 2504 2994 2573 Jechonias,
3044 2508 3135 2577 qui
3183 2523 3306 2563 cum
3334 2518 3506 2564 matre
3533 2510 3731 2565 ductus

2156 2597 2242 2643 est
2272 2590 2327 2644 in
2360 2591 2688 2663 Babylonem
2725 2594 2886 2651 simul
2914 2603 2969 2652 et
2993 2597 3249 2654 thesauro
3278 2599 3459 2668 templi
3489 2598 3727 2665 Domini,

2156 2678 2426 2749 signiﬁcat
2457 2681 2663 2751 lapsum
2689 2696 2851 2753 atque
2876 2687 3086 2741 ruinam
3116 2696 3394 2756 pastorum
3442 2697 3605 2757 atque
3643 2704 3731 2743 rc-

2156 2776 2365 2824 ctorum
2407 2770 2683 2838 Ecclesiae,
2722 2775 2813 2843 qui
2875 2776 2988 2829 veri
3049 2774 3560 2842 Nabuchodonosor,
3622 2779 3733 2834 hoc

2155 2868 2264 2925 est,
2295 2860 2494 2916 diaboli
2541 2872 2659 2919 arte
2680 2865 2871 2929 delusi,
2905 2866 2960 2920 in
2990 2865 3361 2923 confusionem
3390 2869 3733 2926 abducuntur

2157 2962 2404 3005 errorum
2432 2962 2594 3021 atque
2620 2954 2894 3020 vitiorum,
2919 2964 2973 3008 et
3003 2957 3093 3025 qui
3128 2970 3225 3026 per
3258 2957 3472 3011 Domini
3496 2958 3730 3026 gratiam

2155 3050 2220 3089 ac
2247 3038 2482 3092 studium
2507 3038 2707 3094 bonum
2738 3041 2873 3097 alios
2907 3056 3159 3099 sermone
3191 3044 3448 3100 doctrinae
3472 3052 3527 3100 et
3570 3046 3735 3103 bonis

491 3141 658 3196 multa
684 3141 827 3196 enim
855 3141 1058 3196 scelera
1084 3147 1139 3194 ct
1164 3140 1445 3211 sacrilegia
1475 3141 1767 3211 reliquerat
1784 3150 1840 3197 et
1859 3142 2059 3199 oblitus
2084 3124 2129 3186 (ἶ
2159 3130 2419 3200 θιεωριίε
2442 3132 2511 3186 ad
2532 3147 2712 3187 Veram
2762 3134 3072 3205 religionem
3113 3137 3378 3192 ευδοίιπθ
3404 3138 3727 3202 debueram.

490 3233 669 3287 fuerat
696 3230 913 3302 Deum),
938 3230 1212 3300 exemplar
1249 3239 1333 3285 est
1364 3231 1629 3286 veraciter
1681 3232 2059 3300 ptenitentium

489 3330 547 3377 et
595 3324 649 3378 in
702 3322 913 3377 Domini
972 3321 1397 3375 misericordiam
1450 3320 1842 3377 conﬁtentium.
1894 3321 2062 3378 Docet

490 3412 637 3466 enim
661 3426 759 3465 nos
786 3411 928 3479 quod
952 3418 1075 3480 post
1102 3410 1389 3465 commissa
1441 3409 1644 3464 scelera
1694 3409 1872 3465 nullus
1900 3410 2060 3466 debet

493 3504 559 3558 de
587 3503 682 3558 Dei
703 3501 1072 3557 misericordia
1100 3502 1406 3571 desperare,
1432 3501 1525 3557 sed
1549 3502 1721 3572 magis
1763 3516 1862 3572 per
1889 3501 2063 3572 paeni-

493 3592 718 3648 tentiam
748 3606 1043 3663 congruam
1087 3607 1236 3662 spem
1266 3592 1465 3648 habere
1508 3592 1699 3658 veniae,
1735 3593 1780 3649 si
1811 3608 1933 3648 eam
1957 3594 2063 3648 rite

493 3682 800 3753 perfecerit.

563 3778 790 3832 Ammon
840 3776 1227 3846 interpretatur
1261 3774 1431 3843 ﬁdelis
1479 3774 1565 3829 vel
1608 3775 1876 3829 honestus.
1909 3773 2063 3841 Quod

493 3868 665 3937 magis
691 3866 756 3920 de
782 3880 847 3921 eo
872 3881 968 3937 per
1014 3865 1350 3935 antiphrasin
1378 3865 1581 3919 dictum
1607 3864 1835 3934 intelligi
1862 3873 2061 3935 potest,

495 3970 655 4025 quam
684 3955 975 4010 secundum
1003 3953 1308 4019 veritatem,
1344 3952 1469 4022 quia
1514 3967 1638 4007 cum
1664 3952 1945 4007 idololatra
1975 3966 2063 4007 es-

496 4055 596 4111 set,
622 4045 888 4116 quomodo
914 4044 1085 4100 ﬁdelis
1121 4058 1239 4098 esse
1277 4042 1488 4113 potuit?
1520 4042 1726 4114 Typum
1776 4042 1920 4097 enim
1949 4042 2063 4113 ipse

498 4142 643 4191 tenet
698 4134 1093 4199 haereticorum,
1149 4133 1242 4203 qui
1270 4133 1394 4188 licet
1419 4132 1626 4204 ﬁngant
1653 4148 1713 4188 se
1738 4147 1861 4188 esse
1895 4133 2063 4188 bonos

494 4235 550 4278 et
575 4225 669 4279 Dei
717 4223 969 4289 cultores,
1002 4232 1181 4278 tamen
1223 4232 1489 4289 errantes,
1513 4232 1570 4278 et
1592 4224 1646 4278 in
1671 4238 1912 4279 errorem
1936 4224 2063 4278 mit-

498 4324 690 4380 tentes,
737 4317 910 4384 magis
959 4315 1170 4371 diabolo
1217 4331 1381 4395 quam
1427 4315 1539 4372 Deo
1583 4317 1787 4373 servire
1814 4332 2063 4387 compro-

497 4406 711 4460 bantur.

566 4494 743 4550 Josias
763 4511 877 4558 rex,
909 4495 999 4565 qui
1027 4496 1414 4566 interpretatur
1441 4498 1531 4552 ubi
1552 4506 1628 4552 est
1665 4499 1932 4553 incensum
1952 4498 2061 4552 Do-

497 4586 624 4639 mini
651 4585 787 4656 (haec
804 4584 945 4639 enim
968 4596 1049 4640 est
1063 4588 1278 4656 propria
1300 4587 1620 4658 etymologia
1641 4587 1875 4642 nominis
1891 4587 2055 4658 ejus),

498 4692 564 4729 eo
601 4675 743 4744 quod
772 4675 882 4729 Deo
907 4676 1185 4730 incensum
1213 4689 1383 4731 sacrae
1432 4677 1693 4731 orationis
1716 4684 1773 4732 et
1795 4677 2064 4732 bonorum

498 4780 720 4833 operum
748 4764 1070 4818 sacriﬁcium
1115 4762 1369 4829 offerens,
1417 4764 1705 4820 simulacra
1757 4781 1879 4835 qua:
1922 4764 2067 4822 fece-

498 4863 625 4910 runt
653 4854 952 4909 anteriores
1005 4868 1159 4925 reges
1186 4854 1503 4919 combussit,
1542 4862 1597 4909 et
1626 4853 1919 4910 celebravit
1965 4856 2068 4910 Pa-

497 4946 629 5000 scha
678 4943 995 5016 legitimum,
1049 4951 1105 4997 et
1153 4943 1221 4998 de
1257 4943 1454 5012 templo
1478 4942 1691 4997 Domini
1726 4942 1867 4999 idola
1897 4944 2064 4999 multa

499 5032 718 5102 depulit.
745 5032 1021 5103 Signiﬁcat
1050 5033 1194 5086 enim
1241 5032 1296 5087 in
1343 5034 1446 5088 hoc
1473 5032 1768 5098 Christum,
1819 5034 1911 5103 qui
1944 5048 2066 5104 pas-

499 5125 704 5179 sionem
754 5124 1008 5194 suscepit,
1037 5131 1197 5193 atque
1230 5123 1408 5178 omnia
1450 5124 1795 5180 exsecrabilis
1825 5127 2064 5195 gentium

500 5218 566 5273 de
595 5217 806 5285 templis
834 5217 1078 5287 corporis
1127 5215 1296 5271 nostri
1350 5213 1628 5284 dejiciens,
1682 5217 1805 5288 igne
1847 5217 2065 5272 virtutis

499 5323 609 5363 suae
638 5315 823 5362 exusta
870 5309 1206 5374 comminuit,
1262 5315 1422 5376 atque
1451 5307 1505 5362 in
1554 5307 1714 5378 hujus
1746 5308 1925 5364 surculi
1956 5318 2068 5364 tor-

500 5406 705 5452 rentem
741 5396 979 5467 projecit.

570 5482 819 5550 Joachas,
850 5487 941 5554 qui
968 5486 1352 5557 interpretatur
1382 5496 1626 5552 retentus,
1656 5487 1923 5558 signiﬁcat
1944 5504 2066 5558 pra-

501 5586 599 5625 vos
624 5580 881 5638 rectores,
903 5591 1038 5645 quos
1066 5577 1293 5646 populus
1337 5585 1517 5642 terrm,
1549 5577 1796 5633 carnales
1822 5578 2066 5634 videlicet

506 5666 732 5715 terrena:
778 5663 1054 5732 cupiditati
1111 5666 1295 5731 dediti,
1362 5666 1656 5722 secundum
1709 5680 1891 5722 mores
1938 5682 2067 5722 suos

2157 3219 2259 3289 ipsi
2288 3221 2456 3276 variis
2493 3222 2638 3279 vitiis
2677 3225 2947 3291 trucidati,
2977 3234 3150 3282 morte
3182 3229 3423 3298 absorpti
3450 3237 3577 3284 sunt
3603 3245 3730 3298 pec-

2157 3320 2422 3366 catorum.
2447 3312 2561 3369 Hoc
2584 3314 2728 3369 enim
2753 3329 2947 3370 nomen
2968 3315 3235 3383 Joachim,
3266 3319 3360 3387 qui
3388 3319 3729 3385 resuscitans,

2158 3401 2245 3456 vel
2265 3402 2355 3473 qui
2382 3411 2459 3457 est
2483 3419 2819 3475 consurgens,
2848 3406 3256 3476 interpretatur,
3281 3408 3565 3479 signiﬁcat.
3593 3408 3731 3463 Cum

2159 3507 2267 3562 quo
2286 3490 2447 3547 simul
2473 3494 2865 3561 pretiosissima
2893 3511 3021 3551 vasa
3034 3497 3244 3551 Domini
3274 3497 3328 3551 in
3361 3496 3735 3565 captivitatem

2160 3584 2596 3652 asportabantur,
2624 3585 2750 3654 quia
2784 3586 2863 3642 illi
2889 3587 2980 3656 qui
3007 3587 3064 3641 in
3094 3586 3243 3658 regni
3293 3588 3526 3644 culmine
3555 3588 3737 3644 excel-

2159 3675 2365 3743 lebant,
2392 3677 2477 3732 vel
2523 3693 2732 3733 morum
2777 3680 3058 3735 honestate
3111 3679 3409 3751 fulgebant,
3464 3681 3734 3736 malorum

2161 3761 2438 3832 depravati
2462 3764 2723 3835 exemplis
2748 3764 2907 3821 simul
2934 3781 3057 3821 cum
3087 3766 3218 3836 ipsis
3256 3766 3310 3821 in
3336 3768 3572 3838 praedam
3609 3784 3733 3823 ces-

2162 3866 2285 3906 sere
2315 3852 2534 3908 diaboli.
2710 3910 2715 3913 _

2237 3941 2512 4009 Sedecias,
2539 3943 2630 4013 qui
2669 3943 3054 4014 interpretatur
3090 3945 3269 4015 justus
3300 3944 3530 4010 Domini.
3562 3943 3739 4013 Hujus

2161 4032 2350 4088 oculos
2376 4033 2428 4087 in
2460 4033 2725 4089 Rcblatha
2775 4050 2871 4089 rex
2892 4032 3180 4106 Babylonis
3227 4034 3438 4089 evulsit.
3471 4033 3739 4089 Beblatha

2160 4124 2395 4179 vertitur
2417 4125 2472 4179 in
2499 4124 2750 4179 Latinum
2781 4126 2946 4181 multa
2979 4128 3112 4192 ha’c,
3143 4127 3369 4197 ideoque
3396 4127 3740 4197 signiﬁcabat

2163 4228 2278 4279 eos,
2310 4215 2483 4284 quiin
2512 4214 2672 4283 hujus
2706 4216 2894 4271 mundi
2940 4216 3143 4271 malitia
3189 4218 3400 4273 actione
3452 4218 3739 4273 involvun-

2164 4313 2273 4372 tur,
2301 4313 2462 4375 atque
2487 4321 2519 4360 a
2549 4305 2761 4362 diabolo
2811 4307 3089 4377 captivati,
3134 4307 3499 4379 intelligentiae
3545 4308 3741 4365 oculos

2163 4397 2413 4465 perdunt.

2231 4485 2538 4554 Jeroboam,
2573 4489 2665 4558 qui
2712 4488 3095 4559 interpretatur
3130 4491 3429 4560 dijudicans
3456 4490 3732 4562 populum,

2161 4582 2219 4629 et
2239 4576 2423 4631 decem
2455 4577 2626 4633 tribus
2651 4593 2683 4633 a
2712 4580 2869 4635 domo
2908 4580 3075 4635 David
3125 4588 3181 4635 et
3205 4595 3237 4633 a
3292 4581 3489 4651 templo
3517 4582 3613 4636 Dei
3647 4597 3739 4638 sc-

2163 4677 2362 4731 parans
2390 4666 2458 4720 ad
2478 4666 2837 4722 idololatriam
2853 4669 3122 4738 perduxit,
3140 4669 3410 4739 signiﬁcat
3427 4670 3739 4737 hmrcticos,

2165 4753 2256 4821 qui
2287 4754 2673 4811 dissensionem
2728 4765 2933 4823 amant,
2988 4765 3044 4814 et
3069 4758 3330 4813 unitatem
3383 4758 3505 4814 ﬁdei
3542 4761 3737 4817 catho-

2164 4847 2283 4904 lica:
2306 4848 2601 4904 baaresibus
2627 4850 2897 4915 scindunt,
2942 4866 3006 4906 ac
3054 4852 3133 4907 sic
3157 4850 3327 4907 cultui
3371 4852 3736 4925 malignorum

2165 4938 2450 5008 spirituum
2476 4939 2579 4995 sibi
2607 4941 2967 5011 obsequentes
2990 4941 3226 4996 tradunt.

2235 5033 2434 5098 Achab,
2484 5048 2576 5103 qui
2611 5034 2996 5105 interpretatur
3032 5035 3198 5105 frater
3220 5036 3404 5105 patris,
3428 5042 3483 5088 et
3510 5049 3604 5090 rex
3631 5033 3741 5090 fuit

2165 5124 2416 5195 injustas,
2465 5134 2521 5181 et
2561 5126 2798 5198 iniquam
2834 5127 3023 5181 habuit
3055 5141 3300 5191 uxorem,
3330 5125 3741 5196 signiltcatper-

2165 5226 2442 5275 secutores
2468 5218 2917 5284 Christianorum,
2949 5226 3006 5273 et
3040 5218 3272 5272 maxime
3305 5216 3613 5272 Judteorum
3640 5231 3740 5289 po-

2169 5306 2352 5377 pulum
2381 5321 2663 5377 synagogaa
2704 5306 3268 5376 cohabitatorem,.qui
3300 5313 3615 5375 persecutus
3652 5315 3746 5361 est

2171 5399 2459 5468 prophetas
2485 5405 2540 5452 et
2562 5409 2777 5454 sanctos
2809 5398 2923 5464 Dei,
2952 5397 3045 5467 qui
3072 5399 3141 5453 ad
3164 5412 3288 5453 eum
3314 5397 3464 5454 missi
3496 5405 3623 5455 sunt
3651 5398 3741 5452 in-

2169 5488 2351 5543 dicare
2396 5488 2724 5544 voluntatem
2770 5488 2881 5553 Dei,
2929 5496 2986 5543 et
3027 5487 3221 5544 docere
3255 5496 3523 5558 prtecepta
3569 5487 3745 5557 ipsius

2169 5577 2303 5648 legis
2321 5596 2335 5632 :
2359 5578 2427 5634 de
2440 5594 2546 5648 quo
2561 5580 2729 5634 etiam
2746 5578 2993 5634 Christus
3012 5593 3229 5634 carnem
3249 5594 3525 5635 assumere
3545 5578 3743 5648 digna-

2173 5677 2256 5720 tus
2284 5677 2386 5721 cst.
2426 5666 2739 5737 Concupivit
2763 5682 2890 5736 ergo
2929 5667 3111 5721 Achab
3141 5667 3351 5722 vincam
3386 5666 3619 5731 Nabutb,
3645 5667 3745 5735 qui
