4064 6206
248 210 316 262 ετ
1250 199 1339 255 DE
1378 195 1729 255 UNIVERSO
1766 194 1946 251 LIBRI
1987 193 2150 249 XXII.
2190 224 2262 239 -
2301 194 2428 249 LlB.
2469 192 2555 249 lll.
3130 249 3138 257 ,
3259 178 3268 188 ’
3462 200 3532 254 (Et;

250 321 637 387 interpretatur
692 314 1034 385 perspicuus,
1085 311 1200 367 sive
1245 310 1501 380 confessio
1532 324 1549 361 :
1587 308 1843 364 Jezrahe«
1872 316 1919 372 Α
1947 318 2089 375 ster;
2123 307 2270 363 babel
2294 308 2511 378 proprie
2545 306 2873 378 Babylonem
2904 320 3199 367 consonat:
3227 322 3281 368 et
3306 313 3534 370 efﬁcitur

249 410 377 471 lim,
395 407 499 462 hoc
527 413 631 470 est,
658 405 946 459 honestatis
970 404 1087 468 Dei,
1106 403 1220 458 sive
1247 401 1460 456 seminis
1487 400 1603 464 Dei,
1627 400 1841 455 Domini

248 497 503 553 videlicet
528 496 696 551 nostri
717 493 845 550 Jesu
875 494 1099 556 Christi,
1129 494 1242 549 veri
1273 492 1396 547 Filii
1431 492 1546 555 Dei,
1574 492 1732 562 cujus
1755 491 1840 545 vi~

250 604 347 645 nea
389 588 547 659 plebs
593 595 681 641 est
718 586 1035 640 Israelitica.
1072 585 1148 639 De
1185 600 1287 653 qua
1324 583 1493 638 Isaias
1526 582 1639 636 ait:
1680 579 1840 635 Vinea

251 679 463 733 Domini
493 676 725 733 Sabaoth
756 677 947 730 domus
972 674 1143 730 Israel
1162 684 1237 727 est
1263 672 1398 745 (Isa.
1429 671 1505 744 v).
1531 671 1604 728 Ut
1624 670 1842 726 fecisset

251 769 301 822 in
327 782 451 822 eam
476 767 696 822 hortum
720 765 950 827 olerum,
977 765 1079 817 hoc
1107 770 1209 823 est,
1241 770 1301 815 ut
1320 761 1410 814 ubi
1440 761 1624 815 vinum
1650 759 1839 829 gratia:

249 855 503 926 spiritalis
534 854 845 924 germinare
879 852 1086 916 debuit,
1118 850 1189 906 ibi
1242 849 1450 918 fragilia
1481 863 1708 919 qumque
1743 849 1839 903 do-

248 955 423 1017 gmata
438 960 539 1015 per
548 944 922 998 Pharisaicam
940 940 1377 1011 superstitionem
1396 939 1833 1010 transplantarct.

248 1038 350 1091 Sed
380 1036 593 1092 Nabotb
615 1036 989 1090 hancvineam
1011 1035 1139 1089 dare
1162 1033 1387 1098 nolenti,
1418 1034 1468 1087 id
1494 1040 1597 1096 est,
1619 1032 1837 1086 Christo

247 1126 645 1183 Pharisaeorum
678 1124 1153 1195 superstitionibus
1181 1140 1287 1179 non
1316 1123 1701 1187 musculis-nti,
1736 1124 1836 1178 im-

250 1220 328 1288 pia
356 1233 496 1272 uxor
517 1216 761 1281 Iezabel,
784 1216 887 1270 hoc
916 1224 1018 1279 est,
1049 1213 1330 1285 Synagoga
1364 1212 1691 1277 Iudaeorum,
1720 1229 1835 1267 ma-

250 1310 457 1363 chinata
493 1317 580 1362 est
610 1317 861 1361 mortem.
904 1306 1294 1375 Interpretatur
1318 1305 1462 1360 enim
1494 1304 1710 1359 .Iezabel
1747 1322 1834 1359 co-

249 1399 549 1463 bebitatrix,
569 1399 686 1452 sive
705 1398 886 1467 ﬂuxus
909 1412 1070 1449 vanus
1089 1411 1108 1450 :
1134 1396 1280 1465 quod
1301 1395 1438 1449 bene
1458 1394 1709 1448 convenit
1733 1392 1835 1463 Sy-

253 1505 477 1560 nagogaz,
518 1504 643 1560 quae
691 1488 938 1543 habitare
973 1487 1254 1542 videbatur
1296 1486 1350 1540 in
1390 1487 1549 1540 domo
1594 1484 1830 1547 Domini,

251 1582 334 1634 sal
377 1597 475 1650 per
515 1582 669 1635 varia
725 1580 995 1636 desideria
1046 1579 1304 1633 vanitatis
1347 1576 1632 1632 deﬂuebat.
1690 1575 1835 1630 Misit

1944 412 2138 452 nomen
2165 390 2480 462 Zorobabel,
2502 396 2605 451 hoc
2632 406 2735 462 est,
2762 397 2859 451 iste
2884 399 3131 470 magister
3150 401 3213 456 de
3241 401 3525 475 Babylone.

1940 487 1998 542 ln
2024 488 2295 559 Babylone
2334 487 2479 541 enim
2506 494 2659 541 ortus
2694 495 2799 555 est,
2846 488 2936 543 ubi
2964 491 3215 563 princeps
3240 499 3413 565 gentis
3441 495 3531 553 Ju-

1941 580 2070 635 dante
2092 579 2319 634 exstitit.

2008 668 2193 723 Judith
2220 670 2605 738 interpretatur
2628 667 2852 724 laudans
2883 670 2968 725 vel
2995 673 3270 741 conﬁtens.
3450 680 3481 711 '

2008 758 2205 812 Esther
2235 758 2622 827 interpretatur
2647 758 2922 814 absconsa.
2958 759 3051 815 Ha:
3092 778 3304 833 quoque
3335 765 3527 821 mulie-

1940 866 2047 915 res,
2078 866 2200 920 quae
2243 857 2426 921 typum
2457 858 2671 918 gestant
2708 850 2982 915 Ecclesiae,
3030 852 3215 908 hostes
3261 853 3383 910 ﬁdei
3430 872 3529 926 pu-

1936 942 2115 1006 niunt,
2140 956 2204 996 ac
2230 940 2485 1012 populum
2514 941 2582 995 ab
2609 940 2830 995 interitu
2857 953 3074 996 eruunt.

2009 1032 2257 1086 Susanna
2304 1032 2693 1100 interpretatur
2727 1029 2841 1084 lilia
2892 1032 2973 1085 vel
3008 1034 3180 1102 gratia
3219 1035 3354 1105 ejus.
3404 1034 3530 1093 Haec

1937 1122 2188 1192 ﬁguravit
2216 1123 2540 1187 Ecclesiam,
2587 1139 2749 1193 quam
2794 1122 3027 1179 falsitate
3063 1124 3231 1181 Judmi
3260 1129 3409 1198 quasi
3438 1131 3530 1183 ad-

1936 1216 2163 1271 ulteram
2189 1224 2465 1270 accusant.

2007 1307 2205 1362 Tobias
2244 1307 2436 1376 prisca:
2460 1306 2595 1376 legis
2633 1306 2921 1379 imaginem
2952 1317 3126 1373 tenet;
3168 1312 3319 1382 cujus
3344 1314 3529 1369 oculos

1933 1397 2141 1454 Judaici
2170 1414 2418 1468 passeres
2462 1400 2759 1464 obctccant,
2792 1400 2918 1454 dum
2960 1418 3054 1458 eos
3092 1403 3309 1460 luminis
3347 1422 3528 1461 sacra-

1935 1499 2173 1544 mentum
2203 1491 2343 1545 male
2376 1492 2738 1564 intelligentcs
2763 1496 3062 1551 obcaecant.

2007 1579 2204 1634 Tobias
2237 1581 2376 1635 ﬁlius
2411 1581 2527 1649 ejus
2557 1582 2769 1637 Domini
2798 1586 2969 1639 nostri
3016 1584 3141 1642 Jesu
3170 1586 3368 1642 Christi
3394 1590 3528 1644 ima-

250 1685 366 1741 crgo
395 1669 617 1726 Iezabel
664 1670 877 1725 litteras
914 1670 980 1723 ad
1010 1669 1240 1739 majores
1270 1677 1396 1723 natu
1424 1676 1480 1722 et
1505 1668 1571 1723 ad
1600 1668 1830 1736 optima-
1860 1666 1905 1724 B
1932 1672 2111 1743 ginem
2147 1673 2354 1739 habuit,
2391 1676 2482 1744 qui
2511 1676 2655 1731 velut
2679 1678 3049 1734 absconditam
3099 1690 3153 1736 et
3194 1683 3523 1739 obcaecatam

250 1773 321 1817 tes
344 1764 433 1833 qui
453 1773 614 1818 erant
647 1763 701 1817 in
723 1763 962 1824 civitate,
1005 1769 1082 1827 ut,
1109 1760 1533 1816 subintroductis
1574 1759 1721 1815 falsis
1751 1769 1830 1814 te-

251 1854 428 1918 stihus,
458 1854 832 1909 testimonium
864 1851 1056 1907 falsum
1097 1861 1286 1907 contra
1326 1851 1536 1907 Nshoth
1566 1861 1830 1921 ponerent

251 1943 379 2012 quod
402 1943 778 2000 benedixisset
814 1943 986 1996 Deum
1033 1950 1082 1996 et
1120 1956 1325 2011 regem,
1355 1949 1411 1995 et
1452 1940 1531 2023 sic
1574 1941 1827 1995 eductum

253 2037 310 2090 de
330 2035 550 2090 civitate
576 2034 906 2105 lapidarent,
936 2041 994 2089 ut
1033 2040 1350 2094 moreretur,
1391 2047 1515 2085 cum
1546 2029 1826 2101 Synagoga

253 2140 339 2193 per
370 2123 658 2193 pontiﬁces
682 2162 698 2187 ,
749 2122 959 2176 scribas
995 2129 1049 2175 et
1091 2121 1392 2175 l‘harisa'os
1436 2119 1691 2173 meditata
1745 2126 1829 2173 est

253 2226 462 2269 mortem
509 2215 742 2271 Christi.
785 2213 885 2269 llic
927 2228 1057 2281 ergo
1100 2213 1306 2276 Achab,
1339 2226 1497 2266 veros
1537 2212 1828 2281 prophetas

254 2306 333 2360 Dei
360 2322 646 2377 spernens,
682 2306 849 2365 falsos
888 2307 1179 2376 prophetas
1213 2306 1436 2369 audivit,
1475 2313 1529 2358 et
1568 2305 1646 2358 sic
1672 2303 1826 2358 delu-

252 2412 333 2450 sus
355 2413 385 2451 a
416 2397 657 2458 diabolo,
690 2398 871 2467 gladio
912 2398 1082 2452 hostis
1118 2397 1341 2451 interiit.
1374 2396 1466 2451 Sic
1508 2404 1564 2450 et
1604 2395 1827 2465 populus

252 2485 541 2542 laborum
562 2487 874 2557 spernendo
896 2486 1142 2542 doctores
1163 2485 1460 2555 Evangelii,
1481 2493 1536 2540 et
1554 2484 1826 2553 sequendo

251 2591 603 2644 precanum
627 2576 965 2637 Antichristi,
1003 2591 1206 2630 necnon
1238 2584 1293 2629 et
1319 2575 1492 2644 ipsum
1520 2583 1683 2645 caput
1702 2575 1827 2629 ‘iui-

249 2684 485 2737 quorum,
518 2669 572 2722 in
607 2678 838 2724 mortem
863 2678 1082 2724 corruet
1106 2669 1509 2737 sempiternam.

312 2759 593 2823 Ochosias,
623 2761 715 2829 qui
764 2760 1152 2829 interpretatur
1198 2758 1587 2830 apprehendens
1630 2758 1823 2824 Deum,

251 2850 381 2906 ilius
402 2864 520 2905 erat
539 2852 748 2913 Achab,
781 2862 839 2905 ct
856 2851 1280 2920 persequebatur
1303 2852 1595 2921 prophetas
1627 2851 1742 2916 Dei,
1771 2858 1826 2905 et

1934 1767 2161 1837 ﬁguram
2188 1769 2417 1839 caligine
2460 1770 2616 1839 legis,
2661 1771 2909 1827 claritate
2944 1789 3055 1828 sum
3091 1775 3306 1829 virtutis
3329 1776 3526 1832 illumi-

1930 1865 2043 1913 nat.

1999 1950 2291 2006 Maehabtci
2330 1960 2554 2021 septem,
2588 1955 2679 2023 qui
2727 1957 2828 2011 sub
2872 1956 3141 2013 Antiocho
3173 1960 3521 2015 acerbissima

1927 2042 2167 2111 perpessi
2194 2052 2463 2099 tormenta
2491 2045 2879 2115 gloriosissime
2909 2051 3152 2105 coronati
3181 2060 3327 2116 sunt,
3356 2054 3522 2123 signi-

1929 2132 2095 2186 ﬁcant
2122 2133 2417 2188 Ecclesiam
2451 2136 2838 2205 septiformem,
2871 2156 2990 2208 quae
3011 2140 3081 2194 ab
3105 2143 3338 2199 inimicis
3361 2142 3522 2197 Chri-

1928 2222 1997 2276 sti
2027 2222 2250 2276 multam
2273 2235 2571 2295 martyrum
2598 2235 2832 2298 stragem
2854 2230 3095 2298 pertulit,
3120 2240 3176 2287 et
3195 2231 3380 2303 gloriae
3405 2248 3519 2289 cte-

1927 2312 2078 2368 lestis
2105 2330 2361 2371 coronam
2388 2320 2620 2388 accepit.

2557 2452 2788 2509 CAPUT
2824 2453 2887 2508 ll.

2526 2562 2603 2616 De
2637 2564 2921 2634 prophetis.

1999 2669 2145 2738 Quos
2173 2672 2443 2742 gentilitas
2476 2685 2617 2728 vates
2663 2676 2915 2745 appellat,
2959 2676 3059 2732 hos
3091 2679 3264 2735 nostri
3300 2683 3520 2753 praphe-

1924 2771 2005 2815 tas
2059 2765 2477 2834 vocantzquasi
2517 2766 2846 2834 prtefatores,
2905 2768 3047 2837 quod
3093 2786 3255 2840 porro
3315 2772 3515 2838 fantur,

1923 2861 1978 2906 et
2025 2853 2093 2907 de
2137 2853 2332 2908 futuris
2362 2870 2488 2909 vera
2543 2856 2860 2925 prmdicunt.
2910 2859 3009 2926 Qui
3058 2870 3239 2916 autem
3282 2877 3313 2915 a
3362 2865 3521 2918 nobis

253 2944 468 2996 nissime
489 2942 689 3007 Eliam,
709 2942 977 3013 signiﬁcat
997 2941 1247 3012 pepulum
1268 2941 1598 3005 Judteorum,
1625 2949 1678 2995 et
1705 2956 1825 2995 ma-
1858 3013 1894 3023 Α
1923 2945 2202 3015 prop/reue,
2234 2945 2286 3001 in
2318 2947 2496 3001 Veteri
2540 2947 2886 3003 Testamento
2918 2950 3143 3006 videntes
3173 2953 3519 3023 appellaban-
3550 3000 3553 3005 .

253 3035 381 3089 sine
398 3033 1004 3106 principesSynagogae.
1022 3036 1109 3103 qui
1132 3033 1366 3102 peccatis
1385 3040 1442 3086 et
1463 3032 1610 3086 vitiis
1635 3032 1821 3097 dediti,
1851 3013 1896 3075 (ἶ
1930 3013 2054 3088 ιιιιέε
2084 3035 2208 3103 quia
2235 3036 2490 3091 videbant
2536 3052 2599 3092 ea
2650 3052 2769 3107 qua:
2811 3042 2989 3095 cancri
3020 3057 3126 3094 non
3159 3013 3435 3108 videbant,
3466 3054 3521 3099 et

253 3138 301 3181 et
323 3128 603 3182 veritatem
631 3140 663 3178 a
699 3141 759 3179 se
785 3124 1132 3193 repellebant,
1180 3124 1289 3177 imo
1336 3123 1821 3192 persequebantur.

256 3213 391 3273 Unde
414 3216 617 3288 legitur
637 3216 695 3269 in
716 3213 1009 3284 Evangelio
1039 3214 1179 3283 quod
1205 3213 1457 3266 miserunt
1490 3213 1747 3283 principes
1775 3224 1822 3267 et

256 3310 500 3364 Metisci
524 3311 814 3372 ministros,
839 3318 894 3361 ut
924 3307 1360 3376 apprehenderent
1384 3306 1586 3359 Jesum.
1624 3306 1826 3360 Domus

255 3415 371 3471 ergo
392 3399 649 3456 Ochozim
676 3398 961 3469 Synagoga
1003 3406 1085 3451 est
1124 3394 1455 3460 Iudaeorum,
1485 3411 1606 3465 qua:
1646 3395 1823 3466 legali-

255 3491 343 3546 hus
368 3491 656 3563 praeeptis
693 3489 848 3560 quasi
888 3487 1142 3543 cancellis
1162 3486 1424 3543 cmnaculi
1454 3486 1692 3556 undique
1714 3487 1823 3541 cir-

253 3585 489 3637 cumdata
506 3593 660 3646 erat;
695 3579 790 3636 sed
815 3580 956 3634 sicut
981 3578 1248 3633 Ochozias
1270 3592 1368 3646 per
1390 3575 1682 3641 cancellos,
1710 3575 1828 3645 qui-

254 3672 341 3727 bus
375 3674 519 3727 tueri
545 3672 756 3736 debuit,
784 3685 949 3725 mens
987 3667 1356 3740 aegritudinem
1388 3665 1610 3721 nimiam
1646 3667 1826 3721 incur-

254 3765 337 3825 rit,
358 3765 436 3817 ξω
462 3772 517 3816 et
555 3761 784 3831 populus
819 3759 1149 3823 Judzcorum,
1178 3757 1314 3829 legis
1339 3757 1641 3812 custodiam
1670 3772 1826 3811 exce-

257 3854 388 3918 dens,
414 3854 473 3907 in
493 3854 807 3922 languorem
829 3849 1214 3920 deSperabilem
1236 3856 1578 3917 peccatorum
1607 3847 1823 3911 cecidit,

255 3945 332 3996 ubi
355 3943 486 4012 quia
509 3943 689 3996 divina
736 3940 983 4011 praesidia
1014 3938 1320 4007 dereliquit,
1362 3936 1554 3991 salutis
1589 3938 1825 3992 remedia

256 4036 487 4091 invenire
511 4051 617 4090 non
646 4032 864 4088 meruit.

310 4125 824 4187 Nabuchodonosor,
871 4121 965 4192 qui
1008 4122 1391 4190 interpretatur
1432 4120 1702 4190 prophetia
1740 4118 1823 4173 la-

252 4215 485 4288 eum
507 4224 764 4285 anguem,
788 4212 903 4268 sive
921 4210 1232 4282 prophetans
1261 4210 1412 4265 istius
1434 4208 1575 4263 modi
1593 4210 1823 4279 signum,

252 4321 339 4376 pro
367 4305 585 4361 somnio
615 4303 824 4358 scilicet
852 4301 1175 4365 futurorum,
1209 4300 1352 4369 quod
1394 4299 1596 4356 vidisse
1640 4315 1825 4353 narra-

1925 3126 2342 3195 prtespicicbant
2372 3144 2434 3183 ea
2466 3144 2585 3197 quae
2631 3130 2685 3185 in
2711 3131 3013 3186 ministerio
3053 3132 3359 3206 [mysterio]
3393 3137 3519 3189 abs-

1926 3215 2141 3268 condita
2190 3226 2364 3271 erant.
2408 3217 2544 3273 Hinc
2590 3229 2673 3273 est
2716 3222 2856 3289 quod
2889 3223 3150 3291 scriptum
3193 3231 3277 3279 est
3317 3224 3371 3278 in
3423 3224 3521 3278 Sa-

1927 3305 2102 3360 muclc
2132 3323 2144 3359 :
2178 3306 2375 3361 Eamus
2405 3308 2473 3361 ad
2503 3309 2754 3364 videntem
2785 3311 2833 3381 (Ι
2860 3311 2985 3382 Reg.
3017 3312 3118 3382 ιχ).
3148 3313 3286 3370 Hinc
3316 3315 3479 3370 Isaias
3504 3334 3517 3370 :

1934 3395 2078 3461 Vidi,
2119 3397 2309 3466 inquit,
2351 3397 2632 3453 Dominum
2660 3401 2920 3457 sedentem
2949 3420 3104 3470 super
3144 3404 3391 3458 thronum
3422 3422 3516 3460 es:-

1925 3482 2123 3538 celsum
2164 3494 2211 3538 et
2253 3484 2505 3541 eleuatum
2535 3486 2689 3560 (Isai.
2722 3488 2824 3561 vi).
2864 3491 3133 3546 Ezccltieli
3180 3495 3352 3562 aperti
3396 3503 3524 3549 sunt

1928 3576 2071 3641 eteli,
2115 3584 2171 3631 et
2198 3577 2331 3632 vidit
2360 3579 2596 3636 visiones
2626 3582 2741 3636 Dei.
2773 3582 3142 3649 Quorumdam
3186 3594 3366 3642 autem
3396 3604 3520 3657 pro-

1927 3667 2212 3735 phetarum
2260 3669 2600 3742 etymologia:
2657 3675 2934 3728 nominum
2995 3678 3319 3732 annotandte
3373 3688 3518 3733 sunt.

1930 3757 2198 3812 Vocabula
2229 3760 2373 3813 enim
2398 3776 2587 3816 eorum
2612 3764 2745 3818 satis
2773 3766 3086 3832 ostendunt,
3117 3768 3246 3837 quid
3276 3768 3331 3824 in
3374 3768 3520 3824 futu-

1928 3847 2005 3903 ris
2032 3847 2190 3904 factis
2218 3850 2485 3921 dictisque
2519 3854 2633 3909 suis
2655 3857 3115 3924 pronuntiassent.

1997 3941 2142 3997 Elias
2170 3942 2556 4013 interpretatur
2595 3945 2852 4001 Dominus
2896 3948 3055 4002 Deus.
3100 3949 3176 4003 Ex
3224 3949 3389 4004 futuri
3422 3952 3522 4021 igi—

1929 4038 2017 4085 tur
2057 4032 2321 4102 przesagio
2364 4033 2444 4088 sic
2482 4042 2725 4090 vocatus.
2762 4036 2894 4103 Nam
2932 4054 3053 4092 cum
3083 4038 3441 4093 altercaretur
3467 4041 3519 4093 in

1927 4118 2194 4175 sacriﬁcio
2233 4136 2357 4176 cum
2388 4124 2797 4193 quadringentis
2829 4125 3200 4180 sacerdotibus
3240 4124 3387 4190 Baal,
3428 4127 3514 4179 in-

1926 4218 2119 4266 vocato
2142 4211 2361 4265 nomine
2387 4212 2620 4277 Domini,
2651 4213 2912 4268 descendit
2944 4215 3077 4284 ignis
3115 4215 3179 4269 de
3206 4214 3332 4270 caelo
3360 4233 3521 4287 super

1927 4302 2310 4356 holocaustum.
2340 4302 2493 4369 Quod
2525 4319 2643 4358 cum
2672 4306 2880 4360 vidisset
2909 4307 3075 4360 omnis
3104 4307 3347 4377 populus,
3381 4310 3513 4363 ceci-

254 4362 333 4452 iur
356 4408 421 4454 el
456 4396 639 4453 Daniel
668 4396 1052 4465 interpretatus
1079 4401 1194 4457 est;
1239 4393 1353 4448 sive
1394 4394 1557 4447 sessio
1580 4393 1633 4446 in
1669 4393 1823 4462 agni-
1856 4362 1902 4420 ί)
1928 4394 2005 4447 dit
2051 4393 2105 4446 in
2144 4393 2334 4463 faciem
2378 4412 2528 4449 suam
2578 4406 2627 4450 et
2669 4398 2742 4450 ait
2770 4410 2788 4448 :
2824 4397 3081 4452 Dominus
3104 4362 3235 4470 'ip'se
3269 4410 3343 4455 est
3378 4400 3522 4457 Deus

253 4492 377 4545 tione
425 4489 701 4559 angustia,
747 4501 846 4554 pro
886 4486 972 4539 his
1014 4485 1105 4553 qui
1153 4484 1205 4538 in
1240 4483 1607 4552 captivitatem
1657 4483 1727 4538 ab
1761 4498 1827 4538 eo

254 4579 585 4636 doctisunt:
623 4588 809 4648 typum
854 4584 1001 4631 tenet
1047 4576 1268 4640 diaboli,
1310 4576 1403 4644 qui
1447 4575 1823 4631 haereticorum

254 4671 450 4739 plebem
494 4669 698 4723 erroris
721 4666 1034 4736 captivitate
1059 4666 1328 4721 devictam
1355 4666 1425 4721 ab
1464 4666 1822 4733 Hierusalem,

258 4760 473 4824 hocest,
501 4759 571 4813 ab
597 4757 841 4813 Ecclesia
871 4756 926 4811 in
961 4755 1328 4826 Babyloniam,
1363 4755 1419 4811 id
1440 4766 1547 4822 est,
1575 4756 1826 4828 ignoran-

258 4850 335 4904 tia:
373 4848 750 4905 confusionem
789 4844 1031 4901 abduxit.

319 4942 572 5012 Princeps
604 4955 925 5012 coquerum,
952 4940 1044 5010 qui
1086 4956 1271 4997 muros
1316 4941 1649 4997 Hierusalem
1696 4945 1825 4998 sub-

256 5034 423 5097 vertit,
455 5035 557 5088 hoc
583 5033 873 5104 signiﬁcat,
904 5032 1029 5100 quia
1056 5046 1246 5086 omnes
1271 5031 1363 5099 qui
1393 5032 1596 5088 ventris
1616 5031 1828 5088 deside—

259 5123 333 5178 rio
353 5124 612 5186 serviunt,
640 5123 875 5177 virtutes
906 5122 1100 5178 anima:
1123 5122 1427 5178 destruunt.

316 5210 491 5278 Iesus,
518 5211 776 5269 sacerdos
814 5227 1059 5283 magnus,
1088 5212 1313 5283 ﬁguram
1354 5214 1578 5283 gerebat
1604 5213 1825 5277 Christi,

258 5316 344 5370 per
358 5318 516 5373 quem
540 5318 610 5358 ex
629 5302 1062 5373 peregrinatione
1083 5301 1264 5357 saeculi
1286 5301 1445 5370 hujus
1465 5302 1534 5357 ad
1554 5303 1828 5358 coalestem

259 5391 577 5450 Hierusalem
606 5394 767 5449 nobis
794 5392 962 5448 fuisse
987 5407 1265 5462 regressus
1293 5392 1614 5446 ostenditur.

320 5486 609 5541 Zorobabel
638 5487 781 5557 apud
813 5485 1068 5539 Bebrmos
1095 5499 1162 5539 ex
1199 5484 1372 5538 tribus
1407 5484 1632 5554 integris
1660 5486 1831 5540 nomi-

260 5577 403 5634 nibus
444 5558 673 5634 tradito;
714 5593 835 5633 esse
865 5577 1216 5646 compositus.
1241 5574 1338 5640 Zo,
1377 5575 1517 5639 istc;
1551 5591 1630 5642 ro,
1664 5577 1831 5647 magi-

1931 4482 1981 4554 (1
1989 4482 2048 4537 II
2075 4482 2202 4553 Reg.
2233 4484 2409 4557 xvnt).
2441 4485 2518 4540 Ex
2566 4487 2670 4543 hac
2697 4488 2880 4558 .igitur
2908 4504 3066 4543 causa
3118 4490 3221 4544 tale
3245 4490 3396 4560 prius
3422 4508 3520 4547 no-

1931 4589 2052 4627 men
2091 4574 2322 4644 accepit,
2363 4590 2464 4644 pro
2509 4592 2574 4631 eo
2601 4578 2745 4646 quod
2774 4594 2870 4647 per
2913 4595 3035 4632 ettm
3085 4587 3271 4650 postea
3324 4595 3525 4651 cogno-

1930 4664 2072 4717 verit
2090 4664 2319 4734 populus
2347 4664 2636 4722 Dominum
2675 4668 2864 4722 Deum.
2897 4668 3040 4724 ldem
3081 4681 3136 4723 et
3163 4670 3316 4740 fortis
3341 4669 3523 4724 Domi-

1931 4770 2029 4808 nus
2052 4755 2463 4824 interpretatur,
2492 4756 2576 4811 vel
2603 4768 2821 4828 propter
2845 4760 2988 4828 quod
3009 4759 3276 4814 interfecit
3303 4760 3521 4814 eosdem

1935 4845 2280 4908 sacerdotes,
2328 4845 2412 4900 vel
2453 4856 2674 4916 propter
2721 4849 2865 4918 quod
2908 4848 3098 4903 Achab
3141 4848 3521 4904 adversitatem

1935 4932 2203 4989 toleravit.
2243 4935 2343 4991 Hic
2384 4936 2658 4991 Christum
2710 4939 3064 5003 demonstrat,
3094 4938 3217 5007 quia
3253 4939 3393 4992 sicut
3435 4938 3524 4993 hic

1936 5028 2095 5098 igneo
2120 5043 2284 5082 curru
2333 5027 2401 5081 ad
2442 5042 2672 5096 superna
2722 5029 2967 5084 sublatus
3002 5038 3106 5092 cst,
3156 5028 3231 5082 ita
3276 5027 3521 5083 Christus

1936 5133 2155 5174 carnem
2192 5132 2363 5182 suam,
2395 5117 2450 5171 in
2482 5133 2586 5187 qua
2630 5127 2790 5173 natus
2814 5127 2899 5174 est
2937 5126 2995 5174 et
3021 5133 3214 5187 passus
3253 5126 3308 5172 ct
3336 5132 3521 5173 resur-

1936 5212 2099 5276 rexit,
2123 5210 2414 5280 assumpsit
2443 5210 2498 5264 iu
2524 5210 2741 5266 caelum.

2009 5304 2202 5369 Vidua,
2227 5304 2297 5359 ad
2320 5318 2483 5372 quam
2509 5304 2742 5358 mittitur
2769 5303 2911 5359 Elias
2934 5301 3257 5371 pascendos,
3279 5300 3517 5356 Ecclesia

1935 5403 2041 5459 est,
2072 5394 2140 5449 ad
2160 5408 2320 5462 quam
2347 5408 2443 5461 per
2479 5392 2639 5449 ﬁdem
2663 5393 2873 5448 venisse
2899 5391 3145 5446 Christus
3172 5391 3386 5461 legitur.
3415 5390 3521 5445 Cu-

1930 5484 2019 5552 jus
2046 5483 2234 5537 farina:
2252 5482 2337 5537 vel
2362 5481 2534 5536 farina
2569 5490 2625 5537 et
2651 5482 2825 5536 oleum
2852 5481 3187 5536 benedicitur
3210 5490 3263 5536 et
3301 5496 3405 5535 non
3430 5481 3522 5535 dc-

1938 5576 2087 5638 fecit,
2118 5573 2172 5628 id
2200 5580 2307 5638 est,
2344 5572 2516 5643 gratia
2544 5571 2742 5626 Christi
2782 5571 3044 5641 corporis,
3075 5579 3132 5626 et
3161 5571 3342 5626 unctio
3377 5570 3515 5626 chr1-
