4064 6206
465 234 531 287 67
1123 223 1185 278 Β.
1223 221 1483 277 RABANI
1519 218 1740 276 MAURI
1777 214 2098 273 ARCIIIEP.
2140 210 2445 269 MOCUNT.
2482 209 2767 266 OPERUM
2806 208 2984 265 PARS
3022 209 3084 263 Il.
3657 211 3727 264 b8

463 341 671 403 smatis,
699 354 818 408 quae
845 346 957 392 toto
993 335 1189 389 mundo
1218 333 1456 404 quotidie
1480 328 1809 401 impenditpr
1832 337 1887 382 et
1907 341 2041 379 nun-
2072 325 2117 385 Α
2150 321 2267 375 trite
2286 321 2678 391 prophetasset,
2702 321 2880 375 domui
2911 321 3061 376 Iuda:
3080 320 3304 375 salutem
3328 324 3730 392 praenuntiavit.

464 448 625 503 quam
659 429 940 486 minuitur.

534 524 752 592 Septem
806 518 972 574 millia
1032 517 1312 581 virorum,
1362 516 1428 571 de
1472 512 1667 584 quibus
1716 511 1917 566 dictum
1963 516 2049 565 est

464 613 592 668 Elia:
615 611 705 680 qui
735 625 838 663 non
859 614 1219 662 curvaverunt
1248 621 1385 676 genu
1414 613 1543 658 ante
1568 601 1718 665 Baal,
1742 601 2048 671 signiﬁcant

463 715 746 757 numerum
781 707 1090 752 sanctorum
1118 696 1231 765 qui,
1259 693 1464 763 Spiritu
1490 691 1820 761 septiformis
1862 689 2049 759 gratia:

465 792 695 861 impleti,
724 787 936 843 diabolo
963 785 1429 840 renuntiaverunt.

532 881 756 934 Elis-.cus
804 877 1018 930 Domini
1064 874 1208 928 salus
1262 875 1664 942 interpretatur.
1717 867 2046 925 Vocabulum

463 983 642 1026 autem
671 979 725 1025 et
753 971 891 1024 idem
926 984 992 1022 ex
1016 966 1178 1020 futuri
1217 963 1478 1035 praesagio
1521 961 1775 1032 suscepit.
1808 959 2050 1028 Denique

463 1075 517 1119 et
547 1065 744 1118 multas
773 1062 1004 1115 virtutes
1047 1058 1196 1122 fecit,
1240 1065 1296 1110 et
1328 1055 1526 1108 famem
1564 1052 1769 1123 pellens
1795 1049 2048 1119 pepulum

465 1170 494 1207 a
525 1161 696 1207 morte
718 1150 962 1205 salvavit.
1003 1146 1102 1200 Hic
1129 1144 1375 1200 eumdem
1411 1141 1826 1209 Redemptorem
1865 1136 2046 1191 Domi-

465 1260 592 1297 num
623 1239 891 1310 ﬁguravit,
920 1238 1010 1308 qui
1053 1237 1118 1291 de
1159 1233 1358 1288 montis
1387 1231 1687 1292 altitudine,
1720 1229 1770 1282 id
1803 1235 1909 1292 est,
1940 1240 2050 1280 caa-

464 1333 638 1387 lorum
669 1329 1002 1385 descendens
1043 1325 1393 1388 sublimitate,
1423 1319 1727 1376 humiliavit
1753 1318 1988 1387 seipsum
2018 1331 2049 1369 a

465 1423 638 1478 forma
689 1424 782 1477 Dei
817 1437 984 1491 usque
1030 1420 1097 1474 ad
1142 1418 1368 1472 formam
1420 1414 1674 1478 hominis,
1721 1428 1786 1466 ac
1825 1408 2050 1464 mortuis

465 1513 724 1567 membris
765 1527 859 1566 sua
905 1510 1147 1564 membra
1192 1505 1512 1576 composuit,
1540 1511 1595 1557 et
1622 1508 1820 1556 nostra:
1850 1506 2052 1554 morta-

465 1603 600 1657 litati
628 1603 708 1657 sui
736 1601 981 1672 corporis
1006 1598 1332 1654 medicinam
1363 1595 1586 1665 aptavit.

2147 412 2372 482 Propter
2419 412 2564 482 quod
2617 411 2876 466 Ezechias
2924 427 3020 466 rex
3070 411 3231 476 Juda,
3279 411 3504 467 sublatis
3550 414 3730 480 idolis,

2148 518 2283 574 quos
2323 503 2487 576 [quae]
2514 503 2878 574 praecedentes
2910 519 3064 574 reges
3092 513 3568 569 consecraverant,
3597 514 3736 561 tem-

2147 595 2291 664 plum
2335 594 2546 648 Domini
2574 609 2834 664 purgasse
2863 609 2928 648 ac
2969 593 3284 663 puriﬁcasse
3309 592 3733 648 demonstratur.

2149 684 2248 738 llic
2277 683 2476 739 Christi
2524 684 2911 738 demonstravit
2961 682 3203 753 ﬁguram,
3254 684 3347 753 qui
3385 698 3454 738 ex
3495 683 3739 740 fornica-

2147 774 2292 844 tione
2313 774 2550 841 gentium
2573 774 2864 843 assumpsit
2892 775 2946 828 in
2973 787 3197 844 corpore
3219 789 3316 829 suo
3340 774 3660 830 Ecclesiam.

2216 864 2330 920 Joel
2382 865 2766 935 interpretatur
2813 866 3067 921 Dominus
3111 865 3272 932 Deus,
3317 868 3432 922 sive
3479 867 3736 938 incipiens

2148 953 2279 1020 Deo,
2303 955 2387 1010 vel
2413 956 2512 1024 fuit
2546 955 2662 1009 Dei.
2696 955 2809 1011 Hoc
2845 958 2986 1012 enim
3022 956 3137 1024 ejus
3162 957 3480 1012 vocabulum
3509 968 3738 1014 resonat

2149 1045 2467 1115 etymologia
2514 1045 2739 1100 incerta.
2787 1045 2885 1101 Hic
2919 1045 3120 1101 indicat
3157 1049 3333 1118 typice
3381 1062 3474 1102 eos
3502 1047 3592 1117 qui
3639 1064 3740 1118 per

2149 1131 2271 1186 ﬁdei
2295 1135 2493 1188 ostium
2519 1134 2712 1189 divinae
2739 1136 2980 1190 scientiae
3010 1135 3274 1207 incipiunt
3295 1150 3621 1207 cognoscere
3649 1153 3740 1192 sa-

2148 1231 2508 1277 cramentum.

2216 1311 2383 1366 Amos
2439 1313 2822 1382 interpretatur
2875 1313 3101 1386 populus
3160 1314 3392 1370 avulsus.
3441 1315 3735 1386 Prophetia

2149 1402 2292 1455 enim
2339 1401 2455 1472 ejus
2491 1404 2558 1457 ad
2597 1404 2851 1474 populum
2882 1403 2985 1459 fuit
3008 1404 3192 1468 Israel,
3232 1406 3321 1475 qui
3363 1405 3478 1474 jam
3517 1406 3738 1460 avulsus

2149 1499 2268 1544 erat
2303 1507 2334 1545 a
2373 1491 2621 1558 Domino,
2649 1502 2706 1547 et
2728 1494 2908 1549 aureis
2945 1493 3126 1549 vitulis
3165 1495 3407 1559 servivit,
3438 1496 3552 1550 sive
3583 1496 3738 1550 avul-

2151 1597 2245 1638 sus
2270 1597 2300 1636 a
2333 1599 2500 1654 regno
2525 1584 2711 1655 stirpis
2738 1585 2925 1640 David.
2975 1585 3075 1641 Hic
3109 1601 3238 1657 ergo
3275 1596 3459 1657 pastor
3490 1596 3546 1641 et
3572 1589 3740 1642 rusti-

537 1695 696 1749 Pueri
721 1696 808 1765 qui
835 1667 1158 1749 insultantes
1183 1691 1395 1756 Elisaeo,
1416 1688 1756 1744 clamabant:
1787 1683 2044 1748 Ascende,
2075 1667 2123 1726 Β
2151 1689 2246 1728 cus
2283 1673 2485 1765 Christi
2521 1683 2606 1730 est
2651 1684 2830 1765 typus,
2855 1679 2947 1746 qui
2977 1679 3046 1732 ab
3081 1677 3258 1733 ollicio
3283 1678 3539 1747 pastorali
3575 1695 3746 1748 peco.

464 1783 624 1847 calve,
648 1785 885 1847 ascende,
913 1783 1055 1835 calve
1082 1779 1185 1852 (IV
1207 1779 1334 1849 Reg.
1378 1777 1464 1848 ιι),
1497 1785 1551 1832 et
1587 1776 1760 1830 invasi
1789 1791 1820 1828 a
1857 1773 2044 1828 bestiis

467 1877 762 1946 perierunt,
813 1876 1054 1930 indicant
1092 1873 1345 1944 populum
1380 1871 1682 1936 Judaicum,
1725 1869 1816 1939 qui
1851 1867 2043 1939 puerili

467 1966 691 2020 stultitia
737 1966 1019 2020 irriserunt
1062 1963 1335 2018 Christum
1365 1962 1417 2016 in
1448 1961 1563 2016 loco
1591 1959 1850 2015 Calvariae
1871 1957 2041 2012 cruci-

468 2057 662 2119 ﬁxum;
692 2063 745 2108 et
774 2054 916 2123 capti
943 2069 973 2107 a
1000 2054 1208 2108 duobus
1241 2053 1400 2115 ursis,
1428 2053 1530 2104 hoc
1557 2059 1642 2104 est
1667 2049 1790 2102 Tito
1847 2056 1903 2101 et
1940 2048 2043 2102 Ve-

466 2145 734 2213 spasiano.
768 2143 1104 2197 interierunt.

534 2235 677 2289 Puer
723 2235 917 2298 Elisaei,
965 2233 1056 2302 qui
1107 2247 1228 2286 cum
1272 2229 1462 2285 baculo
1507 2230 1574 2285 ad
1613 2227 2042 2284 resuscitandum

466 2327 705 2380 mulieris
725 2334 808 2380 est
835 2325 998 2380 ﬁlium
1030 2325 1248 2389 missus,
1274 2331 1456 2392 typum
1481 2322 1673 2392 priscae
1706 2321 1840 2391 legis
1863 2327 2045 2376 osten-

465 2416 579 2470 dit:
610 2432 728 2486 quze
755 2415 938 2487 generi
975 2416 1209 2469 humano
1253 2413 1568 2468 transmissa
1604 2411 1736 2466 nihil
1772 2411 2042 2481 praestitit,

465 2506 568 2561 nisi
591 2506 732 2574 quod
760 2506 812 2559 in
835 2505 983 2574 virga
1005 2503 1172 2557 solam
1197 2502 1562 2556 austeritatem
1593 2501 1869 2555 servitutis
1893 2517 2046 2555 mon—

466 2598 679 2652 stravit.
714 2597 1010 2650 Sunamitis
1053 2595 1192 2650 ﬁlius
1223 2604 1466 2649 mortuus
1497 2595 1714 2648 humani
1743 2594 1957 2664 generis
1986 2592 2047 2647 ﬁ-

467 2701 654 2756 guram
685 2693 847 2747 tenet,
877 2699 1039 2754 super
1066 2699 1222 2753 qucm
1253 2683 1498 2737 Christus
1523 2683 1758 2737 oscitans
1786 2683 2045 2752 Spiritum

467 2774 795 2844 septiformis
839 2775 1026 2844 gratiae
1063 2774 1375 2844 Spit-italiter
1424 2774 1648 2843 aspirat,
1691 2787 1786 2842 per
1815 2789 1973 2843 quem
2015 2788 2046 2828 a

468 2873 640 2916 morte
667 2872 918 2933 peccator
947 2864 1248 2918 reviviscat.

539 2953 776 3008 Naamau
841 2953 1009 3024 Syrus
1049 2954 1317 3022 signiﬁcat
1375 2969 1440 3009 ex
1491 2955 1737 3025 gentibus
1791 2953 2044 3025 populum

2146 1778 2292 1828 rum,
2342 1764 2396 1818 id
2441 1771 2542 1830 est,
2595 1765 2663 1819 ab
2715 1764 3064 1821 Hebrmorum
3109 1767 3368 1838 regimine
3419 1767 3738 1835 translatus,

2146 1868 2289 1908 nunc
2314 1853 2449 1909 alios
2474 1869 2664 1926 greges
2699 1857 2875 1925 pascit
2907 1857 2960 1912 in
2990 1859 3257 1928 gentibus.

2215 1943 2416 2000 Abdias
2458 1947 2847 2016 interpretatur
2886 1965 3062 2002 servus
3115 1948 3346 2004 Domini.
3399 1950 3552 2005 Sicut
3587 1951 3742 2006 enim

2145 2035 2356 2106 Moyses
2383 2021 2615 2092 famulus
2641 2039 2871 2104 Domini,
2897 2049 2952 2094 et
2981 2041 3267 2111 Apostt-Ius
3286 2059 3484 2100 servus
3507 2045 3738 2110 Christi,

2146 2126 2220 2180 ita
2268 2127 2370 2181 iste
2414 2128 2623 2199 legatus
2657 2130 2723 2183 ad
2760 2140 2946 2201 gentes
2988 2133 3185 2188 missus
3212 2134 3359 2189 videt
3390 2146 3446 2190 et
3479 2136 3744 2207 praedicat

2147 2232 2267 2286 qua:
2303 2219 2604 2289 prophetali
2647 2221 2808 2292 digna
2858 2232 2983 2277 sunt
3027 2225 3330 2280 ministerio
3354 2235 3409 2282 et
3441 2230 3690 2283 servituti
3719 2247 3736 2284 :

2147 2308 2272 2363 inde
2301 2325 2489 2365 servus
2517 2311 2726 2367 Domini
2755 2321 2998 2368 vocatur.
3030 2307 3129 2370 ilic
3157 2319 3372 2387 quidem
3398 2320 3454 2374 in
3485 2320 3739 2378 Samaria

2148 2411 2364 2456 centum
2413 2403 2559 2473 pavit
2603 2405 2915 2476 pmphehs,
2958 2415 3014 2462 et
3061 2409 3328 2478 signiﬁcat
3371 2427 3559 2467 omnes
3609 2412 3739 2468 ﬁdei

2150 2491 2545 2558 prmdicatores,
2592 2495 2684 2564 qui
2734 2497 2787 2550 in
2833 2498 2935 2553 hoc
2980 2501 3179 2555 mundo
3212 2500 3483 2557 alimentis
3515 2513 3739 2559 sancta-

2150 2595 2268 2633 rum
2295 2579 2699 2653 Scripturarum
2727 2601 2915 2642 omnes
2952 2589 3233 2645 credentes
3259 2589 3526 2646 reﬁciunt.

2219 2671 2406 2740 Jonas,
2463 2676 2553 2744 qui
2607 2676 2994 2748 interpretatur
3047 2680 3307 2746 columba,
3361 2683 3475 2738 sive
3526 2684 3734 2740 dolens.

2149 2763 2407 2820 Columba
2440 2781 2539 2836 pro
2567 2769 2789 2838 gemitu,
2818 2772 3070 2841 quoniam
3100 2773 3153 2826 in
3180 2782 3366 2828 ventre
3405 2775 3509 2830 ceti
3551 2776 3735 2831 triduo

2153 2853 2282 2921 fuit;
2311 2856 2497 2912 dolens
2542 2867 2720 2913 autem
2761 2861 2847 2917 vel
2869 2873 3088 2934 pr0pter
3133 2865 3429 2931 tristitiam,
3452 2882 3612 2936 quam
3636 2867 3738 2921 ha-

2151 2943 2269 2998 buit
2299 2947 2363 3000 de
2398 2946 2568 3002 salute
2597 2947 2976 3014 Ninivitarum,
3003 2953 3086 3006 vel
3111 2965 3332 3024 propter
3355 2956 3609 3011 hederam
3635 2973 3735 3012 sn-

467 3053 872 3115 congregatum,
918 3045 1144 3100 maculis
1171 3045 1486 3100 delictorum
1517 3045 1798 3116 pollutum,
1827 3057 1987 3115 atque
2017 3061 2049 3101 a
2076 3033 2121 3095 C
2152 3035 2266 3091 bim
2309 3049 2668 3106 θνθεοθηίθηιν
2711 3041 2864 3112 cuius
2889 3045 3201 3099 υωιπθουίο
3239 3046 3516 3116 legebam"
3538 3055 3736 3102 contra

467 3132 685 3189 Christo
719 3151 815 3204 per
842 3143 1176 3189 sacramenta
1203 3137 1544 3206 baptismatis
1568 3136 1929 3206 puriﬁcatam.

539 3224 706 3279 Isaias
747 3225 1132 3296 interpretatur
1161 3225 1302 3281 salus
1345 3227 1577 3293 Domini,
1605 3237 1660 3282 et
1685 3229 1896 3284 merito.
1928 3228 2048 3283 Sal-

469 3327 708 3372 vatorem
737 3319 880 3372 enim
912 3320 1285 3374 universarum
1325 3322 1583 3391 gentium,
1616 3321 1838 3392 ejusque
1869 3339 2050 3378 sacra-

471 3415 652 3460 menta
699 3407 927 3476 amplius
971 3425 1132 3479 quam
1161 3409 1341 3464 caeteri
1382 3410 1655 3479 prazdicat.
1699 3410 1797 3465 Hic
1837 3427 2050 3481 quoque

473 3497 701 3551 formam
747 3498 1192 3570 evangelistarum
1249 3509 1304 3554 et
1350 3501 1713 3571 apostolorum
1760 3504 2047 3572 expressit,

471 3587 562 3657 qui
594 3587 843 3642 universa
871 3598 1206 3645 sacramenta
1235 3589 1435 3647 Christi
1479 3609 1583 3648 non
1612 3593 1764 3662 quasi
1788 3610 1887 3665 per
1919 3595 2049 3666 ﬁgu-

474 3692 609 3741 ram,
641 3679 734 3732 sed
771 3679 916 3732 velut
944 3682 1248 3749 praasentia,
1277 3683 1606 3750 praedicavit.

541 3767 802 3823 .Icremias
843 3770 1226 3839 interpretatur
1269 3773 1500 3826 excelsus
1555 3774 1801 3839 Domini,
1845 3790 1946 3844 pro
1985 3791 2050 3831 eo

472 3859 613 3926 quod
639 3858 838 3913 dictum
861 3868 945 3913 est
971 3861 1020 3914 ei
1052 3878 1064 3912 :
1096 3859 1352 3914 Constitui
1391 3872 1438 3915 te
1477 3879 1633 3931 super
1665 3873 1839 3932 gentes
1879 3874 1926 3916 et
1969 3881 2051 3918 re-

471 3963 572 4016 gna
603 3947 737 4016 (Jer.
772 3947 838 4017 ι).
863 3947 960 4002 1-1ἰο
1004 3958 1182 4002 autem
1223 3950 1275 4003 in
1306 3951 1469 4004 verbo
1492 3961 1545 4006 et
1575 3953 1911 4020 passionibus
1938 3953 2050 4008 suis

472 4048 700 4092 mortem
733 4047 787 4091 et
814 4041 1118 4107 passionem
1144 4041 1393 4108 ﬁguravit
1422 4042 1630 4096 Domini
1661 4042 1975 4098 Salvatoris.

542 4130 788 4184 Ezechiel
821 4130 1205 4199 interpretatur
1241 4131 1495 4202 fortitudo
1534 4133 1647 4186 Dei.
1697 4132 1795 4187 IIic
1835 4149 2049 4204 quoque

472 4219 759 4290 imaginem
802 4220 1001 4275 Christi
1035 4222 1286 4292 gestavit,
1314 4223 1403 4291 qui
1444 4223 1676 4291 positum
1718 4224 1771 4278 in
1808 4225 1907 4280 hac
1943 4234 2049 4279 ter-

473 4325 603 4362 rena
648 4312 1074 4381 peregrinatione
1102 4314 1358 4383 populum
1407 4314 1732 4370 salutaribus
1762 4318 2046 4387 prteceptis

474 4400 710 4469 instigat.

542 4490 726 4544 Daniel
763 4491 1147 4562 interpretatur
1172 4496 1434 4564 judicium
1481 4496 1599 4560 Dei,
1649 4498 1764 4552 sive
1801 4500 1942 4568 quod
1989 4501 2042 4554 in

473 4583 902 4650 presbyterorum
942 4582 1146 4650 judicio
1185 4587 1506 4640 sententiam
1547 4587 1740 4642 divina:
1769 4590 2045 4643 examina-

473 4670 634 4723 tionis
661 4669 921 4736 exhibuit,
965 4673 1092 4726 dum
1120 4683 1329 4742 reperta
1356 4689 1541 4729 eorum
1581 4675 1813 4732 falsitate
1844 4676 2045 4734 Susan-

473 4777 597 4816 nam
621 4761 688 4815 ab
710 4762 928 4816 interitu
955 4762 1221 4828 liberavit,
1246 4765 1359 4819 sive
1396 4766 1535 4833 quod
1562 4767 1795 4822 visiones
1818 4778 1871 4823 et
1900 4785 2041 4824 som-

473 4853 580 4916 nia,
595 4852 789 4921 quibus
808 4867 904 4922 per
921 4852 1127 4923 singula
1143 4855 1386 4923 quazdam
1402 4856 1686 4928 enigmata
1708 4858 1884 4914 futura
1901 4877 2048 4916 mon-

469 4950 808 5010 trahautur,
831 4947 1011 5014 sagaci
1035 4956 1215 4997 mente
1241 4947 1556 4998 discernens
1578 4946 1812 5014 aperuit.
1843 4944 1942 5001 Hic
1961 4948 2044 5001 de-

468 5038 779 5089 siderinrum
797 5041 874 5088 vir
892 5037 1190 5102 appellatus
1207 5035 1716 5106 est(Dent.tx),quia
1738 5051 1928 5105 panem
1948 5036 2043 5092 de-

474 5121 654 5173 siderii
703 5137 810 5175 non
860 5123 1223 5186 manducavit,
1273 5133 1327 5179 et
1374 5126 1555 5180 vinum
1600 5131 2045 5200 concupiscentia:

475 5226 577 5262 non
603 5211 752 5264 bibit.
780 5211 921 5266 Idem
948 5213 1109 5266 vitam
1137 5214 1373 5268 cmﬁbcm
1404 5218 1574 5271 tenuit
1593 5217 1867 5292 [tenendo]
1897 5223 2044 5276 simi-

475 5303 752 5358 litudinem
783 5304 969 5359 habuit
992 5306 1333 5360 continentiae
1359 5323 1544 5362 eorum
1573 5312 1663 5380 qui
1691 5323 1816 5366 sunt
1852 5314 1902 5367 in
1932 5316 2042 5368 otio

474 5404 681 5458 sancto,
711 5404 767 5448 et
789 5410 893 5449 non
926 5397 1153 5452 terrenis
1178 5412 1356 5452 rerum
1393 5400 1562 5469 cepiis
1591 5401 1897 5456 abutuntur.

544 5481 681 5536 Osee
731 5485 1110 5554 interpretatur
1168 5485 1431 5553 salvator,
1484 5498 1576 5542 aut
1625 5490 1851 5545 salvans.
1907 5493 2041 5548 Dum

470 5569 617 5626 enim
643 5571 776 5625 iram
806 5574 896 5628 Dei
925 5577 975 5630 in
1007 5577 1258 5647 populum
1296 5578 1458 5635 Israel
1497 5579 1566 5635 ob
1590 5581 1794 5636 crimen
1824 5584 2043 5641 idolola-

2151 3127 2280 3182 solis
2305 3129 2572 3184 ardorem.
2603 3131 2721 3200 Ipse
2749 3140 2831 3186 est
2863 3132 3004 3188 ﬁlius
3042 3135 3276 3199 Amathi,
3311 3137 3450 3191 idem
3476 3153 3598 3192 cum
3628 3139 3738 3194 hoc

2151 3218 2462 3290 Sareptanze
2504 3222 2677 3276 viduae
2719 3221 2880 3290 ﬁlius,
2924 3233 2982 3277 ut
3023 3224 3192 3280 Judaei
3238 3224 3528 3292 aﬂirmant,
3568 3244 3735 3298 quem

2151 3311 2492 3365 resuscitavit
2536 3311 2698 3377 Elias,
2755 3321 2927 3368 matre
2966 3323 3150 3384 postea
3190 3315 3257 3369 ad
3301 3331 3424 3370 eum
3473 3318 3731 3374 dicente:

2151 3403 2309 3456 Nunc
2337 3405 2551 3472 cognovi
2575 3405 2714 3474 quod
2747 3406 2825 3458 vir
2847 3406 2944 3460 Dei
2971 3423 3024 3460 es
3049 3417 3128 3472 tu,
3171 3417 3218 3461 et
3261 3409 3470 3462 verbum
3498 3410 3734 3465 veritatis

2148 3493 2202 3547 in
2225 3510 2312 3547 ore
2336 3504 2425 3547 tuo
2453 3504 2527 3548 est
2552 3493 2672 3566 (III
2699 3494 2822 3565 Reg.
2850 3496 3004 3568 xvu).
3029 3497 3108 3553 Ob
3146 3500 3281 3555 hanc
3304 3515 3521 3554 causam
3553 3501 3734 3569 ipsum

2147 3597 2372 3652 puerum
2401 3582 2612 3637 Amathi
2643 3584 2954 3640 vocitatum.
2986 3586 3202 3642 Amathi
3231 3590 3374 3643 enim
3405 3605 3471 3643 ex
3504 3590 3734 3645 Hebraeo

2150 3672 2203 3725 in
2247 3672 2493 3726 Latinam
2536 3673 2772 3744 linguam
2811 3679 2998 3732 veritas
3042 3678 3260 3744 dicitur,
3299 3687 3351 3734 et
3381 3695 3445 3735 ex
3476 3695 3542 3735 eo
3582 3683 3735 3750 quod

2146 3781 2332 3820 verum
2371 3767 2518 3821 Elias
2564 3767 2775 3823 locutus
2811 3777 2913 3834 est,
2943 3770 3031 3824 ille
3059 3771 3152 3840 qui
3187 3773 3478 3829 suscitatus
3515 3782 3617 3838 est,
3659 3775 3735 3829 ﬁ-

2149 3855 2250 3910 lius
2280 3867 2617 3926 nuncupatus
2645 3867 2728 3913 est
2757 3859 3022 3914 veritatis.
3045 3859 3211 3916 Jonas
3237 3877 3450 3932 quoque
3476 3872 3584 3918 tam
3611 3879 3734 3919 ser-

2149 3963 2305 4002 mone
2343 3963 2505 4017 quam
2549 3948 2828 4020 naufragio
2853 3965 2951 4005 suo
2991 3951 3294 4021 passionem
3335 3953 3554 4008 Christi.
3587 3970 3734 4009 mor-

2147 4048 2365 4110 temque
2388 4049 2444 4095 et
2466 4043 2916 4096 resurrectionem
2939 4041 3170 4114 ﬁgurat:
3206 4045 3318 4100 sive
3345 4046 3485 4113 quod
3507 4046 3573 4100 de
3601 4047 3730 4101 navi

2147 4130 2214 4183 ad
2238 4145 2405 4195 mare,
2437 4139 2692 4200 tanquam
2714 4133 2780 4188 de
2805 4147 2965 4188 cruce
2986 4133 3052 4187 ad
3085 4143 3281 4189 terram
3303 4138 3576 4206 projectus
3604 4148 3730 4203 est;

2147 4224 2259 4278 sive
2287 4224 2429 4293 quod
2459 4225 2512 4278 in
2547 4234 2738 4281 ventre
2773 4229 2876 4281 ceti
2919 4237 3176 4298 exceptus
3214 4237 3316 4294 est,
3363 4239 3615 4299 tanquam
3667 4232 3730 4288 in

2147 4315 2417 4384 sepultura
2448 4325 2622 4382 terrze,
2654 4317 2824 4372 tribus
2850 4319 3040 4374 diebus
3077 4329 3133 4374 et
3167 4320 3336 4375 tribus
3361 4323 3606 4376 noctibus
3635 4339 3729 4378 rc-

2069 4383 2123 4441 D
2147 4383 2393 4464 conditus
2429 4416 2532 4475 est,
2567 4419 2623 4464 et
2650 4411 2791 4478 quod
2820 4426 2916 4480 per
2944 4411 3168 4482 ﬁguram
3207 4413 3430 4468 Niniven
3455 4415 3732 4484 pmniten-

2151 4499 2278 4552 tiam
2324 4501 2506 4555 mundi
2553 4501 2820 4570 praedixit.
2859 4500 2919 4554 In
2967 4504 3314 4571 sequentibus
3360 4515 3538 4576 typum
3585 4509 3732 4576 gerit

2146 4589 2472 4658 Judaeorum,
2515 4593 2606 4662 qui
2646 4593 2869 4647 salutem
2917 4596 3154 4663 gentium
3188 4611 3292 4649 non
3324 4605 3532 4651 tantum
3560 4598 3732 4652 adve-

2148 4681 2264 4736 nire
2310 4683 2627 4748 noluerunt,
2667 4685 2761 4738 sed
2789 4699 2910 4739 cum
2956 4687 3121 4750 venit,
3160 4685 3317 4741 invisi
3347 4699 3490 4741 sunt.
3528 4687 3729 4743 Ninive

2147 4787 2359 4841 quoque
2403 4775 2640 4843 gentium
2687 4776 2952 4846 signiﬁcat
2994 4778 3248 4846 speciem,
3283 4776 3447 4833 Jonas
3479 4793 3609 4834 vero
3667 4781 3727 4835 in

2148 4861 2264 4916 loco
2314 4861 2639 4917 Judmorum.
2689 4864 2823 4919 Nam
2867 4868 3313 4935 quemadmodum
3359 4868 3726 4925 Ninivitarum

2147 4952 2290 5007 salus
2310 4954 2374 5008 ad
2402 4955 2796 5010 mmulationem
2821 4959 3132 5026 provocavit
3157 4957 3372 5024 Ionam,
3399 4960 3474 5015 ita
3510 4963 3726 5016 redem-

2145 5043 2257 5112 ptio
2283 5044 2519 5113 gentium
2563 5047 2875 5103 scandalum
2918 5049 3128 5103 exstitit
3155 5046 3480 5104 Judtnorum.
3528 5050 3724 5107 Merito

2143 5143 2200 5188 et
2236 5146 2420 5189 contra
2445 5137 2706 5192 orientem
2736 5140 2970 5194 civitatis
3013 5141 3215 5196 sedisse
3243 5141 3436 5209 legitur
3467 5143 3565 5198 sub
3595 5161 3723 5199 um-

2143 5225 2239 5279 bra
2267 5228 2478 5282 hederae
2499 5229 2644 5300 (Jan.
2681 5231 2756 5302 iv)
2783 5246 2798 5295 ;
2827 5231 2900 5284 ita
2929 5231 3114 5286 eadem
3139 5232 3290 5302 plebs
3316 5247 3575 5303 separans
3602 5251 3660 5288 se
3689 5254 3720 5292 a

2143 5318 2315 5372 salute
2362 5319 2613 5375 Ecclesim
2655 5321 2839 5376 dolore
2883 5322 3061 5376 tabida
3108 5333 3292 5379 contra
3337 5325 3632 5390 Christum,
3668 5329 3722 5382 id

2139 5415 2243 5470 est,
2276 5409 2537 5464 orientem
2585 5409 2819 5480 linguam
2855 5425 3006 5464 suan'.
3051 5426 3267 5466 movere
3305 5413 3496 5466 nititur
3524 5415 3724 5472 sedens

2141 5499 2242 5550 sub
2270 5499 2458 5553 umbra
2495 5499 2645 5570 legis.
2683 5499 2813 5565 Quae
2857 5501 3044 5554 umbra
3091 5517 3275 5556 verme
3331 5503 3565 5558 arefacta
3613 5517 3718 5565 est.

2141 5587 2264 5656 quia
2309 5589 2622 5644 adveniente
2669 5591 2880 5648 Christo
2910 5604 3076 5648 vetera
3105 5597 3423 5653 transierunt
3458 5616 3476 5653 :
3519 5611 3566 5654 et
3607 5618 3723 5655 ecce
