4064 6206
203 272 270 326 5g)
1219 251 1309 307 DE
1347 247 1695 307 UNIVEBSO
1734 244 1916 302 LIBRI
1952 244 2119 301 XXII.
2159 275 2230 287 ——
2268 246 2398 302 LIB.
2440 246 2526 300 111.
3413 247 3483 301 τι)

206 388 340 454 [aeta
363 387 489 433 sunt
518 375 701 430 omnia
732 387 869 426 nova
896 369 952 441 (1
960 368 985 423 Ι
1000 367 1122 424 Cor.
1144 367 1221 437 v).
1250 363 1600 435 Prophetavit
1623 369 1800 416 autem
1827 362 1880 421 Α
1899 360 2080 454 pheta:
2123 360 2350 454 ﬁguram
2383 368 2733 454 gestaverunt
2755 368 3085 425 sanctorum,
3116 362 3210 430 qui
3253 362 3305 416 in
3329 362 3486 417 nobis

206 474 303 529 sub
323 470 456 526 Osia
500 480 630 535 rege
663 461 829 525 inda,
880 459 1098 531 quando
1146 467 1203 513 et
1251 456 1390 513 Osee
1425 465 1483 511 et
1526 455 1692 509 Amos
1744 459 1801 508 et

206 565 368 620 Isaias
393 558 886 630 prophetaverunt.
1533 610 1541 621 ,

275 653 537 712 Micheas,
558 646 653 715 qui
675 645 1064 712 interpretatur
1090 641 1207 712 quis
1253 639 1360 704 hic,
1396 637 1483 693 vel
1515 636 1632 707 quis
1680 634 1799 699 iste,

208 753 298 797 aut
331 736 631 799 humilitas,
659 732 935 803 signiﬁcat
959 729 1107 785 illum
1143 728 1234 798 qui
1283 728 1336 782 in
1364 725 1656 797 Evangelio
1678 724 1756 778 ait
1782 740 1797 777 :

211 832 404 886 Discite
431 845 465 880 a
488 841 573 878 me
597 824 727 895 quia
766 822 913 875 mitis
939 837 1054 874 sum
1082 828 1132 874 et
1160 818 1372 873 humilis
1406 818 1560 872 corde
1581 815 1797 887 (Matth.

214 922 284 991 si)
304 961 320 985 ,
346 928 407 973 et
432 917 501 970 de
526 928 638 984 quo
664 911 936 982 Propheta
981 911 1118 966 dixit
1145 928 1159 963 :
1192 907 1588 965 Cenerationem
1628 916 1802 960 autem

213 1016 324 1082 ejus
349 1011 465 1082 quis
496 1007 768 1062 enarrabit
790 1004 946 1073 (lsai.
976 1004 1131 1075 LIII)?
1161 1003 1227 1057 ad
1257 1017 1417 1072 quem
1449 1001 1669 1055 verbum
1709 1000 1802 1053 Dei

217 1106 419 1158 factum
440 1107 550 1161 est,
576 1098 706 1166 quia
763 1094 985 1149 Verbum
1011 1110 1134 1148 caro
1163 1093 1359 1163 factum
1385 1102 1483 1156 est,
1515 1101 1562 1146 et
1599 1091 1805 1144 ltabita-

217 1193 281 1246 sit
321 1192 380 1243 in
404 1188 554 1242 nobis
588 1185 775 1257 (Joan.
806 1184 879 1255 i);
911 1199 1010 1253 per
1037 1181 1188 1251 cujus
1214 1182 1667 1253 dispensationem
1697 1181 1806 1248 pri-

223 1295 361 1334 mum
409 1276 694 1347 propheta:
738 1283 795 1329 et
832 1280 1018 1344 postea
1044 1272 1267 1342 apostoli
1310 1272 1378 1326 ad
1406 1270 1804 1341 pnedicandum

225 1370 440 1425 verbum
470 1367 566 1422 Dei
597 1364 751 1420 missi
793 1373 939 1419 sunt.
968 1363 1238 1431 Quantum
1265 1377 1394 1434 ergo
1432 1361 1501 1416 ad
1525 1360 1805 1415 historiam

227 1461 449 1531 pertinet
496 1455 801 1511 secumlum
848 1453 1091 1509 ordinem
1129 1451 1484 1521 captivitatis,
1532 1449 1657 1518 quia
1696 1448 1808 1517 pri-

228 1571 364 1610 mum
414 1562 505 1608 est
551 1561 714 1620 capta
758 1548 1003 1604 Samaria
1052 1545 1360 1616 metmpolis
1402 1542 1585 1606 Israel,
1622 1551 1809 1612 postea

232 1643 559 1700 Hierusalem
588 1643 725 1695 urbs
744 1638 918 1702 Iudae,
935 1638 1230 1710 prophetiae
1252 1634 1436 1689 titulus
1460 1633 1679 1703 ponitur
1698 1632 1808 1701 pri-

1899 449 2059 519 bujus
2082 452 2532 523 peregrinationis
2558 451 2670 507 vita
2708 451 2948 507 futurum
2981 460 3193 524 tempus
3214 454 3486 510 liberatio-

1898 543 1985 597 nis
2012 542 2322 599 decantant.

1972 631 2264 688 Malachias
2314 634 2697 702 interpretatur
2741 633 2957 701 angelus
3004 633 3241 701 Domini,
3286 636 3337 690 id
3381 647 3484 702 est,

1901 724 2136 777 nuntius.
2167 722 2437 793 Quidquid
2460 724 2605 778 enim
2636 723 2978 793 loquebatur,
3006 726 3163 795 quasi
3197 739 3229 778 a
3264 724 3488 780 Domino

1901 820 2081 868 essent
2108 813 2381 879 mandata,
2414 812 2489 867 ita
2518 814 2913 869 credebantur:
2939 823 2993 869 et
3031 815 3156 870 inde
3182 816 3256 869 ita
3289 830 3484 870 nomen

1901 904 2018 973 ejus
2049 902 2397 974 Septuaginta
2420 904 2752 975 interpretes
2766 906 3178 971 transtulerunt,
3204 909 3445 963 dicentes
3472 926 3486 961 :

1904 994 2202 1066 Assumptio
2244 997 2382 1051 verbi
2421 997 2632 1051 Domini
2665 1015 2822 1068 super
2845 998 3015 1053 Israel
3042 1001 3097 1054 in
3138 1017 3296 1055 manu
3318 1001 3489 1072 angeli

1905 1089 2038 1157 ejus.
2070 1088 2173 1143 Iste
2202 1090 2347 1144 enim
2393 1098 2574 1161 typum
2618 1088 2918 1146 Salvatoris
2958 1094 3127 1147 nostri
3173 1093 3363 1159 tenuit,
3398 1093 3490 1163 qui

1908 1178 2123 1249 angelus
2144 1180 2322 1249 magni
2344 1180 2551 1234 consilii
2582 1180 2799 1236 dicitur.

1976 1271 2177 1324 Esdras
2204 1270 2594 1340 interpretatur
2622 1272 2852 1342 adjutor.

1980 1356 2269 1412 Nehcmias
2288 1357 2677 1429 interpretatur
2701 1360 2999 1415 consolator
3018 1380 3050 1416 a
3080 1362 3320 1416 Domino.
3353 1362 3493 1429 ρισ-

1908 1446 2032 1500 dam
2061 1447 2205 1501 enim
2238 1449 2503 1519 praesagio
2536 1448 2838 1505 futurorum
2890 1453 3108 1507 nomina
3152 1454 3253 1507 ista
3300 1453 3492 1507 sortita

1909 1548 2053 1595 sunt.
2087 1540 2326 1596 Fuerunt
2354 1542 2499 1597 enim
2541 1542 2596 1597 in
2631 1541 2958 1611 adjutorium
2987 1553 3043 1599 et
3070 1544 3494 1600 consolationem

1909 1631 2056 1686 omni
2090 1630 2165 1685 illi
2195 1630 2390 1701 populo
2422 1632 2665 1688 redeunti
2706 1633 2772 1687 ad
2813 1634 3066 1703 patriam.
3100 1634 3232 1689 Nam
3263 1643 3319 1688 et
3362 1644 3497 1690 tem-

233 1751 365 1789 etum
393 1734 463 1789 de
494 1731 775 1795 Samaria,
805 1728 1044 1784 secundo
1067 1728 1132 1781 de
1159 1723 1512 1779 Hierusalem.
1538 1722 1808 1789 Quantum
1838 1712 1884 1773 Β
1910 1722 2056 1792 plum
2098 1722 2312 1777 Domini
2342 1723 2503 1778 iidem
2547 1724 3026 1790 retedilicaverunt,
3054 1735 3109 1780 et
3134 1741 3409 1781 murorum
3441 1735 3497 1781 et

230 1842 348 1880 vero
375 1826 447 1879 ad
484 1823 749 1895 mysticos
792 1819 1113 1883 intellectus,
1156 1817 1280 1886 quia
1327 1813 1572 1870 Samaria
1601 1826 1812 1882 semper

235 1920 282 1972 in
306 1916 605 1972 haeresibus
626 1913 914 1982 accipitur.
949 1908 1276 1964 Hierusalem
1300 1907 1353 1961 in
1386 1915 1510 1977 typo
1535 1903 1808 1969 Ecclesiae,

234 2008 448 2060 dicimus
490 2005 727 2059 verbum
753 2000 967 2055 Domini
1013 2000 1124 2054 fieri
1176 1999 1241 2053 ad
1280 1996 1535 2053 humilem
1564 1995 1815 2051 etcohze-

236 2098 399 2153 rcdem
422 2095 634 2152 Christi
669 2094 738 2148 de
772 2092 999 2148 diversis
1021 2089 1358 2161 dogmatibus
1386 2088 1655 2152 Ecclesiae,
1685 2086 1813 2157 quia

240 2190 363 2245 lorte
391 2197 682 2259 peccatum
720 2185 1085 2248 commiserat,
1123 2191 1180 2238 et
1222 2180 1386 2237 totius
1421 2180 1626 2235 ordinis
1668 2179 1817 2234 volu-

241 2296 350 2334 mea
375 2283 718 2333 contexerat.

303 2370 506 2425 Nahum
555 2368 953 2437 interpretatur
974 2382 1200 2436 germen,
1239 2364 1353 2420 sive
1379 2362 1695 2418 consolator.
1722 2361 1812 2416 ln-

239 2467 409 2531 crepat
431 2458 583 2514 enim
608 2457 882 2511 civitatem
905 2455 1244 2527 sanguinum,
1266 2462 1320 2509 et
1342 2465 1453 2524 post
1478 2452 1814 2507 eversionem

246 2550 371 2605 illius
395 2547 715 2605 consolatur
736 2546 889 2611 Sion,
913 2546 1097 2601 dicens
1125 2564 1138 2599 :
1175 2543 1310 2599 Ecce
1332 2560 1488 2614 super
1509 2552 1708 2597 montes
1726 2558 1816 2613 pe-

244 2642 325 2695 des
340 2638 743 2709 euangelizanti:
763 2647 810 2691 et
833 2636 1195 2690 annuntiantis
1223 2650 1400 2705 pacem
1426 2632 1593 2705 (Noli.
1616 2632 1679 2704 ι).
1716 2630 1815 2687 Hic

245 2746 444 2801 quoque
486 2741 806 2784 sanctorum
850 2726 1265 2797 predicatorum
1295 2732 1478 2795 typum
1516 2731 1680 2789 tenet,
1722 2722 1814 2794 qui

243 2822 505 2877 civitatem
532 2819 882 2889 sanguinum,
913 2817 1015 2871 boc
1037 2823 1139 2880 est,
1166 2814 1492 2885 Babylonem
1517 2812 1815 2884 spiritalem

247 2914 577 2984 increpantes
605 2918 858 2980 arguunt,
888 2921 1105 2978 germen
1138 2905 1259 2960 ﬁdei
1302 2912 1357 2960 et
1396 2904 1658 2960 bonon
1683 2917 1812 2973 ope-

247 3019 357 3057 rum
383 3004 451 3057 ab
488 3002 576 3056 eis
608 3008 952 3071 expetentes;
1002 2996 1049 3052 si
1091 2996 1460 3067 pmnitentiam
1502 2994 1710 3066 egerint
1747 2995 1813 3049 de

247 3091 469 3161 peccatis
499 3090 637 3153 suis,
670 3057 1107 3143 consolationem
1130 3086 1299 3141 venia:
1336 3085 1443 3140 illis
1468 3057 1808 3156 promittunt.
1836 3057 1885 3121 α

312 3180 560 3235 Babacnc
598 3180 988 3247 interpretatur
1020 3175 1343 3246 amplexam.
1374 3175 1508 3244 Quia
1542 3175 1624 3231 vel
1654 3191 1720 3229 ex
1749 3189 1814 3230 eo

250 3272 379 3342 quod
418 3269 672 3324 amabilis
711 3267 923 3321 Domini
962 3266 1083 3332 fuit,
1113 3275 1335 3322 vocatur
1361 3266 1703 3335 amplexatio,
1732 3263 1814 3318 vel

250 3361 381 3433 quod
407 3362 460 3414 in
484 3359 785 3415 certamine
804 3373 923 3413 cum
951 3357 1060 3413 Deo
1080 3358 1420 3429 congreditur
1437 3357 1814 3427 amplexzintis,

249 3452 298 3505 id
327 3459 431 3511 est.
461 3448 714 3502 luctantis
740 3448 964 3502 sortitus
986 3455 1068 3503 est
1092 3463 1306 3503 nomen.
1330 3447 1515 3502 Nullus
1535 3448 1679 3503 enim
1706 3456 1815 3504 tam

251 3540 431 3594 audaci
470 3553 604 3594 voce
641 3552 806 3591 ausus
845 3544 928 3591 est
971 3536 1138 3591 Deum
1175 3537 1240 3591 ad
1271 3538 1819 3607 disceptationemju—

249 3629 400 3683 stitia:
435 3640 754 3697 provocare,
807 3640 907 3680 cur
950 3624 1004 3679 in
1047 3625 1206 3680 rebus
1254 3625 1500 3681 humanis
1542 3635 1597 3681 et
1633 3627 1816 3683 mundi

251 3723 399 3775 istius
423 3727 573 3773 tanta
595 3732 777 3772 rerum
802 3730 1045 3772 versetur
1064 3717 1339 3787 iniquitas.
1369 3715 1649 3786 Signiﬁcat
1672 3717 1818 3774 enim

252 3811 450 3865 ﬁdelem
500 3807 758 3880 populum
801 3808 892 3877 qui
918 3846 934 3872 ,
984 3821 1143 3877 super
1183 3805 1398 3861 excelsa
1431 3804 1712 3873 elevatus,
1762 3807 1815 3860 in

250 3915 402 3956 cruce
451 3898 740 3953 Dominum
789 3896 1199 3965 contemplatur,
1240 3895 1424 3951 dicens
1457 3911 1475 3950 :
1519 3893 1730 3950 Cornua
1761 3896 1816 3950 in

249 3991 479 4043 manibus
502 3987 641 4058 ejus,
688 3984 797 4039 illic
834 3985 1142 4054 conﬁrmata
1184 3994 1260 4040 est
1302 3987 1464 4041 virtus
1500 3985 1682 4057 gloria:
1703 3986 1818 4056 ejus

252 4081 409 4150 (Heli.
444 4080 553 4152 ιιι).

315 4171 620 4241 Sophonias
660 4168 949 4240 speculum,
993 4168 1075 4223 vel
1114 4185 1365 4224 arcanum
1403 4167 1610 4223 Domini
1647 4169 1818 4224 inter-

250 4268 509 4329 pretatur,
532 4258 676 4329 quod
710 4266 995 4327 utrumque
1023 4258 1089 4312 ad
1116 4257 1404 4328 prophetas
1422 4257 1687 4311 convenit.
1713 4257 1819 4328 Ipsi

250 4352 390 4405 enim
408 4351 589 4406 sciunt
614 4348 868 4420 mysteria
901 4349 1015 4403 Dei.
1046 4347 1195 4404 Unde
1221 4357 1273 4403 et
1295 4347 1558 4404 Ezechieli
1583 4349 1814 4403 dicitur:

1913 1812 2140 1865 turrium
2167 1828 2303 1883 opus
2346 1813 2446 1882 ipsi
2491 1823 2950 1871 restauraverunt.
2982 1816 3187 1887 Typum
3225 1831 3356 1886 ergo
3403 1816 3493 1872 isti

1910 1902 2112 1958 habent
2157 1913 2214 1958 et
2256 1903 2624 1973 apostolorum
2669 1914 2724 1960 et
2762 1907 3174 1975 [medicatorum
3221 1906 3497 1976 Evangelii

1910 1993 2135 2059 Christi,
2165 1994 2255 2063 qui
2296 1993 2540 2064 spiritale
2565 1995 2849 2050 mdilieium
2882 1995 2974 2050 Dei
2996 2004 3117 2065 post
3137 1995 3341 2051 exitum
3368 1995 3499 2051 lide-

1911 2082 2041 2137 lium
2084 2084 2148 2137 de
2191 2082 2463 2152 Babylone
2492 2083 2646 2137 istius
2673 2083 2875 2148 mundi,
2903 2092 3065 2153 atque
3098 2097 3402 2154 regressum
3443 2084 3497 2137 in

1911 2180 2114 2227 terram
2146 2172 2602 2241 repromissionis,
2625 2172 2806 2227 verbis
2852 2180 2909 2228 et
2958 2173 3217 2242 exemplis
3259 2172 3499 2242 quotidie

1912 2262 2261 2317 instauranda
2290 2262 2634 2325 retedilicant,
2666 2270 2725 2316 ut
2768 2277 2887 2331 qua:
2915 2263 3065 2332 prius
3096 2277 3193 2333 per
3220 2263 3501 2334 negligen-

1914 2352 2046 2407 tiam
2097 2352 2183 2408 vel
2211 2352 2467 2408 desidiam
2496 2353 2846 2423 pristinorum
2878 2353 3240 2409 habitatorum
3284 2369 3502 2409 corrue-

1914 2452 2060 2510 rant,
2103 2444 2206 2514 ipsi
2244 2444 2464 2500 instanti
2504 2444 2621 2498 nisu
2671 2451 2726 2498 et
2758 2444 2936 2499 studio
2967 2442 3209 2515 perfecto
3247 2459 3368 2500 cum
3407 2458 3499 2499 co-

1913 2533 2292 2604 operatoribus
2320 2534 2529 2588 devotis
2549 2541 2887 2603 recuperent.

1980 2624 2219 2679 Ananias
2247 2624 2635 2696 interpretatur
2663 2626 2834 2695 gratia
2864 2624 2982 2679 Dei.
3017 2624 3161 2680 Idem
3183 2632 3238 2680 et
3268 2623 3495 2680 Sidraclt

1914 2714 2092 2787 lingua
2121 2715 2437 2781 Chaldaica,»
2464 2717 2605 2785 quod
2646 2718 3030 2788 interpretatur
3059 2717 3278 2772 decorus
3322 2734 3491 2772 meus.

1981 2808 2208 2864 Azarias
2255 2808 2639 2878 interpretatur
2676 2808 2933 2863 auxilium
2984 2809 3212 2863 Domini.
3262 2809 3406 2864 idem
3442 2818 3499 2865 ct

1913 2897 2228 2969 Abdenago,
2266 2899 2408 2969 quod
2441 2899 2494 2953 in
2540 2897 2785 2953 Latinum
2809 2900 3040 2954 vertitur
3071 2900 3294 2954 serviens
3331 2910 3497 2954 taceo.

1984 2986 2170 3043 Misael
2211 2989 2336 3058 quia
2376 2989 2598 3060 populus
2640 2988 2873 3044 Domini.
2920 2988 3039 3059 Ipse
3075 3000 3130 3044 et
3157 2988 3376 3055 Missae,
3407 2991 3500 3061 qni

1916 3077 2304 3148 interpretatur
2350 3079 2486 3132 risus
2514 3078 2597 3133 vel
2634 3078 2905 3149 gaudium.
2952 3078 3016 3133 Hi
3044 3085 3155 3134 tres
3192 3082 3341 3150 pueri
3371 3081 3507 3153 lige-

1915 3182 2031 3221 ram
2090 3168 2439 3237 praetulerunt
2495 3178 2825 3232 sanctorum.
2885 3170 2975 3240 qui
3012 3186 3207 3240 corpus
3244 3187 3398 3227 suum
3448 3174 3503 3227 in

1915 3257 2287 3328 persecutione
2328 3257 2655 3314 obtulerunt.

1984 3348 2165 3419 Asaph
2197 3349 2580 3419 interpretatur
2605 3366 2869 3420 synagoga
2895 3368 2908 3404 :
2941 3349 3251 3422 significans
3281 3365 3508 3423 congre-

1916 3439 2181 3511 gationem
2215 3454 2336 3508 qua:
2371 3440 2620 3505 credidit,
2655 3457 2760 3495 non
2791 3457 2911 3511 quae
2952 3442 3218 3497 obstinata
3246 3456 3503 3513 perman-

1916 3532 2006 3583 sit.
2061 3526 2194 3582 Nam
2238 3534 2358 3598 post
2402 3530 2853 3585 resurrectionem
2902 3531 3112 3585 Domini
3150 3531 3396 3589 confessa
3435 3534 3508 3589 le-

1918 3618 2090 3687 gimus
2134 3617 2301 3672 multa
2346 3617 2515 3672 millia
2561 3617 2887 3684 Judmorum,
2930 3621 3071 3677 sicut
3114 3622 3256 3678 inter
3301 3624 3406 3679 alia
3435 3632 3508 3679 tc-

1917 3715 2133 3761 stantur
2168 3706 2302 3762 Acta
2348 3707 2732 3778 apostolorum.

1988 3799 2163 3853 Ethan
2212 3799 2597 3870 interpretatur
2656 3801 2914 3857 robustus.
2972 3801 3146 3857 Ethan
3186 3811 3364 3859 autem
3408 3803 3509 3859 iste

1919 3890 2057 3946 sicut
2099 3900 2155 3946 et
2191 3891 2359 3946 Eman
2390 3891 2457 3947 de
2486 3892 2794 3948 cantoribus
2830 3893 2994 3949 David
3035 3895 3181 3967 regis
3219 3904 3324 3960 est,
3373 3910 3508 3965 quos

1918 3980 2095 4035 Verba
2138 3979 2356 4035 Dierum
2391 3990 2647 4047 narrant;
2695 3979 2839 4036 ﬁlius
2884 3982 3132 4037 videlicet
3172 3982 3356 4045 Chusi,
3411 3983 3506 4037 lilii

1917 4071 2079 4137 Abdi,
2105 4073 2171 4127 de
2208 4073 2624 4144 congregatione
2655 4072 2847 4127 Morari
2878 4073 2971 4127 lilii
2998 4074 3156 4138 Levi;
3190 4073 3274 4128 vel
3298 4077 3363 4129 dc
3402 4074 3509 4130 illis

1919 4166 2270 4236 sapientibus,
2316 4167 2512 4235 quibus
2541 4166 2594 4220 in
2637 4165 2775 4219 libro
2819 4164 3025 4239 Regum
3076 4164 3381 4220 Salomonis
3422 4181 3500 4219 sa.

1916 4258 2119 4327 picntia
2138 4256 2464 4326 praefertur:
2496 4255 2810 4326 Sapientior,
2852 4255 3044 4325 inquit,
3076 4255 3250 4311 Etlmn
3274 4256 3507 4312 Esralte-

1921 4346 2013 4400 lita
2051 4356 2099 4401 et
2147 4345 2317 4399 Eman
2360 4344 2481 4416 (III
2515 4344 2643 4415 Reg.
2670 4344 2767 4416 tv).
2828 4345 3012 4401 Tanta:
3062 4346 3227 4417 igitur
3271 4348 3508 4405 scientiae

252 4398 731 4511 §;.'.;;;:.;.f:;;
740 4398 1273 4511 genesis};
1295 4398 1558 4493 ῖςῐέᾗῖιζῖἐ
1588 4398 1821 4508 ma;
1844 4398 1898 4457 υ
1924 4398 2027 4492 ὼε
2056 4398 2279 4492 ξενῖηειί
2322 4398 2424 4501 est,
2454 4398 2513 4490 ut
2537 4398 2922 4506 sapienlissi—mi
2952 4398 3112 4493 ιιιίιέέ
3121 4398 3509 4496 smmi".

250 4532 343 4585 ciet
385 4530 644 4585 Dominus
685 4531 993 4601 quidquam,
1046 4530 1147 4583 nisi
1190 4529 1482 4583 revelaverit
1509 4529 1669 4583 servis
1710 4530 1822 4584 suis

250 4620 503 4689 prophetis
529 4618 733 4689 (Amos.
757 4618 860 4688 ιιι).
886 4618 991 4672 Istc
1022 4619 1164 4673 enim
1189 4617 1454 4688 signiﬁcat
1479 4632 1572 4673 eos
1603 4618 1694 4688 qui
1726 4632 1825 4689 per

252 4708 715 4779 contemplationis
736 4724 995 4764 arcanum
1017 4708 1084 4763 ad
1103 4707 1403 4779 profectum
1426 4708 1645 4764 veniunt
1664 4707 1826 4764 meri-

254 4808 446 4853 torum.

316 4888 544 4959 Aggazus
571 4889 961 4958 interpretatur
986 4887 1038 4942 in
1067 4887 1318 4942 Latinum
1352 4887 1560 4958 festivus
1594 4898 1641 4942 et
1667 4887 1817 4944 lectus

255 4988 474 5031 resonat.
496 4976 839 5032 Destructum
863 4978 1008 5033 enim
1035 4978 1286 5047 templum
1306 4978 1676 5033 aediﬁcandum
1701 4994 1822 5049 pro-

252 5068 452 5136 phetat,
485 5077 539 5122 et
564 5076 691 5139 post
710 5066 913 5122 luctum
953 5067 1278 5137 captivitatis
1313 5068 1665 5137 regressionis
1690 5068 1819 5124 laeti-

254 5156 382 5209 tiam
409 5157 686 5226 praedicat.

316 5243 605 5300 Zacharias
633 5245 1021 5315 interpretatur
1054 5246 1303 5299 memoria
1332 5244 1560 5299 Domini.
1596 5243 1822 5316 Septua-

250 5333 448 5402 gesimo
474 5335 618 5390 enim
659 5348 806 5389 anno
830 5333 1176 5390 desolationis
1188 5332 1384 5403 .tcmpli
1414 5332 1698 5403 completo,
1727 5333 1826 5387 Za-

252 5424 430 5479 charia
472 5427 828 5497 praedicante,
871 5433 1202 5481 memoratus
1241 5433 1325 5479 est
1353 5425 1611 5479 Dominus
1644 5425 1823 5496 populi

252 5511 354 5576 sui,
391 5528 649 5585 passuque
696 5513 825 5587 Cyri
876 5529 1126 5569 reversus
1175 5522 1260 5569 est
1315 5512 1407 5568 Dei
1461 5514 1725 5583 populus,
1771 5524 1827 5570 et

252 5600 625 5658 aediﬁcatum
648 5613 734 5659 est
761 5605 894 5659 urbs
919 5612 971 5659 et
1002 5603 1272 5673 templum.
1294 5603 1383 5657 Isti
1406 5604 1549 5656 enim
1573 5604 1678 5658 duo
1702 5620 1826 5675 pro-

1925 4537 2147 4582 reantur
2183 4527 2404 4582 ascribi.

1995 4617 2161 4672 Eman
2218 4618 2361 4673 ﬁlius
2408 4617 2507 4673 fuit
2542 4617 2717 4683 Johel,
2757 4618 2850 4673 lilii
2902 4619 3141 4687 Samuel,
3191 4622 3255 4678 de
3306 4622 3511 4680 familia

1924 4704 2093 4762 Caath
2124 4707 2218 4761 ﬁlii
2263 4707 2415 4773 Levi,
2458 4723 2597 4764 unus
2631 4709 2697 4764 de
2725 4710 3037 4766 cantoribus
3078 4725 3215 4781 quos
3246 4713 3410 4767 David
3454 4714 3510 4768 in

1922 4797 2210 4853 collatione
2277 4815 2419 4855 arcte
2485 4800 2729 4870 pnel'ecit
2786 4802 3008 4871 reliquis
3065 4804 3132 4857 ad
3180 4804 3502 4859 canendum.

1922 4887 2093 4942 Eman
2158 4889 2540 4958 interpretatur
2616 4895 2781 4960 frater
2840 4909 2978 4962 ejus.
3054 4893 3172 4961 Quo
3247 4893 3506 4948 vocabulo

1924 4976 2182 5033 Dominus
2227 4978 2473 5035 Christus
2519 4981 2748 5051 appellat
2789 4998 2903 5047 eos,
2951 4985 3042 5054 qui
3071 4981 3188 5051 ejus
3229 4982 3509 5051 praeceptis

1923 5068 2281 5139 Operibusque
2327 5069 2505 5124 devoti
2558 5081 2700 5135 sunt,
2772 5073 2913 5128 sicut
2957 5075 3032 5127 ait
3075 5072 3128 5126 in
3181 5071 3505 5139 Evangelio:

1924 5157 2029 5224 Ite,
2069 5158 2226 5212 dicite
2266 5158 2516 5228 fratribus
2549 5163 3104 5235 meis(Matth.xxvtn).
3140 5162 3410 5226 lsraelitae,
3456 5166 3531 5237 idg

1924 5257 2029 5313 est,
2074 5247 2241 5303 Deum
2266 5249 2524 5314 videntes;
2564 5253 2707 5320 quod
2727 5253 2912 5322 utique
2934 5253 3038 5308 illis
3065 5254 3311 5309 accidere
3340 5253 3511 5307 mani-

1923 5337 2122 5393 festum
2151 5347 2256 5404 est,
2285 5339 2377 5408 qui
2415 5355 2513 5409 per
2555 5342 2873 5398 obedientize
2919 5344 3276 5398 ministerium
3320 5354 3506 5397 saneta

1925 5429 2136 5484 Domini
2184 5428 2304 5483 luce
2346 5430 2641 5485 radiantur.

1997 5518 2210 5573 lditbun
2259 5519 2645 5589 interpretatur
2682 5520 2981 5574 transiliens
3027 5537 3115 5575 eos
3152 5520 3510 5591 :signilicans

1926 5622 2047 5665 eum
2079 5608 2168 5678 qui
2203 5619 2381 5664 mente
2427 5618 2633 5665 terrena
2675 5610 3005 5666 transcendit
3051 5610 3387 5684 transilitque
3418 5623 3511 5665 eos
