2032 3103
143 145 179 172 13
648 141 690 167 DE
712 139 884 167 L'N'IVERSO
904 137 992 165 LIBRI
1011 136 1092 163 XXII.
1112 151 1146 155 —-
1166 136 1228 163 LIB.
1249 136 1291 163 IV.
1582 132 1586 136 ’
1742 135 1776 162 75

181 204 303 240 Apostoli
323 210 433 238 quoque
458 209 553 229 omnes
578 200 659 227 totius
679 199 806 226 Ecclesiae
830 201 936 233 portant
951 197 977 227 Α
989 195 1118 222 stolorum
1132 199 1243 221 tenuere
1255 194 1380 240 ﬁguram,
1404 193 1451 227 qui
1466 193 1592 240 insae-ro
1606 192 1778 240 baptismate

143 256 244 287 typum,
268 250 330 284 quia
353 248 436 275 iidem
459 248 485 274 in
501 245 666 273 dimittendis
680 244 797 279 peccatis
818 242 935 271 similem

144 299 303 330 atcepernnt
317 297 490 328 potestatem.
507 291 612 318 Habent
626 290 734 324 quidem
757 288 871 316 formam
886 295 934 322 pa—

143 341 336 371 triarcharum,
347 338 411 373 quia
426 345 473 372 per
487 336 598 363 verbum
609 334 808 370 praedicationis
829 334 857 360 in
880 337 936 360 toto

143 388 205 415 orbe
221 392 357 413 terrarum
372 384 499 419 populum
520 383 568 410 Dei
592 381 751 416 spiritaliter
774 385 934 416 genuerunt.

144 433 256 460 Proinde
271 429 486 458 considerandus
522 432 565 455 est
582 428 640 462 ipse
661 427 791 462 mysticus
807 434 936 453 numerus

143 477 281 504 duodecim
296 475 492 511 apostolorum,
508 473 606 508 quibus
633 472 727 508 ﬁguris
751 472 777 499 in
797 472 935 506 Scriptura

144 530 217 550 sacra
229 522 345 556 insignis
360 524 475 548 constet.
501 519 567 546 Nam
595 518 759 547 sicntDeus
780 517 863 544 Pater
888 525 937 552 por

143 569 310 603 unigenitum
323 566 423 593 Filium
435 573 513 593 suum
530 566 558 592 in
583 564 685 591 virtute
710 563 827 597 Spiritus
848 562 936 589 sancti

144 614 253 648 primam
277 612 373 639 mundi
393 611 556 638 creationem
580 617 626 637 sex
648 609 754 636 dierum
781 608 936 642 operatione

144 657 291 692 complevit,
308 658 345 683 ita
359 656 440 683 etiam
452 655 687 690 duplicatoeodem
695 653 802 681 senario
809 660 935 685 numero,

145 704 210 730 unde
220 703 367 730 duodecim
378 701 540 733 elliciuntur,
553 701 681 727 mundum
696 699 840 734 perditum,
853 698 935 725 etiam

145 756 221 783 prope
233 748 366 778 deletum,
379 746 507 773 Dominus
521 745 600 773 Jesus
610 744 732 771 Christus
741 750 859 778 persuos
870 743 936 770 duo—

144 792 223 819 decim
249 792 395 819 renovavit
406 791 552 825 apostolos.
566 790 599 816 Et
610 790 679 817 sicut
693 788 835 816 duodecim
861 795 935 815 men-

145 838 211 864 sibus
222 837 249 864 in
266 836 373 864 circulo
394 836 457 862 anni
471 834 586 863 diversis
601 833 820 869 temperamentis
842 832 935 860 mundi

987 239 1065 267 oliicii
1081 240 1121 267 sui
1137 243 1235 273 tropaea
1250 238 1376 270 ﬁxerunt,
1389 242 1414 265 et
1429 237 1627 272 pnedicationis
1641 245 1697 264 sum
1719 245 1778 265 cre-

987 285 1112 312 dentibus
1135 284 1250 319 insignia
1265 284 1440 318 reliquerunt.
1463 282 1495 310 Hi
1510 288 1613 310 tantum
1636 283 1777 311 duodecim

987 329 1038 356 viri
1051 329 1085 356 ad
1098 329 1295 364 prmdicandum
1317 328 1498 355 testimonium
1524 328 1726 363 sempiternum,
1750 329 1776 356 id

986 377 1028 401 est
1041 374 1212 409 Evangelium
1228 374 1303 409 regni
1315 373 1374 406 Dei,
1389 373 1515 402 omnibus
1528 381 1576 408 per
1591 374 1685 401 orbem
1696 378 1775 401 terra:

987 419 1140 446 nationibus
1156 419 1230 446 missi
1243 422 1315 450 sunt,
1330 419 1376 453 qui
1389 419 1471 446 etiam
1496 419 1522 446 in
1539 423 1631 446 sancta
1656 418 1777 446 Ecclesia

986 465 1112 492 omnibus
1123 469 1184 492 sunt
1196 465 1368 493 credentibus
1381 466 1457 493 missi
1470 466 1495 492 in
1507 466 1702 498 testimonium,
1713 466 1776 500 quia

986 511 1107 545 quisquis
1119 511 1153 537 ad
1167 515 1274 538 aeterna:
1291 511 1353 538 vitae
1373 511 1471 546 gaudia
1491 511 1633 545 pervenire
1652 511 1776 544 voluerit,

986 566 1080 585 eorum
1099 558 1319 593 prmtlicationem
1330 562 1358 587 et
1369 558 1519 585 doctrinam
1540 558 1567 584 in
1586 558 1712 585 omnibus
1735 566 1777 584 se-

986 604 1031 639 qui
1046 611 1155 631 necesse
1179 608 1238 637 est;
1264 612 1433 639 quorumque
1454 611 1624 631 successores
1649 612 1721 631 nunc
1751 604 1777 630 in

986 653 1079 676 sancta
1095 649 1215 676 Ecclesia
1226 653 1288 676 sunt
1315 656 1409 676 omnes
1436 649 1558 676 veritatis
1587 649 1778 684 praedicatores

986 694 1177 721 annuntiantes
1191 698 1219 721 et
1230 694 1407 728 praedicantes
1420 695 1530 722 verbum
1550 694 1645 722 salutis
1669 698 1778 721 aeterna:

985 739 1012 766 in
1026 738 1133 766 Christo
1147 738 1210 766 Iesu
1225 739 1339 766 Domino
1350 743 1451 766 nostro.
1478 739 1545 766 Nam
1569 747 1614 766 rex
1637 738 1776 770 Salomon,

985 785 1030 819 qui
1047 784 1173 819 paciﬁcus
1186 785 1390 819 interpretatur,
1405 792 1479 811 mare
1491 792 1606 817 teneum,
1628 785 1654 812 id
1668 788 1720 817 est,
1737 784 1778 811 lu-

987 835 1071 857 terem
1083 837 1163 864 super
1176 830 1316 857 duodecim
1337 831 1419 858 boves
1433 838 1522 858 :eneos
1536 831 1626 865 posuit
1639 835 1701 858 ante
1711 835 1778 866 tem-

144 882 240 909 fruetus
255 882 291 908 ad
304 889 386 909 usum
398 880 509 908 humani
527 879 636 914 generis
647 887 697 914 per
718 879 766 905 Dei
781 877 934 912 largitatem
948 869 971 898 Β
987 876 1074 910 plum,
1085 875 1129 902 ubi
1156 875 1311 902 sacerdotes
1331 879 1359 902 et
1385 876 1502 902 ministri
1532 876 1625 903 altaris
1651 876 1778 904 lavabant

144 928 333 962 omnipotentis
347 931 503 959 renovatur,
515 927 552 953 ita
571 934 619 960 per
633 925 774 952 duodecim
800 923 936 958 apostolo-

145 980 198 999 rum
208 972 362 999 doctrinam
376 971 494 998 i'ructum
508 971 639 998 bonorum
652 977 763 1004 operum
775 969 830 1005 Deo
839 968 937 996 aﬂ'erre

146 1018 287 1045 humanum
308 1025 395 1052 genus
423 1016 537 1043 ﬁdeliter
563 1016 708 1043 inchoavit.
734 1015 834 1042 Hicest
856 1021 936 1041 verus

146 1063 289 1095 lauroth,
304 1063 331 1090 id
341 1067 395 1094 est,
418 1061 539 1097 signifer,
579 1069 628 1096 per
651 1068 732 1095 quem
759 1061 798 1088 sol
822 1059 936 1094 iustitia:

145 1107 262 1135 Christus
274 1108 350 1134 omni
366 1111 486 1141 tempore
503 1110 588 1133 totum
613 1105 745 1132 illuminat
768 1105 871 1132 orbem.
902 1104 935 1131 Et

147 1155 210 1181 sicut
224 1155 283 1182 dies
299 1154 443 1181 duodecim
469 1154 543 1181 horis
553 1154 586 1180 ab
597 1158 658 1180 ortu
671 1153 736 1180 solis
749 1161 834 1187 usque
847 1153 880 1179 ad
890 1160 936 1180 oc-

144 1208 229 1227 casura
245 1200 375 1232 volvitur,
389 1200 425 1226 ita
440 1199 497 1226 dies
516 1207 597 1226 verus
622 1198 745 1226 Christus
768 1206 816 1233 per
835 1197 936 1225 duode-

143 1246 191 1273 cim
213 1246 353 1280 apostolos
365 1253 429 1272 suos
439 1245 472 1272 ad
484 1245 681 1272 inchoationem
701 1249 780 1272 rectae
791 1252 936 1272 conversa-

145 1291 229 1321 tionis,
245 1291 319 1325 quod
334 1297 383 1325 per
398 1294 487 1317 ortum
507 1290 571 1317 solis
596 1290 765 1323 intelligitur,
786 1298 849 1317 suos
875 1290 935 1317 illu-

145 1341 208 1363 strat
222 1336 334 1367 ﬁdeles;
352 1336 379 1362 in
390 1343 443 1369 qua
457 1336 501 1369 qui
518 1342 601 1369 usque
613 1335 645 1361 ad
665 1342 804 1367 occasum,
832 1335 858 1361 id
881 1339 932 1367 est,

145 1390 224 1415 usque
233 1389 247 1407 a
259 1380 355 1407 lﬁnem
363 1380 426 1407 vitae
438 1380 660 1415 perseveraverit,
670 1380 696 1406 in
706 1385 835 1406 aeternum
845 1379 935 1406 salvus

144 1427 203 1453 erit.
217 1426 250 1452 Et
260 1431 331 1453 sxcut
347 1425 439 1456 .lacob,
457 1426 503 1459 qui
517 1425 700 1460 supplantator
710 1426 820 1457 dicitur,
835 1425 935 1453 duode-

145 1472 195 1498 cim
216 1471 286 1498 ﬁlios
295 1471 389 1505 genuit
402 1471 436 1497 ad
451 1470 638 1504 possidendam
651 1470 867 1505 repromissionis
881 1474 935 1497 ter-

145 1525 208 1548 ram.
225 1518 261 1543 ita
276 1516 412 1548 Christus,
429 1516 474 1550 qui
488 1515 667 1550 supplantavit
678 1516 821 1546 diabolum,
835 1516 934 1542 duode—

144 1562 193 1589 cim
220 1562 302 1597 elegit
316 1561 462 1595 apostolos,
478 1561 572 1594 quibus
584 1565 682 1587 terram
707 1561 933 1596 repromissionis,

145 1605 169 1632 id
181 1610 222 1633 est
234 1606 309 1640 regni
324 1606 441 1631 ccclestis
458 1605 679 1637 benedictionem,
698 1605 817 1636 tradidit,
841 1608 868 1631 et
887 1612 934 1639 po-

146 1655 265 1678 testatem
281 1651 322 1677 eis
334 1650 431 1677 tribuit
440 1649 562 1676 calcandi
578 1657 658 1683 super
669 1649 826 1684 scorpiones
839 1654 866 1676 et
877 1657 934 1675 ser-

144 1701 243 1729 pentes,
260 1700 288 1722 et
301 1702 384 1730 super
398 1702 504 1722 omnem
517 1694 645 1721 virtutem
660 1694 770 1720 inimici.
785 1694 848 1721 item
864 1695 934 1721 sicut

144 1740 243 1775 Hoyses
259 1740 377 1773 undique
391 1748 422 1766 ev
434 1739 506 1766 omni
521 1744 609 1774 parte,
640 1739 665 1765 id
681 1743 732 1771 est,
748 1740 781 1766 ab
793 1740 895 1767 oriente
906 1745 933 1768 et

144 1786 290 1817 occidente,
307 1786 342 1811 ab
357 1785 482 1819 aquilone
496 1789 518 1811 et
534 1789 625 1812 austro
648 1793 696 1819 per
720 1785 859 1812 duodecim
887 1786 934 1812 tri-

145 1831 190 1857 bus
204 1834 418 1857 metatureastra
426 1829 499 1856 circa
515 1830 717 1857 tabernaculum
729 1830 785 1861 Dei,
802 1831 839 1857 ita
853 1830 933 1857 Chri—

144 1881 197 1902 stus
214 1883 261 1909 per
274 1875 414 1901 duodecim
437 1874 570 1908 apostolos
589 1879 748 1908 quaternum
760 1875 934 1909 Evangelium

145 1927 189 1954 per
204 1924 322 1955 quatuor
336 1919 409 1946 orbis
422 1923 513 1954 partes
527 1919 698 1951 annuntians,
724 1920 757 1945 ad
771 1924 871 1946 teterna
896 1924 935 1945 ta-

145 1965 287 1991 bernacula
308 1971 404 1991 omnes
429 1964 480 1991 sibi
502 1964 642 1991 credentes
671 1964 803 1997 invitavit,
819 1964 933 1991 dicens:

150 2009 237 2037 Venite
252 2010 287 2037 od
302 2019 351 2041 me,
367 2018 455 2036 omnes
465 2010 510 2044 qui
521 2009 644 2036 laboratis
659 2015 683 2036 et
698 2010 799 2037 onerati
812 2011 883 2043 estis,
911 2014 935 2037 et

144 2064 187 2090 ego
205 2056 322 2089 reﬁciam
334 2063 379 2082 nos
390 2055 502 2089 (Matth.
518 2054 577 2090 xi),
590 2059 617 2082 et
630 2056 757 2090 recipiam
784 2055 810 2082 in
829 2060 936 2082 aeterna:

144 2102 204 2127 vita:
220 2100 401 2127 tabernacula.
414 2100 447 2127 Et
459 2100 529 2127 sicut
545 2100 684 2129 duodecim
701 2100 787 2127 fontes
800 2101 826 2127 in
840 2100 935 2133 Celim,

144 2146 214 2173 unde
225 2146 340 2173 lassatus
352 2146 430 2173 valde
443 2146 530 2173 valida
545 2146 589 2173 siti
612 2146 724 2181 populus
751 2151 858 2182 potatus
884 2151 935 2180 est,

144 2191 178 2216 ita
190 2198 241 2225 per
253 2190 395 2217 duodecim
407 2190 543 2225 apostolos
551 2191 639 2217 omnis
650 2192 727 2218 turba
750 2191 867 2218 ﬁdelium
890 2199 933 2219 sa-

143 2242 194 2262 crae
212 2235 273 2262 ﬁdei
286 2236 408 2263 doctrina
421 2240 539 2269 potatur,
552 2239 580 2263 et
590 2236 623 2263 ad
635 2240 742 2263 aeternae
759 2236 819 2263 vita:
836 2237 932 2271 gaudia

143 2286 238 2307 sancta
252 2281 444 2314 praedicatione
458 2285 578 2308 vocatur.
593 2280 674 2308 Josue
691 2289 807 2315 quoque,
832 2281 878 2316 qui
901 2281 933 2308 ﬁ-

144 2334 238 2360 guram
253 2325 354 2352 Christi
369 2329 397 2351 et
414 2325 522 2352 nomine
534 2329 562 2352 et
580 2330 641 2352 actu
666 2325 808 2359 expressit,
835 2325 935 2353 duode—

144 2372 199 2397 cim
224 2371 411 2405 exploratores
421 2370 540 2398 niisitad
560 2370 751 2405 explorandum
777 2375 875 2398 terram
893 2379 936 2398 re-

143 2417 344 2452 promissionis,
357 2424 437 2450 quam
448 2417 520 2443 Deus
530 2416 645 2444 Abrahae
655 2416 751 2443 dilecto
761 2424 810 2444 suo
820 2421 847 2443 et
858 2417 937 2444 semi-

144 2464 168 2489 ni
180 2462 244 2496 ejus
267 2462 394 2489 daturum
407 2461 531 2496 promisit
544 2470 550 2487 :
563 2462 602 2489 sic
613 2466 642 2488 et
656 2460 780 2489 Christus
793 2462 933 2489 duodecim

144 2509 220 2536 misit
237 2509 375 2542 apostolos
388 2508 458 2535 inter
479 2508 701 2534 numerositatem
724 2509 844 2535 omnium
871 2516 935 2543 gen-

144 2555 213 2581 tium
224 2554 412 2588 evangeiizare
424 2561 535 2588 regnum
553 2553 610 2585 Dei,
625 2557 651 2580 ut
664 2554 697 2580 de
717 2553 769 2580 illis
793 2553 934 2582 Psalmista

144 2599 181 2625 ait
201 2608 207 2623 :
227 2598 259 2625 In
272 2606 374 2624 omnem
388 2603 484 2624 terram
500 2598 575 2625 exivit
599 2607 679 2626 sonu
700 2606 801 2630 eorum,
817 2604 841 2624 et
855 2599 882 2626 in
901 2600 935 2633 ﬁ-

143 2652 189 2670 m
212 2642 280 2670 orbis
289 2648 368 2669 terra:
382 2643 458 2670 verba
474 2651 563 2670 eorum
579 2642 671 2678 (Ριαι.
684 2642 776 2678 xvtlt).
796 2643 851 2670 Viri
872 2652 936 2678 quo-

142 2695 199 2722 que
211 2687 355 2715 duodecim
376 2695 410 2715 ex
436 2688 576 2715 duodecim
598 2688 721 2716 tribubus
749 2688 829 2715 Israel
856 2688 934 2716 siccis

143 2733 257 2767 pedibus
278 2732 425 2760 Iordanem
450 2737 627 2765 transeuntes,
668 2733 809 2761 duodecim
834 2734 936 2769 lapides

141 2777 289 2809 deantes,
309 2785 361 2812 pro
371 2777 447 2813 signo
472 2778 570 2805 ibidem
594 2783 739 2813 posuerunt
762 2778 789 2805 in
814 2780 936 2808 testimo-

141 2823 217 2851 nium
236 2825 434 2859 sempiternum
452 2823 568 2858 posteris
577 2824 642 2852 suis.
664 2823 694 2850 Hi
707 2823 847 2851 duodecim
871 2832 934 2860 apo-

327 2868 468 2899 PATIOL.
491 2868 572 2899 CXI.

988 929 1093 953 manus,
1109 929 1170 948 cum
1184 922 1392 956 ingrederentur
1405 923 1587 949 sanctuarium
1604 923 1710 950 Domini
1723 924 1777 950 :ita

987 966 1111 994 Christus
1125 974 1200 993 mare
1215 973 1330 998 :eneum,
1360 966 1388 993 id
1413 971 1466 1000 est,
1487 968 1683 995 confessionem
1708 976 1778 995 verte

988 1011 1048 1038 ﬁdei
1072 1011 1114 1038 vel
1139 1012 1220 1038 etiam
1251 1010 1447 1038 confessionem
1476 1012 1577 1045 delicti,
1611 1014 1668 1041 sive
1693 1021 1778 1041 sacra:

987 1055 1133 1091 Scriptum
1157 1058 1306 1084 doctrinam
1321 1066 1403 1093 super
1421 1057 1549 1085 humeros
1563 1059 1705 1086 duodecim
1730 1066 1778 1093 po-

986 1102 1040 1129 suit
1053 1103 1245 1137 apostolorum,
1263 1112 1378 1138 quorum
1391 1105 1512 1131 doctrina
1526 1112 1622 1131 omnes
1637 1104 1732 1131 imbuti
1746 1105 1779 1131 ﬁ-

986 1148 1059 1175 deles
1076 1157 1124 1183 per
1148 1150 1344 1178 confessionem
1360 1158 1430 1178 verae
1452 1150 1514 1178 lidei
1538 1154 1565 1178 et
1589 1150 1777 1185 posuitentiam

986 1193 1146 1220 delictorum
1162 1194 1196 1221 ab
1209 1196 1337 1223 orantibus
1351 1196 1514 1223 mundentur
1531 1195 1665 1229 sordibus,
1692 1200 1721 1223 et
1738 1196 1778 1223 di-

985 1239 1030 1273 gni
1045 1238 1194 1267 eiiiciantur
1207 1242 1241 1268 ad
1254 1245 1354 1268 artemo
1372 1246 1466 1269 sancta
1486 1241 1590 1269 Domini
1608 1242 1651 1269 sui
1665 1242 1777 1270 introire

985 1288 1013 1311 et
1033 1285 1107 1319 regni
1121 1285 1239 1313 caelestis
1251 1287 1349 1321 gaudia
1360 1287 1508 1321 possidere.
1528 1287 1674 1315 Duodecim
1699 1296 1777 1315 nam-

985 1338 1038 1365 que
1051 1336 1137 1365 porta:
1149 1337 1249 1359 sancta:
1267 1338 1344 1360 erant
1359 1334 1384 1360 in
1399 1334 1509 1361 civitate
1524 1333 1703 1367 Hierusalem,
1729 1341 1778 1368 per

985 1384 1052 1411 quas
1067 1376 1214 1404 introibant
1229 1383 1256 1405 et
1278 1379 1486 1413 egrediebantur
1512 1387 1608 1407 omnes
1640 1385 1778 1408 manentes

984 1426 1012 1448 et
1026 1422 1162 1450 venientes
1185 1423 1212 1450 in
1235 1431 1306 1450 eam.
1334 1423 1398 1452 Haec
1423 1425 1566 1452 duodecim
1596 1426 1777 1460 apostolorum

986 1465 1098 1501 ﬁguram
1112 1473 1314 1502 expresserunt,
1327 1469 1372 1503 qui
1387 1477 1449 1496 vere
1461 1475 1546 1504 porta:
1558 1475 1621 1497 sunt
1647 1472 1777 1505 spiritalis

984 1511 1152 1540 Hierusalem
1167 1522 1174 1540 z
1187 1520 1237 1548 per
1249 1522 1363 1549 quorum
1388 1516 1606 1549 praedicationem
1629 1521 1657 1544 et
1681 1518 1779 1545 doctri-

985 1567 1048 1586 nam
1059 1560 1184 1587 omnibus
1198 1560 1316 1595 undique
1330 1561 1499 1588 venientibus
1524 1561 1551 1588 in
1574 1565 1697 1589 sanctam
1723 1562 1775 1590 Ec-

984 1603 1093 1631 clesiam
1107 1604 1249 1639 patefacta»,
1275 1610 1337 1632 sunt
1357 1609 1442 1640 portae
1465 1606 1541 1640 regni
1561 1606 1688 1638 ctelestis,
1718 1607 1779 1641 qui-

984 1650 1035 1677 bus
1048 1650 1130 1677 etiam
1141 1650 1203 1677 data
1216 1654 1258 1677 est
1271 1655 1392 1685 potestas
1405 1655 1432 1678 et
1451 1651 1655 1678 successoribus
1680 1658 1777 1678 eorum

984 1694 1013 1721 in
1026 1694 1147 1721 Ecclesia
1161 1694 1260 1730 ligandi
1275 1699 1303 1721 et
1317 1695 1436 1722 solvendi
1449 1695 1476 1721 in
1503 1694 1572 1721 cado
1593 1699 1623 1721 et
1650 1695 1677 1721 in
1693 1700 1775 1725 terra.

983 1744 1017 1767 ut
1028 1748 1203 1775 quoscunque
1218 1749 1266 1774 per
1278 1741 1384 1775 culpam
1398 1740 1541 1775 ligaverint
1555 1741 1580 1767 in
1594 1744 1679 1773 terra,
1703 1741 1778 1777 ligati

985 1785 1038 1812 sint
1049 1785 1075 1811 in
1086 1790 1187 1812 mterna
1199 1789 1342 1817 tormenta,
1356 1792 1531 1819 quoscunque
1542 1789 1631 1813 autem
1649 1786 1779 1813 solverint

984 1829 1144 1856 conﬁtentes
1156 1833 1185 1856 et
1198 1830 1358 1863 pmnitentcs
1372 1834 1483 1864 peccata
1496 1838 1556 1862 sua,
1570 1830 1650 1857 soluti
1666 1831 1721 1857 sint
1748 1831 1774 1858 in

985 1873 1064 1905 ctelo,
1079 1874 1198 1901 omnium
1212 1874 1256 1901 hic
1271 1874 1428 1902 remissione
1451 1880 1624 1909 peccatorum
1651 1881 1777 1911 percepta

985 1918 1018 1946 ad
1032 1923 1141 1946 reterns:
1152 1919 1326 1947 beatitudinis
1350 1920 1445 1954 gaudia
1475 1928 1568 1948 eorum
1592 1922 1718 1955 precibus
1734 1923 1779 1949 ad-

982 1963 1034 1998 juti
1048 1971 1097 1998 per
1112 1964 1158 1990 Dei
1172 1965 1285 1999 gratiam
1309 1965 1449 1999 pervenire
1466 1970 1630 1993 mereantur.
1658 1967 1720 1996 Hine
1745 1968 1778 1996 de

986 2008 1115 2043 apostolis
1127 2008 1225 2036 Christi
1241 2009 1402 2044 generaliter
1427 2011 1507 2038 modo
1534 2011 1607 2038 dicta
1633 2011 1776 2045 sufficiant,

985 2062 1099 2089 quorum
1112 2055 1177 2090 quiti
1199 2055 1351 2090 specialiter
1376 2056 1526 2089 signiﬁcem
1550 2057 1671 2089 nomina,
1696 2059 1777 2092 paulo

985 2105 1047 2135 post
1059 2101 1085 2127 in
1097 2101 1268 2135 sequentibus
1282 2102 1411 2128 dicemus.

1024 2146 1198 2181 Septuaginta
1211 2147 1263 2174 duo
1272 2147 1395 2181 discipuli
1407 2147 1559 2182 signiﬁcant.
1569 2148 1776 2178 “lustrationem

988 2192 1070 2219 totius
1086 2191 1160 2219 orbis
1177 2199 1225 2226 per
1241 2191 1413 2226 Evangelium
1439 2192 1582 2224 trinitatis;
1598 2193 1692 2228 viginti
1710 2202 1777 2230 qua-

985 2242 1046 2264 tuor
1067 2238 1139 2264 cnim
1158 2237 1232 2264 horis
1254 2238 1369 2264 mundus
1386 2238 1474 2265 omnis
1486 2239 1632 2273 peragitur.
1656 2240 1707 2273 Qui
1725 2248 1776 2267 nu-

984 2291 1075 2311 merus
1086 2283 1235 2318 triplicatus
1248 2288 1358 2318 propter
1369 2283 1491 2310 eamdem
1503 2283 1651 2311 trinitatem
1669 2285 1696 2312 in
1715 2293 1775 2321 sep-

985 2329 1125 2363 ptuaginta
1150 2329 1202 2356 duo
1217 2328 1368 2356 deducitur.
1394 2328 1499 2356 Idcirco
1517 2333 1607 2356 autem
1631 2330 1776 2358 mittuntur

985 2374 1040 2401 bini
1056 2378 1164 2408 propter
1181 2373 1381 2408 praedicandum
1401 2374 1447 2401 Dei
1462 2382 1582 2402 amorem
1598 2378 1626 2402 et
1645 2376 1773 2410 proximi,

988 2419 1029 2446 vel
1052 2419 1209 2454 mysterium
1232 2419 1331 2454 gemini
1356 2420 1519 2447 testamenti.

1022 2464 1177 2496 Zacharias,
1209 2468 1238 2490 ut
1265 2471 1346 2499 supra
1379 2464 1480 2492 dictum
1504 2468 1556 2498 est,
1584 2464 1777 2500 interpretatur

986 2510 1112 2536 memoria
1133 2509 1248 2536 Domini.

1023 2554 1157 2582 Elisabeth
1180 2554 1229 2581 Dei
1251 2555 1301 2581 mei
1326 2555 1462 2587 saturitas,
1496 2554 1544 2582 vel
1561 2554 1610 2581 Dd
1628 2555 1679 2583 mi
1695 2555 1775 2590 jura-

986 2605 1101 2627 mentum
1127 2600 1328 2634 interpretatur.
1351 2599 1487 2627 Elisabeth
1512 2605 1604 2634 typum
1629 2604 1702 2628 tenet
1725 2608 1774 2628 ve-

988 2645 1053 2672 teris
1066 2645 1132 2679 legis
1149 2652 1196 2671 seu
1219 2644 1379 2679 prophetia;
1404 2645 1474 2672 sicut
1497 2644 1642 2673 Zacharias
1664 2645 1776 2673 maritus

987 2689 1045 2723 ejus
1058 2689 1158 2716 veteris
1177 2689 1244 2724 legis
1267 2688 1421 2716 sacerdotii.
1442 2688 1516 2716 Unde
1540 2688 1607 2716 siwt
1630 2689 1777 2718 Zacharias

988 2740 1078 2763 mutus
1094 2735 1206 2763 Joannis
1227 2734 1369 2762 scribendo
1383 2741 1481 2762 nomen
1495 2733 1594 2767 edidit;
1617 2733 1687 2761 sicut
1700 2739 1778 2763 vetus

988 2780 1165 2808 sacerdotium
1180 2782 1230 2808 sub
1240 2785 1302 2815 typo
1315 2778 1495 2807 sacerdotium
1511 2778 1609 2806 Christi
1624 2783 1652 2806 et
1662 2780 1777 2815 gratiam

987 2826 1048 2853 novi
1061 2826 1213 2853 testamenti
1231 2824 1378 2859 expressit;
1404 2828 1431 2851 et
1448 2824 1517 2851 sicut
1539 2824 1675 2853 Elisabeth
1689 2824 1779 2853 Mariae

1522 2870 1541 2900 3
