4064 6206
479 265 551 319 75
1137 259 1197 310 B.
1242 254 1488 310 [MBAN
1528 253 1745 310 MAURI
1785 251 2101 306 ARCHIEP.
2145 250 2452 306 MOGUNT.
2491 251 2774 307 OPERUM
2814 250 2990 305 PARS
3028 249 3089 303 Il.
3655 255 3741 313 τε

481 380 856 434 salutationem
905 375 1148 438 audiens,
1189 373 1404 442 quando
1453 369 1628 425 infans
1673 371 1726 423 in
1764 377 1918 423 utero
1951 368 2068 438 ejus
2093 371 2143 429 A
2171 385 2297 423 num
2317 373 2662 440 sequebatur,
2695 371 2960 440 signiﬁcat
2985 386 3078 426 eos
3106 372 3199 440 qui
3223 370 3421 426 Christi
3443 371 3602 427 ﬁdem
3630 389 3742 430 non

481 467 786 530 exsultavit,
827 464 1030 535 Spiritu
1076 472 1262 518 sancto
1305 460 1525 531 repleta,
1563 461 1775 515 beatam
1821 466 1877 513 et
1903 456 2067 511 bene-
2165 469 2385 531 propter
2415 462 2723 528 Dominum,
2754 465 2849 518 sed
2869 473 3093 534 propter
3118 464 3326 519 lucrum
3360 465 3542 520 saeculi
3579 479 3748 536 appe-

485 560 684 615 dictam
721 571 842 611 esse
890 565 1116 609 matrem
1163 553 1373 607 Domini
1422 551 1769 622 praedicavit:
1800 550 1878 605 sic
1909 549 2069 619 spiri-
2167 564 2307 610 tum.

479 661 572 703 tus
597 648 653 702 in
682 647 860 702 littera
901 644 1205 700 advenienti
1244 642 1460 696 Christo
1484 641 1692 696 laetatus
1731 651 1835 705 est,
1881 648 1937 693 ct
1958 647 2067 692 tota

486 740 655 797 series
695 738 896 793 veteris
944 739 1253 792 testamenti
1303 734 1509 804 Spiritu
1565 742 1754 788 sancto
1808 731 1912 785 feta
1981 731 2071 784 he-

484 832 751 886 nedictam
785 845 848 884 ac
877 829 1144 883 salubrem
1181 825 1475 882 Salvatoris
1501 823 1923 879 incarnationem
1949 820 2070 875 uni-

484 936 640 976 verso
683 919 880 974 mundo
918 917 1243 986 pneconiata
1286 922 1389 969 est.

554 1007 790 1063 Joannes
819 1005 1048 1061 formam
1086 1005 1273 1059 habuit
1315 1003 1463 1074 legis,
1495 1017 1616 1072 qua:
1649 999 1926 1056 Christum
1978 1013 2074 1053 an-

484 1099 772 1163 nuntiavit,
811 1108 866 1152 et
912 1095 1286 1151 remissionem
1333 1103 1680 1164 peccatorum
1726 1105 1823 1161 per
1869 1090 2072 1144 lavacri

490 1191 716 1258 gratiam
748 1188 1077 1259 pmdicavit.

561 1279 751 1350 Ioseph
803 1293 1050 1349 sponsus,
1092 1277 1184 1346 qui
1218 1285 1400 1332 custos
1438 1277 1766 1347 virginitatis
1805 1277 1923 1348 ejus
1952 1278 2074 1350 fuit,

484 1372 751 1444 signiﬁcat
799 1371 1070 1427 Christum
1105 1384 1362 1439 sponsum
1414 1370 1688 1435 Ecclesim,
1736 1371 1889 1440 cujus
1916 1373 2079 1443 virgi-

487 1465 626 1518 nitas
655 1463 706 1516 in
732 1463 834 1515 ﬁde
854 1475 980 1515 vera
1011 1459 1078 1514 ab
1101 1461 1216 1531 ipso
1245 1475 1414 1529 usque
1445 1461 1496 1514 in
1521 1460 1682 1516 ﬁnem
1705 1472 2074 1519 conservatur.

557 1555 723 1610 Maria
761 1553 1132 1617 illuminatrix,
1183 1552 1296 1606 sive
1332 1551 1482 1606 stella
1529 1553 1713 1617 maris,
1748 1554 2076 1624 interpreta-

473 1657 592 1701 °tur.
637 1643 838 1701 (ienuit
894 1642 1038 1696 enim
1087 1641 1267 1695 lumen
1323 1640 1526 1694 tnundi.
1581 1640 1842 1696 Sermone
1891 1651 2069 1696 autem

2241 645 2631 711 Dzemoniacus,
2678 661 2839 716 quem
2883 646 3144 701 Dominus
3174 647 3226 700 in
3273 647 3492 718 regione
3515 645 3750 703 Gerase-

2171 750 2364 790 norum
2397 751 2427 788 a
2473 735 2681 805 legione
2723 737 2952 800 curavit,
2981 735 3250 806 signiﬁcat
3297 736 3550 804 gentilem
3578 751 3748 806 popu-

2172 821 2280 876 lum
2309 823 2597 878 multorum
2625 823 2858 878 cultibus
2881 824 3266 878 daemoniorum
3289 825 3602 878 obnoxium.

2241 914 2494 971 Pastores
2540 933 2827 986 porcorum
2877 917 3178 988 fugientes,
3222 919 3313 986 qui
3343 932 3410 973 ea
3433 933 3555 987 quae
3598 926 3751 988 gesta

2173 1014 2302 1060 sunt
2329 1007 2582 1061 nuntiant
2640 1009 2693 1062 in
2731 1008 2971 1071 civitate,
3014 1009 3318 1077 signiﬁcant
3351 1009 3620 1079 principes
3647 1009 3748 1063 im-

2172 1096 2406 1165 piorum,
2444 1097 2534 1166 qui
2564 1095 2691 1150 dum
2745 1095 2906 1150 ﬁdem
2932 1096 3133 1152 Christi
3159 1097 3391 1167 fugiunt,
3418 1098 3647 1152 virtutes
3673 1107 3754 1150 ta-

2175 1203 2299 1242 men
2318 1187 2434 1256 ejus
2467 1198 2744 1257 stupentes
2765 1189 3033 1242 mirantur
3061 1199 3116 1242 et
3141 1189 3457 1258 prmdicant.
3481 1189 3751 1259 Paralyti-

2175 1295 2273 1335 cus
2302 1280 2491 1348 jacens
2540 1281 2592 1335 in
2646 1280 2857 1346 lectulo,
2900 1280 3080 1334 anima
3131 1289 3233 1344 est,
3265 1281 3375 1333 vita
3401 1279 3654 1334 dissoluta
3697 1279 3753 1331 in

2177 1385 2404 1440 corpore
2439 1385 2554 1424 suo.
2587 1371 2717 1436 Quae
2743 1371 2868 1424 dum
2915 1369 3079 1424 fuerit
3105 1370 3276 1440 gratia
3304 1368 3505 1424 Christi
3539 1384 3632 1439 per
3663 1383 3754 1422 re-

2178 1459 2486 1514 missionem
2538 1469 2882 1529 peccatorum
2937 1467 3144 1522 sanata,
3191 1457 3474 1513 confestim
3522 1459 3757 1527 pristino

2180 1553 2374 1606 robore
2420 1559 2633 1620 recepto
2665 1551 2915 1621 resurgit,
2970 1560 3025 1606 et
3071 1550 3270 1606 lectum
3312 1550 3492 1604 carnis
3517 1565 3650 1613 suae,
3697 1549 3756 1602 in

2179 1657 2287 1711 quo
2306 1641 2498 1696 debilis
2517 1639 2752 1709 jacebat,
2801 1642 2870 1695 ad
2897 1641 3113 1694 domum
3138 1640 3398 1694 virtutum
3430 1647 3674 1709 reportat
3695 1648 3760 1693 ut

488 1737 626 1807 Syro
673 1732 860 1798 Maria,
912 1731 1134 1786 Domina
1170 1739 1540 1800 nuncupatur;
1589 1741 1645 1810 et
1666 1733 1912 1802 pulchre,
1943 1735 2069 1802 quia
2104 1707 2146 1764 Β
2255 1730 2396 1785 intra
2425 1707 2769 1785 conscientia:
2791 1745 2902 1784 sum
2930 1737 3140 1784 secreta
3164 1707 3521 1798 constringat,
3568 1737 3623 1783 et
3652 1743 3755 1782 ue-

488 1827 772 1881 Domiuum
797 1822 981 1893 genuit
1001 1821 1124 1877 cmli
1145 1829 1201 1876 et
1229 1829 1386 1876 terrae
1417 1829 1472 1876 et
1499 1823 1764 1878 universae
1785 1833 2064 1879 creaturas.

492 1915 711 1987 Mystice
749 1921 927 1968 autem
973 1911 1227 1966 Ecclesiae
1271 1909 1498 1982 ﬁguram
1543 1921 1714 1982 gestat
1737 1923 1789 1968 et
1817 1915 2073 1983 speciem,

493 2020 632 2074 qum,
667 2018 788 2058 cum
817 2002 887 2056 sit
914 1987 1235 2070 desponsata
1282 2000 1518 2065 Christo,
1571 2002 1720 2072 virgo
1748 2011 2072 2072 perseverat.

558 2093 696 2163 Magi
733 2090 1103 2162 ﬁguraveruut
1144 2091 1384 2161 gentium
1434 2092 1683 2161 populos,
1738 2093 1909 2148 lucem
1952 2095 2077 2150 ﬁdei

490 2182 816 2252 cognituros,
843 2180 1144 2234 indicantes
1164 2189 1628 2235 sacramentorum
1652 2199 1898 2246 numero,
1920 2184 2078 2240 Chri-

489 2280 630 2326 stum
683 2283 780 2338 per
831 2267 990 2324 thura
1033 2283 1154 2323 esse
1201 2269 1386 2335 Deum,
1454 2285 1550 2340 per
1590 2273 1864 2342 myrrham
1903 2275 2079 2329 homi-

492 2374 614 2414 nem
636 2372 876 2427 passum,
900 2371 996 2426 per
1025 2373 1217 2410 aurum
1262 2372 1443 2428 regem
1471 2360 1710 2414 omnium
1737 2362 2078 2416 saeculorum.

563 2446 830 2512 Herodes,
883 2446 976 2516 qui
1026 2445 1321 2500 infantibus
1374 2462 1560 2501 necem
1615 2449 1820 2513 intulit,
1883 2450 2082 2506 diaboli

491 2536 723 2591 formam
750 2535 1046 2606 expressit;
1079 2534 1162 2589 vel
1203 2535 1464 2604 gentium,
1506 2551 1626 2604 quia
1667 2539 1945 2608 cupientes
1990 2555 2084 2594 no-

493 2640 617 2681 men
639 2624 840 2682 Cbristi
876 2625 1224 2695 exstinguere
1247 2625 1312 2680 de
1339 2626 1560 2692 mundo,
1584 2627 1636 2682 in
1667 2643 1853 2684 necem
1883 2639 2085 2701 marty-

496 2734 617 2774 rum
668 2718 980 2774 saevierunt.

564 2808 696 2863 Muli
741 2809 834 2878 qui
883 2808 937 2862 in
986 2808 1274 2879 Evangelio
1313 2818 1595 2877 curantur,
1636 2811 1942 2883 signiﬁcant
1988 2829 2082 2869 eos

494 2900 586 2969 qui
633 2898 792 2955 ﬁdem
839 2898 1041 2956 Christi
1093 2899 1443 2956 conﬁtentur.

562 2989 700 3044 Cmci
747 2988 1051 3060 signiﬁcant
1095 3004 1191 3045 eos
1217 2990 1310 3060 qui
1356 3006 1464 3046 non
1512 2992 1886 3049 intellexerunt
1917 2995 2077 3050 ﬁdem

495 3101 656 3154 quam
699 3083 1062 3140 crediderunt.

570 3177 728 3233 Sardi
777 3177 1082 3248 signiﬁcant
1126 3193 1220 3232 eos
1247 3179 1339 3248 qui
1370 3194 1474 3233 non
1522 3181 1776 3235 obediunt
1801 3182 2084 3252 praeceptis

501 3267 614 3321 Dei.
646 3265 855 3330 Claudi,
895 3267 986 3335 qui
1023 3282 1132 3321 non
1174 3276 1319 3322 recte
1368 3267 1422 3320 in
1468 3267 1658 3321 semita
1703 3269 2080 3323 mandatorum

499 3355 592 3409 Dei
618 3355 944 3424 gradientes,
972 3355 1194 3425 implere
1221 3365 1484 3425 praecepta
1507 3356 1763 3411 salutaria
1786 3357 2080 3429 negligunt.

572 3445 742 3501 Homo
772 3447 1025 3516 prudens,
1053 3449 1144 3518 qui
1170 3447 1453 3502 mdiﬁcavit
1494 3449 1709 3503 domum
1738 3465 1890 3504 suam
1921 3465 2082 3519 supra

499 3548 728 3608 petram,
776 3538 1042 3609 significat
1089 3540 1362 3594 doctorem
1408 3539 1639 3606 ﬁdelem,
1689 3542 1780 3611 qui
1829 3542 1881 3596 in
1930 3542 2081 3597 Chri-

500 3642 584 3685 Sto
634 3629 787 3698 ponit
838 3629 1095 3684 doctrinae
1141 3645 1251 3684 suae
1275 3644 1339 3683 ac
1368 3629 1490 3683 vita:
1519 3629 1960 3685 stabilimentum.
1993 3631 2085 3686 Ille

501 3735 630 3773 vero
675 3719 764 3787 qui
811 3718 1092 3774 mdiﬁcavit
1138 3719 1356 3773 domum
1413 3735 1564 3772 suam
1619 3735 1780 3790 super
1836 3735 2082 3786 arenam,

501 3810 877 3865 licereticorum
927 3809 1174 3880 dogmata
1223 3809 1487 3878 designat,
1524 3809 1616 3878 qui
1667 3809 1748 3865 sic
1794 3810 2082 3879 aediﬁcant,

503 3911 561 3954 ut
607 3899 815 3954 ruinam
871 3899 1074 3954 faciant
1122 3915 1390 3970 magnam.

575 3993 865 4062 Leprosus,
914 4007 1074 4060 quem
1126 3991 1375 4046 Christus
1428 3992 1757 4047 descendens
1792 3994 1858 4048 de
1903 4002 2087 4048 monte

505 4085 736 4156 primum
779 4084 1005 4148 curavit,
1056 4083 1258 4138 indicat
1308 4083 1601 4138 humanum
1655 4099 1822 4154 genus
1867 4083 2126 4146 delicto»

506 4191 624 4228 rum
675 4175 922 4245 contagio
961 4173 1290 4229 maculosum
1321 4189 1336 4227 :
1367 4174 1469 4229 hoc
1506 4173 1833 4244 Redemptor
1865 4175 1991 4229 dum
2021 4175 2088 4230 de

504 4265 764 4319 caelorum
806 4265 1088 4319 altitudine
1129 4264 1284 4334 quasi
1321 4265 1388 4319 de
1439 4273 1621 4320 monte
1666 4265 2016 4320 descenderet
2056 4281 2087 4319 a

504 4356 656 4409 vario
689 4355 987 4409 daemonum
1029 4356 1172 4410 cultu
1225 4356 1522 4420 inundavit,
1596 4365 1759 4426 atque
1805 4358 1859 4412 in
1907 4359 2086 4412 unita-

508 4451 618 4498 tem
661 4441 784 4498 ﬁdei
833 4445 1120 4512 reparavit.

576 4535 833 4590 Ccnturio
861 4534 1020 4588 ﬁdem
1049 4535 1282 4604 gentium
1314 4535 1598 4605 signiﬁcat.
1649 4537 1790 4591 Puer
1814 4547 1992 4594 autem
2031 4548 2086 4594 et

509 4624 616 4679 ﬁlia
647 4623 962 4679 Chananaaaa
989 4624 1251 4688 mulieris,
1282 4640 1418 4692 quos
1452 4625 1699 4681 Christus
1731 4641 1836 4680 non
1865 4629 2087 4684 veniens

508 4715 576 4768 ad
603 4727 698 4767 eos
736 4711 929 4776 salvat,
975 4713 1190 4766 easdem
1237 4722 1423 4782 gentes
1462 4718 1770 4779 ostendunt,
1814 4733 1949 4786 quas
1979 4719 2085 4773 Do-

512 4803 689 4857 minus
739 4816 846 4855 non
901 4801 1168 4871 corporali
1215 4803 1497 4871 praesentia
1551 4805 1807 4869 visitavit,
1858 4809 1952 4861 sed
1992 4823 2086 4877 per

511 4895 670 4950 ﬁdem
712 4893 860 4952 verbi
891 4893 1135 4948 salvavit.
1173 4895 1292 4963 lpsa
1324 4910 1538 4964 quoque
1561 4897 1753 4951 mulier
1789 4898 2093 4954 Chananzea

511 4987 762 5043 Ecclesiae
807 4986 1047 5057 gentium
1106 4989 1328 5054 gerebat
1369 4988 1618 5059 ﬁguram,
1669 5005 1790 5060 quae
1838 5003 2093 5061 tanquam

511 5077 662 5132 canis
691 5077 884 5147 qumrit
931 5077 1098 5132 micas
1139 5078 1420 5132 demensa
1461 5079 1826 5145 dominorum,
1882 5083 1935 5138 id
1981 5093 2092 5150 est,

511 5167 741 5222 saturari
779 5167 1039 5222 doctrinis
1070 5167 1434 5236 apostolorum
1463 5176 1518 5222 et
1549 5171 1953 5240 prophetarum.

583 5257 783 5315 Socrus
843 5258 987 5313 Petri
1052 5258 1369 5314 febricitans
1423 5261 1692 5331 signiﬁcat
1762 5278 2086 5334 synagogam

512 5356 645 5402 aestu
678 5347 973 5403 carnalium
1002 5346 1395 5404 desideriorum
1427 5363 1728 5404 accensam.
1769 5350 1936 5419 Cujus
1981 5351 2090 5406 ﬁlia

515 5447 599 5491 est
637 5455 761 5506 pars
803 5441 890 5495 illa
921 5440 1254 5496 credentium
1280 5481 1294 5507 ,
1330 5457 1450 5512 qua:
1501 5443 1626 5499 data
1676 5453 1761 5499 est
1796 5445 1956 5501 Petro
2000 5461 2089 5501 re-

513 5529 707 5599 gentia.

588 5619 774 5676 Scriba
822 5625 1166 5690 repudiatus,
1208 5627 1297 5695 qui
1344 5635 1561 5695 propter
1600 5637 1862 5694 quaestum
1908 5627 2090 5680 Domi-

2115 4410 2165 4469 D

2178 1837 2444 1892 quaquam
2470 1822 2524 1875 in
2550 1819 2909 1876 exterioribus
2937 1819 3076 1873 ultra
3111 1819 3468 1890 voluptatibus
3492 1817 3758 1874 dissoluta

2177 1913 2467 1967 discurrat.

2248 2000 2670 2071 Archisynagogi
2716 1999 2844 2064 ﬁlia,
2897 2000 2963 2053 ad
2987 2015 3149 2070 quam
3169 2000 3462 2055 curandam
3494 2000 3762 2056 Dominus

2180 2091 2306 2145 dum
2337 2101 2606 2162 pergeret,
2638 2093 2787 2160 prius
2833 2101 3010 2147 tamen
3048 2103 3336 2162 antequam
3374 2093 3443 2146 ad
3482 2107 3602 2147 eam
3655 2107 3756 2147 ve-

2182 2183 2344 2245 niret,
2378 2183 2553 2251 tetigit
2576 2199 2697 2236 eum
2727 2197 2756 2235 a
2779 2190 2928 2252 tergo
2955 2181 3166 2248 mulier,
3195 2197 3314 2251 qua:
3344 2181 3605 2252 profluvio
3629 2197 3762 2238 san-

2182 2273 2358 2342 guinis
2408 2273 2711 2336 laborabat,
2738 2281 2792 2326 et
2816 2281 3002 2326 curata
3047 2281 3150 2337 est,
3201 2272 3607 2343 archisynagogi
3637 2272 3764 2341 qui-

2183 2363 2304 2417 dem
2356 2361 2462 2416 ﬁlia
2516 2361 2712 2416 .Iudzrae
2759 2372 2942 2432 typum
2979 2363 3188 2427 tenuit;
3228 2363 3342 2416 hazc
3389 2371 3591 2426 autem,
3637 2376 3762 2432 qua

2183 2454 2440 2524 proﬂuvio
2488 2453 2767 2524 sanguinis
2815 2453 3111 2519 laborabat,
3166 2453 3390 2523 figuram
3431 2452 3615 2506 habuit
3657 2451 3764 2506 Ec-

2182 2545 2359 2599 clesizn
2381 2559 2447 2598 ex
2482 2545 2749 2614 gentibus.
2774 2542 2904 2611 Quae
2927 2545 3052 2598 dum
3079 2552 3199 2612 post
3229 2543 3660 2612 praedicationem
3702 2551 3765 2596 et

2183 2643 2305 2704 post
2332 2634 2638 2704 passionem
2659 2649 2722 2688 ac
2743 2643 2862 2703 post
2883 2633 3253 2689 ascensionem
3276 2632 3480 2688 Christi
3506 2633 3763 2699 credidit,

2187 2725 2341 2794 quasi
2397 2739 2426 2776 a
2475 2732 2625 2794 tergo
2679 2723 2964 2778 Dominum
2995 2723 3212 2793 tetigit:
3244 2731 3300 2776 et
3339 2731 3466 2777 ante
3513 2723 3766 2792 accipere

2185 2813 2411 2874 salutem
2440 2829 2599 2884 quam
2630 2829 2900 2885 synagoga
2927 2814 3243 2884 promeruit.

2258 2929 2372 2983 Duo
2401 2928 2527 2982 caeci
2542 2927 2695 2996 juxta
2716 2927 2859 2982 viam
2883 2927 3152 2993 sedentes,
3177 2925 3479 2997 signiﬁcant
3505 2934 3766 2995 utrosque

2111 3047 2154 3110 Ο
2187 3019 2410 3091 populos
2451 3018 2759 3074 Judzeorum
2812 3027 2868 3072 et
2911 3019 3148 3110 gentium
3191 3033 3290 3088 per
3336 3018 3492 3072 ﬁdem
3545 3017 3768 3072 Christo

2185 3110 2695 3181 appropinquantes,
2719 3111 2811 3178 qui
2837 3110 2972 3164 dixit
2996 3129 3008 3163 :
3043 3109 3154 3181 Ego
3175 3126 3290 3164 sum
3315 3112 3395 3164 via
3416 3110 3598 3181 (Joan.
3624 3112 3764 3179 xiv).

2255 3221 2585 3276 Daemonium
2623 3221 2828 3275 habens
2866 3234 3041 3274 caecus
3071 3229 3125 3274 ct
3154 3228 3356 3284 mutus,
3385 3220 3477 3289 qui
3505 3219 3769 3274 scribitur

2185 3328 2214 3366 a
2255 3311 2535 3367 Salvatore
2561 3321 2805 3376 curatus,
2858 3312 3063 3366 indicat
3113 3326 3207 3366 eos
3235 3312 3325 3381 qui
3369 3327 3435 3366 ex
3461 3311 3766 3367 idololatria

2184 3404 2423 3476 gentium
2454 3404 2520 3457 ad
2553 3403 2708 3458 ﬁdem
2738 3403 3070 3458 Dominicam
3110 3414 3515 3458 convertuntur.
3557 3403 3770 3472 Quibus

2187 3504 2365 3548 tamen
2394 3493 2618 3564 expulso
2641 3509 2669 3545 a
2700 3493 2863 3547 corde
2889 3493 3192 3547 dmmonum
3224 3493 3388 3558 cultu,
3431 3494 3556 3547 dum
3587 3496 3772 3564 pristi-

2186 3600 2309 3638 nam
2341 3583 2511 3638 lucem
2542 3592 2899 3653 perceperunt
2935 3583 3080 3648 ﬁdei,
3105 3593 3293 3653 postea
3327 3587 3392 3638 ad
3435 3583 3767 3639 laudandum

2186 3674 2470 3728 Dominum
2507 3690 2695 3729 eorum
2736 3674 2918 3744 lingua
2957 3676 3276 3742 resolvitur,
3309 3684 3365 3729 ut
3402 3676 3796 3732 conﬁteantur

2185 3781 2309 3821 eum
2329 3782 2486 3835 quem
2518 3775 2676 3821 antea
2708 3777 3060 3837 negaverunt.

2257 3881 2428 3936 Homo
2475 3896 2689 3936 manum
2723 3882 2930 3935 aridam
2970 3881 3175 3936 habens
3210 3882 3476 3950 signiﬁcat
3528 3883 3770 3936 animam

2188 3971 2571 4025 misericordia:
2611 3971 2864 4040 operibus
2918 3970 3333 4037 infructuosam,
3357 3973 3440 4026 cui
3480 3988 3602 4026 cum
3629 3973 3772 4026 dici-

2189 4072 2277 4115 tur
2306 4079 2318 4113 :
2350 4060 2582 4114 Extende
2606 4077 2818 4114 manum
2844 4070 2989 4114 tuam
3022 4060 3174 4132 (Luc.
3213 4062 3307 4131 v1),
3333 4063 3583 4116 admonet
3624 4078 3776 4117 seiu-

2187 4167 2283 4221 per
2301 4151 2679 4221 porrigendam
2707 4151 3102 4221 eleemosynam
3137 4151 3482 4220 pauperibus.

2260 4263 2453 4328 Homo,
2498 4263 2564 4319 de
2594 4279 2701 4332 quo
2746 4265 3054 4320 immundus
3080 4266 3298 4336 spiritus
3322 4267 3509 4333 exivit,
3549 4277 3604 4321 et
3648 4285 3776 4322 rur-

2191 4368 2310 4406 sum
2331 4367 2455 4406 eum
2482 4353 2784 4420 occupavit,
2809 4355 3076 4425 signiﬁcat
3100 4356 3370 4411 hominem
3389 4357 3772 4426 ptenitentem,

2191 4443 2276 4495 cui
2325 4457 2424 4510 per
2471 4443 2810 4498 subsecutum
2867 4445 3246 4516 negligentiam
3294 4447 3473 4503 acrius
3531 4458 3774 4504 mentem

2191 4540 2422 4600 occupat
2472 4535 2650 4588 carnis
2693 4534 2961 4602 voluptas,
3016 4537 3284 4606 adjunctis
3330 4553 3511 4592 secum
3564 4549 3775 4606 septem

2193 4620 2471 4688 spiritibus
2494 4623 2770 4688 vitiorum,
2800 4624 2980 4688 idest,
3023 4625 3319 4693 iracundia,
3352 4628 3571 4689 invidia,
3609 4638 3778 4698 atque

2193 4713 2396 4766 ventris
2421 4713 2676 4782 ingluvie,
2703 4715 2848 4769 inani
2877 4715 3069 4785 gloria,
3101 4733 3166 4772 ac
3186 4720 3455 4787 superbia.

2264 4802 2654 4858 Paterfamilias
2686 4805 2967 4874 proferens
3001 4808 3066 4862 de
3103 4809 3357 4863 thesauro
3390 4825 3488 4864 suo
3525 4825 3660 4864 nova
3722 4820 3781 4864 et

2198 4902 2423 4957 vetera,
2469 4893 2720 4950 Christus
2769 4905 2883 4962 est,
2931 4897 3211 4966 proferens
3259 4899 3326 4954 de
3375 4899 3778 4968 impenetrabili

2197 4981 2423 5036 scientia
2452 4996 2549 5035 sua
2580 4983 2793 5052 gemina
2825 4984 3166 5040 Testamenta
3195 5005 3208 5038 :
3244 4987 3432 5050 Vetus,
3471 4989 3524 5040 in
3558 5002 3666 5055 quo
3697 4985 3780 5041 fe-

2197 5073 2372 5128 licitas
2419 5084 2632 5127 terrena
2688 5075 3048 5143 promittitur;
3088 5075 3318 5140 Novum,
3359 5092 3458 5144 per
3499 5077 3639 5145 qqu
3691 5093 3782 5131 rc-

2199 5182 2360 5235 gnum
2389 5167 2648 5222 cmlorum
2668 5177 2915 5237 speratur

2271 5259 2440 5312 Ilomo
2465 5259 2558 5326 qui
2593 5258 2880 5312 seminavit
2917 5259 2969 5312 in
3002 5275 3132 5329 agro
3163 5273 3262 5313 suo
3287 5274 3513 5327 granum
3545 5258 3779 5328 sinapis,

2197 5348 2443 5403 Christus
2479 5357 2583 5411 est,
2625 5348 2717 5417 qui
2772 5349 3062 5402 seminavit
3111 5349 3272 5404 ﬁdem
3322 5349 3374 5403 in
3425 5349 3626 5403 mundo
3651 5389 3665 5412 ,
3724 5350 3782 5403 in

2197 5457 2303 5510 qua
2342 5439 2587 5496 volucres
2622 5440 2767 5505 caeli,
2805 5441 2858 5496 id
2888 5450 2971 5496 est
3004 5441 3276 5512 spiritales
3319 5441 3531 5505 animm,
3563 5441 3785 5510 requie-

2198 5541 2373 5586 scunt.

2270 5626 2476 5693 Mulier,
2508 5639 2626 5694 quae
2652 5621 2978 5681 fermentum
3019 5625 3298 5680 abscondit
3328 5624 3382 5678 in
3409 5623 3540 5679 satis
3577 5622 3782 5686 tribus,
