4064 6206
286 320 355 375 ’17
1282 306 1369 362 ΒΕ
1410 304 1753 363 UNIVERSO
1789 303 1880 358 ΜΕ

2004 299 2163 355 xsu.
2205 329 2272 340 -
2312 300 2436 354 Ltu.
2475 258 2558 355 tv.
2812 282 2820 289 ’
3436 302 3441 315 ‘
3477 286 3545 360 is

290 430 556 505 signiﬁcat
580 412 867 485 scientiam
892 422 1185 496 spiritualis
1209 422 1470 477 dOClrlllIB
1499 420 1789 476 ferventem
1818 418 1869 471 in
1901 424 1955 503 Α
1975 423 2369 505 perceperunt;
2387 413 2476 482 qui
2500 428 2626 466 vero
2657 412 2842 505 ultima
2873 413 3023 476 hora,
3054 411 3131 466 illi
3160 394 3283 469 sunt
3309 414 3400 488 qui
3432 417 3544 493 jam

293 520 573 578 Trinitatis
601 533 808 573 amore.

359 612 532 669 Homo
559 610 651 681 qui
676 607 1054 663 absconditum
1086 606 1395 659 thesaurum
1424 604 1475 658 in
1497 618 1627 673 agro
1653 602 1869 672 reperit,

296 706 381 762 ille
394 713 476 760 est
496 703 589 772 qui
613 702 668 755 in
696 700 801 754 isto
824 698 1042 761 mundo,
1059 697 1290 753 venditis
1308 695 1575 762 omnibus,
1598 695 1870 750 Christum

296 795 568 862 vitamque
585 798 846 844 aeternam
875 786 1123 858 acquirit.

368 882 620 950 Quinque
646 877 818 932 millia
846 878 1108 941 virorum,
1135 874 1230 946 qui
1266 875 1500 945 quinque
1545 874 1776 944 panibus
1819 883 1875 928 et

295 973 503 1028 duobus
524 969 766 1041 piscibus
792 968 935 1038 pasti
962 975 1107 1033 sunt,
1138 965 1487 1022 ecclesiastici
1518 973 1641 1019 sunt
1670 964 1872 1034 populi,

297 1065 387 1135 qui
416 1079 515 1133 per
538 1062 779 1132 quinque
809 1074 1003 1113 sensus
1048 1057 1291 1128 corporis
1325 1056 1579 1111 alimento
1600 1055 1732 1125 legis
1761 1054 1872 1123 spi-

298 1154 469 1209 ritalis
516 1169 547 1207 a
573 1152 793 1207 Christo
828 1149 1165 1213 reﬁciuntur,
1207 1154 1261 1202 et
1284 1146 1480 1218 duplici
1507 1145 1871 1210 Testamento,

298 1247 446 1317 quasi
484 1243 728 1316 gemellis
747 1240 1006 1312 piscibus,
1035 1247 1366 1295 saturantur.

366 1337 617 1404 Quatuor
668 1342 859 1387 autem
900 1330 1070 1385 millia
1098 1331 1338 1385 virorum
1386 1328 1479 1398 qui
1526 1327 1648 1382 aliis
1669 1334 1873 1395 septem

300 1427 527 1498 panibus
556 1425 794 1485 aluntur,
833 1422 1032 1507 eadem.
1071 1420 1312 1476 Ecclesia
1335 1418 1571 1488 gentium
1600 1425 1707 1483 est,
1756 1431 1876 1486 qua)

301 1520 352 1572 in
393 1524 632 1585 quatuor
674 1513 920 1583 partibus
948 1511 1132 1566 mundi
1178 1508 1494 1565 diffunditur
1525 1516 1688 1578 atque
1716 1508 1876 1562 uber-

303 1616 409 1662 tate
436 1604 774 1677 septiformis
801 1602 990 1675 gratiae
1017 1611 1316 1657 recreatur.

364 1697 456 1751 llle
482 1696 577 1765 qui
603 1708 747 1765 saepe
768 1693 986 1748 nuncin
1014 1693 1214 1764 ignem,
1244 1708 1389 1748 nunc
1412 1692 1467 1747 in
1494 1706 1688 1761 aquam
1709 1691 1871 1747 cade-

1950 498 2231 574 ‘decrepiti
2268 508 2323 558 et
2357 503 2411 556 in
2438 512 2681 558 extremo
2705 502 2826 556 vitae
2870 518 2980 557 sua:
3011 510 3247 572 tempore
3270 508 3444 561 vocati
3482 508 3552 561 ad

1972 592 2247 647 Christum
2296 598 2599 647 venerunt:
2668 591 2758 661 qui
2824 596 3002 645 tamen
3055 591 3324 661 prioribus
3360 608 3546 665 parem

1977 682 2279 739 mercedem
2334 694 2548 737 aeterna:
2597 683 2942 738 beatitudinis
2992 685 3279 754 accipiunt,
3339 686 3393 741 in
3443 688 3551 745 illis

1975 789 2304 830 conservans
2334 773 2579 830 Christ
2600 772 2897 841 justitiam,
2928 774 3072 844 quia
3101 777 3272 846 prima
3296 778 3429 832 hora
3449 793 3550 833 na-

1979 864 2424 934 tivitatisoperati
2467 873 2616 930 sunt,
2654 864 2708 918 in
2735 863 2855 919 istis
2903 864 3218 934 impendens
3240 866 3549 924 miscricor-

1976 954 2140 1017 diam,
2171 952 2263 1022 qui
2294 967 2401 1006 una
2434 952 2556 1006 vita:
2586 953 2721 1006 hora
2754 951 3149 1009 laboraverunt.

2048 1045 2162 1098 Duo
2191 1043 2285 1097 ﬁlii
2306 1043 2455 1099 missi
2487 1042 2553 1098 ad
2599 1045 2925 1114 operandam
2955 1046 3167 1102 vineam
3199 1047 3424 1104 duorum
3451 1064 3553 1122 po-

1975 1131 2222 1201 pulorum
2263 1140 2446 1202 typum
2486 1133 2877 1188 demonstrant.
2916 1134 3131 1191 Primus
3162 1137 3305 1191 enim
3352 1139 3552 1195 missus

1975 1232 2200 1277 vocatur
2230 1224 2466 1293 gentium
2495 1224 2723 1295 populus
2755 1240 2853 1295 per
2902 1236 3106 1283 naturae
3145 1229 3553 1301 intelligentiam

1964 1312 2042 1365 ad
2073 1312 2252 1381 operis
2283 1312 2447 1368 divini
2478 1313 2742 1369 culturam
2770 1333 2783 1369 :
2812 1316 2903 1385 qui
2934 1324 3111 1372 tamen
3142 1333 3399 1389 spernens
3426 1336 3558 1377 con-

1979 1408 2161 1455 tumax
2202 1403 2409 1457 exstitit
2444 1412 2498 1457 ct
2533 1418 2654 1461 sese
2694 1406 2891 1460 iturum
2939 1408 3169 1478 negavit.
3221 1408 3557 1468 Adveniente

1975 1500 2155 1547 autem
2221 1494 2449 1548 Domino
2478 1534 2492 1560 ,
2559 1496 2794 1566 priorem
2856 1497 3247 1553 contumaciam
3308 1501 3555 1571 sequenti

1974 1581 2282 1636 emendavit
2320 1582 2643 1638 obedientia.
2689 1582 2972 1642 Secundus
3014 1596 3194 1642 autem
3236 1587 3378 1646 ﬁlius
3422 1590 3555 1647 mis-

1975 1686 2067 1726 sus
2103 1670 2319 1729 Judaeus
2345 1689 2442 1744 per
2466 1674 2598 1747 legis
2622 1676 2985 1747 cognitionem
3016 1679 3329 1748 respondit:
3360 1677 3554 1735 Omnia

297 1791 404 1852 ιρι,
450 1763 713 1843 πηλιηίιυώ
756 1763 1214 1855 δίεηίσαηοίιεηίε
1261 1792 1440 1839 πιθα,
1474 1783 1611 1837 imm
1660 1780 1871 1837 inﬂam_
1904 1772 1947 1829 Β
1976 1763 2513 1855 quacunquerdimerit
2545 1765 2693 1820 nobis
2736 1765 2991 1822 Dominus
3013 1809 3028 1834 ,
3070 1768 3323 1838 faciemus
3352 1768 3548 1844 (Exod.

299 1887 555 1941 mantem,
608 1890 751 1944 aqua
799 1873 980 1929 carnis
1033 1872 1363 1942 voluptatem
1415 1872 1768 1935 demonstrat,
1821 1871 1877 1925 in

300 1969 488 2038 quibus
531 1980 752 2036 semper
798 1973 1048 2034 arreptus
1094 1963 1406 2032 quotidiano
1447 1961 1596 2032 lapsu
1633 1959 1878 2031 ρι’ωοίρί-

300 2068 456 2112 tatur.

364 2146 577 2218 Moyses
600 2152 659 2200 et
698 2143 864 2208 Elias,
893 2142 983 2213 qui
1017 2151 1375 2212 apparuerunt
1408 2155 1529 2195 cum
1567 2138 1794 2194 Domino
1819 2136 1875 2193 in

303 2245 497 2297 monte.
545 2234 633 2289 lex
658 2243 715 2288 et
750 2233 1027 2302 prephette
1058 2231 1445 2302 intelliguntur,
1475 2244 1703 2299 quorum
1732 2228 1878 2285 voci-

302 2330 394 2382 bus
438 2327 624 2398 passio
658 2333 717 2379 et
755 2323 1085 2379 resurrectio
1128 2329 1186 2379 et
1219 2322 1389 2393 gloria
1438 2320 1651 2375 Domini
1699 2318 1877 2376 decla-

302 2429 469 2470 ratur.

370 2506 541 2560 llomo
570 2505 779 2559 habens
807 2512 1026 2558 centum
1059 2516 1209 2567 oves,
1260 2508 1316 2555 et
1341 2500 1544 2555 relictis
1585 2499 1690 2554 illis
1719 2512 1875 2554 ovem

300 2598 557 2668 perditam
592 2596 814 2666 quaerit,
854 2609 918 2648 ac
958 2601 1228 2663 repertam
1258 2592 1500 2646 humeris
1538 2591 1775 2656 revehit.
1816 2591 1879 2644 fi-

302 2703 484 2759 guram
530 2686 739 2742 Christi
780 2685 1048 2756 expressit
1086 2685 1199 2754 qui,
1225 2683 1430 2739 relictis
1461 2684 1750 2752 nonaginta
1780 2697 1877 2738 no-

303 2793 416 2833 vem
451 2777 764 2850 agminibus
795 2774 1110 2848 angelorum
1144 2777 1199 2830 in
1238 2776 1410 2841 melis,
1436 2791 1590 2830 ovem
1632 2792 1752 2845 quze
1784 2790 1878 2846 pe-

305 2871 464 2926 rierat
486 2871 544 2924 in
585 2868 786 2934 Adam,
816 2876 875 2921 ut
904 2869 1079 2923 bonus
1102 2876 1310 2939 pastor,
1338 2866 1622 2938 quaesitam
1667 2867 1721 2921 in
1749 2881 1878 2938 gen-

307 2962 443 3017 tibus
489 2961 717 3031 reperit,
764 2967 928 3029 atque
966 2958 1146 3014 crucis
1189 2972 1301 3014 sua:
1340 2957 1582 3013 humeris
1626 2956 1878 3026 paradiso

306 3051 616 3121 reportavit.

1978 1851 2149 1923 xxiv).
2212 1852 2317 1908 Sed
2353 1853 2556 1911 idcirco
2595 1856 2903 1925 damnatur,
2947 1858 3073 1930 quia
3128 1873 3233 1915 non
3280 1859 3452 1916 solum
3500 1860 3554 1915 in

1976 1945 2317 2003 confessione
2337 1947 2471 2019 legis
2499 1950 2887 2018 praevaricatus
2911 1958 3016 2018 est,
3041 1951 3136 2007 sed
3168 1952 3222 2008 in
3250 1952 3424 2024 ipsum
3450 1953 3556 2010 Do—

1977 2038 2183 2092 minum
2210 2039 2378 2094 vinea:
2402 2040 2758 2109 parricidales
2781 2057 2971 2098 manus
3007 2043 3267 2099 extendit.

2048 2124 2220 2181 llomo
2255 2127 2347 2197 qui
2380 2127 2590 2182 vineam
2646 2129 2930 2197 plantavit,
2960 2130 3054 2185 Dei
3089 2141 3268 2202 portat
3293 2132 3555 2205 ﬁguram,

1978 2218 2069 2288 qui
2118 2217 2356 2272 condidit
2386 2217 2741 2274 Hierusalem.
2777 2219 2833 2274 lu
2882 2234 2986 2290 qua
3019 2221 3302 2278 aediﬁcavit
3338 2226 3554 2293 turrim,

1974 2317 2033 2362 et
2084 2309 2324 2364 torcular
2378 2309 2534 2375 fodit,
2582 2310 2753 2367 altare
2801 2311 3052 2369 videlicet
3104 2321 3160 2370 et
3196 2316 3473 2388 templum,
3503 2330 3559 2375 et

1981 2412 2159 2470 srpem
2202 2400 2585 2467 circumdedit,
2634 2402 2687 2456 id
2738 2411 2850 2468 est.
2898 2405 3206 2476 angelorum
3262 2411 3559 2468 munitione

1978 2489 2215 2544 vallavit.
2265 2490 2450 2545 Coloni
2488 2500 2700 2558 autem,
2736 2493 2932 2562 quibus
2968 2495 3179 2551 vineam
3230 2496 3369 2555 locat
3396 2541 3411 2566 ,
3456 2514 3555 2571 po-

1978 2579 2135 2647 pulus
2163 2590 2245 2636 est
2284 2580 2469 2648 lsrael,
2499 2582 2588 2651 qui
2633 2581 2733 2638 sub
2775 2583 2957 2641 divino
2983 2586 3128 2642 cultu
3163 2592 3402 2659 possedit
3428 2592 3557 2650 llic-

1980 2670 2232 2725 rusalem.

2051 2760 2203 2816 Servi
2257 2772 2434 2820 autem
2473 2767 2560 2837 qui
2601 2776 2841 2840 tempore
2893 2770 3163 2828 fructuum
3203 2775 3351 2832 missi
3392 2777 3579 2834 inter-'

1978 2851 2103 2908 fecti
2133 2862 2259 2909 sunt
2288 2872 2318 2910 a
2346 2857 2569 2925 colonis,
2605 2861 2882 2931 prophetae
2923 2861 3294 2935 intelliguntur
3327 2881 3557 2936 quorum

1979 2946 2203 3017 sanguis
2236 2946 2439 3004 eﬁ‘usus
2459 2957 2543 3005 est
2575 2965 2607 3004 a
2633 2949 2852 3020 Iudaeis,
2884 2953 3010 3008 dum
3042 2954 3110 3009 ab
3142 2954 3222 3010 eis
3256 2966 3561 3025 quaererent

1974 3034 2202 3105 justitite
2229 3038 2461 3095 fructum
2500 3049 2554 3096 et
2585 3041 2738 3113 legis.

370 3118 562 3196 hanc,
596 3157 721 3211 qua,
750 3139 1018 3212 perditam
1058 3138 1259 3208 τερετίι
1294 3136 1594 3209 (inﬁmam,
1637 3137 1875 3194 Ecclesia
1902 3118 1948 3181 C
2047 3127 2219 3185 Filius
2255 3138 2432 3186 autem
2459 3131 2748 3188 novissime
2777 3134 2995 3199 missus,
3030 3151 3190 3207 quem
3216 3138 3444 3209 ejectum
3473 3148 3562 3195 co-

307 3242 404 3298 est,
446 3248 572 3304 qua:
608 3234 849 3288 animam
892 3230 1086 3287 diaboli
1125 3229 1332 3300 laqueis
1374 3231 1701 3285 abstractam
1749 3231 1877 3285 dum

309 3321 569 3378 invenerit
580 3337 681 3392 per
697 3321 845 3392 paeni
853 3320 1094 3386 tentiam,
1117 3328 1175 3374 et
1202 3318 1507 3390 angelorum
1520 3327 1575 3374 et
1602 3320 1877 3376 hominum

310 3412 428 3468 facit
452 3414 717 3468 lmtitiam.

373 3505 593 3559 Debitor
617 3504 808 3559 decem
836 3503 1161 3558 talentorum
1203 3501 1473 3574 signiﬁcat
1511 3502 1757 3557 homines
1786 3504 1876 3574 qui

310 3592 413 3648 Deo
439 3602 567 3648 sum
593 3592 815 3648 obnoxii
846 3607 946 3661 per
979 3592 1466 3662 transgressionem
1511 3591 1698 3646 decem
1744 3607 1881 3662 pra:—

308 3693 603 3753 ceptorum.
658 3682 767 3739 Sed
814 3683 955 3737 sicut
992 3683 1147 3737 nobis
1195 3681 1546 3753 poscentibus
1585 3697 1614 3736 a
1655 3683 1881 3739 Domino

308 3786 519 3843 peccata
546 3775 883 3838 relaxantur,
911 3775 984 3828 ita
1016 3774 1384 3843 unusquisque
1427 3782 1671 3827 nostrum
1701 3773 1883 3827 dimit-

311 3872 418 3917 tere
441 3863 605 3918 debet
640 3863 894 3929 exemplo
922 3862 1134 3917 Domini
1167 3879 1255 3928 ne,
1301 3862 1429 3917 dum
1459 3863 1679 3917 minima
1702 3862 1881 3917 debita

312 3952 363 4005 in
383 3952 536 4007 nobis
553 3953 914 4022 peccantibus
937 3968 1046 4008 non
1072 3952 1435 4017 concedimus,
1463 3950 1670 4022 majora
1699 3960 1882 4007 nostra

309 4043 577 4098 exsolvere
596 4059 721 4098 cum
750 4044 933 4099 usuris
958 4057 1238 4113 poenarum
1260 4057 1536 4113 cogamur.

377 4133 533 4189 Dives
580 4134 674 4204 qui
720 4134 929 4189 camelo
955 4141 1314 4204 comparatur,
1350 4147 1635 4202 personam
1682 4133 1885 4188 indicat

309 4222 634 4289 Judaorum,
665 4225 759 4294 qui
804 4225 873 4280 de
912 4225 1047 4294 legis
1094 4224 1332 4293 putentia
1361 4224 1692 4295 gloriantur;
1722 4239 1882 4293 quam

311 4314 432 4380 quia
481 4323 705 4384 propter
754 4324 968 4370 terrena
1014 4314 1218 4380 colunt,
1270 4328 1378 4369 non
1416 4314 1618 4369 habent
1658 4329 1885 4385 regnum

310 4406 569 4460 calorum
601 4423 616 4458 :
651 4406 832 4475 ibique
882 4404 1092 4459 facilius
1115 4406 1353 4475 gentium
1380 4405 1610 4476 populus
1642 4404 1885 4459 crimini-

312 4493 411 4548 bus
450 4504 726 4549 tortuosos
759 4502 813 4547 et
865 4495 1098 4550 sarcinis
1141 4503 1488 4565 peccatorum
1515 4504 1769 4567 gravatus
1796 4495 1880 4550 in-

310 4586 568 4654 greditur,
598 4587 759 4655 quasi
778 4602 876 4655 per
896 4586 1138 4641 foramen
1163 4603 1313 4653 acus,
1339 4604 1438 4659 per
1463 4589 1741 4660 angustias
1760 4604 1884 4660 pas-

309 4677 518 4730 sionum
547 4693 615 4731 ac
644 4677 881 4732 labores.

380 4766 776 4823 Paterfamilias
808 4769 901 4837 qui
944 4769 1221 4839 operarios
1256 4771 1323 4824 ad
1369 4772 1581 4825 vineam
1631 4769 1892 4825 conduxit

309 4868 369 4911 et
383 4858 585 4913 denarii
611 4861 916 4915 mercedem
930 4861 1215 4929 promittit,
1232 4861 1480 4915 Christus
1500 4871 1605 4927 est,
1620 4862 1711 4931 qui
1732 4870 1889 4915 vocat

309 4963 501 5005 omnes
518 4950 588 5004 ad
611 4951 818 5004 cultum
849 4951 994 5018 fidei,
1021 4954 1343 5021 promittens
1370 4954 1451 5008 cis
1470 4956 1749 5023 prauuium
1770 4969 1886 5025 per-

308 5038 469 5097 fecta:
492 5043 863 5098 beatitudinis.

382 5129 626 5201 Operarii
667 5134 763 5203 qui
813 5133 950 5188 hora
1001 5132 1174 5201 prima
1204 5136 1457 5190 conducti
1486 5144 1627 5200 sunt,
1680 5136 1734 5191 hi
1763 5145 1887 5193 sunt

305 5222 408 5287 qui
431 5238 463 5276 a
486 5224 809 5280 rudimentis
823 5223 1064 5279 infantiae
1080 5225 1281 5281 cultum
1295 5226 1418 5281 ﬁdei
1430 5228 1703 5282 consecuti
1730 5239 1881 5294 sunt;

300 5314 607 5383 qﬁaatem
638 5318 774 5372 hora
822 5317 1006 5381 tertia,
1050 5318 1104 5371 hi
1131 5327 1258 5373 sunt
1306 5319 1477 5388 quiin
1523 5320 1885 5377 adolescentia

302 5404 381 5461 al
404 5405 560 5464 ﬁdem
595 5417 980 5474 accesserunt;
1011 5410 1111 5479 qui
1138 5425 1265 5465 vero
1300 5411 1434 5465 hora
1463 5420 1616 5467 sexta
1637 5413 1888 5469 conducti

295 5506 455 5565 sunt,
495 5499 553 5555 hi
578 5511 709 5557 sunt
749 5502 846 5572 qui
889 5503 943 5557 in
972 5502 1271 5573 juventutis
1307 5511 1467 5559 aetate
1513 5503 1884 5570 crediderunt;

294 5598 403 5658 qui
425 5602 597 5647 autem
625 5591 767 5647 liora
795 5606 941 5646 nona
968 5600 1334 5658 accesserunt,
1361 5592 1436 5647 illi
1471 5601 1598 5649 sunt
1627 5594 1717 5662 qui
1745 5606 1773 5647 a
1795 5594 1887 5663 ju-

297 5688 522 5735 iventute
558 5682 612 5735 in
650 5691 991 5737 senectutem
1022 5682 1382 5750 declinantes,
1419 5681 1623 5738 Christi
1656 5684 1887 5753 gratiam

1981 3217 2089 3272 loni
2118 3226 2273 3273 extra
2320 3219 2533 3275 vineam
2561 3223 2894 3289 occiderunt,
2944 3222 3192 3282 Christus
3244 3236 3349 3294 est,
3397 3243 3555 3298 quem

1980 3312 2367 3368 crucifixerunt
2418 3313 2623 3382 Judaei,
2679 3315 2958 3388 ejicicntes
3005 3334 3128 3375 eum
3174 3329 3328 3376 extra
3370 3331 3559 3392 portas

1981 3403 2332 3461 Hierusalem.
2359 3405 2545 3462 Coloni
2580 3414 2775 3476 autem,
2803 3425 2940 3481 quos
2962 3410 3220 3470 Dominus
3246 3414 3414 3470 vincte
3434 3431 3557 3486 per-

1981 3499 2135 3565 didit,
2163 3499 2323 3555 iidem
2348 3503 2529 3573 p0puli
2552 3502 2857 3560 Iudaeorum
2876 3505 3267 3580 intelliguntur,
3289 3503 3379 3581 qui
3407 3511 3559 3578 olim,

1980 3600 2041 3644 ut
2096 3592 2366 3659 videntur,
2402 3595 2628 3664 dispersi
2657 3605 2782 3651 sunt
2834 3605 2997 3669 atque
3035 3600 3317 3672 perempti.
3348 3600 3430 3658 Illi
3465 3619 3563 3658 au-

1982 3690 2091 3737 tem
2121 3683 2390 3754 agricolm,
2422 3684 2490 3740 ad
2527 3701 2663 3756 quos
2696 3687 2851 3743 vinea
2896 3678 3189 3747 transferri
3218 3693 3561 3764 praecipitur,

1982 3774 2284 3845 signiﬁcant
2305 3776 2578 3846 apostolos
2607 3778 2701 3855 vel“
2726 3794 3068 3837 successores
3100 3783 3485 3854 apostoldrum.

2053 3869 2169 3923 Rex
2198 3872 2287 3939 qui
2322 3869 2451 3925 fecit
2478 3872 2694 3942 nuptias
2739 3872 2849 3927 filio
2889 3889 3009 3941 suo,
3051 3873 3192 3930 Deus
3224 3874 3389 3932 Pater
3410 3876 3567 3932 intel-

1983 3958 2205 4030 ligitur:
2238 3960 2328 4029 qui
2359 3960 2627 4029 copulavit
2653 3976 2720 4016 ex
2766 3963 2975 4033 virgine
3001 3980 3217 4019 carnem
3251 3963 3486 4022 Christo.

2054 4048 2207 4105 Servi
2244 4068 2372 4106 vero
2402 4053 2490 4122 qui
2519 4053 2670 4108 missi
2687 4061 3018 4109 suntvocare
3042 4054 3317 4121 invitatos,
3333 4059 3564 4125 apostoli

1984 4150 2109 4194 sunt
2161 4150 2321 4210 atque
2362 4143 2638 4212 prophetae
2663 4183 2678 4208 ,
2736 4142 2827 4213 qui
2870 4142 3093 4198 Judzeos
3140 4159 3238 4214 per
3277 4143 3473 4217 Legem
3513 4156 3565 4202 et

1983 4228 2330 4299 Evangelium
2376 4238 2827 4301 provocaverunt.
2867 4230 2975 4287 Sed
3013 4232 3089 4287 illi
3130 4235 3290 4289 modo
3337 4237 3567 4293 terrenis

1986 4320 2427 4389 tempestatibus,
2478 4319 2636 4376 modo
2668 4320 2846 4377 carnis
2887 4332 2942 4376 et
2992 4321 3126 4392 legis
3160 4338 3323 4383 onere
3368 4325 3562 4395 pressi.

1986 4410 2376 4466 solemnitatem
2401 4411 2663 4466 adventus
2692 4410 2906 4467 Domini
2932 4421 3409 4483 contempserunt;
3440 4416 3565 4470 vita:

1988 4509 2204 4556 aeternae
2234 4501 2425 4572 gaudia
2460 4509 2646 4571 gentes
2675 4501 2925 4557 introisse
2960 4502 3305 4560 manifestum
3326 4512 3428 4560 est.

2059 4590 2170 4647 Rex
2205 4592 2374 4647 iratus
2394 4593 2482 4663 qui
2510 4592 2655 4648 misit
2680 4594 2949 4650 exercitus
2974 4610 3121 4662 suos,
3152 4605 3206 4652 et
3232 4599 3465 4669 perdidit
3486 4599 3568 4654 in-

1995 4682 2308 4739 terfectores
2347 4683 2488 4749 illos,
2519 4690 2574 4739 et
2613 4685 2885 4741 civitatem
2913 4686 3173 4754 incendit,
3219 4688 3362 4744 Deus
3405 4687 3567 4745 Pater

1991 4783 2092 4840 est,
2127 4775 2218 4845 qui
2240 4775 2519 4831 suscitavit
2561 4775 2950 4846 VeSpasianum
2987 4777 3253 4834 Caesarem
3296 4779 3566 4837 Romano-

1992 4882 2133 4931 rum,
2186 4866 2359 4937 quiet
2390 4867 2646 4938 populum
2682 4867 2861 4939 gladio
2909 4869 3160 4934 vastavit,
3188 4877 3245 4924 et
3291 4869 3563 4924 civitatem

1989 4954 2324 5012 Hierusalem
2363 4956 2604 5011 funditus
2637 4971 2761 5012 cum
2790 4957 2903 5015 suis
2929 4942 3199 5014 universis
3224 4960 3443 5028 evertit,
3489 4960 3566 5017 ita

1991 5054 2049 5102 ut
2074 5048 2301 5103 ulterius
2325 5047 2642 5120 belligerare
2665 5058 2771 5104 non
2803 5058 3003 5119 posset.
3540 5114 3545 5123 ’

2060 5138 2342 5194 Hominem
2371 5149 2550 5194 autem
2583 5155 2687 5195 non
2714 5140 3001 5196 habentem
3021 5144 3227 5196 veStem
3270 5142 3562 5213 nuptialem

1988 5224 2043 5283 in
2109 5230 2355 5285 accubitu
2385 5270 2398 5294 ,
2450 5229 2541 5299 qui
2590 5215 3008 5300 loque‘nte'rege
3062 5229 3353 5296 obmutuit,
3405 5248 3565 5300 quem

1988 5320 2137 5391 jubet
2178 5320 2349 5375 servis
2392 5318 2504 5373 suis
2540 5320 2776 5374 ablatum
2809 5319 2949 5373 mitti
2975 5318 3029 5373 in
3064 5318 3312 5375 tenebras
3334 5310 3568 5374 exterio-

1995 5427 2101 5476 res,
2126 5412 2212 5465 ille
2238 5420 2319 5466 est
2346 5411 2434 5480 qui
2466 5411 2521 5465 in
2557 5410 2659 5463 fide
2687 5410 2904 5480 quidem
2946 5423 3068 5464 cum
3104 5409 3315 5463 caeteris
3352 5412 3568 5480 requie-

1995 5502 2124 5567 scit;
2160 5499 2250 5555 sed
2277 5500 2319 5554 si
2348 5502 2595 5554 inventus
2633 5496 2796 5553 fuerit
2819 5498 2873 5551 in
2902 5498 2987 5553 die
3008 5495 3198 5567 judieii
3221 5509 3425 5555 vestem
3450 5517 3570 5556 car-

1997 5592 2079 5646 nis
2103 5590 2355 5660 operibus
2404 5590 2601 5645 habere
2630 5587 2914 5659 pollutam,
2949 5586 3232 5645 Confestim
3253 5586 3475 5657 iubetur
3501 5588 3567 5647 ab

1995 5681 2199 5753 angelis
2226 5682 2335 5737 tolli
2363 5697 2425 5738 ac
2451 5682 2615 5752 mergi
2650 5681 2701 5736 in
2730 5681 3029 5753 gehennam
3054 5681 3192 5753 ignis
3215 5682 3423 5738 aeterni.
