4064 6206
478 303 544 358 79
1152 292 1211 346 Β.
1253 289 1503 345 llABANl
1545 289 1760 344 MAUR!
1795 287 2116 345 ARCHIEP.
2159 285 2470 348 MOGIJNT.
2511 288 2794 347 OPERUM
2833 287 3011 343 PARS
3049 287 3114 342 ll.
3663 288 3734 345 80

542 411 660 466 Duo
688 408 982 473 debitores,
1011 421 1074 461 ex
1105 406 1298 476 quibus
1332 420 1471 458 unus
1497 402 1730 458 debebat
1764 401 2050 457 feneratori
2079 407 2131 465 Α
2227 403 2400 459 Homo
2426 404 2518 474 qui
2558 402 2915 459 descendebat
2941 402 3010 456 ab
3035 400 3367 456 Hierusalem
3399 401 3454 456 in
3491 401 3732 470 Jericho,

473 503 728 563 denarios
755 501 1097 572 quingentos,
1135 495 1271 551 alter
1290 495 1700 566 quinquaginta,
1730 492 2040 564 signiﬁcant

471 595 725 672 populum
753 592 1060 649 Judzcorum
1099 598 1153 643 et
1196 589 1458 658 gentium,
1495 602 1564 641 cx
1595 586 1791 657 quibus
1818 585 1926 650 ille,
1959 585 2052 654 qui

473 687 863 761 quinquaginta
895 682 1147 740 denarios
1171 681 1375 744 debuit,
1401 677 1706 733 Judzeorum
1735 686 1917 747 typum
1958 677 2053 730 ha-

463 779 624 843 .buit;
658 777 746 832 ille
773 790 901 830 veto
943 772 1032 844 qui
1065 771 1408 842 quingentos,
1443 768 1682 840 gentium
1703 767 1971 837 expressit
1997 765 2055 820 ﬁ-

474 882 688 939 guram,
713 864 805 936 qui
829 863 897 918 ab
925 861 1080 916 initio
1108 859 1293 914 mundi
1335 858 1545 913 debitor
1572 872 1785 927 semper
1811 856 2054 911 existens

463 955 890 1024 chirographum
921 949 1126 1023 peccati
1147 963 1246 1020 per
1262 947 1634 1020 pmnitentiam
1661 962 1767 1002 non
1797 945 2048 1002 exsolvit.

472 1046 803 1101 Adveniente
831 1043 1013 1112 itaque
1046 1039 1285 1104 Christo,
1328 1037 1544 1093 tandem
1589 1036 1836 1101 credidit,
1889 1045 2052 1105 atque

473 1139 780 1195 uberiorem
805 1132 1190 1190 misericordia:
1228 1130 1463 1185 fructum
1491 1129 1718 1199 accepit.
1751 1127 1904 1184 Unde
1925 1129 2051 1198 quia

474 1233 592 1300 plus
640 1229 712 1283 illi
761 1239 1076 1283 concessum
1112 1229 1197 1280 est
1246 1236 1279 1276 a
1312 1219 1550 1285 Christo,
1599 1219 1828 1289 amplius
1877 1219 2052 1289 diligit

473 1321 770 1382 Christum,
812 1317 957 1372 sicut
999 1313 1260 1384 scriptum
1287 1318 1376 1368 est
1420 1327 1435 1365 :
1481 1307 1580 1365 Cui
1603 1307 1720 1381 plus
1747 1309 2050 1375 dimittitur,

470 1410 586 1481 plus
616 1408 787 1479 diligit
819 1406 969 1478 (Luc.
997 1403 1117 1475 vn).

545 1499 764 1569 Septem
799 1497 1016 1563 fratres,
1065 1495 1155 1566 qui
1186 1509 1349 1550 unam
1392 1491 1672 1548 mulierem
1721 1491 2046 1556 habuerunt,

472 1600 530 1646 et
559 1589 682 1646 sine
714 1588 839 1643 ﬁliis
890 1585 1087 1641 mortui
1116 1592 1259 1649 sunt,
1289 1582 1534 1638 homines
1564 1580 1808 1637 inﬁdeles
1852 1580 2051 1636 intelli-

473 1687 690 1752 guntur,
713 1677 806 1748 qui
835 1677 888 1730 in
913 1675 1164 1746 praesenti
1186 1674 1316 1740 vita,
1341 1687 1463 1742 quae
1489 1685 1586 1742 per
1611 1678 1819 1740 septem
1842 1671 2049 1726 dierum

2153 503 2209 547 et
2229 493 2418 549 incidit
2440 493 2496 547 in
2533 493 2791 557 latrones,
2817 492 2930 562 ipse
2961 490 3131 545 Adam
3163 489 3428 562 ﬁguratur
3453 491 3507 544 in
3535 507 3739 563 genere

2153 599 2273 650 suo,
2323 584 2414 653 qui
2463 583 2591 638 dum
2639 582 2992 638 descenderet
3045 583 3112 636 de
3151 583 3403 652 paradiso
3430 582 3638 638 cmlesti
3681 585 3736 638 in

2153 675 2433 741 mundum,
2458 675 2644 729 incidit
2670 675 2722 728 in
2747 673 2964 744 angelos
2989 674 3357 728 tenebrarum.

2225 765 2602 820 Samaritanus
2622 765 2974 830 descendens,
2995 765 3087 834 qui
3116 764 3338 819 vulnera
3363 766 3481 834 ejus
3500 768 3739 827 curavit.

2151 852 2400 907 Christus
2425 863 2507 907 est
2531 862 2716 909 custos
2759 863 2967 918 noster,
2998 854 3092 923 qui
3142 855 3208 908 de
3245 854 3383 908 coelo
3419 856 3736 919 descendit,

2151 950 2208 996 et
2248 958 2418 1013 genus
2469 943 2766 998 humanum
2810 958 2843 998 a
2887 943 3197 998 vulneribus
3242 952 3587 1014 peccatorum
3638 961 3737 1000 cu-

2152 1035 2310 1089 ravit.

2225 1125 2562 1181 Stabularius
2590 1126 2817 1196 apostoli
2847 1137 2989 1193 sunt,
3022 1126 3104 1180 vel
3137 1141 3476 1182 successores
3501 1144 3690 1182 eorum
3720 1170 3738 1194 ,

2151 1217 2244 1288 qui
2292 1217 2661 1274 inﬁrmitatem
2705 1228 2949 1275 nostram
2998 1219 3382 1288 pnedicatione
3423 1223 3735 1292 evangelica

2153 1325 2338 1365 recrea
2344 1319 2422 1364 ιιι.

2219 1399 2466 1467 Martha,
2504 1416 2626 1472 quae
2661 1403 2874 1472 excepit
2919 1401 3194 1458 Christum
3242 1401 3296 1456 in
3342 1401 3502 1457 domo
3537 1418 3634 1457 sua
3682 1413 3740 1456 et

2152 1491 2518 1559 ministrabat,
2564 1493 2834 1564 signiﬁcat
2861 1493 3157 1548 Ecclesiam
3208 1493 3261 1544 in
3297 1493 3401 1546 hac
3423 1492 3533 1545 vita
3573 1491 3732 1546 Chri-

2152 1592 2294 1638 stum
2325 1584 2377 1638 in
2426 1585 2588 1639 corde
2619 1600 2717 1640 suo
2740 1584 3102 1654 excipientem
3129 1593 3186 1639 et
3212 1598 3376 1653 opere
3401 1582 3629 1652 iustitia:
3661 1582 3742 1636 la-

2152 1676 2450 1731 borautem.

468 1767 731 1823 circulum
783 1765 1054 1830 decurrit,
1101 1771 1270 1818 totam
1313 1763 1477 1818 vitam
1527 1777 1680 1818 suam
1725 1762 1842 1816 sine
1869 1759 2045 1817 fructu
2077 1764 2121 1821 Β
2219 1768 2406 1834 Maria,
2431 1785 2588 1828 soror
2614 1785 2747 1838 ejus,
2777 1785 2898 1840 qua:
2927 1769 3147 1824 sedebat
3169 1784 3323 1825 secus
3348 1767 3547 1823 Christi
3573 1767 3741 1837 pedes

467 1859 693 1930 justitiat
720 1865 1192 1929 consumpserunt.

545 1951 658 2005 Duo
686 1949 741 2004 in
772 1948 932 2012 lecto,
965 1946 1040 2001 illi
1069 1944 1443 2017 signiﬁcantur
1469 1945 1563 2014 qui
1590 1944 1782 2000 remoti
1817 1958 1848 1998 a
1879 1943 2053 1999 turbis

474 2043 528 2097 in
554 2042 665 2097 otio
691 2040 923 2111 quodam
940 2039 1063 2094 vitae
1091 2052 1285 2092 vacare
1315 2037 1585 2091 videntur.

542 2131 670 2185 Dum
711 2127 974 2182 molentes
1004 2127 1061 2181 in
1105 2125 1266 2192 mola,
1305 2125 1400 2195 qui
1427 2125 1653 2195 negotiis
1680 2125 2048 2196 temporalium

475 2233 654 2274 rerum
690 2214 1163 2274 circumferuntur.

544 2310 658 2364 Duo
688 2309 743 2362 in
767 2323 917 2379 agro,
947 2306 1040 2376 qui
1089 2305 1144 2360 in
1170 2305 1470 2360 ministerio
1494 2305 1748 2361 Ecclesia:
1792 2315 2050 2375 tanquam

471 2418 525 2456 tu
562 2415 693 2470 agro
716 2397 994 2452 Dominico
1015 2404 1310 2468 operantur
1343 2414 1356 2448 :
1390 2411 1456 2450 ex
1485 2395 1702 2465 quibus,
1731 2396 2051 2451 adveniente

471 2491 652 2546 saeculi
683 2489 1028 2561 adversitate,
1059 2487 1112 2542 id
1135 2494 1220 2542 est
1259 2495 1438 2550 nocte,
1482 2486 1701 2556 quidam
1731 2495 2051 2557 permanent

473 2583 526 2636 in
549 2580 670 2642 ﬁde,
705 2587 760 2633 ct
786 2584 1135 2632 assumuntur
1172 2574 1240 2630 ad
1284 2575 1474 2640 vitam,
1513 2575 1729 2645 quidam
1761 2576 2047 2642 decedunt,

471 2679 527 2725 et
557 2669 932 2738 relinquuntur
963 2665 1031 2720 ad
1060 2679 1298 2736 poenam.

541 2759 790 2829 Quinque
813 2756 1051 2826 virgines
1078 2754 1369 2826 sapientes,
1399 2769 1590 2810 omnes
1627 2755 1822 2810 animae
1846 2766 2047 2812 sancta

471 2849 875 2924 intelliguntur;
905 2863 1026 2918 qua:
1050 2847 1305 2917 quoniam
1330 2863 1428 2919 per
1451 2847 1689 2918 quinque
1716 2863 1908 2904 sensus
1933 2865 2047 2903 eor.

470 2945 618 3018 poris
649 2941 851 3000 nullam
875 2939 1165 2998 admittunt
1189 2939 1370 2994 cordis
1390 2939 1814 3010 corruptionem,
1844 2940 2046 2995 idcirco

471 3036 721 3109 quinario
751 3048 978 3089 numero
1009 3039 1411 3102 computantur.
1434 3029 1681 3100 Quinque
1704 3030 1940 3101 virgines
1965 3029 2045 3086 {a-

2153 1871 2210 1917 et
2249 1861 2502 1917 audiebat
2553 1862 2811 1923 verbum,
2869 1862 3204 1915 demonstrat
3243 1859 3489 1913 eamdem
3543 1858 3736 1912 Eccle-

2152 1952 2289 2007 siam
2330 1951 2384 2005 in
2421 1950 2601 2005 futuro
2623 1950 2819 2006 steculo
2847 1951 2914 2004 ab
2944 1950 3089 2004 omni
3117 1964 3279 2018 opere
3306 1957 3608 2003 cessantem
3636 1987 3650 2010 ,
3680 1955 3739 2000 et

2156 2043 2209 2096 in
2236 2041 2346 2097 sola
2372 2040 2822 2111 contemplatione
2853 2040 3126 2109 sapientia:
3152 2038 3352 2094 Christi
3385 2037 3736 2106 requiescen-

2157 2143 2281 2188 tem.

2225 2220 2398 2277 Homo
2439 2223 2530 2291 qui
2568 2222 2745 2276 media
2779 2229 2937 2276 nocte
2975 2219 3280 2289 postulaoat
3317 2221 3384 2277 ab
3421 2219 3600 2273 amico
3636 2234 3738 2272 suo

2154 2321 2265 2367 tres
2292 2327 2478 2382 panes,
2509 2311 2916 2367 similitudinem
2947 2310 3203 2378 exprimit
3229 2306 3487 2376 cujusque
3519 2308 3572 2361 in
3619 2324 3736 2362 me-

2154 2402 2240 2456 dia
2266 2402 2608 2457 tribulatione
2630 2400 2951 2470 postulantis
2964 2399 3271 2464 Dominum,
3298 2407 3358 2453 ut
3384 2400 3474 2453 det
3496 2399 3544 2453 ei
3559 2399 3738 2453 scicn-

2157 2489 2286 2544 tiam
2311 2489 2611 2544 Trinitatis.

2225 2579 2386 2634 Dives
2423 2579 2573 2650 cujus
2601 2580 2797 2635 uberes
2835 2578 3042 2633 fructus
3067 2593 3197 2648 ager
3229 2576 3430 2641 attulit,
3461 2577 3738 2647 signiﬁcat

2153 2671 2424 2727 hominem
2454 2670 2679 2725 luxuriis
2706 2670 2968 2733 deditum,
2997 2677 3051 2724 ct
3081 2668 3440 2722 abundantem
3470 2669 3734 2737 peccatis,

2153 2780 2314 2835 quem
2340 2765 2690 2819 immoderato
2724 2761 2868 2816 lluxu
2903 2761 3134 2831 amplius
3158 2775 3384 2829 peccare
3418 2761 3738 2816 desideran-

2153 2864 2263 2911 tem
2292 2856 2470 2926 arguit
2493 2855 2769 2919 Dominus,
2796 2855 2982 2910 dicens
3008 2871 3020 2905 :
3053 2851 3245 2918 Stulte,
3270 2851 3370 2906 huc
3405 2863 3552 2906 nocte
3575 2853 3736 2921 aufe-

2153 2953 2295 2999 retur
2308 2954 2418 2998 a-te
2436 2945 2614 2998 anim
2637 2953 2731 2997 tua
2755 2957 2772 2994 :
2793 2952 2844 2997 et
2865 2959 2986 3012 qua:
3009 2942 3345 3013 praeparasti,
3365 2941 3522 3013 cujus
3539 2951 3688 2996 erant
3708 2942 3737 2994 .’

2155 3034 2307 3108 (Luc.
2344 3034 2465 3108 xu).

474 3139 601 3195 tute,
632 3141 752 3198 quae
778 3139 885 3182 non
934 3124 1134 3180 habent
1155 3122 1210 3176 in
1237 3121 1384 3178 vasis
1409 3121 1526 3177 suis
1553 3119 1751 3188 oleum,
1798 3120 1902 3178 illa:
1930 3121 2047 3176 ani-
2075 3117 2119 3180 C
2220 3124 2471 3196 Quinque
2519 3124 2596 3178 illi
2639 3125 2692 3178 in
2722 3124 2882 3179 domo
2922 3139 3052 3188 una,
3081 3123 3133 3178 id
3160 3131 3263 3186 est,
3311 3129 3484 3192 pater,
3532 3129 3736 3186 mater,

473 3238 574 3278 mat
601 3229 727 3278 sunt
746 3235 868 3290 qua:
887 3218 1089 3275 habent
1109 3216 1326 3288 quidem
1353 3216 1714 3287 integritatem
1736 3231 2043 3286 corporum,

472 3314 569 3372 sed
595 3328 701 3369 non
729 3318 952 3368 servant
977 3309 1119 3366 intra
1143 3307 1535 3364 conscientiam
1574 3308 1702 3364 boni
1746 3309 1930 3378 aperis
1973 3317 2051 3364 te-

473 3403 813 3471 stimonium,
862 3403 990 3458 dum
1027 3401 1083 3456 in
1109 3400 1247 3456 facie
1275 3399 1576 3472 gloriantur
1597 3399 1742 3470 apud
1780 3399 2048 3465 homines,

474 3505 531 3552 et
575 3509 683 3550 non
728 3493 784 3548 in
836 3490 1001 3548 corde
1050 3488 1192 3561 apud
1236 3488 1452 3545 Deum:
1492 3489 1612 3545 ideo
1635 3488 1779 3559 quod
1821 3489 1948 3558 quia
1995 3490 2051 3543 in

473 3585 618 3640 vasis
647 3589 927 3654 pectorum
954 3594 1173 3636 suorum
1210 3580 1410 3635 mentis
1442 3577 1782 3648 splendorem
1817 3595 1924 3634 non
1956 3592 2050 3649 ge-

473 3683 622 3740 runt,
649 3670 967 3729 adveniente
995 3667 1222 3726 Domino
1249 3683 1282 3724 a
1312 3669 1462 3741 regni
1491 3667 1609 3739 ejus
1658 3669 1854 3740 gaudio
1879 3669 2052 3725 reclu-

475 3765 696 3819 duntur.

546 3853 718 3909 Homo
742 3865 966 3924 peregre
990 3849 1361 3920 proﬁciscens,
1386 3848 1478 3919 qui
1510 3849 1728 3904 tradidit
1772 3849 1912 3906 bona
1955 3865 2052 3906 sua

475 3947 646 4004 servis
684 3945 818 4013 suis,
865 3943 1114 4000 Christus
1142 3950 1244 4008 est,
1295 3941 1386 4015 qui
1435 3949 1558 4012 post
1603 3943 2051 3998 resurrectionem

475 4053 628 4094 suam
657 4036 727 4092 ad
746 4034 916 4093 cmlos
941 4032 1270 4106 regrediens,
1299 4031 1522 4088 tradidit
1539 4031 1904 4103 evangelicam
1930 4049 2054 4102 gra-

478 4128 605 4183 tiam
657 4124 981 4199 evangelicis
1038 4121 1463 4194 negotiatoribus
1507 4121 1876 4177 fenerandam.
1946 4121 2053 4178 Sed

475 4218 685 4288 primus
722 4231 914 4272 servus
936 4213 993 4269 in
1021 4213 1259 4286 quinque
1288 4211 1503 4269 talentis
1530 4212 1634 4269 sibi
1655 4213 1796 4268 datis
1816 4213 2055 4282 quinque

477 4307 643 4361 libros
675 4301 812 4376 legis
839 4304 1067 4373 accepit,
1113 4317 1251 4374 quos
1288 4302 1536 4358 doctrina
1563 4301 1649 4358 vel
1674 4317 1839 4373 opere
1868 4303 2050 4359 decem

2153 3218 2316 3283 ﬁlius,
2340 3217 2468 3284 ﬁlia,
2500 3232 2684 3280 nurus,
2711 3217 2928 3285 quibus,
2957 3216 3062 3272 duo
3091 3217 3145 3270 in
3177 3224 3306 3280 tres,
3331 3224 3389 3271 et
3408 3223 3522 3270 tres
3545 3215 3598 3270 in
3627 3215 3738 3270 duo

2152 3308 2488 3374 dividuntur,
2527 3306 2832 3378 signiﬁcant
2859 3307 3153 3362 humanum
3180 3322 3351 3378 genus
3376 3307 3482 3362 ﬁde
3507 3315 3562 3361 et
3609 3307 3740 3362 reli-

2154 3400 2311 3470 gione
2335 3399 2404 3453 ab
2434 3397 2665 3452 invicem
2711 3403 3038 3466 separatum,
3073 3395 3270 3464 partim
3317 3395 3373 3449 in
3416 3395 3740 3450 discissione

2155 3487 2481 3554 schismatis,
2511 3487 2652 3555 quod
2681 3486 2787 3541 duo
2817 3483 3147 3556 signiﬁcant,
3174 3486 3372 3554 partim
3403 3485 3456 3539 in
3506 3500 3740 3539 numero

2154 3579 2618 3649 Triuitatis,quod
2643 3578 2744 3632 tria
2764 3577 3158 3633 demonstrant.
3191 3576 3562 3632 Divisusenitn
3592 3577 3741 3633 ﬁlius

2153 3680 2239 3726 est
2265 3671 2524 3725 adversus
2547 3678 2755 3740 patrem
2784 3683 2961 3733 suum,
2996 3668 3047 3722 id
3069 3676 3178 3732 est,
3204 3667 3434 3738 populus
3455 3682 3523 3722 ex
3550 3668 3737 3738 genti-

2154 3766 2256 3820 bus
2279 3764 2501 3818 veniens
2530 3763 2788 3818 adversus
2815 3761 3111 3826 diabolum,
3142 3777 3264 3822 cum
3311 3777 3420 3830 quo
3448 3773 3576 3815 ante
3621 3761 3743 3815 fue-

2155 3864 2242 3911 rat
2269 3856 2527 3912 sociatus.
2580 3855 2761 3910 Divisa
2805 3863 2893 3909 est
2939 3863 2994 3908 et
3043 3853 3154 3908 ﬁlia
3199 3854 3458 3908 adversus
3503 3861 3740 3906 matrem

2155 3964 2331 4012 suam,
2361 3947 2413 4001 id
2436 3956 2543 4011 est,
2567 3945 2717 4016 plebs
2745 3961 2810 4000 ex
2837 3944 3038 4000 ludatis
3064 3944 3312 4008 credens,
3339 3945 3602 3999 adversus
3629 3944 3740 3997 im-

2156 4037 2298 4106 piam
2351 4051 2696 4106 synagOgam.
2753 4034 2933 4089 Divisa
2960 4043 3045 4090 est
3072 4041 3128 4089 et
3154 4048 3324 4087 nurus
3353 4034 3615 4088 adversus
3645 4048 3741 4088 so-

2153 4145 2308 4186 crum
2345 4144 2519 4194 suam,
2568 4127 2811 4183 Ecclesia
2837 4126 3052 4182 scilicet
3101 4141 3168 4180 ex
3197 4125 3447 4196 gentibus
3475 4126 3746 4182 adversus

2156 4229 2384 4278 matrem
2412 4222 2592 4291 sponsi
2647 4220 2752 4284 sui,
2787 4233 3130 4290 synagogam,
3177 4217 3246 4272 de
3297 4233 3403 4288 qua
3441 4218 3742 4272 secundum

2156 4327 2372 4370 carnem
2403 4311 2650 4367 Christus
2687 4308 2867 4364 fuerat
2892 4318 3232 4379 procreatus.
3281 4306 3384 4375 Qui
3417 4322 3608 4361 omnes
3652 4322 3747 4361 se-

475 4402 863 4467 prtnceptorum
891 4392 1186 4463 ampliavit.
1209 4393 1364 4449 Alter
1391 4394 1445 4451 in
1469 4393 1678 4451 duobus
1702 4395 1917 4451 talentis
1947 4397 2055 4452 duo
2086 4465 2125 4474 _
2157 4413 2436 4474 pag-amur,
2459 4403 2562 4457 sibi
2604 4403 2833 4457 invicem
2874 4401 3271 4464 renuntiantes,
3317 4398 3408 4452 alii
3438 4407 3741 4462 terrenam,

476 4465 798 4543 testamenta
849 4485 1186 4556 promeruit,
1244 4501 1416 4556 eaque
1471 4486 1662 4543 morali
1711 4503 1776 4543 ac
1823 4491 2053 4559 mystico
2083 4465 2133 4524 Ῑ)
2159 4465 2250 4548 alii
2275 4465 2549 4550 caelestem
2577 4492 2806 4562 gloriam
2835 4499 3168 4560 appetentes.

477 4590 638 4631 sensu
672 4575 758 4646 pie
784 4575 1146 4646 dispensanda
1172 4575 1479 4646 duplicavit.
1512 4577 1730 4634 Tertius
1756 4579 1856 4632 sub
1883 4578 2051 4651 ﬁgura

476 4666 637 4722 unius
663 4664 848 4719 talenti
874 4664 1061 4737 gratiae
1086 4665 1287 4720 donum
1308 4673 1584 4735 acceptum
1613 4667 1665 4723 in
1699 4668 1931 4724 terrenis
1954 4683 2048 4724 vo-

477 4755 772 4826 luptatibus
797 4753 1124 4819 obscuravit,
1175 4754 1402 4825 ideoque
1427 4756 1699 4826 pmjectus
1742 4767 1825 4813 est
1873 4757 1928 4812 iu
1974 4758 2054 4812 in-

481 4846 714 4912 ternum,
744 4844 869 4916 quia
899 4843 1102 4898 nullum
1130 4843 1255 4899 inde
1281 4852 1536 4914 operatus
1560 4856 1642 4901 est
1670 4845 1925 4902 fructum.
1947 4847 2054 4903 Alii

479 4940 535 4994 in
580 4939 756 5010 primo
805 4950 962 4992 servo
1005 4936 1239 5006 quinque
1281 4950 1474 4991 sensus
1509 4937 1687 4992 cordis
1715 4946 1766 4994 et
1807 4939 2051 5009 corporis

479 5038 758 5100 acceptos,
789 5026 845 5082 iu
883 5026 1117 5083 secundo
1146 5023 1551 5096 intelligentiam
1578 5035 1633 5082 ct
1658 5043 1792 5099 opus
1814 5069 1830 5095 ,
1860 5029 1914 5083 in
1944 5044 2052 5086 uno

477 5121 745 5178 rationem
772 5117 1168 5176 intellexerunt.

547 5210 769 5269 Juvenis
822 5210 964 5268 ﬁlius
1005 5209 1179 5265 viduae
1202 5250 1219 5275 ,
1273 5224 1433 5280 quem
1480 5207 1742 5267 Dominus
1780 5221 2053 5267 mortuum

479 5311 636 5360 extra
659 5310 846 5376 portas
860 5299 1012 5355 urbis
1037 5299 1338 5365 suscitavit,
1377 5297 1650 5370 signiﬁcat
1684 5315 1807 5356 eum
1833 5302 1925 5371 qui
1955 5316 2053 5371 pa-

481 5392 588 5447 lam
613 5391 890 5464 quodlibet
913 5385 1246 5445 mortil'erum
1269 5389 1472 5444 crimen
1501 5389 1760 5456 admittit,
1793 5399 1849 5446 et
1871 5391 2057 5446 audito

483 5481 651 5537 verbo
671 5479 887 5536 Domini
915 5494 947 5534 a
970 5487 1144 5534 morte
1168 5477 1376 5548 peccati
1407 5480 1658 5550 resurgit,
1683 5489 1740 5534 et
1763 5495 1860 5550 per
1884 5483 2057 5552 pinni-

486 5571 706 5630 tentiam
733 5569 795 5627 in
816 5568 1030 5634 Christo
1058 5569 1241 5624 vivere
1267 5569 1478 5640 incipit,
1509 5571 1855 5642 redditurque
1886 5574 2058 5631 vidua:

487 5664 795 5728 matri-suat,
834 5663 884 5717 id
913 5670 1017 5720 est.
1047 5662 1404 5717 communioni
1429 5661 1698 5716 Ecclesiae.

2230 4583 2434 4640 Galilzei
2460 4584 2646 4638 decem
2669 4589 2724 4636 et
2747 4595 2960 4644 novem,
2993 4595 3156 4649 super
3183 4594 3320 4649 quos
3351 4577 3548 4634 cecidit
3572 4579 3748 4632 turris

2161 4677 2215 4731 in
2249 4675 2414 4740 Siloa,
2456 4684 2510 4729 et
2534 4674 2729 4730 occidit
2754 4687 2868 4736 eos,
2901 4672 3181 4727 interitum
3209 4671 3381 4741 plebis
3427 4668 3743 4723 Judzeorum

2161 4767 2454 4822 insinuant.
2491 4767 2689 4820 Decem
2716 4774 2773 4820 et
2823 4779 3017 4821 novem
3045 4763 3189 4818 enim
3232 4762 3372 4832 apud
3399 4762 3620 4816 Graecos
3669 4777 3739 4815 ex

2161 4863 2268 4914 iota
2290 4869 2346 4914 ct
2371 4859 2510 4913 theta
2540 4858 2732 4913 litteris
2758 4857 3137 4927 exprimuntur
3165 4873 3178 4908 :
3210 4854 3404 4922 quibus
3431 4852 3616 4922 ﬁguris
3643 4868 3749 4905 tto--

2157 4964 2280 5004 men
2305 4947 2433 5004 Jesu
2470 4947 2727 5002 scribitur
2758 4965 2771 5000 :
2800 4947 2855 5001 in
2898 4959 3060 5016 quem
3105 4944 3180 4998 illi
3227 4943 3450 4999 credere
3492 4941 3748 4997 nolentes

2159 5041 2362 5111 pariter
2383 5055 2412 5092 a
2437 5037 2696 5093 Romanis
2716 5053 2840 5092 cum
2868 5050 2964 5091 sua
2991 5033 3124 5089 urbe
3156 5031 3412 5103 prostrati
3435 5037 3561 5086 sunt

2230 5131 2403 5186 Homo
2432 5129 2526 5200 qui
2572 5128 2824 5184 arborem
2877 5127 2966 5182 ﬁci
3008 5125 3065 5181 in
3108 5125 3264 5178 vinea
3309 5137 3406 5187 sua
3451 5120 3744 5190 plantavit,

2157 5221 2407 5278 Christus
2443 5230 2544 5285 est.
2581 5219 2674 5290 qui
2705 5232 3029 5292 synagogam
3061 5215 3287 5272 Iudaico
3333 5213 3530 5285 pepqu
3553 5217 3753 5268 condi-

2159 5312 2262 5367 dit.
2280 5311 2452 5378 Quam
2471 5323 2595 5365 cum
2611 5309 2868 5365 Dominus
2894 5306 3048 5374 quasi
3076 5304 3321 5359 inutilmn
3341 5301 3598 5371 iussisset
3621 5301 3754 5356 abs-

2162 5404 2291 5468 cidi,
2338 5403 2399 5458 ﬁt
2448 5401 2523 5456 illi
2572 5416 2602 5455 a
2652 5399 2862 5456 colonis
2900 5396 3158 5466 apostolis
3201 5395 3345 5450 fossa
3395 5392 3746 5448 humilitatis.

2161 5493 2460 5550 Adhibetur
2480 5499 2536 5546 et
2565 5499 2796 5554 stercus,
2827 5487 2882 5542 id
2907 5495 3012 5551 est,
3043 5484 3312 5541 confessio
3348 5489 3699 5554 peccatorum
3727 5496 3744 5535 :

2161 5583 2347 5652 sicque
2374 5584 2428 5638 in
2457 5580 2755 5644 novissimo
2773 5577 3044 5642 credendo
3079 5574 3502 5631 commutabitur
3527 5574 3586 5628 in
3623 5585 3746 5628 me»

2165 5674 2282 5737 lius,
2315 5672 2569 5742 dabitque
2593 5668 2804 5737 fructus
2819 5668 3050 5739 justitia:
3076 5667 3343 5735 copiosos.
