4064 6206
351 337 418 399 8l
1350 346 1436 405 DE
1474 348 1824 408 UNIVERSO
1859 350 2036 410 LIBRI
2079 352 2239 409 XXII.
2281 376 2350 397 -ά
2388 358 2516 416 LlB.
2555 363 2641 419 IV.
3547 375 3617 429 8‘3

426 456 618 512 Mulier
652 471 776 526 quae
797 455 990 513 decem
1029 465 1085 514 et
1115 467 1238 514 octo
1259 474 1432 518 annos
1461 461 1798 524 inﬁrmitatis
1836 464 1937 518 ha-
1964 488 2015 548 Α
2041 467 2400 537 superhiendo
2429 466 2656 528 reeessit
2673 489 2782 530 non
2798 473 3129 546 justilicams
3152 516 3169 545 ,
3201 479 3339 536 alter
3365 482 3616 538 humilia-

351 550 485 604 hvns
505 566 536 603 a
564 549 794 605 Domino
816 559 1001 608 erecta
1047 559 1153 617 est,
1177 551 1434 610 Ecclesia:
1483 563 1642 626 typus
1683 567 1786 620 est,
1817 571 1937 626 quae
2038 565 2125 611 tus
2156 558 2460 616 conﬁtendo
2493 562 2911 635 appropinquari
2939 569 3139 630 meruit
3163 570 3449 631 esaltatus.

349 641 403 692 in
452 639 561 694 ﬁne
611 648 918 710 temporum
945 641 1172 697 salutem
1213 643 1334 697 ﬁdei
1363 654 1655 702 consecuta
1696 655 1794 702 est.
1828 646 1932 702 Sex

345 729 491 782 enim
520 729 775 784 mtatibus
803 731 1039 786 mundus
1066 731 1170 788 iste
1199 733 1517 804 completur,
1550 736 1706 806 cujus
1752 745 1931 793 tamen

346 826 564 886 tempus
594 817 760 872 habet
783 819 1112 888 tripertitam
1149 821 1555 888 discretionem,
1601 841 1763 880 unam
1808 837 1932 881 ante

345 910 542 978 legem,
594 908 820 964 alteram
847 909 902 962 in
934 909 1075 980 lege,
1103 911 1320 965 tertiam
1368 913 1468 967 sub
1492 914 1686 984 gratia.
1743 914 1931 970 Sexies

342 1013 475 1068 ergo
500 1000 639 1053 terni
665 1001 854 1056 decem
877 1009 932 1055 et
958 1011 1083 1057 octo
1111 1002 1372 1058 efﬁciunt.
1404 1003 1520 1071 Quo
1551 1022 1776 1061 numero
1803 1017 1933 1062 tem~

341 1105 442 1160 pus
473 1090 578 1144 hoc
607 1099 808 1147 nostra;
828 1092 1021 1148 salutis
1053 1093 1379 1158 insinuatur,
1409 1097 1624 1165 quando
1650 1113 1682 1152 a
1713 1097 1928 1154 Satanae

341 1181 596 1246 vinculis,
617 1182 816 1252 quibus
839 1183 1204 1240 curvabamur
1251 1189 1440 1251 erecti,
1491 1189 1692 1244 donum
1739 1190 1930 1246 salutis

339 1279 392 1324 et
421 1285 575 1338 spem
608 1287 857 1342 superna:
877 1273 1351 1344 contemplationis
1391 1278 1707 1348 accipimus.

410 1358 778 1429 llydropicus,
807 1376 967 1431 quem
1009 1365 1268 1421 Dominus
1312 1368 1553 1434 curavit,
1593 1371 1926 1427 demonstrat

338 1465 429 1504 eos
454 1467 594 1519 quos
616 1451 794 1508 ﬂuxus
816 1454 1114 1510 carnalium
1137 1457 1475 1529 voluptatum
1504 1463 1810 1520 exuberans
1832 1481 1924 1537 ag-

335 1550 545 1612 gravat.

402 1633 578 1692 Homo
614 1635 826 1694 habens
851 1639 988 1695 duos
1025 1640 1188 1707 ﬁlios,
1221 1640 1362 1699 Deus
1387 1654 1472 1700 est
1509 1646 1918 1718 intelligendus,

334 1725 537 1780 habens
586 1727 723 1782 duos
767 1730 1042 1800 populos:
1085 1748 1314 1803 quorum
1368 1736 1542 1804 major
1578 1738 1804 1810 ﬁguram
1842 1751 1920 1798 te-

2105 645 2291 703 Cmcus
2336 650 2527 707 sedens
2570 668 2728 710 secus
2775 655 2937 722 viam,
2987 656 3244 728 populum
3282 660 3612 718 demonstrat

2033 735 2318 803 gentilctn,
2343 739 2433 808 qui
2464 754 2563 811 per
2589 743 2788 798 Christi
2823 745 3058 816 gratiam
3102 746 3224 802 ﬁdei
3265 751 3463 806 meruit
3499 752 3609 807 cla-

2033 825 2266 880 ﬁmmm.

2100 914 2378 984 Zachaeus,
2392 919 2484 988 qui
2512 919 2897 992 interpretatur
2911 925 3108 995 justus,
3138 928 3251 992 sive
3257 929 3605 1000 justi/Scottis,

2028 1013 2121 1058 aut
2141 1004 2540 1076 justi/leundas,
2567 1012 2786 1081 gentilis
2813 1024 2896 1070 cst
2923 1017 3152 1086 populus
3175 1060 3190 1084 ,
3222 1023 3395 1092 gratia
3443 1023 3610 1076 meri-

2028 1101 2203 1148 torum
2231 1097 2489 1166 pusillus,
2517 1101 2610 1172 qui
2649 1109 2828 1158 tamen
2852 1121 2884 1159 a
2915 1109 3149 1164 terrenis.
3173 1111 3384 1166 actibus
3425 1111 3603 1168 suble-

2024 1192 2180 1240 vatus
2220 1201 2316 1256 per
2351 1187 2553 1259 lignum
2606 1192 2898 1250 Dominicte
2944 1198 3123 1254 crucis
3163 1197 3365 1255 Christi
3403 1208 3609 1274 mysta»

2024 1274 2164 1330 rium
2193 1281 2605 1350 contemplatur.

2092 1364 2266 1421 llomo
2301 1370 2515 1437 nobilis,
2549 1375 2640 1444 qui
2671 1375 2723 1430 in
2751 1375 3099 1448 longinquam
3127 1379 3260 1436 abiit
3289 1371 3560 1451 regionem
3585 1424 3600 1449 ,

2022 1458 2269 1545 accipere
2293 1462 2395 1516 sibi
2429 1480 2650 1536 regnum
2670 1508 2685 1532 ,
2717 1467 3127 1539 Redemptorem
3158 1484 3402 1530 nostrum
3432 1474 3601 1545 signi-

2015 1544 2171 1618 ﬁcat,
2202 1550 2291 1618 qui
2331 1567 2503 1622 usque
2559 1556 2625 1611 ad
2679 1556 2815 1613 ﬁnes
2856 1566 3017 1615 terrae
3069 1562 3314 1630 pervenit
3359 1544 3603 1634 accipere

2020 1655 2244 1712 regnum
2273 1645 2325 1698 in
2358 1646 2570 1716 populis
2598 1649 2858 1719 gentium.

2089 1734 2246 1791 Cives
2270 1778 2285 1803 ,
2331 1740 2418 1808 qui
2456 1739 2744 1797 noluerunt
2768 1758 2893 1798 eum
2916 1758 3142 1816 regnare
3165 1785 3180 1810 ,
3206 1743 3375 1801 Judaei
3405 1743 3601 1802 intelli-

333 1817 445 1871 nuit
470 1815 682 1873 Judaici
714 1821 897 1889 populi
925 1823 1015 1891 qui
1039 1825 1337 1893 permansit
1359 1827 1412 1881 in
1444 1828 1537 1883 Dei
1566 1830 1711 1884 cultu
1737 1848 1750 1896 ;
1780 1831 1917 1887 alter
1942 1860 1990 1918 Β
2017 1835 2217 1918 suum
2237 1869 2252 1893 ,
2285 1831 2376 1898 (Ιυί
2405 1830 2680 1886 Christum
2709 1848 2892 1906 regem
2919 1815 3258 1906 spreverunt.

333 1908 508 1962 minor
527 1910 928 1980 gentium,qui,
947 1912 1236 1970 Conditore
1263 1913 1496 1979 deserto,
1522 1934 1715 1975 servus
1739 1919 1914 1978 factus

329 2004 410 2050 est
431 1997 722 2062 idolorum,
749 2015 912 2069 quem
943 2017 1038 2070 per
1064 2011 1362 2072 egestatem
1395 2005 1518 2061 ﬁdei
1550 2017 1910 2066 revertentem

329 2088 624 2144 clementer
653 2092 882 2162 suscipit
921 2093 1064 2150 Deus
1094 2094 1256 2151 Pater
1279 2137 1294 2162 ,
1330 2107 1386 2152 et
1428 2114 1529 2168 pro
1558 2104 1912 2159 conversione

329 2179 437 2249 ejus
458 2181 566 2235 sub
598 2181 754 2236 vituli
787 2188 914 2254 typo
943 2183 1137 2240 Filium
1167 2186 1412 2242 immolat
1438 2190 1690 2258 unicum;
1722 2194 1911 2249 tribuit

327 2274 482 2329 etiam
511 2275 780 2330 annulum
831 2276 991 2344 ﬁdei,
1034 2287 1090 2333 et
1118 2280 1255 2336 stola
1286 2282 1706 2342 immortalitatis
1736 2287 1911 2342 induit

326 2380 461 2420 cum.
495 2366 821 2438 Quanquam
873 2368 1090 2427 Judmus
1136 2371 1306 2427 frater
1351 2375 1535 2431 livoris
1595 2387 1910 2449 torqueatur

328 2455 543 2522 invidia,
574 2474 678 2528 pro
707 2459 884 2515 salute
915 2470 1092 2517 tamen
1124 2464 1241 2534 ejus
1265 2466 1462 2535 gaudio
1490 2469 1726 2525 concinit
1751 2486 1909 2542 ange-

324 2548 489 2603 lorum
515 2552 864 2622 symphonia.

389 2639 746 2711 Dispensator
778 2645 1038 2717 prodigus
1064 2688 1080 2712 ,
1117 2663 1276 2718 quem
1316 2649 1568 2709 dominus
1595 2669 1626 2708 a
1665 2655 1904 2712 villicatu

325 2734 554 2787 amoveri
583 2739 873 2806 prmeepit,
921 2747 978 2792 et
1028 2739 1273 2796 fraudem
1319 2741 1522 2801 faciens
1550 2746 1766 2802 domino
1807 2764 1905 2805 suo

325 2825 581 2879 relaxavit
608 2825 945 2884 debitoribus
983 2831 1098 2885 suis
1131 2841 1340 2902 partem
1365 2875 1381 2899 ,
1411 2844 1470 2890 ut
1515 2837 1739 2894 haberet
1765 2843 1904 2897 unde

326 2912 376 2966 in
399 2921 677 2982 posterum
699 2917 934 2981 viveret,
967 2919 1082 2975 haec
1123 2925 1457 2992 comparatio
1497 2927 1565 2981 ad
1597 2929 1902 3000 exemplum

325 3005 486 3058 nostri
531 3006 812 3076 preposita
856 3017 958 3063 est.
1000 3009 1131 3065 Nam
1157 3013 1200 3067 si
1236 3015 1325 3070 ille
1349 3031 1380 3069 a
1408 3017 1626 3075 domino
1657 3036 1756 3076 suo
1789 3023 1904 3079 laue-

323 3093 431 3148 dari
472 3099 800 3164 promeruit,
841 3100 934 3169 qui
977 3100 1224 3158 fraudem
1248 3106 1298 3160 ei
1325 3105 1526 3164 faciens
1548 3111 1602 3165 in
1625 3122 1900 3182 posterum

321 3185 416 3239 sibi
443 3187 510 3240 de
538 3188 734 3243 alienis
764 3191 927 3246 rebus
955 3195 1190 3261 providit
1214 3237 1230 3261 ,
1259 3209 1460 3267 quanto
1487 3205 1657 3274 magis
1684 3205 1901 3264 Christo
1928 3221 1972 3282 ρ

321 3274 526 3344 placere
553 3293 866 3347 possumus,
891 3284 938 3338 si
958 3298 1023 3338 ex
1053 3286 1215 3342 rebus
1244 3291 1446 3346 nostris
1471 3294 1897 3356 misericordiam

322 3365 682 3436 indigentibus
713 3369 976 3428 faciamus
1000 3414 1014 3437 ,
1047 3390 1077 3428 a
1122 3378 1319 3446 quibus
1355 3383 1519 3452 recipi
1551 3385 1606 3439 in
1654 3387 1901 3445 taberna-

320 3455 431 3510 cula
457 3466 664 3513 :eterna
691 3462 1003 3529 possimus?

387 3547 568 3612 Dives,
595 3551 689 3618 qtti
712 3551 1040 3607 induebatur
1072 3572 1338 3627 purpura,
1387 3561 1657 3632 signiﬁcat
1687 3565 1898 3624 Iudaeo-

319 3652 432 3692 rum
457 3643 770 3710 superbiam
805 3642 1084 3702 ﬂorentem
1113 3651 1380 3718 quondam
1415 3653 1624 3724 imperii
1652 3657 1898 3716 claritate

319 3730 396 3784 vel
425 3731 650 3788 honoris
675 3735 1014 3792 excellentia.

382 3823 660 3880 Mendicns
689 3827 965 3885 ulcerosus
997 3831 1335 3891 demonstrat
1359 3841 1613 3908 gentilem
1643 3843 1895 3912 populum

318 3914 748 3973 confessionibus
814 3931 1158 3988 peccatorum
1218 3929 1578 3986 humiliatum.
1650 3934 1897 4007 Quinque

318 4004 506 4096 fratres
531 4009 720 4064 divitis
755 4010 929 4078 illius,
960 4016 1052 4084 qui
1079 4020 1219 4086 apud
1253 4019 1456 4077 inferos
1497 4004 1848 4095 torquebatur
1879 4070 1894 4096 ,

504 4099 900 4170 intelliguntur,
929 4106 1020 4174 qui
1050 4108 1149 4163 sub
1175 4111 1412 4181 quinque
1449 4092 1613 4170 libris
1638 4117 1772 4189 legis
1794 4092 1894 4190 po;

313 4188 398 4241 siti
425 4199 570 4243 sunt.

381 4281 574 4337 Decem
607 4285 806 4355 leprosi
837 4290 928 4357 qui
960 4291 1288 4347 mundantur
1314 4309 1344 4346 a
1370 4295 1600 4350 Domino
1624 4338 1640 4363 ,
1674 4299 1893 4355 haereti-

312 4384 402 4428 cos
426 4376 860 4448 significant,qui
887 4379 942 4434 in
970 4382 1229 4437 varietate
1253 4385 1493 4441 colorum
1524 4388 1891 4446 diversitatem

312 4462 508 4520 habent
553 4468 942 4536 schismatum;
991 4473 1082 4542 qui
1129 4474 1250 4529 ideo
1279 4477 1344 4530 ad
1383 4481 1718 4534 sacerdotem
1762 4481 1890 4536 mit-

2089 1916 2293 1975 Servus
2340 1937 2469 1978 vero
2514 1924 2607 1993 qui
2652 1941 2835 1980 mnam
2886 1942 3049 1982 unam
3098 1928 3369 2000 accipiens
3411 1929 3596 1984 decem

2013 2012 2337 2080 acquisivit,
2367 2015 2635 2085 signiﬁcat
2661 2016 2913 2073 doctores
2939 2059 2953 2083 ,
2994 2019 3084 2088 qui
3107 2059 3123 2084 ,
3170 2025 3391 2090 accepta
3425 2019 3596 2090 gratia

2011 2102 2306 2174 Evangelii,
2342 2105 2394 2160 in
2433 2107 2617 2160 decem
2660 2109 2946 2162 verborum
2975 2109 3406 2178 prtedicamcntis
3435 2110 3596 2164 benc-

2010 2194 2137 2250 dicti
2170 2207 2326 2261 sunt,
2359 2205 2413 2252 et
2442 2199 2682 2254 docendo
2709 2200 2908 2256 multos
2937 2202 2992 2256 in
3023 2201 3125 2257 fide
3145 2203 3548 2272 acquisivcrunt
3575 2218 3591 2268 ;

2009 2285 2214 2342 idcirco
2239 2288 2556 2343 adveniente
2602 2289 2830 2345 Domino
2871 2290 3090 2346 Christo
3132 2291 3438 2357 laudantur,
3463 2292 3592 2362 quia

2010 2374 2206 2431 lucrati
2257 2385 2404 2432 sunt.
2441 2377 2543 2446 Qui
2583 2394 2714 2433 vero
2739 2393 2806 2432 ex
2837 2396 2944 2434 una
2990 2381 3227 2452 quinque
3261 2381 3544 2450 acquisivit
3573 2421 3588 2446 ,

2007 2465 2127 2521 illos
2155 2465 2510 2532 demonstrat,
2547 2468 2640 2540 qui
2675 2469 2925 2522 mandata
2955 2469 3047 2522 Dei
3082 2478 3379 2534 servantes,
3395 2485 3585 2524 conse-

2007 2566 2247 2626 quuntur
2287 2559 2566 2613 scientiam
2616 2557 2749 2628 legis
2806 2559 2859 2613 in
2907 2559 3144 2629 quinque
3205 2560 3357 2615 libris
3423 2560 3588 2639 Moysi

2007 2646 2263 2716 scriptam
2287 2687 2300 2710 ,
2343 2661 2572 2717 eamque
2610 2646 2885 2702 edocendo
2910 2647 2978 2701 ad
3005 2656 3162 2704 uSllm
3191 2648 3378 2704 salutis
3406 2665 3590 2704 neces-

2005 2737 2207 2792 sariam
2249 2739 2515 2795 fcnerant.
2565 2738 2667 2806 Qui
2710 2754 2840 2794 vero
2887 2755 3069 2794 mnam
3117 2756 3278 2795 unam
3322 2742 3492 2812 ipsam
3536 2742 3586 2796 in

2005 2827 2225 2883 sudario
2279 2828 2662 2894 conservavit,
2713 2829 2951 2884 ostendit
2996 2845 3118 2886 eum
3175 2830 3266 2900 qui
3323 2831 3586 2886 creditum

2005 2917 2106 2972 sibi
2134 2919 2321 2990 gratia:
2337 2917 2540 2973 donum
2575 2919 2800 2974 delicate
2825 2919 3104 2988 otioseque
3130 2921 3402 2976 tractavit.
3435 2919 3588 2976 Unde

2003 3015 2058 3061 et
2079 3015 2226 3063 recte
2253 3007 2467 3062 amittet
2494 3007 2743 3063 collatam
2772 3008 2998 3079 gratiam
3024 3049 3039 3072 ,
3071 3007 3162 3077 qui
3188 3023 3284 3077 per
3312 3008 3588 3078 negligen-

2004 3099 2132 3153 tiam
2177 3100 2476 3169 prtedicarc
2516 3099 2872 3170 contempsit,
2901 3107 2956 3154 ut
2986 3100 3034 3154 ci
3061 3108 3316 3170 augeatur
3340 3100 3432 3170 qui
3463 3099 3586 3154 inde

2005 3192 2290 3249 laboravit.

2075 3284 2247 3340 Vidua
2275 3299 2394 3355 quae
2428 3284 2480 3338 in
2532 3285 2973 3355 gazophylacium
3010 3285 3115 3339 duo
3164 3283 3370 3338 minuta
3412 3281 3585 3354 jecit,

2000 3376 2236 3429 animam
2262 3373 2472 3428 fidelem
2503 3373 2862 3439 demonstrat,
2892 3389 3011 3444 qua:
3037 3375 3090 3428 in
3121 3375 3377 3429 thesauro
3405 3371 3584 3428 cordis

1999 3464 2236 3520 fructum
2279 3464 2585 3520 dilectionis
2629 3464 2723 3518 Dei
2754 3471 2809 3518 ct
2835 3466 3069 3534 proximi
3098 3473 3296 3520 servat.

2072 3555 2314 3625 Sponsus
2343 3555 2593 3611 Christus
2638 3562 2749 3620 est,
2784 3555 2936 3624 cujus
2962 3556 3161 3626 nuptis:
3187 3571 3311 3610 cum
3346 3555 3583 3627 Ecclesia

1999 3647 2372 3712 celebrantur;
2422 3647 2476 3702 in
2509 3645 2666 3717 cujus
2707 3647 3083 3717 conjunctione
3127 3663 3266 3717 aqua
3302 3648 3355 3702 in
3395 3648 3580 3703 vinum

1998 3746 2258 3803 mutatur,
2296 3738 2420 3807 quia
2441 3737 2726 3794 credentes
2766 3750 2864 3807 per
2897 3737 3100 3792 lavacri
3143 3737 3373 3808 gratiam
3401 3745 3578 3793 trans-

1996 3837 2127 3882 eunt
2163 3828 2230 3882 ad
2258 3825 2524 3898 passionis
2547 3841 2822 3882 coronam.

2067 3919 2488 3976 Architriclinus
2512 3959 2526 3984 ,
2553 3916 2766 3988 Moyses
2806 3916 3126 3988 intelligitur
3149 3958 3162 3982 ,
3211 3917 3304 3986 qui
3351 3917 3582 3970 miratur

1997 4011 2275 4067 meliorem
2298 4019 2353 4067 et
2374 4011 2709 4067 sanctiorem.
2725 4009 2982 4080 p0pulum
3001 4023 3099 4078 per
3117 4006 3302 4062 Jcsum
3327 4007 3380 4060 in
3414 4007 3582 4061 Evan-

1996 4103 2135 4174 gelio
2159 4110 2566 4173 congregatum,
2593 4116 2757 4169 qttam
2791 4100 2939 4154 illum
2971 4098 3206 4169 priorem
3248 4097 3315 4151 ab
3343 4095 3579 4168 Egypto

1994 4192 2268 4248 eductum.
2304 4191 2541 4245 Finitum
2591 4190 2736 4243 enim
2785 4189 2967 4244 vinum
3027 4187 3267 4242 ostendit
3312 4187 3579 4241 sublatam

1993 4294 2112 4336 esse
2141 4280 2369 4352 gratiam
2403 4278 2638 4350 Spiritus
2660 4277 2834 4332 sancti
2862 4292 2892 4331 a
2921 4274 3144 4342 Judmis,
3168 4283 3222 4332 et
3245 4291 3339 4346 per
3357 4286 3575 4347 aposto—

1993 4373 2076 4430 los
2099 4373 2150 4427 in
2177 4372 2428 4444 gentibus
2459 4370 2847 4426 contributam.

2063 4463 2252 4520 Mulier
2280 4461 2618 4517 Samaritana
2654 4459 2882 4530 mystice
2921 4455 3240 4528 intelligitur
3271 4457 3571 4536 Synagoga,

312 4561 494 4611 tuntur
515 4567 610 4624 ut,
637 4561 860 4615 detonsa
897 4563 1043 4617 omni
1071 4566 1330 4621 varietate
1359 4583 1604 4624 errorum
1625 4609 1640 4636 ,
1665 4571 1887 4627 unitatis
1913 4585 1965 4644 ι)
1989 4555 2229 4627 quinque
2249 4555 2402 4612 “bris
2427 4552 2592 4644 legis}
2623 4549 2778 4621 quasi
2809 4548 3214 4644 q“i"q“e_"iris
3232 4589 3248 4614 ν
3273 4549 3573 4644 δῗθυηδξω

308 4649 609 4718 percipiant
643 4661 1066 4709 sacramentum.

380 4740 547 4796 Judex
575 4743 815 4812 iniquus,
843 4747 934 4816 qui
963 4747 1250 4803 Dominum
1287 4765 1395 4805 non
1435 4753 1699 4820 timebat,
1747 4757 1886 4813 assi-

309 4830 413 4884 due
447 4841 624 4887 tamen
655 4834 1032 4904 deprecantem
1080 4839 1297 4895 viduam
1327 4843 1604 4899 exaudivit
1627 4886 1641 4908 ,
1692 4848 1886 4902 simili-

311 4923 439 4974 tudo
471 4932 557 4978 est
587 4938 694 4992 qua
746 4925 1146 4984 demonstratur
1187 4942 1445 5000 quantam
1491 4951 1641 5005 spem
1685 4936 1886 4993 habere

310 5011 468 5066 debet
497 5015 590 5084 qui
643 5015 812 5071 Deum
849 5018 1218 5077 indesinenter
1256 5025 1528 5092 exposcit,
1571 5040 1695 5082 cum
1722 5027 1886 5084 etiam

309 5102 447 5168 apud
471 5119 632 5160 aures
662 5104 844 5173 injusti
870 5109 1070 5179 judicis
1090 5112 1315 5168 valuerit
1344 5113 1599 5184 frequens
1631 5115 1887 5173 instantia

308 5192 480 5247 vidua
529 5195 893 5264 deprecantis.
948 5199 1066 5270 Ipsa
1125 5212 1302 5258 autem
1360 5205 1522 5260 vidua
1584 5206 1888 5278 signiﬁcare

303 5290 482 5350 potest
521 5284 825 5343 Eoclesiam
867 5299 1280 5360 perseveranter
1312 5295 1395 5351 sui
1431 5303 1705 5364 petentem
1730 5297 1888 5356 ultio-

306 5389 432 5429 nem
455 5377 522 5432 de
545 5378 783 5436 inimicis
806 5383 921 5438 suis
944 5423 961 5448 ,
996 5384 1096 5440 hoc
1119 5394 1225 5451 est,
1263 5386 1477 5443 diabolo
1504 5399 1563 5444 et
1594 5390 1882 5448 hareticis.

377 5465 682 5524 Pharisaei;
708 5487 874 5530 orans
900 5475 953 5530 in
983 5476 1206 5548 templo,
1242 5475 1549 5533 Judaeon
1594 5487 1680 5535 est
1718 5495 1887 5550 popu-

303 5557 407 5623 lus,
435 5563 528 5630 qui
555 5577 621 5617 ex
641 5562 1124 5632 justiﬁcationibus
1151 5567 1285 5638 legis
1312 5567 1524 5623 extabit
1544 5568 1736 5626 merita
1763 5585 1879 5629 Sua.

1991 4663 2211 4704 sensum
2246 4645 2430 4703 carnis
2464 4641 2750 4712 subjecta;
2801 4655 2964 4714 quam
3001 4639 3429 4694 misericorditer
3465 4638 3573 4694 Do-

1990 4741 2172 4794 minus
2207 4743 2466 4808 provocat
2501 4733 2720 4789 haurire
2765 4746 2962 4803 aquam
3008 4729 3209 4794 vivam,
3241 4729 3439 4784 lavacri
3471 4729 3571 4784 sci-

1989 4831 2117 4886 licet
2147 4828 2426 4900 percipere
2450 4823 2679 4898 gratiam
2704 4863 2720 4889 ,
2761 4821 2848 4878 vel
2897 4830 3165 4878 secretam
3199 4821 3331 4892 legis
3370 4819 3572 4874 intelli-

1989 4932 2254 5073 gellldlhii‘e'r
2285 5015 2528 5070 adultera
2552 5051 2568 5078 ,
2607 5023 2728 5082 quae
2756 5007 2981 5063 offertur
3027 5006 3256 5063 Domino
3293 5019 3324 5058 a
3372 5003 3572 5061 Iudaeis

1992 5110 2301 5183 lapidanda,
2345 5105 2585 5164 Ecclesia
2613 5110 2733 5167 est;
2771 5114 2892 5172 qua:
2928 5098 3100 5169 prius,
3131 5095 3320 5152 relicto
3345 5095 3480 5160 Deo,
3514 5094 3570 5148 in

1993 5201 2151 5256 idolis
2170 5198 2345 5255 fuerat
2365 5196 2652 5258 fornicata,
2667 5203 2828 5262 quam
2847 5186 3061 5242 volebat
3086 5185 3366 5258 Synagoga
3387 5183 3572 5239 zelans

1992 5290 2296 5348 interﬁcere
2327 5306 2340 5340 :
2365 5285 2617 5344 Christus
2639 5280 2810 5339 salvat
2841 5295 2940 5352 per
2961 5275 3336 5349 remissionem
3365 5271 3567 5337 delicti,

1989 5396 2092 5438 nec
2137 5379 2268 5436 sinit
2301 5392 2423 5434 cam
2452 5376 2632 5448 perire
2656 5415 2671 5440 ,
2701 5372 2793 5444 qui
2833 5369 2983 5427 novit
3018 5367 3231 5422 veniam
3260 5361 3570 5419 condonare

1990 5469 2358 5544 peccantibus.

2056 5564 2245 5620 Simon
2267 5561 2514 5633 leprosus
2537 5555 2756 5632 gentilis
2773 5561 2860 5612 est
2876 5549 3126 5629 populus,
3153 5546 3357 5618 quiest
3393 5559 3424 5599 a
3452 5543 3563 5600 Re-

303 5653 627 5712 Publicanus
665 5673 799 5713 vero
827 5658 1043 5728 gentilis
1072 5667 1158 5714 est
1207 5658 1434 5730 populus
1464 5699 1480 5727 ,
1520 5659 1612 5728 qui
1662 5660 1821 5732 longe
1853 5675 1882 5714 a
1983 5661 2261 5729 demptore
2285 5652 2600 5710 mundatus.

305 5750 418 5808 Deo
443 5752 652 5823 positus
679 5756 970 5814 conﬁtetur
1001 5760 1225 5824 peccata
1265 5766 1361 5808 sua
1408 5769 1423 5809 :
1466 5767 1694 5816 quorum
1743 5765 1881 5807 tt-”

2049 5724 2244 5806 Mulier
2294 5760 2415 5820 quae
2448 5745 2721 5814 unguento
2753 5741 2912 5811 caput
2965 5728 3181 5792 Domini
3227 5727 3405 5793 unxit,
3455 5724 3558 5780 Ez—
