4064 6206
439 379 511 438 83
733 352 741 360 ’
1085 379 1150 438 Β.
1193 379 1450 438 RABANI
1483 381 1709 438 MAURI
1747 379 2065 437 ARCHIEP.
2107 377 2420 436 MOCUNT.
2461 373 2747 436 OPERUM
2781 378 2960 436 PARS
2995 379 3059 436 ll.
3627 379 3706 438 84

443 499 606 555 etesia
632 502 738 563 est,
779 511 900 568 quae
939 497 1176 578 fructum
1197 497 1278 553 sui
1306 498 1486 568 operis
1505 538 1520 562 ,
1547 498 1776 568 ﬁdeique
1802 498 2021 552 odorem
2051 502 2102 559 Α
2125 507 2381 565 suerunt,
2427 498 2656 570 populus
2700 499 3014 572 gentilitatis
3049 501 3396 573 intelligitur,
3427 507 3519 576 qui
3543 521 3706 578 pene-

445 589 513 643 ad
534 587 746 643 laudem
774 587 870 642 Dei
903 595 958 641 et
983 577 1184 642 Christi
1213 588 1439 659 gloriam
1471 587 1657 644 refert.
1679 587 1915 659 Angelus
1935 587 2024 641 ille

439 679 512 734 ad
538 675 691 748 cujus
716 679 1038 734 descensum
1062 677 1381 734 movebatur
1410 693 1550 748 aqua
1586 678 1824 748 quinque
1853 677 2024 747 porti-

443 769 596 827 cibus
616 771 814 837 cincta,
835 769 1086 827 Christus
1107 782 1210 834 est,
1248 771 1302 826 in
1333 771 1486 842 cujus
1514 771 1745 826 adventu
1774 772 2024 826 turbatus

441 874 526 920 est
548 861 856 920 Iudaeorum
879 863 1108 936 populus
1127 865 1365 934 quinque
1385 863 1538 920 libris
1558 864 1690 934 legis
1711 866 2018 922 conclusus.

441 955 816 1010 Descendente
853 954 996 1009 enim
1032 953 1224 1025 angelo
1266 956 1714 1010 commovebatur
1754 971 1913 1026 aqua,
1967 967 2022 1012 et

441 1045 734 1099 sanabatur
776 1044 1054 1111 inﬁrmus;
1081 1044 1440 1100 descendente
1465 1045 1534 1100 de
1572 1047 1726 1102 ccelis
1757 1046 1972 1102 Christo
2001 1088 2016 1111 ,

425 1143 743 1206 ,commotus
769 1143 851 1192 est
878 1136 933 1191 in
979 1136 1230 1206 passione
1257 1136 1373 1206 ejus
1397 1137 1538 1193 idem
1565 1137 1820 1209 populus,
1847 1148 1902 1193 et
1933 1152 2022 1193 sa-

327 1255 342 1263 σ
441 1234 600 1280 natus
629 1235 711 1281 est
742 1226 993 1282 mundus.

512 1322 699 1378 Caecus
723 1337 752 1377 a
780 1323 1061 1380 nativitate
1085 1365 1100 1389 ,
1131 1340 1292 1395 quem
1325 1325 1586 1380 Dominus
1619 1325 1799 1380 unctis
1846 1325 2019 1380 oculis

441 1414 506 1468 ad
536 1413 798 1484 piscinam
831 1411 978 1470 Siloc
1011 1415 1158 1469 misit
1191 1414 1498 1479 lavandum,
1541 1414 1812 1486 signiﬁcat
1846 1431 2020 1486 genus

440 1507 734 1562 humanum
763 1522 795 1561 a
830 1508 1110 1562 n'ativitate
1135 1549 1150 1573 ,
1180 1507 1233 1562 id
1263 1516 1348 1563 est
1371 1549 1386 1572 ,
1427 1523 1454 1562 a
1483 1509 1660 1578 primo
1687 1509 1906 1564 homine
1931 1526 2018 1564 er-

439 1611 561 1651 rore
589 1595 880 1668 [errorum]
914 1596 1147 1652 tenebris
1187 1597 1454 1652 vitiatum.
1501 1597 1664 1667 Cujus
1702 1599 1888 1653 oculos
1921 1598 2020 1652 Do-

441 1689 619 1744 minus
643 1689 711 1742 de
737 1698 892 1757 sputo
913 1695 970 1744 et
994 1689 1105 1744 luto
1129 1688 1322 1753 linivit,
1347 1689 1471 1758 quia
1506 1687 1731 1744 Verbum
1773 1705 1896 1743 caro
1938 1688 2018 1759 fa-

441 1789 580 1833 ctum
605 1788 680 1834 est
710 1777 892 1853 (Jaan.
919 1779 993 1850 t);
1021 1787 1076 1835 et
1097 1777 1266 1834 lavari
1285 1779 1470 1834 oculos
1495 1780 1548 1833 in
1571 1779 1778 1848 piscina
1807 1776 1970 1846 jussit
2000 1819 2014 1844 ,

439 1877 500 1924 ut
524 1844 827 1939 baptizatus
870 1844 1188 1926 in'Christo
1234 1871 1506 1942 acciperet
1543 1844 1716 1926 lucem
1759 1844 1924 1938 ﬁdei,
1963 1879 2019 1927 et
2048 1844 2093 1903 Β

439 1960 686 2016 crederet
709 1957 763 2014 in
794 1975 915 2015 eum
941 1959 1030 2030 qui
1055 1959 1338 2016 visibiliter
1359 1961 1412 2015 in
1440 1962 1640 2016 mundo
1675 1963 1940 2032 apparuit.

512 2051 777 2116 Lazarus,
838 2053 930 2122 qui
976 2051 1364 2120 interpretatur
1411 2052 1666 2122 adjutus,
1716 2068 1876 2124 quem
1915 2053 2021 2110 Do-

439 2145 614 2199 minus
643 2144 1074 2213 quadriduannm
1120 2144 1374 2200 fetentem
1409 2147 1476 2200 de
1517 2156 1867 2202 monumento
1902 2163 2021 2202 sus-

437 2233 666 2300 citavit,
714 2232 984 2306 signiﬁcat
1018 2235 1298 2299 mundum,
1335 2251 1494 2306 quem
1535 2237 1852 2308 gravissima
1898 2254 2020 2308 pee-

437 2323 542 2380 cati
585 2326 916 2381 consuetudo
953 2337 1289 2397 corruperat.
1341 2327 1442 2395 Qui
1493 2337 1670 2384 tamen
1700 2339 1895 2400 quarto
1935 2331 2022 2384 die

436 2413 630 2470 mortis
653 2414 962 2470 suscitatur.
993 2411 1174 2468 Prima
1204 2415 1348 2470 enim
1379 2415 1494 2471 dies
1520 2419 1710 2473 mortis
1739 2426 1822 2472 est
1849 2425 2019 2472 tracta

437 2503 504 2558 de
547 2501 718 2556 Adam
763 2517 1002 2574 propago
1046 2503 1259 2558 mortis.
1310 2503 1492 2559 Altera
1544 2504 1660 2562 dies
1705 2508 1895 2562 mortis
1940 2517 2024 2563 est

436 2593 796 2662 transgressio
823 2593 958 2663 legis
983 2593 1260 2648 naturalis.
1293 2593 1473 2650 Tertia
1497 2595 1614 2653 dies
1644 2600 1852 2662 mortis,
1881 2615 2020 2668 prte-

437 2683 700 2738 varicatio
741 2683 880 2738 data:
929 2683 1081 2755 legis.
1128 2684 1330 2752 Quarta
1375 2685 1492 2743 dies
1533 2689 1724 2745 mortis
1760 2699 1845 2745 est
1887 2707 2020 2746 eon—

443 2781 678 2845 temptus
701 2774 1022 2844 evangelica:
1051 2775 1468 2845 przedieationis,
1501 2779 1554 2832 in
1587 2794 1694 2848 qua
1723 2781 1812 2836 die
1838 2779 2023 2836 Domi-

441 2879 547 2923 nus
593 2881 746 2921 suum
789 2881 924 2936 opus
973 2868 1270 2938 respiciens
1309 2869 1732 2926 misericorditer
1759 2873 2024 2929 suscitare

440 2957 688 3028 dignatus
719 2965 820 3013 est.

510 3047 708 3106 Servus
733 3050 992 3121 principis
1020 3053 1360 3108 sacerdotum
1390 3095 1404 3119 ,
1436 3053 1590 3126 cujus
1618 3055 1841 3112 dextera
1869 3073 2020 3113 auri-

435 3143 557 3199 cula
581 3153 922 3215 amputatur,
950 3145 1276 3202 lsraclitieus
1305 3157 1391 3202 est
1415 3148 1644 3220 populus
1667 3190 1684 3216 ,
1727 3150 1818 3220 qui
1851 3151 1904 3206 in
1937 3151 2020 3206 in-

437 3236 756 3296 credulitate
785 3250 972 3292 servus
999 3235 1221 3293 eﬁ‘ectus
1248 3248 1352 3293 est.
1391 3239 1493 3294 Hic
1518 3241 1796 3296 dexteram
1837 3257 2023 3298 aurem

436 3327 657 3392 amittit,
685 3326 810 3380 dum
842 3327 910 3382 ad
940 3325 1218 3382 sinistrum
1261 3327 1592 3385 intellectum
1621 3330 1815 3387 litterae
1841 3339 2024 3388 trans-

437 3418 552 3472 ivit.
598 3417 694 3473 Cui
735 3417 994 3473 Deminns
1039 3417 1094 3472 in
1123 3419 1208 3474 his
1241 3419 1330 3488 qui
1375 3419 1600 3476 credunt
1649 3423 1889 3478 auditum
1935 3439 2024 3480 rc-

437 3521 648 3568 siattral.
673 3511 816 3576 ﬁdei,
846 3519 902 3566 et
925 3511 1261 3568 obedientem
1292 3512 1567 3583 Evangelii
1589 3513 2022 3572 fecitmandatis.

437 3602 668 3672 Caiphas
713 3602 1051 3672 investigator
1069 3642 1084 3663 ,
1115 3610 1209 3656 aut
1230 3619 1430 3673 sagax,
1462 3611 1555 3658 aut
1577 3621 1784 3660 vomens
1811 3623 1918 3672 ore,
1944 3607 2026 3661 in—

440 3703 786 3766 terpretatur.
815 3694 1002 3764 Inique
1025 3694 1172 3749 enim
1193 3709 1290 3750 ore
1314 3711 1411 3750 suo
1446 3692 1655 3764 justum
1699 3697 2028 3752 condemna-

438 3786 537 3850 vit,
565 3785 813 3856 quamvis
841 3785 944 3838 hoc
975 3785 1235 3856 mysterio
1263 3785 1564 3856 prophetali
1607 3789 1980 3844 obnuntiasset
2005 3806 2019 3854 ;

439 3893 563 3932 nam
613 3875 754 3932 idem
803 3875 1056 3946 princeps
1087 3877 1463 3936 sacerdotum.
1512 3876 1604 3947 qui
1647 3877 1807 3934 scidit
1855 3880 2022 3934 vesti-

439 3977 680 4023 mentum
709 3981 866 4022 suum
896 3965 948 4020 in
981 3965 1193 4020 Domini
1219 3966 1490 4036 passione,
1527 3967 1730 4022 indicat
1771 3967 2023 4024 Hebraeo-

426 4042 560 4114 'rum
608 4057 858 4129 populum
923 4056 1183 4113 nudatum
1238 4057 1542 4112 sacerdotio
1596 4065 1651 4112 et
1705 4067 2022 4113 evacuatnm

440 4167 602 4223 regno
633 4152 822 4207 scisso.
851 4149 1142 4214 Barabbas,
1173 4149 1262 4220 qui
1292 4147 1491 4204 ludatis
1519 4145 1828 4214 dimittitur,
1853 4148 2022 4220 signi-

430 4246 565 4318 ﬁcat
589 4243 1003 4308 Antichristum,
1035 4258 1194 4313 quem
1221 4242 1294 4296 illi
1325 4250 1574 4298 errantes
1601 4243 1877 4314 suscipere
1906 4259 2020 4298 tne-

439 4343 665 4390 rucrunt
710 4348 810 4403 pro
859 4331 1098 4388 Christo.
1131 4333 1404 4388 Barabbas
1438 4333 1582 4388 enim
1637 4333 2025 4403 interpretatur

439 4425 582 4493 ﬁlias
612 4423 872 4493 magistri,
907 4437 1096 4477 eorum
1130 4422 1334 4494 absque
1362 4423 1525 4478 dubio
1559 4421 1866 4478 Iudaeorum
1907 4437 2024 4477 ma-

2124 589 2312 658 grinus
2361 589 2415 643 in
2467 589 2582 660 lege
2613 589 2868 646 obediens
2901 589 3134 646 edicitur
3167 593 3447 665 evangelio
3481 597 3697 656 amcis:

2123 679 2240 750 ipse
2265 680 2467 736 Christi
2491 682 2665 736 victor
2689 689 2746 738 et
2773 681 2893 738 ﬁdei
2918 681 3132 754 bajulus
3152 682 3348 740 factus.
3382 686 3500 742 Duo
3533 687 3712 747 lano-

2123 788 2220 828 nes
2241 774 2496 844 populum
2523 773 2832 844 exprimunt
2865 773 3171 830 Iudaeorum
3200 791 3264 831 ac
3292 777 3554 846 gentium,
3573 795 3714 850 quo-

2123 879 2242 919 rum
2273 881 2414 919 unus
2451 865 2758 920 incredulus
2799 865 3136 934 blasphemat
3164 866 3436 924 Christum
3461 869 3514 923 in
3541 884 3710 927 cruce

2120 955 2444 1024 pendentem
2471 996 2486 1024 ,
2517 955 2657 1012 alter
2701 956 2872 1029 ﬁdelis
2913 956 3124 1014 Iudaeos
3174 957 3420 1028 increpat
3453 961 3708 1028 blasphe-

2123 1055 2355 1100 mantes.

2191 1135 2436 1202 Quatuor
2470 1137 2702 1203 milites,
2731 1137 2824 1208 qui
2853 1149 3089 1210 quatuor
3123 1151 3304 1212 partes
3338 1145 3438 1200 sibi
3483 1146 3548 1200 dc
3575 1143 3706 1201 Iesu

2119 1228 2456 1284 vestimentis
2483 1227 2745 1293 fecerunt,
2761 1231 3245 1302 prmﬁguraverunt
3265 1244 3500 1304 quatuor
3523 1248 3709 1306 partes

2121 1319 2348 1382 mundi,
2401 1335 2520 1388 qute
2564 1319 2865 1376 diviserunt
2903 1325 3002 1378 sibi
3036 1324 3247 1394 eloquia
3277 1325 3479 1382 Christi
3502 1369 3517 1391 ,
3563 1329 3703 1383 sicut

2119 1409 2382 1479 scriptum
2417 1419 2501 1464 est
2539 1428 2552 1463 :
2587 1409 2830 1466 Lmtabar
2865 1430 2958 1482 ego
2991 1431 3149 1484 super
3171 1413 3376 1486 eloquia
3406 1426 3532 1484 tua,
3569 1419 3708 1472 sicut

2119 1501 2208 1570 qui
2237 1501 2427 1554 invenit
2453 1501 2618 1570 spolia
2643 1502 2808 1556 multa
2841 1501 3012 1574 (l’sai.
3045 1506 3253 1576 cvvnt).

2191 1589 2407 1645 Sanctae
2437 1591 2723 1658 mulieres,
2762 1609 2882 1664 quia:
2927 1605 3126 1650 seeutte
3161 1606 3286 1652 sunt
3328 1596 3510 1652 Iesum
3541 1614 3569 1652 a
3597 1597 3708 1654 Ca-

2119 1680 2257 1735 liltea
2283 1721 2297 1744 ,
2324 1682 2692 1740 ministrantes
2721 1685 2769 1738 ei
2800 1686 2866 1740 de
2895 1687 3210 1742 substantiis
3236 1689 3366 1752 suis,
3394 1705 3515 1758 qua:
3541 1689 3707 1744 etiam

2122 1772 2482 1828 interfuerunt
2517 1775 2570 1829 in
2600 1778 2850 1845 passione
2881 1776 2998 1846 ejus
3032 1785 3300 1841 astantes,
3351 1791 3408 1834 et
3458 1787 3579 1850 post
3625 1796 3714 1836 se-

2120 1861 2388 1932 pulturam
2433 1863 2550 1932 ejus
2573 1904 2589 1928 ,
2634 1867 2847 1922 caeteris
2891 1869 3304 1932 recedentibus,
3355 1870 3711 1924 remanebant

2119 1951 2368 2006 sedentes
2407 1963 2595 2007 contra
2634 1955 2940 2023 sepulcrum
2969 1973 2982 2010 :
3011 1957 3116 2011 hoc
3148 1965 3264 2022 est,
3297 1957 3464 2010 Maria
3492 1957 3710 2024 Magda-

2119 2040 2239 2095 lenc
2266 2083 2281 2104 ,
2322 2050 2377 2097 et
2421 2041 2586 2097 Maria
2618 2053 2794 2098 mater
2820 2043 3006 2100 Jacobi
3037 2054 3092 2100 et
3119 2045 3338 2115 Ioseph,
3377 2061 3496 2115 qua:
3539 2048 3707 2101 etiam

2121 2149 2275 2189 soror
2319 2134 2420 2189 fuit
2460 2135 2640 2190 Mariae
2671 2137 2860 2190 matris
2905 2137 3149 2203 Domini,
3189 2145 3245 2191 et
3273 2146 3447 2192 mater
3469 2137 3706 2192 ﬁliorum

2122 2227 2404 2292 Zebedaei,
2463 2243 2622 2298 quam
2687 2228 2898 2284 Marcus
2946 2229 3176 2300 appellat
3231 2228 3446 2286 Salomc
3505 2230 3704 2302 (Mare.

2122 2324 2232 2390 xvi)
2255 2363 2269 2386 ,
2297 2331 2353 2377 ct
2382 2323 2502 2378 alia:
2539 2323 2790 2379 mulieres
2816 2365 2830 2390 ,
2880 2341 3018 2394 quas
3071 2325 3123 2379 in
3173 2325 3386 2381 cmteris
3411 2325 3710 2392 evangeliis

2123 2415 2379 2484 legimus:
2441 2417 2521 2469 ine
2577 2417 2828 2472 videlicet
2880 2419 3104 2490 ﬁguram
3153 2418 3353 2474 habent
3418 2419 3705 2473 humilium

2119 2505 2422 2558 animarum
2455 2521 2519 2561 ac
2551 2507 2862 2560 devotarnm
2901 2507 3126 2561 Domino
3161 2525 3174 2560 :
3212 2522 3332 2576 qua:
3359 2521 3466 2576 quo
3498 2506 3709 2572 majore

2123 2594 2224 2648 sibi
2265 2596 2597 2650 conscientia
2626 2595 2934 2666 fragilitatis
2957 2597 3370 2666 pertimescunt.
3403 2610 3468 2650 eo
3498 2593 3708 2664 majore

2125 2685 2422 2742 Salvatoris
2450 2703 2638 2743 amore
2689 2689 2958 2744 ferventes
2997 2688 3266 2758 passionis
3305 2689 3422 2758 ejus
3463 2688 3711 2758 vestigiis

2125 2778 2177 2832 in
2211 2776 2312 2831 hoc
2340 2775 2536 2832 szeculo
2559 2817 2574 2838 ,
2603 2791 2710 2846 quo
2734 2777 2950 2848 requies
2987 2786 3072 2833 est
3099 2777 3451 2847 praeparanda
3477 2775 3664 2832 futura
3691 2817 3710 2844 ,

2123 2868 2407 2939 diligenter
2456 2869 2862 2940 obsequuntur;
2894 2879 2951 2924 et
2990 2870 3035 2924 si
3067 2868 3206 2925 forte
3249 2870 3466 2924 valeant
3501 2868 3711 2924 imitari

2121 2958 2210 3028 pia
2257 2958 2574 3013 curiositate
2603 2999 2617 3024 ,
2669 2973 2779 3028 quo
2807 2959 2997 3014 ordine
3034 2960 3108 3014 sit
3131 2961 3320 3015 eadem
3351 2960 3530 3030 passio
3557 2973 3712 3014 com-

2123 3049 2295 3118 pleta,
2336 3051 2694 3119 perpendunt.

2199 3139 2449 3197 Mulieres
2474 3157 2595 3212 qua:
2617 3142 2872 3213 apostolis
2893 3144 3104 3198 Domini
3130 3145 3582 3214 resurrectionem
3609 3157 3717 3198 an-

2128 3233 2406 3298 nuntiant,
2441 3233 2527 3288 lex
2559 3243 2615 3290 et
2646 3236 2924 3305 prophetia
2967 3236 3340 3309 intelliguntur
3363 3277 3378 3302 ,
3423 3249 3545 3306 quae
3593 3231 3717 3304 glo-

2125 3321 2262 3376 riam
2290 3325 2702 3379 resurrectionis
2728 3323 2926 3379 Cbristi
2943 3363 2958 3390 ,
2991 3331 3280 3394 antequam
3328 3323 3665 3379 revelaretur
3691 3361 3711 3386 ,

2125 3413 2280 3484 quasi
2307 3427 2670 3482 praecursores
2699 3413 3148 3483 praedicaverunt.

2195 3503 2364 3558 Maria
2405 3518 2534 3575 ergo
2581 3503 2892 3576 Magdalenc
2941 3504 3055 3574 ipsa
3104 3511 3188 3558 est
3225 3517 3382 3558 soror
3422 3500 3613 3556 Lazari
3653 3510 3716 3558 et

2125 3594 2366 3660 Martlue,
2405 3594 2472 3649 de
2502 3609 2606 3664 qua
2655 3595 2912 3649 Dominus
2959 3595 3120 3661 ejecit
3165 3603 3368 3664 septem
3419 3591 3711 3647 dzemonia.

2125 3685 2242 3755 ipsa
2273 3692 2357 3740 est
2389 3691 2569 3742 autem
2599 3699 2704 3738 non
2741 3683 2842 3738 alia
2872 3725 2888 3746 ,
2943 3699 3063 3754 qua:
3110 3684 3380 3752 quondam
3399 3722 3415 3747 ,
3447 3689 3506 3736 ut
3531 3679 3716 3735 Lucas

2126 3776 2346 3839 scribit,
2379 3773 2649 3844 peccatrix
2679 3773 2855 3829 adhuc
2877 3815 2890 3837 ,
2917 3774 3138 3828 veniens
3165 3773 3328 3843 pedes
3361 3771 3572 3828 Domini
3623 3769 3717 3824 la-

2125 3868 2325 3936 crymis
2363 3865 2691 3936 paenitentiae
2725 3865 2954 3936 rigavit.
2981 3871 3322 3935 etunguento
3360 3864 3462 3932 βίω
3495 3860 3717 3916 confes-

2125 3956 2294 4012 sionis
2316 3956 2521 4019 linivit;
2551 3963 2609 4010 et
2635 3955 2760 4024 quia
2800 3954 3026 4009 multum
3055 3953 3262 4017 dilexit,
3292 3952 3585 4008 multorum
3615 3967 3714 4006 ve-

2127 4049 2268 4102 niam
2297 4063 2326 4101 a
2354 4047 2443 4116 pio
2461 4045 2643 4113 judice
2671 4041 3268 4115 promeruit(Luc.vn).
3299 4041 3501 4095 Eadem
3525 4039 3596 4093 vi.
3615 4039 3711 4094 ina

2125 4139 2375 4212 passione
2404 4137 2524 4204 ejus
2539 4135 2831 4206 justiﬁcata
2851 4175 2867 4200 ,
2893 4143 2950 4190 et
2980 4131 3264 4187 familiaris
3301 4129 3495 4186 eﬁecta
3523 4128 3716 4183 Domi-

2125 4246 2215 4295 no,
2249 4245 2352 4284 non
2383 4235 2589 4280 tantum
2619 4224 2784 4295 pedes
2807 4224 2924 4294 ejus
2949 4262 2964 4287 ,
2991 4229 3050 4276 ut
3073 4219 3215 4275 idem
3237 4218 3474 4274 Ioannes
3495 4228 3712 4281 narrat,

2125 4337 2313 4377 verum
2336 4319 2498 4374 etiam
2525 4323 2688 4385 caput
2711 4355 2728 4381 ,
2764 4322 2827 4368 ut
2867 4310 3148 4368 M‘atthzeus
3176 4310 3496 4378 Marcusque
3526 4306 3718 4376 perbi-

2124 4413 2291 4470 bent.
2338 4409 2459 4465 oleo
2500 4415 2690 4463 sancto
2735 4401 2991 4475 perfudit.
3045 4401 3173 4457 Haec
3221 4415 3255 4454 a
3297 4399 3416 4454 loco
3461 4394 3716 4468 Magdalo

436 4485 630 4588 gister,
657 4485 746 4584 qui
778 4485 867 4568 est
892 4513 1136 4568 diabolus
1161 4555 1174 4578 ,
1219 4485 1634 4570 liomicidiorum
1673 4522 1862 4568 auctor
1885 4553 1900 4578 ,
1928 4513 2020 4583 qui
2051 4537 2102 4596 Β
2127 4501 2440 4596 Magdalene
2484 4498 2703 4596 dicitur.
2747 4495 3140 4596 Interpretatur
3171 4487 3340 4596 aegid!
3362 4485 3716 4596 digiti-'9ij

443 4619 612 4674 usque
665 4603 826 4658 hodie
867 4603 1162 4658 damnatur
1197 4604 1250 4658 in
1282 4604 1382 4660 eis.
1411 4604 1652 4662 Herodes
1675 4613 1731 4659 et
1775 4603 1980 4658 Pilatus
2007 4643 2020 4668 ,

443 4699 533 4770 qni
573 4713 694 4752 eum
725 4705 906 4751 essent
931 4695 1228 4760 discordes,
1259 4697 1311 4750 in
1338 4697 1590 4766 passione
1633 4695 1845 4750 Domini
1883 4695 2023 4750 ami-

445 4791 569 4847 citia
611 4788 976 4852 fmderantur,
1035 4785 1276 4841 indicant
1321 4785 1556 4856 primum
1605 4785 1805 4842 divisos
1861 4785 2025 4843 fuisse

443 4891 700 4950 utrosque
731 4876 954 4947 populos
981 4915 996 4940 ,
1050 4874 1476 4930 circumcisionis
1510 4883 1566 4929 et
1609 4875 1847 4945 gentium
1877 4892 1892 4940 ;
1932 4877 2025 4946 qui

445 4986 622 5033 tamen
667 4989 764 5044 per
799 4968 1104 5040 passionem
1147 4965 1360 5022 Domini
1403 4965 1456 5019 in
1509 4965 1614 5021 ﬁde
1668 4965 2021 5021 concordavc-

443 5075 756 5209 ml[Illerodes
783 5152 1168 5221 interpretatur
1190 5147 1448 5220 pellicias.
1475 5143 1825 5218 Versipellem
1854 5147 2024 5218 signi-

449 5249 572 5302 licat
592 5241 1019 5307 Antichristum;
1048 5248 1102 5294 et
1127 5238 1350 5294 Pontius
1369 5237 1574 5292 Pilatus
1603 5236 1871 5292 declinans
1895 5254 2022 5292 can-

443 5338 644 5402 silium,
693 5337 876 5404 utique
920 5330 1248 5387 Iudzeorum.
1293 5332 1528 5400 Accepta
1552 5329 1698 5385 enim
1726 5344 1865 5400 aqua
1894 5329 2026 5385 lavit

449 5446 639 5483 minus
685 5445 833 5492 suas,
864 5429 1046 5484 dicens
1075 5447 1087 5482 :
1118 5427 1374 5482 Innacens
1403 5444 1495 5498 ego
1523 5443 1640 5482 sum
1689 5445 1724 5481 a
1773 5425 2027 5496 sanguine

440 5519 572 5588 justi
611 5519 766 5588 lmjus
789 5518 1002 5590 (Matth.
1029 5517 1219 5589 xxvii).
1243 5516 1374 5572 Nam
1402 5516 1606 5572 Pilatus
1643 5517 2032 5584 interpretatur

449 5625 504 5662 os
547 5606 864 5660 ntallcaloris
891 5623 910 5661 :
937 5607 1208 5678 signiﬁcat
1231 5608 1522 5674 diabolum,
1558 5607 1651 5678 qui
1696 5615 1781 5662 est
1804 5603 2032 5660 malleus

449 5699 714 5755 universa:
739 5705 915 5752 terrae.

520 5791 704 5844 Sinum
751 5788 1057 5858 Cyrenaeus,
1091 5789 1176 5844 cui
1227 5791 1542 5857 gestandam
1596 5803 1810 5844 crucem
1857 5787 2030 5856 impo-

2125 4594 2309 4648 turris.
2343 4589 2566 4662 Mystice
2615 4595 2796 4642 autem
2851 4582 3120 4655 signiﬁcat
3167 4580 3327 4635 ﬁdem
3357 4592 3424 4632 ac
3447 4575 3715 4646 pietatem

2127 4692 2330 4741 sanctae
2362 4679 2637 4744 Ecclesiae,
2670 4691 2792 4748 qum
2819 4675 3042 4738 odorem
3087 4669 3296 4726 notitiae
3339 4665 3538 4724 Christi
3565 4680 3716 4735 pra:-

2125 4774 2356 4832 dicando
2383 4773 2439 4828 in
2465 4771 2717 4826 universo
2743 4767 2948 4838 spargit
2968 4763 3190 4821 mundo.
3408 4754 3424 4772 '

2200 4865 2292 4921 Sic
2309 4871 2366 4920 et
2383 4861 2616 4923 Martha,
2637 4875 2759 4929 quae
2778 4859 2994 4912 irritam
3017 4854 3102 4910 vel
3125 4867 3413 4925 provocem
3439 4849 3714 4918 interpre-

2129 4967 2294 5022 tatur,
2335 4965 2519 5028 typum
2555 4961 2702 5008 tenet
2746 4949 3001 5007 Ecclesia
3031 4967 3044 5002 :
3075 4962 3198 5018 quae
3250 4944 3408 5000 bonis
3453 4942 3716 5012 operibus

2130 5055 2368 5126 quotidie
2391 5050 2650 5109 insudans
2681 5045 2858 5101 irritat
2886 5041 3157 5100 diabolum
3200 5047 3256 5093 et
3283 5035 3524 5093 membra
3539 5033 3668 5126 ejus
3692 5073 3716 5101 ,

2128 5125 2186 5200 et
2209 5149 2468 5215 provocat
2483 5139 2588 5210 piis
2611 5134 2911 5192 actionibus
2929 5147 2994 5188 ac
3017 5129 3198 5188 verbis
3221 5128 3291 5184 ad
3316 5126 3476 5182 ﬁdem
3504 5125 3714 5182 electos

2130 5235 2247 5291 Dei.

2201 5324 2421 5395 Septem
2443 5317 2714 5391 discipuli,
2759 5329 2889 5372 cum
2925 5312 3122 5384 quibus
3164 5307 3426 5364 Dominus
3457 5311 3584 5374 post
3623 5317 3707 5395 rc-

2129 5393 2521 5473 surreetionem
2545 5409 2862 5466 convivasse
2902 5403 3226 5460 describitur
3247 5441 3264 5467 ,
3294 5399 3580 5470 septimam
3623 5393 3711 5495 in:

2131 5507 2315 5563 dicant
2345 5498 2759 5560 resurrectionis
2787 5494 3028 5565 requiem
3047 5531 3064 5557 ,
3093 5493 3150 5546 in
3175 5505 3280 5560 qua
3312 5501 3504 5544 omnes
3533 5492 3713 5542 sancti

2130 5611 2228 5668 per
2255 5595 2530 5652 Christum
2557 5598 2778 5646 aeternae
2813 5583 3166 5643 beatitudinis
3213 5579 3507 5637 refectione
3555 5587 3716 5634 satu-

2133 5687 2417 5744 rahuntur.

2205 5778 2482 5847 Principes
2511 5774 2851 5830 sacerdotum
2875 5769 2987 5841 qui,
3019 5768 3087 5824 ab
3123 5763 3436 5835 custodibus
3477 5756 3713 5838 sepulcri
