4064 6206
316 377 384 436 85
1298 370 1384 425 DE
1421 368 1765 424 UMVERSO
1803 366 1978 420 ιιιιιιι
2021 366 2178 419 XXII.
2223 395 2286 403 —
2327 365 2452 418 LIB.
2493 365 2580 418 Π.
3487 367 3556 422 86

318 489 582 545 veraciter
618 491 899 555 comperta
926 481 1319 537 resurrectione
1345 480 1587 544 Domini,
1623 479 1886 532 dederunt
1913 479 1962 536 Α
1988 477 2306 543 scriptorum
2341 474 2468 527 vitio
2497 472 2844 540 depravatum
2873 510 2886 532 ,
2938 479 2994 524 ιιι
3039 485 3136 540 pro
3182 472 3274 525 bar
3301 472 3511 528 Joanna
3540 516 3555 537 ,

321 580 446 650 ipsis
479 576 763 647 pecuniam
803 574 1075 641 copiosam
1098 610 1114 636 ,
1164 579 1225 624 ut
1269 570 1623 624 mentirentur
1648 567 1891 622 dicentes

319 681 511 734 corpus
541 663 753 718 Domini
789 677 820 715 a
851 660 1128 728 discipulis
1165 659 1282 728 ejus
1311 657 1546 710 furatum
1572 696 1588 720 ,
1639 654 1888 725 praeﬁgu—

321 756 508 810 rabant
527 770 623 809 eos
652 753 744 821 qui
772 761 992 822 propter
1021 749 1302 804 avaritiam
1345 757 1617 801 terrenam
1656 745 1896 799 vendunt

319 849 595 904 veritatem
623 887 638 909 ,
663 852 906 900 ementes
933 842 1291 911 iniquitatem.
1325 839 1430 894 Sed
1453 847 1506 894 et
1535 854 1722 893 omnes
1751 878 1765 902 ,
1802 836 1892 906 qui

320 939 454 1007 stipe
501 935 684 1004 templi
710 975 724 996 ,
775 943 831 988 et
878 933 962 986 his
997 946 1117 1000 quae.
1141 929 1495 986 conferuntur
1517 931 1585 983 ad
1615 943 1768 982 usum
1799 928 1896 981 Ec-

320 1028 513 1090 clesite,
544 1028 840 1078 abutuntur
888 1023 940 1076 in
984 1021 1102 1075 aliis
1156 1021 1336 1083 rebus,
1379 1020 1573 1088 quibus
1619 1034 1768 1072 suam
1803 1032 1896 1071 ex-

323 1118 498 1186 pleant
523 1115 877 1184 voluptatem,
906 1111 1108 1166 similes
1141 1118 1264 1165 sunt
1294 1110 1594 1164 scribarum
1629 1118 1684 1162 et
1717 1123 1898 1163 sacer-

324 1208 501 1259 dotum
549 1203 932 1259 redimentium
977 1200 1318 1256 mendacium
1356 1216 1456 1270 pro
1489 1200 1746 1269 sanguine
1781 1199 1899 1254 Sal-

326 1296 541 1349 vatoris.

390 1384 543 1451 Quod
587 1390 770 1438 autem
834 1384 1084 1438 undecim
1136 1381 1414 1452 discipulis
1477 1381 1727 1436 Salvator
1778 1391 1900 1450 post

327 1476 780 1530 resurrectionem
822 1490 974 1529 suam
1009 1475 1062 1528 in
1091 1472 1310 1528 Galilaea
1337 1471 1392 1525 in
1424 1480 1606 1527 monte
1629 1471 1897 1541 apparuit,

327 1583 427 1620 non
455 1573 611 1620 vacat
660 1581 692 1618 a
741 1566 1023 1636 mysterio,
1077 1565 1172 1620 sed
1212 1563 1480 1634 signiﬁcat
1519 1563 1644 1631 quia
1669 1577 1898 1630 corpus,

329 1657 466 1726 quod
514 1656 581 1710 de
625 1657 902 1710 communi
931 1655 1152 1709 humani
1189 1653 1402 1724 generis
1449 1663 1593 1707 terra
1635 1652 1902 1708 nascendo

327 1753 652 1814 susceperat,
683 1744 1009 1814 resurgendo
1028 1743 1140 1811 jam
1163 1757 1324 1812 super
1345 1751 1554 1798 terrena
1579 1742 1759 1797 omnia
1786 1741 1906 1796 sub-

329 1833 578 1897 levatum,
608 1833 819 1888 caelesti
843 1834 1042 1887 virtute
1070 1833 1321 1886 induerit.

393 1923 448 1976 ln
477 1932 660 1976 monte
689 1923 960 1992 apparuit,
991 1930 1053 1976 ut
1089 1922 1406 1977 admoneret
1449 1921 1667 1986 ﬁdeles,
1708 1921 1753 1976 si
1801 1921 1908 1976 illic

337 2013 709 2068 celsitudinem
736 2013 1147 2066 resurrectionis
1188 2012 1304 2082 ejus
1328 2012 1551 2081 cupiunt
1574 2011 1774 2075 videre,
1821 2011 1910 2066 hic

330 2104 394 2157 ab
438 2101 645 2155 inﬁmis
675 2101 1060 2171 cupiditatibus
1103 2102 1171 2156 ad
1206 2116 1440 2171 superna
1485 2101 1738 2156 studeant
1777 2101 1914 2156 desi-

331 2193 472 2246 deria
501 2192 761 2246 transire.
797 2191 1001 2246 Nomen
1033 2205 1160 2246 vero
1202 2189 1433 2246 Galilzea:
1475 2191 1864 2258 transmigratio
1889 2229 1904 2254 ,

331 2284 407 2336 vel
455 2282 698 2336 revelatio
741 2283 1144 2351 interpretatur.
1193 2281 1343 2336 Tune
1378 2281 1521 2335 enim
1562 2280 1797 2335 revelata
1835 2279 1911 2332 fa-

336 2377 433 2437 cie,
463 2375 604 2429 sicut
635 2373 925 2442 Apostolus
952 2381 1198 2439 testatur,
1225 2372 1448 2442 gloriam
1486 2371 1694 2427 Domini
1728 2386 1912 2440 specu-

332 2463 519 2526 lantes,
554 2463 606 2517 in
638 2463 884 2517 eamdem
923 2462 1210 2532 imaginem
1256 2459 1763 2516 transformabimur
1791 2458 1909 2528 qui-

332 2569 538 2622 cunque
586 2553 749 2607 modo
805 2553 1106 2608 revelamus
1159 2552 1225 2604 ad
1276 2566 1398 2605 eum
1438 2551 1580 2602 viam
1609 2556 1904 2621 _nostram,

332 2640 550 2710 ejusque
581 2641 806 2712 vestigia
845 2641 1122 2710 sequimur
1151 2639 1254 2695 ﬁde
1278 2654 1382 2693 non
1415 2636 1635 2708 ﬁeta(ll
1652 2635 1773 2690 Cor.
1803 2637 1906 2710 ιιι).

400 2726 639 2795 Apostoli
669 2727 811 2781 enim
835 2725 1062 2790 Christi,
1098 2725 1226 2795 quid
1270 2724 1714 2795 interpretatione
1737 2723 1911 2778 nomi-

336 2834 457 2872 num
496 2832 721 2872 suorum
750 2816 833 2870 vel
862 2831 1086 2886 operum
1116 2824 1267 2887 gestu
1310 2815 1639 2886 signiﬁcent,
1677 2812 1792 2882 jam
1837 2813 1913 2868 di-

337 2909 562 2962 cendum
595 2916 702 2961 est.
749 2906 992 2976 Denique
1031 2906 1259 2976 apostoli
1293 2907 1438 2959 missi
1463 2905 1907 2974 interpretantur.

336 2999 444 3052 Hoc
474 2999 619 3052 enim
651 3012 840 3052 eorum
885 3012 1081 3051 nomen
1120 2997 1343 3050 indicat.
1391 2994 1525 3048 Nam
1565 2994 1707 3049 sicut
1727 2992 1910 3049 Graece

335 3089 522 3158 angeli,
541 3089 730 3142 Latine
754 3088 923 3142 nuntii
953 3096 1352 3157 nuncupantur,
1370 3086 1442 3140 ita
1459 3085 1647 3141 Graece
1667 3084 1906 3155 apostoli,

1993 564 2092 616 hoc
2136 570 2220 615 est
2252 561 2358 613 ﬁlio
2383 559 2639 621 Joannis,
2685 559 2779 610 bar
2825 558 2963 610 Jona
3006 559 3263 626 scriptum
3309 561 3414 627 sit,
3451 578 3556 616 una

1991 653 2230 706 detracta
2253 651 2454 722 syllaba
2471 647 2696 720 (Joanna
2717 649 3101 718 interpretatur
3117 649 3325 702 Domini
3342 653 3556 721 gratia);

1992 751 2046 795 et
2097 743 2310 795 Petrum
2355 739 2517 794 fuisse
2561 739 2896 802 trinomium,
2931 738 3154 806 Petrus,
3201 738 3410 807 Ccpbas
3438 781 3452 806 ,
3506 751 3561 796 ct

1995 830 2178 886 Simon
2226 829 2473 898 Barjona.
2524 829 2708 883 Simon
2780 838 2958 884 autem
3026 830 3408 899 interpretatur
3457 831 3558 886 Ile-

1993 925 2176 978 braice
2216 923 2455 986 audiens,
2503 931 2557 977 et
2589 922 2846 976 obediens.
2905 921 3096 977 Petrus
3149 931 3328 977 autem
3379 941 3562 994 perso-

1996 1030 2119 1068 nam
2149 1022 2319 1084 gestat
2348 1013 2603 1068 Ecclesia}
2625 1051 2640 1078 ,
2673 1027 2790 1082 quae
2827 1013 2990 1066 habet
3022 1022 3342 1083 potestatem
3383 1015 3564 1069 dimit-

1997 1107 2139 1160 tendi
2175 1115 2392 1173 peccata
2423 1114 2583 1174 atque
2612 1104 2896 1158 reducendi
2922 1105 2989 1158 ab
3019 1103 3203 1159 inferis
3225 1105 3471 1161 homines
3495 1107 3561 1160 ad

1998 1196 2234 1251 cmlestia
2265 1211 2444 1266 regna.

2071 1287 2262 1339 Saulus
2307 1286 2532 1340 llebrzeo
2581 1300 2829 1340 sermone
2886 1287 3100 1340 tentatio
3141 1285 3316 1340 dictus
3340 1295 3460 1351 est,
3504 1303 3569 1343 eo

2002 1379 2142 1445 quod
2169 1377 2317 1444 prius
2357 1378 2408 1430 in
2452 1378 2745 1430 tentatioue
2767 1378 3019 1432 Ecclesia:
3051 1378 3122 1432 sit
3146 1389 3412 1434 versatus.
3436 1380 3568 1434 Per-

2003 1476 2216 1521 secutor
2255 1468 2397 1520 enim
2421 1476 2571 1531 erat;
2612 1468 2734 1521 inde
2769 1482 2960 1522 nomen
2994 1468 3223 1522 habebat
3251 1469 3413 1536 istud,
3442 1472 3564 1540 quia

2005 1556 2423 1625 persequebatur
2449 1556 2797 1611 Christianos.
2823 1557 3015 1612 Postea
3038 1567 3241 1612 mutato
3267 1560 3482 1617 nomine
3509 1563 3573 1616 de

2008 1645 2170 1699 Saulo
2202 1643 2374 1699 factus
2409 1655 2492 1701 est
2539 1646 2756 1713 Paulus,
2809 1648 2950 1717 quod
3000 1650 3384 1718 interpretatur
3413 1655 3574 1706 mira-

2009 1734 2152 1797 bilis,
2207 1734 2319 1788 sive
2363 1733 2570 1788 electus.
2615 1735 2873 1790 Mirabilis
2897 1777 2910 1798 ,
2942 1738 3024 1790 vel
3057 1739 3180 1807 quia
3211 1739 3375 1794 multa
3419 1741 3570 1810 signa

1932 1827 1978 1884 Β
2010 1825 2176 1890 fecit;
2209 1825 2289 1878 vel
2318 1828 2439 1894 quia
2474 1827 2541 1880 ab
2570 1826 2787 1882 Oriente
2811 1843 2981 1898 usque
3009 1831 3074 1884 ad
3115 1829 3375 1886 Occasum
3407 1832 3577 1886 Eran-

2008 1914 2201 1982 gelium
2255 1915 2454 1969 Christi
2508 1915 2561 1968 in
2631 1917 2877 1971 omnibus
2937 1919 3184 1988 gentibus
3243 1921 3574 1990 prtedicavit.

2006 2005 2240 2068 Electus,
2273 2004 2411 2059 sicut
2458 2005 2507 2058 in
2554 2006 2774 2060 Actibus
2799 2007 3158 2076 apostolorum
3192 2007 3424 2078 Spiritus
3455 2027 3578 2064 san-

2006 2102 2126 2148 ctus
2154 2094 2283 2148 dicit
2309 2111 2322 2146 :
2353 2093 2628 2165 Segregate
2656 2097 2781 2149 milii
2809 2097 3111 2152 Barnabam
3145 2109 3191 2152 et
3231 2100 3455 2154 Paulum
3507 2103 3578 2155 ad

2007 2201 2136 2253 opus
2173 2183 2241 2236 ad
2271 2185 2408 2252 quod
2437 2184 2564 2254 elegi
2587 2202 2674 2238 eos
2705 2186 2840 2255 (Act.
2868 2187 3008 2256 xm).
3042 2187 3234 2243 Latino
3259 2198 3439 2243 autem
3468 2208 3580 2246 ser-

2009 2287 2167 2326 mone
2191 2272 2388 2326 Paulus
2427 2291 2457 2325 a
2488 2273 2688 2327 modico
2716 2275 2893 2330 dictus
2925 2285 3024 2330 est.
3060 2277 3212 2334 Unde
3239 2289 3294 2334 et
3322 2281 3433 2350 ipse
3455 2283 3526 2336 ait
3563 2302 3575 2336 :

2011 2363 2123 2432 Ego
2150 2381 2267 2417 sum
2297 2365 2539 2418 minimus
2586 2365 2934 2434 apostolorum
2962 2367 3022 2436 (Ι
3056 2368 3176 2422 Cor.
3214 2370 3325 2441 xv).
3357 2371 3581 2439 Quando

2009 2452 2153 2506 enim
2199 2453 2392 2508 Saulus
2419 2494 2432 2517 ,
2469 2454 2729 2522 superbus
2757 2495 2771 2519 ,
2823 2455 3030 2520 elatus;
3086 2460 3299 2526 quando
3345 2447 3578 2523 Paulus,

2009 2543 2230 2597 humilis
2251 2553 2304 2597 et
2331 2545 2590 2599 modicus.
2625 2545 2747 2599 Ideo
2779 2545 2857 2600 sic
2897 2544 3168 2616 loquimur
3197 2563 3211 2601 :
3251 2549 3421 2604 Paulo
3468 2563 3579 2620 post

2009 2634 2189 2689 videbo
2218 2645 2286 2700 te,
2319 2635 2370 2689 id
2400 2644 2481 2689 est
2501 2676 2514 2700 ,
2553 2645 2664 2705 post
2695 2635 2973 2690 modicum.
3007 2636 3138 2691 Nam
3169 2640 3290 2708 quia
3320 2649 3442 2710 post
3469 2658 3583 2695 mo-

2011 2724 2164 2779 dicus
2197 2724 2371 2779 factus
2401 2734 2506 2788 est,
2530 2725 2645 2794 ipse
2676 2725 2805 2780 dicit
2837 2745 2848 2778 :
2884 2725 2995 2796 Ego
3034 2729 3170 2782 enim
3207 2746 3322 2783 sum
3361 2732 3581 2785 novissi-

2011 2832 2126 2870 mus
2174 2815 2557 2886 apostolorum,
2597 2823 2644 2868 et
2701 2816 2945 2870 minimus
3003 2819 3233 2871 omnium
3281 2829 3581 2874 sanctorum

2013 2904 2222 2976 (Ibid.).

2082 2993 2294 3064 Cepbas
2323 3002 2502 3050 autem
2530 3005 2588 3050 et
2611 2994 2805 3051 Saulus
2827 2996 2946 3052 ideo
2981 3005 3186 3052 mutato
3213 2998 3428 3054 nomine
3456 3009 3586 3055 sunt

2011 3084 2230 3148 vocati,
2292 3092 2352 3137 ut
2401 3092 2584 3138 essent
2642 3085 2802 3138 etiam
2854 3085 2968 3154 ipso
3007 3086 3225 3141 nomine
3264 3087 3417 3152 novi,
3448 3088 3585 3143 sicut

339 3178 525 3231 Latine
553 3179 702 3231 missi
732 3177 1084 3248 appellantur.
1115 3177 1262 3246 Ipsos
1301 3177 1446 3230 enim
1481 3176 1627 3230 misit
1668 3175 1913 3230 Christus
1939 3165 1984 3228 C
2014 3174 2286 3229 Abraham
2313 3184 2368 3230 et
2407 3173 2562 3228 Sara.
2599 3174 2876 3245 Signiﬁcat
2910 3187 3090 3231 autem
3133 3176 3332 3234 Paulus
3360 3194 3585 3235 conver-

335 3268 704 3338 cvangelizare
728 3280 824 3336 per
844 3266 1153 3320 universum
1189 3266 1466 3330 mundum,
1497 3265 1572 3318 ita
1597 3273 1658 3319 ut
1689 3263 1911 3334 quidam

336 3373 514 3410 eorum
535 3357 731 3412 Persas
757 3357 1018 3426 Indosque
1037 3365 1404 3426 penetrarent,
1428 3356 1682 3411 docentes
1704 3364 1910 3424 gentes,

337 3458 386 3499 et
412 3447 676 3503 facientes
707 3449 761 3501 in
789 3448 1006 3502 nomine
1034 3446 1235 3502 Christi
1262 3461 1454 3517 magna
1496 3455 1552 3501 et
1576 3446 1913 3501 incredibilia

341 3538 620 3601 miracula,
655 3545 734 3601 ut,
766 3535 1143 3591 attestantibus
1170 3535 1339 3605 signis
1375 3542 1429 3588 et
1471 3533 1749 3605 prodigiis,
1797 3549 1916 3590 cre-

338 3630 555 3681 deretur
614 3628 720 3682 illis
768 3629 821 3682 in
870 3629 955 3683 his
992 3643 1111 3698 quae
1149 3626 1417 3681 dicebant.
1470 3625 1682 3680 Habent
1730 3633 1914 3680 autem

338 3717 579 3784 plerique
630 3731 817 3770 eorum
865 3729 934 3769 ex
1003 3715 1086 3770 his
1145 3728 1364 3768 causam
1413 3728 1633 3769 suorum
1682 3713 1917 3769 vocabu-

340 3805 531 3858 lorum.

409 3894 600 3948 Petrus
642 3910 671 3947 a
707 3905 851 3964 petra
897 3909 1092 3950 nomen
1129 3896 1357 3964 accepit,
1387 3896 1492 3950 hoc
1513 3904 1617 3961 est,
1641 3911 1672 3950 a
1694 3895 1914 3951 Christo

337 3998 497 4050 super
528 4000 691 4052 quem
717 3993 801 4038 est
827 3982 1045 4038 fundata
1072 3984 1327 4039 Ecclesia.
1356 3983 1469 4038 Non
1495 4001 1526 4038 a
1554 3986 1715 4040 Petro
1735 3995 1911 4055 petra,

338 4075 429 4126 sed
482 4074 676 4128 Petrus
721 4090 752 4127 a
785 4082 938 4144 petra
988 4090 1181 4130 nomen
1228 4077 1451 4131 sortitus
1489 4085 1611 4131 est:
1639 4078 1780 4132 sicut
1808 4094 1915 4133 non

338 4162 583 4217 Christus
609 4179 641 4216 a
667 4163 974 4219 Christiano
999 4205 1014 4230 ,
1050 4166 1144 4221 sed
1171 4166 1512 4222 Christianus
1533 4183 1563 4221 a
1586 4167 1804 4223 Christo
1826 4185 1919 4225 vo-

338 4263 522 4315 catur;
555 4254 784 4322 ideoque
809 4256 886 4309 ait
912 4254 1170 4312 Dominus
1201 4275 1215 4310 :
1251 4255 1328 4310 Tu
1357 4274 1408 4312 es
1434 4257 1624 4312 Petrus
1647 4299 1664 4324 ,
1691 4269 1739 4312 et
1763 4276 1918 4330 super

337 4342 472 4395 hanc
491 4354 696 4412 petram
718 4344 988 4411 aediﬁcabo
1013 4343 1300 4399 Ecclesium
1321 4363 1489 4400 meam
1533 4347 1749 4418 (Matth.
1780 4347 1913 4419 xvr).

338 4432 471 4495 Quia
502 4434 715 4486 dixerat
740 4433 934 4489 Petrus
958 4449 972 4488 :
1005 4434 1080 4488 Tu
1104 4451 1156 4490 es
1184 4436 1423 4490 Christus
1452 4434 1624 4490 Filius
1648 4437 1746 4492 Dei
1771 4439 1871 4492 vivi
1897 4453 1914 4490 :

337 4519 528 4574 deinde
567 4521 828 4575 Dominus
869 4521 918 4576 ei

336 4624 497 4676 quam
526 4610 809 4665 confessus
835 4626 914 4674 es,
941 4612 1208 4680 (edi/icabo
1230 4612 1520 4668 Ecclesium
1543 4632 1730 4669 meam.
1757 4615 1916 4669 Petra

334 4698 473 4750 enim
504 4697 747 4752 Christus
779 4711 914 4764 erat,
947 4717 1109 4770 super
1145 4703 1288 4770 quod
1315 4701 1720 4757 fundamentum
1746 4705 1912 4760 etiam

335 4786 452 4855 ipse
475 4787 774 4841 aedificatus
802 4798 887 4844 est
920 4789 1128 4844 Petrus.

411 4875 618 4946 Cepbas
651 4879 830 4933 dictus
867 4894 931 4934 eo
961 4882 1100 4948 quod
1152 4882 1204 4934 in
1260 4882 1436 4951 capite
1477 4883 1548 4937 sit
1590 4885 1914 4939 constitutus

333 4968 723 5036 apostolorum.
752 4967 974 5038 Cephale
1005 4970 1191 5025 Grzece
1226 4980 1385 5040 caput
1409 4971 1639 5039 dicitur,
1661 4983 1718 5029 ct
1738 4974 1911 5043 ipsum

337 5073 528 5110 noinen
555 5057 609 5111 in
636 5057 798 5112 Petro
821 5058 982 5111 situm
1010 5067 1113 5113 est.

411 5146 592 5200 Simon
619 5147 848 5214 Barjona
878 5148 930 5200 in
969 5148 1205 5218 linguam
1230 5159 1466 5204 nostram
1489 5159 1645 5205 sonat
1664 5151 1808 5220 ﬁlius
1835 5169 1917 5204 co-

333 5236 542 5290 lamlnr.
576 5238 674 5291 Est
701 5247 756 5291 et
781 5253 975 5293 nomen
1020 5238 1214 5308 Syrum
1258 5240 1458 5308 pariter
1503 5249 1556 5295 et
1608 5239 1912 5295 Hebrzeum.

331 5324 447 5378 Bar
486 5327 684 5396 quippe
719 5325 857 5396 Syra
908 5326 1086 5394 lingua
1133 5327 1278 5396 [ilius
1311 5345 1329 5382 :
1350 5330 1485 5398 jona
1523 5328 1786 5384 llebraice
1833 5347 1918 5382 co-

334 5416 510 5468 lumba
532 5433 552 5469 :
576 5427 813 5486 utroque
842 5432 1090 5471 sermone
1118 5418 1314 5473 dicitur
1337 5418 1593 5488 Barjona.
1640 5419 1745 5476 Alii
1789 5419 1919 5474 sim—

335 5504 543 5572 pliciter
590 5505 904 5575 accipiunt,
937 5508 1082 5575 quod
1143 5507 1328 5562 Simon
1356 5549 1370 5574 ,
1413 5509 1465 5562 id
1505 5517 1590 5563 cst
1618 5550 1633 5576 ,
1677 5509 1872 5564 Petrus
1900 5550 1916 5576 ,

336 5593 473 5646 tilius
517 5603 663 5649 esset
708 5592 968 5660 Joannis;
1009 5596 1161 5666 juxta
1209 5597 1351 5651 illam
1398 5598 1912 5669 interrogationem:

338 5682 510 5737 Simon
559 5684 794 5738 Joannis
821 5726 836 5747 ,
874 5685 1050 5753 diligis
1099 5689 1223 5741 me?
1258 5687 1438 5749 (Joan.
1491 5687 1616 5757 xxx)
1647 5697 1701 5742 ct
1729 5689 1918 5744 volunt

962 4540 975 4576 :
1022 4522 1191 4592 Super
1234 4524 1397 4587 hanc,
1433 4523 1646 4594 inquit,
1677 4535 1912 4595 petram,
1941 4507 1994 4564 D

2014 3267 2218 3322 sionem
2251 3268 2503 3322 Ecclesia:
2524 3268 2588 3322 de
2609 3268 2857 3338 gentibus
2883 3270 2950 3324 ad
2988 3270 3189 3324 Christi
3221 3270 3402 3338 ﬁdem,
3435 3270 3584 3340 cujus

2015 3356 2128 3424 ipse
2156 3357 2432 3426 apostolus
2459 3364 2514 3410 et
2542 3358 2797 3426 magister
2837 3357 2973 3423 fuit;
3005 3359 3257 3430 quoniam
3289 3360 3429 3415 sicut
3452 3362 3586 3417 Pau-

2015 3445 2100 3499 lus
2127 3446 2357 3514 primum
2387 3446 2597 3501 rebellis
2626 3448 2676 3501 in
2706 3447 3075 3504 incredulitate
3103 3450 3404 3506 consistens
3438 3450 3539 3506 fuit
3568 3493 3582 3515 ,

2015 3543 2071 3590 et
2098 3545 2281 3605 postea
2319 3551 2415 3606 per
2445 3537 2693 3606 baptismi
2724 3537 2951 3606 gratiam
2973 3537 3183 3593 ablutus
3198 3549 3249 3594 et
3267 3540 3577 3595 lideChristi

2016 3626 2285 3692 imbutus,
2317 3628 2535 3682 humilis
2572 3643 2636 3682 ac
2669 3628 2892 3682 devotus
2913 3629 3204 3697 permansit
3229 3647 3242 3682 :
3271 3629 3351 3684 sic
3371 3637 3427 3683 et
3450 3644 3579 3700 gen-

2015 3717 2184 3772 tilitas
2210 3717 2439 3787 primum
2461 3717 2781 3772 Christianis
2806 3719 3228 3786 persecutionem
3252 3718 3431 3772 intulit
3459 3728 3584 3773 ante

2019 3808 2412 3877 perceptionem
2460 3809 2711 3863 videlicet
2768 3808 3040 3878 Evangelii
3093 3808 3327 3875 Christi;
3398 3818 3585 3880 postea

2016 3913 2145 3952 vero
2197 3897 2389 3953 devota
2443 3897 2554 3954 Deo
2593 3899 2832 3954 existens
2873 3898 3036 3952 etiam
3085 3899 3400 3970 sanguinem
3429 3914 3584 3954 suum

2016 4002 2114 4057 pro
2140 4001 2207 4041 eo
2243 3985 2466 4041 fundere
2491 4002 2595 4042 non
2627 3987 2908 4041 dubitavit.

2085 4076 2348 4140 Andreas,
2382 4074 2548 4128 frater
2567 4075 2733 4139 Petri,
2758 4090 2923 4129 carne
2947 4083 3002 4129 et
3027 4075 3266 4129 cohaeres
3293 4075 3480 4145 gratiae
3501 4091 3588 4131 se-

2017 4166 2251 4218 cundum
2301 4163 2579 4218 Hebraeam
2639 4163 3014 4233 etymologiam
3069 4164 3455 4233 interpretatur
3499 4167 3588 4220 de-

2018 4270 2171 4307 corus
2200 4255 2312 4308 sive
2339 4253 2669 4322 respondens.
2699 4253 2958 4308 Sermone
2982 4262 3161 4308 autem
3188 4252 3376 4310 Graeco
3403 4275 3435 4310 a
3472 4258 3582 4312 viro

2017 4341 2179 4397 virilis
2205 4342 2520 4412 appellatur.
2569 4342 2669 4396 llic
2727 4345 2978 4412 exprimit
3022 4344 3274 4415 populum
3316 4346 3583 4405 Ecclesia-

2019 4431 2235 4498 stieum,
2259 4431 2350 4500 qui
2378 4431 2606 4486 decorus
2629 4440 2713 4486 est
2740 4432 2793 4486 in
2816 4433 3217 4503 pulchritudine
3253 4445 3416 4493 recta:
3437 4437 3584 4506 ﬁdei,

2019 4527 2073 4572 et
2103 4520 2387 4589 respondet
2407 4519 2564 4575 bonis
2586 4521 2870 4589 operibus;
2890 4525 3015 4593 quia
3037 4525 3182 4594 quod
3207 4528 3368 4583 corde
3393 4531 3586 4595 credit,

2019 4609 2272 4678 operibus
2303 4619 2549 4677 exercet;
2578 4611 2806 4666 viriliter
2832 4629 3046 4684 quoque
3079 4615 3192 4687 ipse
3230 4616 3285 4672 in
3319 4617 3414 4673 Dei
3443 4635 3590 4674 man-

2020 4699 2159 4754 datis
2208 4700 2351 4770 agit,
2386 4709 2440 4755 ct
2475 4710 2731 4770 operatur
2767 4702 3036 4772 justitiam
3063 4744 3078 4772 ,
3128 4713 3188 4759 ut
3235 4716 3487 4778 acceptus
3536 4721 3592 4764 et

2021 4791 2249 4860 placitus
2275 4791 2366 4845 ﬁat
2391 4790 2669 4846 Conditori
2695 4807 2812 4846 suo.

2087 4879 2319 4935 Joannes
2344 4881 2574 4950 quodam
2605 4881 2857 4936 vaticinio
2885 4897 2949 4936 ex
2975 4884 3168 4938 merito
3202 4899 3392 4938 nomen
3422 4899 3576 4941 acce—

2017 4968 2114 5037 pit.
2150 4968 2539 5039 lnterpretatur
2585 4970 2727 5024 enim
2757 4972 2810 5024 in
2832 4988 2930 5042 quo
2957 4982 3030 5024 est
3053 4974 3244 5042 gratia,
3268 4972 3351 5026 vel
3375 4973 3587 5030 Domini

2017 5059 2212 5127 gratia.
2238 5058 2481 5127 Amplius
2519 5058 2662 5113 enim
2698 5075 2820 5114 eum
2859 5061 3072 5115 caeteris
3114 5061 3371 5129 apostolis
3401 5061 3588 5119 dilexit

2017 5145 2191 5201 Iesus.
2227 5147 2326 5202 Hic
2354 5163 2540 5202 eorum
2568 5159 2749 5219 typum
2802 5157 2946 5204 tenet
2988 5150 3077 5218 qui
3123 5151 3588 5220 contemplationis

2017 5237 2191 5305 gratia
2221 5235 2488 5290 sublimati
2514 5237 2698 5293 sedulo
2723 5253 2819 5293 suo
2841 5238 3117 5293 adhaerent
3139 5237 3412 5295 Conditori
3439 5260 3453 5294 :
3483 5259 3586 5298 nec

2017 5326 2217 5395 aliquid
2237 5326 2452 5380 charius
2479 5327 2592 5396 ipso
2615 5327 2814 5382 ducunt
2831 5345 2844 5380 :
2860 5327 3086 5396 quicum
3102 5328 3384 5383 Psalmista
3408 5330 3587 5387 dicere

2019 5423 2280 5486 possunt:
2314 5415 2446 5469 Mihi
2477 5426 2650 5469 autem
2679 5416 2947 5470 adhaerere
2967 5415 3078 5470 Deo
3121 5419 3309 5471 bonum
3350 5427 3423 5471 est
3445 5433 3463 5472 :
3487 5435 3586 5489 po-

2020 5521 2140 5558 nere
2161 5505 2215 5558 in
2244 5504 2463 5558 Domino
2488 5506 2594 5558 Deo
2614 5521 2754 5574 spem
2776 5520 2942 5557 meam
2965 5518 2983 5556 :
3007 5514 3062 5558 ut
3085 5506 3387 5559 annuntiem
3411 5522 3587 5560 omnes

2018 5593 2201 5648 laudes
2236 5594 2355 5663 ejus'
2380 5595 2434 5648 in
2475 5595 2637 5664 portis
2665 5593 2792 5660 ﬁlim
2812 5591 2938 5648 Sion
2970 5593 3140 5666 (Psal.
3168 5594 3360 5667 xxvii).
3384 5593 3588 5649 Notan-

2018 5685 2143 5738 dum
2174 5693 2374 5743 tamen.
2397 5684 2536 5752 quod
2567 5683 2620 5736 in
2650 5683 2984 5752 expositione
3008 5683 3346 5756 Evangelica,
3369 5683 3458 5739 ubi
3490 5681 3590 5738 Pe-
