4064 6206
473 370 539 429 87
1102 368 1166 428 Β.
1206 368 1459 426 RABANI
1498 370 1717 428 MAURI
1755 367 2075 426 ARCHIEP.
2117 364 2429 425 MOGUNT.
2470 363 2756 425 OPERUH
2790 364 2970 422 PARS
3008 364 3072 422 11.

468 497 584 539 trus
612 493 661 539 et
680 486 915 540 Joannes
932 494 1056 551 post
1089 481 1546 537 resurrectionem
1587 479 1791 535 Christi
1833 480 1902 533 ad
1939 494 2051 532 mo-
2077 480 2126 538 Α
2151 477 2240 531 nia
2276 492 2296 531 τ
2332 478 2461 547 quia
2504 477 2884 549 beneplacitum
2925 486 3003 533 est
3040 477 3268 533 Domino
3304 494 3464 550 super
3501 479 3737 541 timentes

469 582 775 627 numentum
818 580 1195 635 cucurrerunt,
1240 569 1384 639 quod
1420 567 1657 623 Joannes
1687 583 1844 637 porro
1870 567 2007 620 venit
2028 579 2047 617 :

468 662 559 717 sed
598 672 773 715 tamen
818 676 922 715 non
963 660 1216 725 introivit,
1245 658 1437 713 Petrus
1477 667 1650 712 autem
1685 655 1941 726 posterius
1965 671 2051 708 ve-

468 756 616 810 niens
638 754 814 808 statim
839 751 1075 808 introivit
1097 763 1145 806 et
1174 751 1364 805 invenit
1387 750 1694 804 linteamina
1719 749 1913 819 posita,
1938 757 2044 803 etc.

469 846 651 917 (Joan.
677 842 792 915 xx),
823 858 943 912 qua:
969 842 1043 897 ibi
1071 852 1381 896 narrantur.
1408 839 1487 895 ibi
1513 854 1643 909 ergo
1675 828 1912 893 Joannes
1946 852 2046 907 po-

464 937 574 1008 puli
596 935 806 992 Jndaici
830 922 1027 1007 typum
1058 942 1205 990 tenet
1230 950 1244 988 :
1273 932 1366 1004 qui
1392 947 1553 1002 porro
1575 946 1675 1002 per
1698 932 1945 986 notitiam
1967 930 2044 987 le-

465 1030 547 1102 gis
576 1028 642 1082 ad
667 1026 955 1082 Dominum
986 1025 1137 1081 venit
1166 1042 1181 1078 :
1206 1024 1347 1080 sicut
1369 1023 1605 1079 Joannes
1635 1023 1702 1076 ad
1728 1034 2049 1076 monumen-

465 1129 578 1172 tum
607 1136 621 1172 :
649 1117 746 1173 sed
780 1132 887 1173 non
917 1115 1176 1171 intravit:
1206 1116 1334 1185 quia
1364 1113 1498 1185 legis
1535 1113 1756 1184 quidem
1793 1111 2044 1168 mandata

436 1188 708 1278 °pcrccpit
728 1222 833 1277 per
851 1206 1146 1279 prophetas
1167 1245 1184 1272 ,
1211 1204 1280 1261 de
1304 1203 1680 1260 incarnatione
1706 1200 1952 1265 Domini,
1982 1214 2046 1255 ac

462 1297 714 1366 passione
738 1297 856 1367 ejus
876 1296 1081 1351 audivit
1107 1313 1120 1349 :
1146 1303 1203 1351 et
1225 1309 1325 1366 per
1348 1309 1519 1349 sacrae
1560 1292 1858 1363 Scriptum
1897 1290 2047 1345 testi—

462 1386 645 1441 monia
674 1385 743 1441 de
765 1401 831 1441 eo
861 1385 1027 1440 multa
1062 1386 1221 1441 antea
1249 1383 1339 1439 diu
1373 1383 1532 1454 longe
1557 1383 1775 1452 lateque
1801 1382 2042 1453 prophe-

464 1475 634 1531 tavit:
661 1476 755 1531 sed
781 1490 906 1531 cum
930 1481 1253 1546 prmscntem
1279 1473 1432 1535 vidit,
1458 1471 1671 1538 renuit,
1693 1480 1749 1525 et
1771 1472 2043 1526 hominem

460 1582 580 1622 esse
606 1567 865 1637 despexit,
897 1578 1129 1635 eumque
1154 1563 1437 1620 mortalem
1462 1562 1665 1619 factum
1694 1562 1915 1618 credere
1941 1576 2042 1616 no-

461 1658 561 1711 luit
589 1674 605 1712 :
637 1658 776 1712 sicut
804 1671 964 1727 porro
1000 1656 1147 1710 venit
1174 1655 1243 1709 ad
1271 1660 1677 1708 monumentum
1705 1671 1717 1706 :
1746 1651 1821 1706 ita
1846 1666 2045 1706 vacuus

459 1756 513 1800 et
540 1746 747 1801 otiosus
775 1745 943 1801 stetit.
974 1744 1080 1799 Sed
1106 1753 1325 1800 secutus
1359 1742 1630 1813 posterior
1651 1741 1846 1797 Petrus
1874 1741 2043 1795 intra-

2151 584 2293 633 eum,
2323 577 2371 622 et
2418 569 2475 622 in
2528 584 2706 623 omnes
2740 568 2831 640 qui
2863 579 3075 639 sperant
3115 570 3169 624 in
3221 570 3583 628 misericordia
3620 575 3736 646 ejus

2152 659 2324 731 (Psal.
2356 667 2560 728 οηνι).

2220 747 2410 805 Simon
2457 748 2755 806 Cananteus
2783 749 2850 805 ad
2893 751 3298 807 distinctionem
3322 752 3563 813 Simonis
3588 756 3731 814 Petri

2148 839 2214 895 de
2246 841 2364 895 vico
2390 839 2644 906 Galilaeas,
2674 839 2821 896 Cana
2849 859 2863 895 :
2893 842 2984 896 ubi
3012 857 3183 911 aquas
3208 845 3472 902 Dominus
3502 852 3734 906 mutavit

2148 928 2202 983 in
2231 929 2437 984 vinum.
2460 930 2580 1001 ipse
2600 931 2745 986 enim
2766 939 2872 997 est,
2898 932 2992 1002 qui
3018 932 3074 987 in
3102 933 3210 989 alio
3231 934 3575 1006 Evangelista
3604 941 3737 994 scri-

2145 1018 2293 1074 bitur
2343 1020 2562 1077 zelotes.
2613 1020 2760 1075 Cana
2806 1022 3033 1092 quippe,
3083 1022 3254 1088 zelus,
3300 1025 3731 1094 interpretatur:

2145 1111 2456 1175 ostendens,
2477 1110 2622 1180 quod
2651 1111 2901 1181 quisquis
2927 1112 3329 1180 praedicationis
3355 1112 3590 1170 officium
3625 1131 3727 1187 per

2146 1199 2603 1268 dispensationem
2646 1201 2742 1257 Dei
2786 1202 3017 1273 accipit,
3061 1201 3237 1259 zelum
3272 1203 3498 1273 justitite
3533 1207 3735 1262 habere

2146 1290 2306 1345 debet
2331 1306 2346 1344 :
2371 1292 2498 1361 quia
2526 1309 2675 1346 nemo
2707 1293 2917 1348 mittens
2953 1310 3168 1349 manum
3195 1312 3346 1349 suam
3375 1298 3431 1350 in
3467 1307 3731 1365 aratrum,

2144 1392 2194 1435 et
2219 1383 2497 1446 respiciens
2520 1393 2683 1449 retro,
2705 1393 2863 1454 aptus
2882 1392 2960 1438 est
2986 1401 3144 1455 regno
3164 1385 3266 1440 Dei
3294 1385 3447 1457 (Luc.
3476 1388 3575 1459 is).

2212 1471 2380 1529 Judas
2406 1471 2615 1540 Jacobi,
2641 1476 2735 1545 qui
2759 1473 2885 1531 alibi
2912 1476 3214 1546 appellatur
3253 1477 3546 1545 Lebbteus,
3590 1480 3732 1551 ﬁgu-

2145 1571 2320 1617 ratum
2351 1578 2549 1618 nomen
2595 1566 2762 1621 habet
2792 1580 2824 1621 a
2863 1567 3027 1622 corde
3052 1584 3068 1621 :
3098 1568 3243 1638 quod
3270 1582 3369 1625 nos
3409 1570 3734 1627 diminutive

2142 1652 2411 1707 corculum
2438 1668 2727 1722 possumus
2752 1657 3042 1727 appellare.
3073 1658 3191 1727 ipse
3219 1659 3273 1713 in
3299 1660 3590 1730 Evangelia
3614 1662 3726 1718 alio

2144 1741 2448 1800 Thaddmus
2473 1746 2746 1801 scribitur.
2794 1747 2862 1803 Et
2900 1749 3039 1804 bene
3059 1757 3143 1804 est
3161 1790 3176 1814 ,
3201 1758 3264 1805 ut
3285 1748 3440 1818 cujus
3464 1766 3659 1807 nomen
3697 1769 3729 1808 a

458 1836 556 1899 vit,
581 1850 682 1905 per
702 1849 861 1904 quem
884 1832 1120 1889 Ecclesia
1151 1833 1391 1905 gentium
1414 1832 1758 1903 designatur:
1783 1845 1904 1899 quae
1930 1840 2039 1885 sta-
2067 1827 2113 1886 Β
2143 1836 2303 1887 corde
2327 1834 2608 1905 ﬁguratur,
2642 1845 2811 1892 totam
2838 1838 3194 1895 intentionem
3233 1841 3433 1897 mentis
3461 1842 3527 1895 ad
3554 1841 3726 1899 Deum

460 1931 554 1982 tim
577 1938 637 1983 ut
661 1927 867 1983 audivit
892 1927 958 1982 de
979 1926 1196 1983 Christo
1216 1925 1516 1981 mediatore
1537 1925 1631 1979 Dei
1655 1935 1709 1979 et
1733 1924 2033 1987 hominum,

457 2035 581 2074 eum
603 2059 618 2085 ,
663 2034 823 2088 quem
865 2019 1116 2089 cognovit
1151 2025 1423 2072 mortuum
1445 2057 1461 2082 ,
1500 2015 1767 2070 viventem
1811 2014 2039 2069 credidit

458 2110 647 2163 Deum.
671 2108 819 2163 Tunc
846 2124 968 2179 ergo
993 2108 1226 2162 introivit
1256 2116 1304 2161 et
1332 2106 1420 2160 ille
1441 2105 1579 2160 alius
1603 2104 1916 2175 discipulus,
1947 2104 2037 2175 qui

467 2208 665 2255 renerat
705 2200 854 2271 prior
891 2199 963 2253 ad
1004 2207 1397 2253 monumentum
1432 2194 1655 2270 (Ibid.):
1690 2197 1815 2266 quia
1845 2195 1899 2251 in
1930 2195 2035 2250 ﬁne

455 2291 643 2347 mundi
682 2293 751 2347 ad
796 2290 955 2346 ﬁdem
988 2289 1200 2346 Domini
1227 2289 1396 2346 nostri
1427 2289 1590 2344 etiam
1618 2288 1800 2344 Judaea
1831 2288 2036 2359 colligi-

460 2390 571 2446 tur,
584 2378 750 2435 Paulo
774 2387 1088 2437 attestante.
1104 2379 1194 2448 qui
1210 2380 1316 2433 ait:
1333 2378 1508 2434 Donec
1521 2378 1788 2449 plenitudo
1804 2380 2033 2449 gentium

455 2473 730 2527 intraverit
751 2512 767 2538 ,
802 2480 927 2525 tunc
954 2472 1122 2526 omnis
1167 2469 1337 2525 Israel
1374 2471 1547 2526 salvus
1595 2472 1691 2525 erit
1719 2469 1896 2543 (Rom.
1927 2470 2029 2542 χι).

525 2558 758 2618 Jacobus
783 2561 1025 2618 Zebedzei
1055 2578 1082 2616 a
1115 2570 1271 2631 patre
1299 2563 1734 2631 cognominatur,
1758 2577 1917 2633 quem
1947 2578 2034 2618 re-

456 2651 706 2724 linquens
732 2668 855 2708 cum
884 2652 1092 2709 Joanne
1121 2668 1307 2707 verum
1354 2661 1561 2723 patrem
1592 2661 1809 2709 secutus
1837 2663 1937 2709 est.
1967 2653 2029 2709 lli

456 2750 586 2797 sunt
614 2740 710 2796 ﬁlii
738 2741 981 2805 tonitrui,
1008 2742 1099 2812 qui
1126 2742 1289 2796 etiam
1325 2741 1629 2812 Boauerges
1669 2757 1733 2796 ex
1775 2741 2031 2798 ﬁrmitate

455 2842 505 2886 et
536 2831 902 2901 magnitudine
926 2831 1046 2887 ﬁdei
1070 2832 1331 2886 nominati
1361 2841 1506 2886 sunt.
1539 2831 1637 2887 llic
1658 2840 1742 2887 est
1763 2831 2028 2897 Jacobus,

458 2919 601 2974 ﬁlius
627 2919 889 2980 Zebedaei,
923 2919 1091 2975 frater
1111 2919 1354 2986 Joannis,
1384 2920 1477 2990 qui
1506 2929 1629 2990 post
1659 2922 2028 2977 ascensionem

455 3007 671 3063 Domini
693 3008 762 3064 ab
791 3004 1003 3064 Herode
1027 3008 1407 3064 manifestatur
1433 3009 1666 3065 occisus.

524 3103 756 3159 Jacobus
777 3102 981 3175 Alphaai
1010 3104 1081 3159 ob
1106 3103 1508 3159 distinctionem
1529 3104 1727 3174 prioris
1752 3103 2029 3175 cognomi-

2137 1931 2334 1988 vertat,
2364 1933 2424 1978 ut
2455 1926 2505 1979 ei
2536 1942 2634 1996 per
2659 1929 2844 1983 omnia
2869 1929 3103 2000 placeat,
3129 1930 3287 1999 cuius
3322 1934 3631 1990 ministrum
3666 1952 3729 1991 se

2136 2029 2258 2070 esse
2286 2017 2553 2085 probavit.

2166 2136 2174 2143 -
2205 2105 2372 2164 Judas
2393 2108 2699 2169 Scariotbis
2720 2130 2751 2169 a
2776 2116 2929 2180 vico,
2960 2117 3013 2172 in
3040 2132 3148 2187 quo
3176 2127 3329 2174 ortus
3371 2130 3457 2176 est
3482 2136 3497 2174 :
3524 2121 3609 2175 vel
3653 2137 3722 2178 ex
3792 2160 3795 2161 ν

2136 2195 2275 2285 tribu
2299 2198 2519 2256 lsachar
2544 2203 2864 2259 vocabulum
2905 2209 3134 2277 sumpsit
3174 2211 3407 2279 quodam
3453 2219 3721 2285 prmsagio

2135 2284 2300 2342 futuri
2337 2289 2390 2344 in
2421 2292 2925 2350 condemnationem
2954 2297 3058 2350 sui.
3095 2296 3314 2355 lsachar
3354 2302 3496 2356 enim
3545 2284 3720 2359 inter-

2132 2387 2379 2448 pretatur
2413 2399 2609 2438 merces
2643 2397 2662 2435 :
2687 2393 2749 2439 ut
2779 2386 3182 2458 signiﬁcaretur
3211 2394 3444 2461 pretium
3474 2396 3720 2464 prodito-

2132 2468 2231 2533 ris,
2258 2485 2365 2539 quo
2390 2472 2630 2528 vendidit
2653 2475 2937 2531 Dominum
2966 2495 2979 2531 :
3010 2478 3150 2534 sicut
3188 2481 3446 2551 scriptum
3485 2494 3587 2539 est.
3617 2486 3721 2539 Ac-

2131 2572 2373 2630 ceperunt
2394 2564 2678 2618 mercedem
2700 2582 2891 2630 meam,
2914 2569 3129 2638 triginta
3153 2582 3446 2641 argenteos,
3468 2576 3718 2643 pretium,

2130 2649 2271 2719 quod
2299 2653 2618 2721 appretiatus
2642 2670 2759 2708 sum
2788 2656 2853 2710 ab
2876 2657 2950 2710 eis
2983 2656 3167 2730 (Zach.
3194 2658 3296 2731 XI),
3322 2663 3445 2731 quia
3470 2677 3566 2733 per
3593 2679 3722 2733 pro-

2132 2740 2387 2796 ditionem
2418 2744 2657 2814 magistri
2680 2754 2897 2801 aeterna:
2917 2748 3237 2818 perditionis
3263 2751 3363 2805 sibi
3396 2754 3719 2809 memoriam

2122 2828 2344 2884 ascivit.

2205 2917 2478 2986 Matthias,
2501 2924 2593 2992 qui
2617 2922 2763 2980 inter
2789 2924 3061 2994 apostolos
3082 2926 3199 2982 sine
3224 2927 3544 2998 cognomine
3571 2929 3718 2986 solus

2132 3008 2384 3074 habetur,
2415 3011 2805 3081 interpretatur
2830 3015 3088 3081 donatus,
3127 3024 3187 3070 ut
3213 3017 3586 3082 subaudiatur,
3620 3035 3718 3089 pro

2130 3097 2298 3155 Iuda.
2331 3101 2436 3156 iste
2464 3105 2608 3158 enim
2646 3105 2696 3158 in
2734 3104 2909 3160 locum
2937 3107 3054 3177 ejus
3076 3106 3278 3163 electus
3298 3117 3382 3162 est
3412 3108 3481 3161 ab
3503 3118 3723 3178 aposto-

455 3201 614 3250 natus
640 3210 656 3248 :
687 3195 813 3264 quia
846 3194 987 3250 sicut
1015 3194 1105 3250 ille
1129 3194 1327 3250 dicitur
1358 3194 1497 3251 ﬁlius
1517 3195 1787 3261 Zebedmi,
1821 3197 1899 3252 sic
1925 3196 2028 3252 iste
2054 3175 2101 3238 (ἶ
2132 3189 2218 3256 lis,
2249 3207 2371 3245 cum
2401 3207 2502 3262 pro
2528 3194 2736 3249 duobus
2762 3211 2883 3250 sors
2914 3175 3239 3251 mitteretur.

456 3283 599 3339 ﬁlius
638 3284 865 3355 Alphtei.
916 3284 1345 3356 Cognomentum
1400 3287 1565 3358 igitur
1609 3288 1768 3341 ambo
1809 3300 1839 3340 a
1875 3296 2029 3357 patre

456 3383 823 3444 sumpserunt.
847 3373 952 3429 Iste
976 3384 1061 3429 est
1087 3373 1317 3430 Jacobus
1342 3376 1538 3439 minor,
1563 3376 1655 3447 qui
1676 3376 1725 3430 in
1745 3375 2031 3446 Evangelio

459 3462 627 3517 frater
656 3461 868 3517 Domini
894 3464 1241 3517 nominatur:
1270 3464 1395 3533 quia
1420 3463 1605 3529 Maria,
1639 3479 1778 3519 uxor
1801 3464 2026 3535 Alphtei,

455 3566 611 3606 soror
637 3551 737 3606 fuit
762 3551 965 3618 Mariae,
993 3551 1180 3606 Matris
1215 3552 1460 3617 Domini,
1492 3568 1653 3623 quam
1686 3553 1850 3607 Maria
1879 3554 2032 3609 Cleo-

457 3644 578 3712 plin:
604 3637 842 3698 Joannes
869 3641 1210 3712 Evangelista
1254 3644 1599 3713 cognominat
1629 3660 1659 3698 a
1693 3652 1844 3714 patre
1872 3659 1887 3698 :
1918 3645 2031 3700 sive

457 3746 487 3785 a
534 3732 839 3803 gentilitate
885 3732 1136 3801 familiae,
1177 3745 1271 3789 aut
1308 3750 1626 3805 quacunque
1655 3735 1760 3790 alia
1790 3749 1951 3791 causa
1981 3737 2030 3791 ei

457 3836 651 3877 nomen
679 3824 978 3893 imponens.

527 3908 781 3981 Alphazus
810 3921 989 3967 autem
1016 3912 1242 3970 Hebraeo
1275 3930 1525 3971 sermone
1557 3917 1607 3970 in
1637 3916 1888 3971 Latinum
1934 3932 2032 3973 ex-

460 4002 735 4073 primitur,
762 4002 1069 4058 millesimus
1100 4004 1214 4059 sive
1234 4005 1437 4060 doctus.

534 4092 829 4167 Philippus,
867 4113 924 4150 os
946 4094 1313 4167 lampadarum
1343 4098 1425 4153 vel
1449 4115 1719 4154 manuum.

531 4186 786 4255 Thomas,
817 4191 1056 4260 abyssus,
1083 4187 1167 4243 vel
1189 4191 1456 4260 geminus,
1483 4193 1624 4246 unde
1654 4200 1709 4247 et
1732 4191 1918 4247 (ἔκ-ποθ
1948 4193 2037 4247 ΒΞ-

458 4282 654 4356 ιΙγπιιιε
698 4282 1021 4352 appellatur.
1072 4281 1139 4338 ili
1181 4283 1341 4337 ambo
1387 4282 1800 4353 prmdicatorum
1850 4292 2032 4357 typum

460 4380 666 4438 tcueut,
692 4374 783 4445 qui
815 4375 1067 4445 abyssum
1097 4383 1408 4430 Sanctarum
1437 4373 1837 4445 Scripturarum
1875 4390 2036 4445 pene-

460 4472 687 4530 trantes,
715 4464 895 4521 lumen
923 4464 1322 4536 praedicationis
1356 4479 1455 4534 per
1492 4479 1587 4518 ora
1617 4479 1712 4518 sua
1738 4463 1805 4518 ad
1830 4464 2029 4518 illumi-

460 4555 664 4611 nandas
691 4561 877 4624 gentes
900 4552 1198 4624 proferunt.

531 4641 976 4707 Bartholomteus,
1003 4643 1153 4712 ‘ﬁlius
1189 4642 1548 4714 suspendentls
1571 4659 1753 4713 aquas,
1782 4640 1865 4696 vel
1886 4642 2031 4713 ﬁlius

458 4735 817 4805 suspendentis
843 4750 961 4789 me:
989 4733 1184 4805 Syrum
1212 4742 1324 4800 est,
1354 4750 1460 4790 non
1488 4733 1793 4790 Hebraeum.
1826 4736 1931 4791 iste
1960 4736 2033 4792 si-

459 4824 660 4881 militer
686 4825 934 4879 doctores
970 4820 1191 4879 'sanctos
1224 4823 1526 4895 signiﬁcat:
1558 4825 1650 4894 qui
1692 4840 1891 4895 aquas,
1930 4826 2032 4882 hoc

455 4926 545 4974 est
577 4914 822 4988 populos,
848 4912 1233 4985 pmdieatione
1255 4930 1349 4970 sua
1377 4915 1709 4984 suspendunt
1732 4915 2029 4972 intentione

458 5013 524 5067 ad
556 5023 847 5080 supernum
877 5003 1115 5072 Patrem,
1148 5006 1299 5077 cujus
1322 5005 1423 5075 ipsi
1453 5005 1547 5060 ﬁlii
1577 5013 1721 5061 sunt.

527 5098 810 5157 Matthteus
845 5099 898 5156 in
926 5097 1152 5154 Hebrum
1175 5139 1189 5163 ,
1219 5097 1477 5161 donatus,
1508 5098 1863 5168 exprimitur:
1890 5096 2029 5152 idem

457 5204 516 5252 et
545 5195 845 5266 appellatur
871 5191 1000 5250 Levi
1021 5205 1085 5248 ex
1118 5191 1256 5247 tribu
1294 5205 1359 5244 ex
1391 5205 1494 5260 qua
1519 5198 1668 5244 ortus
1689 5188 1787 5244 fuit
1812 5206 1826 5243 :
1854 5190 1907 5243 in
1930 5188 2032 5243 La-

460 5289 574 5344 tino
607 5295 785 5342 autem
817 5298 886 5339 ex
910 5298 1076 5354 opere
1102 5281 1373 5353 publicani
1402 5295 1596 5335 nomen
1633 5279 1871 5349 accepit:
1904 5279 2030 5349 quia

459 5398 526 5437 ex
552 5378 855 5451 publicanis
889 5376 991 5432 fuit
1021 5376 1225 5432 electus
1251 5383 1307 5428 et
1335 5374 1388 5427 in
1416 5372 1775 5442 apostolatum
1801 5369 2031 5424 transla-

462 5483 567 5526 tus.
593 5470 689 5526 llic
717 5470 772 5525 in
801 5466 1073 5539 Evangelii
1098 5463 1493 5534 conscriptione
1540 5472 1799 5532 quantum
1829 5460 2030 5515 donum

460 5562 646 5634 gratia:
665 5569 784 5629 post
805 5557 1205 5613 conversionem
1228 5552 1543 5624 promeruit,
1566 5549 1818 5613 ostendit,
1849 5564 2032 5605 exem-

458 5651 607 5724 plum
655 5650 895 5704 tribuens
935 5646 1184 5702 omnibus
1246 5645 1335 5715 qui
1396 5640 1766 5713 pmnitentiam
1814 5639 2028 5708 dignam

462 5757 560 5816 pro
597 5737 829 5812 peccatis
869 5735 982 5790 suis
1011 5744 1239 5806 gerunt:
1274 5743 1329 5786 ut
1373 5748 1531 5787 nemo
1561 5730 1806 5799 desperet
1831 5729 1895 5782 dc
1934 5743 2029 5781 vc-

2198 3280 2373 3335 Aliter
2425 3281 2676 3338 Matthias
2714 3300 2909 3354 parvus
2947 3286 3349 3356 interpretatur,
3394 3295 3450 3341 et
3480 3285 3717 3357 JOSt‘ph,

2129 3372 2220 3441 qui
2252 3386 2373 3426 cum
2405 3386 2469 3427 eo
2495 3373 2596 3427 sub
2622 3382 2767 3429 sorte
2789 3383 3023 3429 statutus
3053 3382 3170 3442 est,
3197 3383 3422 3431 vocatur
3453 3375 3715 3441 Barsaba,

2130 3459 2233 3516 hoc
2282 3469 2393 3524 est,
2426 3460 2569 3530 ﬁlius
2596 3462 2802 3532 quietis.
2845 3461 2922 3517 De
2965 3464 3161 3533 quibus
3198 3463 3407 3520 duobus
3430 3463 3630 3520 Arator
3661 3465 3717 3520 in

2130 3551 2356 3606 metrico
2381 3565 2545 3620 opere
2570 3566 2669 3606 suo
2705 3552 2780 3606 ita
2809 3551 2955 3618 lusit,
2984 3553 3166 3609 dicens
3195 3570 3210 3607 :

2253 3691 2566 3753 Constituere
2584 3690 2727 3753 duos,
2748 3688 2933 3753 Josepli
2956 3694 3250 3753 cognomine
3270 3690 3462 3741 Justum
3478 3729 3495 3753 ,

2255 3750 2631 3815 MullhiiImQUP,
2660 3752 2749 3801 Dei
2776 3750 2974 3815 parvum
3000 3750 3125 3815 (food
3152 3766 3345 3809 nomen,
3381 3764 3434 3800 ut
3453 3750 3611 3815 aiunt,

2253 3811 2465 3874 Heln-eo
2487 3811 2716 3861 sermone
2739 3821 2898 3874 sonat,
2929 3811 3263 3873 humilemque
3289 3817 3506 3863 vocando

2253 3872 2560 3935 Comprobat.
2587 3877 2626 3923 υ
2653 3872 2890 3934 quantum
2910 3875 3091 3922 distant
3116 3872 3320 3935 hutnaus
3339 3876 3574 3935 superuis

2254 3929 2483 3995 indiciis!
2513 3934 2650 3982 l‘arvi
2672 3929 2851 3982 merito
2875 3936 3235 3995 transcendltnr
3260 3932 3361 3995 ille,

2223 4012 2235 4030 ε
2255 3993 2419 4059 Laude
2444 3995 2691 4059 hominum
2712 3997 2793 4055 qui
2817 3996 2980 4059 justus
3003 3993 3377 4059 erat._f)uodena
3400 3995 3653 4059 refulgent

2253 4058 2402 4118 Signa
2425 4057 2577 4114 chori,
2603 4054 2848 4117 ternique
2865 4056 3010 4118 jubar
3021 4054 3257 4117 laedatur
3281 4055 3492 4118 Olympi.

2132 4178 2199 4233 Et
2237 4177 2563 4241 notandum,
2588 4178 2730 4247 quod
2764 4176 3013 4233 Clemens
3045 4177 3421 4234 Alexandrinae
3456 4180 3723 4237 Ecclesia:

2131 4269 2432 4338 presbyter,
2463 4268 2543 4321 vir
2564 4281 2661 4336 per
2685 4267 2866 4322 omnia
2890 4267 3254 4331 doctissimus,
3289 4268 3477 4323 ambos
3499 4270 3600 4325 bos
3622 4273 3719 4341 qui

2132 4364 2198 4418 ad
2228 4375 2429 4419 sortem
2458 4363 2790 4434 apostolatus
2822 4362 3009 4417 statuti
3035 4369 3181 4427 sunt,
3204 4361 3271 4418 de
3293 4377 3521 4418 numero
3544 4363 3721 4421 fuisse

2134 4458 2474 4528 septuaginta
2508 4457 2895 4526 discipulorum
2930 4454 3115 4511 refert.

2206 4547 2435 4610 Marcus,
2464 4547 2696 4602 excelsus
2719 4545 2990 4611 mandato,
3018 4546 3204 4615 utique
3229 4553 3449 4616 propter
3468 4544 3717 4618 Evange-

2132 4639 2261 4693 lium
2292 4638 2575 4705 Altissimi,
2606 4638 2747 4708 quod
2778 4635 3109 4707 praedicavit.

2202 4728 2407 4792 Lucas,
2435 4729 2544 4798 ipse
2587 4742 2937 4796 consurgens,
2983 4741 3074 4781 seu
3103 4726 3211 4794 ipse
3242 4724 3466 4782 elevans.
3508 4726 3574 4782 lii
3608 4729 3718 4784 duo

2131 4818 2504 4890 Evangelistae,
2531 4819 2633 4872 hoc
2653 4826 2759 4882 est,
2787 4816 2999 4872 Marcus
3036 4823 3092 4870 et
3131 4814 3336 4878 Lucas,
3362 4832 3501 4871 unus
3526 4833 3590 4871 ex
3621 4817 3716 4873 lu-

2133 4909 2281 4972 dmis,
2321 4907 2456 4961 alter
2493 4922 2559 4962 ex
2608 4906 2916 4961 nationibus
2960 4905 3197 4969 electus,
3236 4902 3545 4976 significant
3577 4906 3714 4963 duos

2131 4998 2350 5053 ordines
2376 4997 2790 5067 prmdicatorum
2812 5036 2826 5059 ,
2855 4995 2958 5049 hoc
3002 5003 3115 5059 est,
3167 5009 3331 5047 unum
3364 5008 3432 5047 ex
3473 4991 3712 5059 Judmis,

2133 5074 2361 5146 alterum
2388 5104 2453 5143 ex
2480 5088 2728 5159 gentibus
2759 5086 2825 5141 ad
2855 5085 3255 5156 prmdicandum
3281 5084 3629 5154 Evangelium
3655 5085 3713 5141 in

2134 5190 2244 5237 toto
2272 5180 2401 5235 orbe
2431 5178 2685 5234 directos.
2710 5177 2809 5244 Qui
2842 5176 3004 5230 etiam
3030 5174 3324 5246 principem
3348 5174 3714 5245 apostolorum

2131 5279 2186 5327 et
2214 5272 2531 5342 magistrum
2553 5267 2792 5341 gentium
2815 5266 2983 5322 secuti
3020 5272 3145 5320 sunt
3170 5282 3183 5317 :
3217 5262 3465 5318 videlicet
3497 5261 3717 5318 Marcus

2129 5359 2368 5425 Petrum,
2394 5361 2479 5416 cui
2502 5353 2830 5430 apostolatus
2849 5356 3122 5426 delegatus
3142 5362 3226 5409 est
3245 5353 3711 5410 circomcisionis:

2131 5462 2186 5506 et
2211 5449 2384 5507 Lucas
2427 5449 2649 5504 Paulum
2673 5489 2689 5514 ,
2722 5445 2813 5518 qui
2841 5444 3032 5500 doctor
3071 5451 3127 5499 et
3167 5443 3426 5515 magister
3465 5443 3712 5513 gentium

2131 5543 2231 5598 fuit
2250 5562 2262 5597 :
2292 5544 2369 5597 ita
2391 5551 2449 5596 ut
2470 5551 2697 5611 uterque
2719 5535 2965 5609 magistri
2990 5534 3073 5590 sui
3094 5534 3197 5588 rite
3217 5540 3437 5589 secutus
3455 5532 3714 5603 vestigia,

2133 5632 2418 5691 ministerii
2447 5633 2527 5687 sui
2560 5632 2716 5710 digne
2738 5627 2979 5698 expleret
3005 5623 3259 5680 oﬁicium.

2205 5724 2495 5787 Barnabas,
2526 5718 2669 5791 ﬁlius
2699 5718 2998 5791 prapltetitc,
3031 5714 3113 5770 vel
3143 5715 3287 5784 ﬁlius
3308 5711 3710 5791 consolationis,
