4064 6206
296 389 364 451 89
1287 380 1378 438 DE
1420 380 1765 439 UNIVERSO
1804 378 1984 434 LIBRI
2023 377 2186 432 XXII.
2226 408 2296 417 —
2334 377 2462 433 LIB.
2499 377 2586 433 IV.
3493 389 3562 448 90

294 499 703 577 interpﬂétatur.
740 499 848 556 Iste
883 499 1042 558 simul
1072 515 1192 554 cum
1223 497 1390 552 Paulo
1432 497 1666 567 Spiritus
1705 495 1877 550 sancti
1908 501 1956 558 Α
1985 501 2158 548 vocet.
2204 491 2513 556 Catholica,
2559 492 2883 549 universalis
2910 511 2923 548 :
2953 510 3057 565 apo
3087 504 3142 552 to
3167 495 3476 567 catholico,
3509 502 3562 558 id

291 598 486 667 indicio
513 595 584 648 ab
610 591 870 662 apostolis
900 597 1212 660 segregatus
1246 596 1332 642 est
1366 588 1434 641 ad
1472 585 1874 656 praedicandum

296 683 641 754 Evangelium
673 683 724 734 in
754 679 1034 751 gentibus,
1083 685 1143 730 ut
1189 675 1294 729 illis
1332 675 1629 744 prophetia!
1679 674 1879 735 donum

296 775 582 836 revelaret,
607 780 663 826 et
687 780 904 826 aeterna:
928 767 1282 823 consolationi
1317 775 1678 836 Opportunum
1718 763 1880 817 dictis

299 874 345 917 et
381 862 544 917 factis
569 861 838 930 praeberet

362 952 724 1014 Nieodemus,
770 949 862 1018 qui
903 954 1124 1002 venerat
1163 945 1230 1000 ad
1272 944 1558 1000 Dominum
1597 950 1789 1008 nocte,
1825 951 1880 996 et

295 1045 615 1117 mysterium
647 1042 716 1096 ab
739 1055 804 1095 eo
829 1039 1018 1094 didicit
1043 1037 1291 1095 secunda:
1319 1035 1635 1096 nativitatis,
1670 1031 1880 1104 signiti-

299 1144 379 1189 cat
407 1148 535 1196 eos,
568 1131 660 1200 qui
689 1129 884 1184 devoto
911 1126 1075 1182 corde
1099 1126 1327 1180 veniunt
1368 1123 1434 1178 ad
1462 1123 1750 1194 magistros
1778 1121 1881 1175 Ec-

279 1224 494 1286 ‘clesiae,
524 1229 590 1275 ut
614 1221 829 1275 discant
857 1218 926 1272 ab
953 1216 1032 1271 eis
1056 1229 1238 1270 veram
1266 1215 1588 1284 sapientiam
1619 1231 1630 1266 :
1665 1213 1757 1268 sed
1782 1212 1878 1264 ad-

301 1312 399 1365 huc
429 1310 485 1363 in
520 1307 762 1363 tenebris
803 1304 1122 1376 ignorantiae
1170 1303 1330 1372 positi
1386 1302 1669 1363 dubitant,
1709 1299 1881 1353 donec

301 1400 466 1470 gratia
512 1397 753 1466 Spiritus
781 1395 953 1450 sancti
973 1434 988 1460 ,
1017 1391 1171 1461 cujus
1210 1392 1508 1462 potentiam
1536 1389 1694 1445 Jesus
1717 1403 1882 1458 expo—

302 1490 400 1543 suit
429 1487 533 1557 ipsi
557 1485 871 1548 Nicodemo,
899 1483 1251 1538 illustrentur.
1277 1481 1411 1536 Nam
1438 1480 1612 1535 fertur
1630 1481 1683 1534 in
1707 1480 1882 1533 Evan-

302 1577 454 1647 gelio,
481 1575 630 1644 quod
658 1575 798 1628 idem
826 1570 1150 1626 Nicodamus
1178 1569 1385 1624 venerit
1410 1569 1465 1622 in
1497 1568 1747 1638 passione
1778 1568 1882 1621 Do-

306 1669 451 1731 mini,
488 1666 673 1720 ferens
697 1663 980 1718 misturam
1007 1661 1242 1731 myrrha:
1269 1667 1324 1714 et
1353 1657 1519 1722 aloes,
1541 1657 1694 1725 quasi
1718 1657 1881 1711 libras

303 1765 536 1815 centum,
561 1761 622 1806 ut
645 1765 770 1807 cum
801 1748 1022 1817 Joseph,
1044 1748 1135 1818 qui
1167 1746 1268 1800 fuit
1291 1747 1358 1800 ab
1378 1745 1698 1808 Arimathia,
1726 1758 1879 1813 sepe-

1981 592 2086 648 est,
2117 584 2413 637 secundum
2444 591 2638 636 totum.
2671 583 2786 638 Non
2823 586 2968 639 enim
3010 587 3150 641 sicut
3191 591 3563 646 conventicula

1983 674 2355 728 hiereticorum
2366 713 2380 737 ,
2394 673 2664 742 aliquibus
2679 675 2957 744 regionum
2970 678 3214 745 partibus
3225 688 3532 736 coarctatur
3548 701 3561 734 :

1983 763 2075 817 sed
2097 777 2194 831 per
2215 770 2385 816 totum
2418 770 2687 816 terrarum
2723 765 2910 819 orbem
2958 767 3182 821 dilatata
3231 768 3562 825 diffunditur.

1982 850 2134 917 Quod
2163 851 2324 905 etiam
2349 851 2641 920 Apostolus
2671 855 2935 922 approbat
2964 857 3029 909 ad
3065 855 3343 912 Romanos
3379 859 3567 914 dicens

1981 943 2153 1015 (Rom.
2186 942 2225 1014 ι)
2255 962 2266 997 :
2300 941 2514 999 Gratias
2539 961 2638 1014 ago
2672 945 2781 999 Deo
2822 963 2934 1000 meo
2971 963 3066 1016 pro
3109 948 3347 1003 omnibus
3382 950 3524 1004 vobis
3547 964 3566 1001 :

1979 1038 2101 1106 quia
2127 1036 2256 1105 ﬁdes
2284 1045 2454 1090 vestra
2477 1039 2822 1091 annuntiatur
2844 1040 2900 1093 in
2926 1040 3166 1094 universo
3189 1041 3400 1095 mundo.
3429 1042 3566 1099 Hinc

1979 1133 2034 1180 et
2061 1126 2386 1181 universitas
2415 1127 2481 1181 ab
2505 1142 2614 1182 uno
2641 1129 3022 1197 cognominata
3048 1138 3150 1194 est,
3175 1141 3396 1200 propter
3421 1134 3590 1213 quod.

1980 1217 2035 1270 in
2058 1218 2262 1289 unitate
2287 1217 2574 1288 colligitur.
2597 1219 2750 1274 Unde
2776 1220 3035 1275 Dominus
3060 1223 3113 1276 in
3134 1221 3427 1294 Evangelia
3453 1225 3561 1278 ait:

1983 1309 2084 1372 Qui
2108 1325 2305 1361 mecum
2329 1325 2432 1362 non
2455 1309 2671 1380 colligit,
2700 1313 2896 1381 spargit
2928 1311 3078 1383 (Luc.
3106 1313 3203 1386 XI).
3232 1314 3342 1370 Cur
3362 1325 3560 1382 autem,

1981 1398 2217 1452 Ecclesia
2251 1413 2372 1452 cum
2403 1415 2506 1452 una
2536 1400 2626 1465 sit,
2660 1417 2690 1456 a
2720 1399 2928 1457 Joanne
2973 1414 3174 1474 septem
3218 1406 3566 1460 scribuntur?

1982 1490 2163 1561 (Apoc.
2195 1489 2233 1558 ι)
2264 1490 2364 1544 nisi
2395 1499 2453 1543 ut
2478 1507 2584 1544 una
2611 1491 2886 1548 Catholica
2921 1494 3218 1563 septiformi
3247 1496 3404 1565 plena
3438 1496 3564 1568 Spi-

1981 1580 2086 1632 ritu
2116 1578 2431 1650 designetur
2457 1599 2470 1632 ε
2501 1582 2639 1635 sicut
2667 1583 2808 1637 etde
2839 1581 3064 1638 Domino
3087 1587 3335 1642 novimus
3365 1588 3591 1656 dixisse.

1982 1669 2322 1725 Salomonem
2348 1688 2360 1722 :
2391 1669 2660 1739 Sapientia
2681 1673 2960 1742 (edi/icavit
2981 1677 3080 1728 sibi
3109 1677 3344 1741 domum,
3370 1679 3565 1732 excidit

1981 1758 2249 1813 columnas
2279 1769 2469 1828 septem
2499 1757 2682 1828 (Prov.
2714 1759 2812 1832 rx).
2845 1761 2974 1828 Quae
3015 1770 3190 1818 tamen
3221 1772 3427 1833 septem
3457 1781 3563 1820 una

305 1852 419 1904 Ιίΐθῑ
467 1844 632 1902 Simul
683 1855 879 1911 corpus
925 1838 1136 1892 Domini
1169 1848 1186 1897 ἶ
1214 1836 1309 1892 sed
1359 1851 1466 1890 "0“
1508 1836 1611 1890 hoc
1655 1835 1817 1887 “iam
1847 1847 1877 1884 3
1907 1841 1953 1899 Β
1981 1863 2100 1903 esse
2125 1864 2233 1902 non
2265 1849 2573 1916 ambigitur,
2620 1851 2831 1906 dicente
2872 1851 3165 1922 Apostolo:
3198 1853 3435 1909 Ecclesia
3465 1856 3562 1911 Dei

307 1938 561 2009 mysterio
589 1941 747 1989 vacat
773 1951 786 1986 :
817 1930 943 2001 quia
969 1928 1066 1993 illi,
1098 1929 1189 1999 qui
1231 1941 1360 1984 vere
1383 1927 1722 1998 discipulatui
1761 1925 1880 1980 Sal-

304 2029 501 2083 vatoris
531 2027 834 2086 adhaerent,
861 2021 1052 2075 mortis
1072 2019 1192 2088 ejus
1220 2036 1282 2075 ac
1320 2019 1737 2074 resurrectionis
1763 2032 1878 2071 me-

308 2117 525 2170 moriam
552 2129 676 2168 cum
708 2109 1042 2166 aromatibus
1074 2124 1351 2164 sacrarum
1383 2109 1642 2162 virtutum
1684 2107 1738 2160 in
1767 2120 1885 2160 cor-

308 2209 382 2262 dis
421 2207 503 2260 sui
550 2205 853 2259 recondunt
899 2209 1110 2256 secreto
1129 2241 1144 2265 ,
1168 2201 1312 2270 juste
1334 2208 1389 2254 et
1411 2198 1498 2268 pie
1526 2197 1754 2252 vivendo
1781 2211 1879 2250 ex-

309 2305 608 2366 spectantes
635 2295 778 2348 diem
817 2291 1267 2355 resurrectionis,
1298 2297 1353 2344 et
1380 2290 1667 2344 adventum
1699 2288 1882 2359 gloriae

307 2394 476 2462 magni
505 2393 602 2446 Dei
630 2401 686 2444 et
715 2389 1014 2444 Salvatoris
1034 2387 1204 2442 nostri
1231 2384 1357 2439 Jesu
1379 2383 1602 2445 Christi,
1626 2382 1714 2451 qui
1739 2377 1880 2432 dedit

307 2487 626 2555 semetipsum
654 2499 748 2552 pro
775 2481 940 2539 nobis.
971 2489 1024 2532 ut
1051 2477 1325 2532 mandaret
1351 2475 1452 2530 sibi
1495 2471 1743 2544 populum
1787 2485 1878 2522 ac-

308 2575 624 2646 ceptabilem,
652 2583 958 2629 sectatorem
981 2572 1231 2625 bonorum
1259 2583 1468 2637 operum
1495 2563 1622 2636 (Tit.
1653 2559 1736 2632 ιι).

373 2664 694 2727 Nathanael,
724 2665 922 2714 donum
953 2659 1068 2723 Dei,
1092 2659 1480 2726 interpretatur
1507 2671 1519 2706 :
1546 2653 1674 2722 quia
1704 2649 1876 2713 dolus,

311 2758 360 2811 id
389 2765 488 2821 est,
517 2753 795 2808 simulatio
820 2752 963 2806 dono
987 2750 1083 2805 Dei
1111 2749 1163 2803 in
1194 2762 1260 2802 eo
1283 2761 1388 2800 non
1411 2744 1532 2800 fuit.
1565 2741 1730 2810 Cujus
1759 2740 1880 2794 imi-

314 2858 509 2903 tatores
539 2856 671 2902 sunt
692 2846 894 2917 quique
923 2844 1103 2909 electi,
1127 2843 1217 2912 qui
1243 2840 1470 2910 simplici
1500 2837 1781 2892 devotione
1814 2835 1883 2889 ad

311 2941 591 2994 Dominum
625 2938 865 3002 veniunt,
897 2944 951 2990 et
974 2935 1222 2988 mandata
1249 2932 1367 3002 ejus
1391 2929 1716 2985 custodiunt.

937 3044 1162 3103 CAPUT
1199 3041 1262 3098 ll.

886 3116 965 3171 De
987 3114 1317 3184 martyribus.

1980 1938 2098 2003 viri,
2121 1955 2236 2008 qua'
2256 1947 2330 1991 est
2359 1937 2600 1992 columna
2622 1949 2670 1993 et
2696 1939 3084 2008 firmamentum
3106 1945 3337 2000 veritatis
3355 1945 3408 2018 (I
3423 1943 3559 2001 Tim.

1981 2030 2088 2097 ιιι).
2133 2027 2410 2083 inchoavit
2450 2037 2630 2083 autem
2663 2030 2901 2085 Ecclesia
2931 2047 2961 2085 a
2994 2032 3112 2088 loco
3165 2033 3256 2088 ubi
3296 2036 3442 2089 venit
3493 2036 3562 2092 de

1980 2121 2117 2178 caelo
2144 2120 2378 2190 Spiritus
2407 2127 2626 2175 sanctus
2652 2140 2665 2171 :
2693 2129 2746 2174 et
2770 2121 3010 2189 implevit
3033 2138 3141 2177 uno
3169 2122 3290 2179 loco
3312 2126 3562 2180 sedentes

1979 2227 2103 2267 cxx.
2141 2210 2248 2264 Pro
2295 2209 2728 2279 peregrinatione
2769 2218 2947 2265 autem
3004 2213 3258 2279 praesenti
3321 2213 3557 2268 Ecclesia

1981 2301 2122 2373 Syon
2145 2300 2375 2355 dicitur:
2407 2313 2472 2353 eo
2494 2298 2637 2368 quod
2672 2299 2741 2352 ab
2775 2296 2934 2367 hujus
2968 2301 3416 2371 peregrinationis
3444 2301 3562 2355 lon-

1981 2391 2220 2462 gitudine
2243 2389 2415 2459 posita
2439 2389 2850 2458 promissionem
2895 2405 3076 2444 rerum
3115 2392 3414 2446 caelestium
3440 2407 3561 2462 spe-

1981 2481 2190 2536 culetur
2219 2498 2230 2534 :
2261 2488 2313 2534 et
2347 2479 2548 2534 idcirco
2577 2479 2754 2550 Sgon,
2798 2481 2850 2534 id
2891 2489 2994 2545 est,
3017 2481 3328 2552 speculatio,
3362 2497 3558 2537 nomen

1982 2570 2188 2640 accepit
2216 2588 2228 2623 :
2256 2585 2352 2640 pro
2373 2569 2568 2624 futura:
2592 2585 2720 2624 vero
2740 2571 2930 2640 patria:
2951 2585 3082 2640 pace
3104 2571 3439 2626 Hierusalem
3471 2587 3561 2626 vo-

1983 2673 2160 2719 catur.
2193 2661 2326 2717 Nam
2365 2663 2699 2718 Hierusalem
2721 2705 2735 2729 ,
2775 2665 2917 2735 pacis
2960 2666 3118 2730 visio,
3150 2667 3558 2737 interpretatur.

1982 2755 2056 2808 lbi
2097 2755 2239 2808 enim
2281 2754 2477 2808 abolita
2526 2756 2672 2808 omni
2721 2756 3046 2810 adversitate
3083 2772 3267 2825 pacem
3292 2798 3306 2823 ,
3339 2773 3458 2827 qua:
3480 2765 3566 2813 est

1983 2845 2250 2910 Christus,
2277 2845 2528 2914 praesenti
2560 2843 2851 2914 possidebit
2879 2847 3090 2900 obtutu.

2056 2935 2337 3007 Synagoga
2351 2933 2560 2998 Greece,
2582 2933 2789 2997 Latine,
2809 2935 3156 3004 congregatio,
3179 2935 3396 2989 dicitur.
3409 2934 3563 3001 Quod

1984 3026 2261 3095 proprium
2285 3039 2476 3080 nomen
2499 3022 2804 3079 Judzeorum
2835 3024 3061 3093 populus
3090 3027 3280 3079 tenuit.
3317 3024 3561 3094 Ipsorum

1987 3115 2130 3168 enim
2157 3113 2503 3184 congregatio
2521 3115 2737 3182 proprie
2758 3129 3027 3184 synagoga
3055 3114 3157 3168 dici
3181 3115 3346 3169 solet:
3373 3131 3565 3184 qnam-

377 3212 641 3281 Martyres
673 3207 878 3266 'Grteca
930 3205 1130 3274 lingua,
1177 3202 1370 3256 Latine
1418 3207 1567 3252 ῑεδῑεδ
1610 3197 1881 3252 dicunlur-
1911 3189 1956 3249 Ε
1988 3207 2066 3259 vis
2095 3214 2150 3261 ct
2177 3206 2417 3260 Ecclesia
2440 3207 2579 3260 dicta
2612 3205 2702 3259 sit.
2731 3205 2976 3260 Nostram
3007 3222 3132 3261 vero
3161 3206 3396 3276 Apostoli
3429 3223 3565 3259 nun-

314 3305 460 3359 Unde
508 3311 564 3357 et
607 3301 907 3355 testimonia
954 3296 1138 3352 Graece
1183 3293 1436 3362 martyrio
1488 3296 1882 3358 nuncupantur.

315 3397 505 3450 Testes
533 3403 718 3448 autem
753 3392 875 3445 ideo
901 3389 1074 3443 vocati
1105 3393 1229 3440 sunt
1258 3403 1270 3437 :
1300 3383 1443 3452 quod
1477 3390 1699 3451 pr0ptcr
1733 3379 1886 3433 testi-

314 3487 548 3541 monium
579 3482 779 3538 Christi
807 3479 1083 3550 passiones
1115 3475 1514 3536 sustinuerunt,
1539 3479 1589 3525 et
1627 3483 1797 3539 usque
1821 3469 1889 3521 ad

315 3588 538 3631 mortem
581 3589 684 3645 pro
730 3573 958 3628 veritate
1001 3573 1366 3625 certaverunt.
1414 3562 1563 3631 Quod
1611 3575 1736 3614 vero
1782 3573 1887 3612 non

313 3680 460 3724 testes
476 3667 644 3740 (quod
655 3666 846 3721 Latine
864 3665 1047 3734 utique
1066 3673 1351 3732 possumus
1371 3654 1572 3726 dicere)
1591 3652 1684 3708 sed
1706 3648 1890 3708 Grazce

315 3770 567 3829 martyres
611 3754 978 3826 appellamus:
1016 3749 1337 3804 familiarius
1376 3744 1631 3801 Ecclesia:
1671 3741 1890 3797 auribus

316 3849 415 3903 hoc
443 3848 671 3902 verbum
698 3844 944 3900 Graecum
977 3849 1168 3897 sonat:
1202 3840 1342 3894 sicut
1384 3846 1439 3892 et
1489 3835 1653 3890 multa
1703 3832 1889 3887 Grzeca

317 3939 554 4001 nomina,
585 3952 708 4006 qua:
737 3949 836 4004 pro
863 3932 1069 3987 Latinis
1099 3931 1318 3986 utimur.
1346 3927 1643 3999 Martyrum
1684 3927 1892 3995 primus

317 4027 368 4079 in
417 4026 568 4080 Novo
612 4024 961 4078 Testamento
1008 4020 1311 4090 Stephanus
1357 4016 1477 4082 fuit,
1523 4017 1614 4087 qui
1663 4015 1890 4069 Hebraeo

316 4130 565 4170 sermone
616 4114 1002 4183 interpretatur
1060 4127 1278 4173 norma,
1343 4109 1485 4178 quod
1535 4108 1684 4176 prior
1731 4106 1892 4159 fuerit

317 4205 368 4258 in
397 4203 664 4274 martyrio
692 4203 759 4258 ad
787 4202 1138 4256 imitationem
1170 4197 1425 4253 ﬁdelium.
1456 4197 1598 4251 Idem
1629 4204 1805 4249 autem
1836 4205 1891 4250 et

315 4294 505 4347 Gnaeo
567 4305 816 4346 sermone
865 4291 918 4345 in
963 4290 1210 4344 Latinum
1254 4288 1513 4351 vertitur,
1570 4294 1889 4338 coronatus:

317 4394 370 4436 et
395 4384 497 4437 hoc
526 4381 878 4453 prophetiee:
911 4387 970 4434 ut
995 4380 1136 4449 quod
1164 4389 1481 4448 sequeretur
1509 4379 1562 4432 in
1592 4394 1672 4440 re,
1704 4377 1893 4430 vatici-

318 4478 413 4528 nio
468 4475 704 4545 quodam
757 4471 920 4526 futuri
979 4473 1130 4543 prius
1182 4472 1236 4524 in
1283 4471 1544 4526 vocabulo
1593 4478 1886 4523 resonaret.

318 4566 523 4620 Passus
569 4573 656 4618 est
695 4564 870 4628 enim,
897 4571 951 4616 et
981 4561 1122 4631 quod
1152 4562 1464 4626 vocabatur,
1510 4561 1736 4629 accepit.
1771 4558 1892 4612 Ste-

318 4659 532 4727 phanus
557 4655 726 4718 enim,
752 4671 974 4718 corona,
1006 4654 1204 4708 dicitur
1230 4672 1242 4706 :
1267 4653 1543 4707 humiliter
1581 4651 1847 4721 lapidatus
1876 4667 1888 4702 :

318 4747 413 4800 sed
439 4745 748 4800 sublimiter
773 4752 1080 4799 coronatus.
1107 4743 1227 4798 Duo
1262 4751 1438 4797 autem
1483 4750 1611 4795 sunt
1653 4739 1897 4810 martyrii

319 4848 521 4888 genera
553 4846 758 4884 :unum
791 4830 845 4883 in
877 4838 1064 4897 aperta
1095 4831 1364 4898 passione,
1397 4829 1626 4883 alterum
1646 4827 1698 4880 in
1724 4825 1898 4881 occul-

320 4934 369 4976 ta
405 4922 571 4975 animi
600 4921 822 4974 virtute.
861 4919 992 4972 Nam
1031 4920 1185 4972 multi
1225 4920 1396 4973 hostis
1442 4918 1668 4972 insidias
1696 4915 1895 4971 diaboli

321 5013 640 5072 tolerantes,
672 5012 736 5062 et'
754 5009 966 5062 cunctis
992 5009 1297 5062 carnalibus
1319 5007 1602 5062 desideriis
1633 5007 1895 5060 resisten-

322 5112 424 5156 tes.
450 5119 549 5172 per
575 5102 699 5164 hoc,
725 5099 867 5170 quod
893 5115 952 5154 se
982 5101 1334 5168 omnipotenti
1358 5100 1468 5154 Deo
1499 5101 1553 5153 in
1595 5100 1756 5154 corde
1784 5113 1898 5150 ma-

321 5201 636 5258 ctaverunt,
665 5193 829 5245 etiam
854 5192 1004 5262 pacis
1031 5200 1270 5260 tempore
1295 5200 1560 5260 martyres
1580 5191 1703 5243 facti
1727 5197 1852 5243 sunt
1883 5207 1895 5242 :

320 5285 630 5354 quietiam,
662 5283 706 5337 si
734 5281 1125 5352 persecutionis
1154 5290 1363 5351 tempus
1387 5281 1663 5345 existeret,
1697 5286 1900 5350 marty-

320 5387 413 5425 res
444 5371 559 5425 lien‘
584 5380 829 5441 possent.

951 5458 1176 5514 CAPUT
1214 5459 1297 5513 Ill.

756 5549 833 5603 De
855 5549 1088 5605 Ecclesia
1113 5559 1161 5604 et
1191 5548 1485 5622 Synagoga.

394 5641 638 5697 Ecclesia
670 5640 919 5696 Graecum
945 5649 1048 5704 est,
1076 5641 1220 5710 quod
1261 5641 1316 5694 in
1356 5640 1608 5695 Latinum
1650 5641 1896 5702 vertitur,

322 5733 658 5786 fouwcatio:
682 5739 901 5802 propter
925 5730 1252 5803 [propterea]
1268 5731 1411 5800 quod
1432 5746 1621 5785 omnes
1643 5747 1670 5782 a
1696 5746 1755 5785 sc
1775 5746 1900 5786 con-

1986 3311 2146 3365 quam
2181 3302 2501 3366 synagogam
2551 3296 2822 3360 dixerunt,
2867 3297 2960 3348 sed
3009 3311 3222 3365 semper
3249 3295 3563 3349 ecclesiam:

1988 3389 2100 3443 sive
2129 3387 2470 3441 discernendi
2497 3401 2658 3440 causa
2685 3402 2698 3438 ξ
2725 3387 2836 3439 sive
2858 3387 3000 3455 quod
3027 3387 3167 3440 inter
3195 3393 3567 3456 congregatio-

1988 3491 2130 3540 nem,
2165 3476 2307 3530 unde
2335 3490 2624 3546 synagoga,
2647 3483 2701 3529 et
2727 3476 3187 3540 convocationem,
3213 3477 3353 3530 unde
3385 3476 3566 3531 Eccle-

1989 3567 2066 3622 sia
2094 3581 2288 3620 nomen
2312 3566 2538 3634 accepit,
2566 3565 2727 3619 distet
2760 3563 2959 3633 aliquid
2987 3583 2999 3618 :
3028 3566 3171 3635 quod
3203 3566 3409 3620 scilicet
3430 3581 3564 3619 con-

1988 3657 2196 3729 gregari
2230 3664 2285 3711 et
2306 3671 2502 3724 pecora
2538 3657 2738 3720 solent,
2779 3672 3007 3726 quorum
3049 3665 3104 3711 et
3132 3671 3320 3728 greges
3351 3657 3566 3726 proprie

1989 3752 2215 3805 dicimus
2251 3749 2565 3822 congregari
2596 3767 2608 3802 :
2642 3749 2927 3804 convocari
2956 3756 3135 3804 autem
3177 3748 3426 3801 homines
3463 3761 3554 3802 so-

1989 3842 2162 3897 lemus
2189 3843 2391 3896 dicere.

2595 3933 2822 3991 CAPUT
2860 3935 2948 3991 IV.

2497 4021 2570 4076 De
2589 4023 2834 4092 religione
2859 4034 2908 4077 et
2940 4023 3061 4090 ﬁde.

2063 4113 2262 4182 Dogma
2288 4126 2315 4164 a
2345 4112 2578 4180 putando
2600 4111 2899 4180 philosophi
2925 4113 3336 4166 nominaverunt
3355 4130 3368 4142 ·
3395 4112 3564 4177 idest,

1993 4201 2096 4255 hoc
2117 4209 2246 4269 puto
2271 4215 2390 4255 esse
2419 4201 2616 4253 bonum
2648 4219 2659 4252 :
2692 4201 2792 4254 hoc
2813 4211 2942 4269 puto
2972 4216 3093 4256 esse
3119 4217 3330 4256 verum.
3358 4201 3566 4270 Religio

1994 4291 2283 4361 appellata,
2308 4290 2448 4358 quod
2474 4304 2570 4358 per
2595 4304 2712 4342 eam
2743 4291 2834 4343 uni
2877 4291 2984 4344 Deo
3024 4291 3314 4362 religamus
3358 4292 3568 4346 animas

1994 4390 2207 4436 nostras
2235 4382 2299 4434 ad
2329 4380 2530 4434 cultum
2570 4381 2806 4435 divinum
2848 4381 3060 4435 vinculo
3089 4383 3376 4436 serviendi.
3417 4381 3566 4447 Quod

1994 4473 2216 4526 verbum
2239 4471 2592 4538 compositum
2621 4479 2706 4524 est
2738 4486 2766 4524 a
2800 4471 3094 4542 religando,
3138 4473 3188 4523 id
3215 4482 3328 4535 est,
3360 4473 3566 4543 eligen-

1996 4565 2065 4619 do
2095 4582 2106 4616 :
2133 4573 2191 4617 ut
2214 4563 2286 4616 ita
2303 4561 2551 4615 Latinum
2576 4561 2838 4626 videatur,
2868 4560 3066 4630 religio,
3093 4563 3232 4616 sicut
3252 4561 3424 4631 etigio.
3443 4563 3566 4616 Tria

1996 4662 2122 4709 sunt
2162 4661 2337 4706 autem
2361 4691 2376 4715 ,
2409 4666 2527 4720 qua:
2569 4650 2624 4703 in
2670 4649 2945 4721 religionis
2981 4651 3124 4705 cultu
3178 4652 3245 4706 ad
3285 4651 3566 4706 colendum

1997 4744 2162 4798 Deum
2213 4743 2264 4795 in
2313 4741 2618 4796 hominibus
2653 4745 3074 4810 perquiruntur:
3106 4741 3156 4795 id
3205 4751 3328 4806 est,
3374 4741 3564 4802 Fides.

2000 4833 2150 4902 Spes,
2177 4831 2444 4887 Charitas.
2478 4831 2535 4885 ln
2559 4831 2665 4885 ﬁde
2693 4831 2820 4900 quid
2843 4832 3172 4886 credendum
3199 4847 3214 4885 :
3242 4834 3292 4886 in
3317 4849 3410 4901 spe
3439 4834 3567 4902 quid

2000 4921 2360 4990 sperandum:
2397 4920 2449 4972 in
2486 4919 2752 4973 charitate
2781 4918 2909 4986 quid
2949 4919 3018 4972 sit
3065 4918 3373 4971 amandum.
3409 4919 3568 4973 Fides

2000 5017 2104 5072 est,
2126 5023 2229 5076 qua
2256 5007 2522 5062 veraciter
2562 5007 2832 5061 credimus
2861 5007 3001 5076 quod
3029 5021 3367 5074 nequaquam
3389 5007 3568 5062 videre

2000 5098 2255 5152 valemus.
2295 5097 2426 5149 Nam
2457 5097 2678 5150 credere
2699 5095 2810 5164 jam
2845 5111 2948 5150 non
2993 5111 3277 5165 possumus
3312 5097 3452 5164 quoi
3490 5098 3569 5150 vi-

2002 5190 2208 5244 demus.
2241 5187 2460 5255 Proprie
2489 5195 2666 5240 autem
2694 5203 2885 5240 nomen
2915 5187 3038 5242 lidei
3068 5185 3191 5240 inde
3223 5197 3303 5241 est
3331 5188 3532 5242 dictum
3552 5227 3566 5247 ,

2004 5279 2048 5332 si
2077 5277 2296 5331 omnino
2317 5275 2411 5330 liat
2435 5276 2576 5344 quod
2605 5277 2805 5330 dictum
2833 5283 2948 5339 est,
2985 5281 3080 5330 aut
3114 5275 3437 5343 promissum
3468 5289 3482 5328 :
3513 5286 3569 5331 et

2004 5366 2126 5420 inde
2155 5365 2286 5419 lides
2309 5373 2500 5418 vocata
2548 5364 2615 5419 ab
2653 5378 2748 5428 eo,
2779 5363 2920 5430 quod
2954 5362 3046 5416 fiat
3098 5362 3227 5417 illud
3259 5361 3401 5430 quod
3429 5362 3570 5419 inter

2002 5464 2257 5523 utrosque
2293 5454 2547 5523 placitum
2594 5462 2679 5508 est
2707 5472 2719 5506 :
2750 5453 2903 5522 quasi
2933 5453 3076 5506 inter
3108 5451 3276 5507 Deum
3305 5460 3362 5507 ot
3393 5452 3567 5507 homi-

2003 5559 2144 5599 nem.
2170 5543 2305 5597 llinc
2333 5553 2388 5597 et
2416 5541 2612 5596 fmdus.
2643 5541 2780 5610 Spes
2803 5549 3012 5604 vocata,
3041 5539 3182 5609 quod
3213 5541 3280 5596 sit
3319 5556 3416 5611 pes
3438 5556 3567 5611 pro-

2001 5632 2572 5703 grediendi,quasi,est
2597 5647 2703 5697 res.
2732 5629 2885 5684 Unde
2904 5631 3210 5684 econtrario
3239 5631 3562 5699 desperatio.

2004 5728 2158 5781 Deest
2192 5725 2332 5778 enim
2376 5725 2444 5779 ibi
2481 5739 2600 5792 pes,
2647 5723 2898 5791 nullaque
2940 5723 3311 5794 progrediendi
3340 5723 3563 5782 facultas
