4064 6206
422 352 482 408 9|
1054 353 1113 405 Β.
1154 352 1400 406 RABANI
1443 352 1656 407 MAURI
1695 349 2012 406 ARCHIEP.
2055 351 2358 408 MOGUNT.
2397 353 2681 410 OPERUM
2719 355 2896 409 PARS
2936 355 2997 409 ΙΙ.
3613 369 3682 424 93

422 471 504 514 est
531 482 542 513 :
574 460 698 529 quia
729 460 854 516 dum
875 461 1103 530 quisque
1131 472 1410 531 peccatum
1428 471 1596 527 amat,
1626 461 1860 515 futuram
1883 462 1988 532 glo-
2016 464 2066 521 A
2092 463 2343 518 ostendit.
2364 463 2536 518 Antea
2570 473 2748 518 autem
2773 465 3059 533 pontiﬁces
3087 475 3142 520 et
3162 479 3314 536 reges
3334 477 3509 524 erant.
3540 467 3675 526 Nam

425 553 558 604 riam
615 566 720 604 non
765 561 963 620 sperat.
1008 552 1254 606 Charitas
1305 553 1524 618 Graece,
1556 553 1745 607 Latine
1784 553 1993 606 dilectio

422 643 824 710 interpretatur,
858 643 999 710 quod
1034 643 1168 697 duos
1197 645 1249 698 in
1280 659 1337 699 se
1365 644 1514 712 liget.
1541 644 1676 698 Nam
1710 644 1927 698 dilectio
1962 659 1991 696 a

420 733 628 786 duobus
676 732 902 800 incipit:
934 735 1076 802 quod
1120 743 1202 788 est
1235 751 1388 790 amor
1415 736 1508 790 Dei
1542 745 1596 790 et
1635 737 1885 806 proximi.
1921 737 1994 792 De

419 838 523 890 qua
564 821 852 891 Apostolus
893 820 1070 892 (llam.
1118 823 1603 892 xm):Plenitudo,
1635 826 1838 894 inquit,
1869 825 1994 895 legis

417 922 490 965 est
523 912 752 966 dilectio.
786 912 956 980 Major
984 923 1163 968 autem
1189 924 1272 968 est
1301 915 1415 969 haec
1435 917 1685 971 omnibus
1709 933 1722 969 :
1754 917 1878 985 quia
1900 917 1990 986 qui

419 999 613 1069 diligit,
644 1008 698 1054 et
726 1002 898 1056 credit
939 1010 993 1056 et
1037 1010 1237 1070 sperat,
1279 1004 1368 1071 qui
1404 1013 1580 1058 autem
1624 1021 1728 1058 non
1771 1006 1983 1076 diligit;

415 1090 660 1157 quamvis
686 1091 850 1144 multa
876 1090 1089 1146 dilectio
1110 1092 1342 1146 carnalis
1367 1108 1471 1146 non
1505 1091 1668 1147 faciat
1688 1095 1846 1159 bona,
1881 1094 1990 1149 fru-

413 1187 525 1232 stra
551 1178 778 1234 laborat.
801 1178 987 1235 Omnis
1015 1191 1193 1236 autem
1223 1182 1464 1245 dilectio,
1495 1185 1588 1237 sed
1625 1185 1794 1252 magis
1836 1200 1990 1239 amor

411 1268 515 1323 dici
547 1269 701 1323 solet.
726 1270 1040 1325 Dilectionis
1065 1280 1244 1325 autem
1277 1287 1470 1326 nomen
1496 1281 1704 1327 tantum
1729 1275 1781 1327 in
1806 1275 1989 1328 melio-

411 1360 562 1415 ribus
589 1362 750 1416 rebus
778 1363 946 1430 accipi
978 1363 1130 1416 solet.
1182 1362 1294 1417 Sub
1336 1363 1590 1418 Ecclesize
1631 1373 1806 1418 autem
1835 1380 1990 1419 voca-

411 1451 536 1506 bulo
579 1452 855 1507 distinctio
895 1455 1139 1522 quasdam
1188 1454 1489 1522 reperitur:
1519 1454 1591 1506 ita
1631 1463 1690 1507 ut
1725 1454 1776 1507 in
1820 1456 1987 1509 sacris

405 1541 687 1595 ordinibus
717 1551 771 1595 et
797 1543 851 1596 in
880 1542 1203 1611 quibusdam
1245 1541 1668 1612 professionibus
1704 1541 1885 1597 ﬁdeles
1917 1545 1986 1598 ab

407 1631 635 1686 invicem
666 1632 883 1687 distent.

1019 1721 1244 1778 CAPUT
1283 1724 1348 1778 V.

1028 1811 1104 1866 De
1123 1811 1346 1868 clericis.

471 1899 611 1956 Cleri
661 1909 718 1956 et
773 1901 958 1956 clerici
1015 1901 1142 1956 hinc
1202 1902 1497 1972 appellati,
1558 1902 1682 1971 quia
1728 1903 1979 1957 Matthias

403 2003 549 2048 sorte
579 1994 781 2049 electus
812 2003 915 2059 est,
948 2009 1108 2063 quem
1145 1995 1379 2064 primum
1419 2009 1514 2064 per
1547 1996 1818 2064 apostolos
1843 1996 1977 2066 legi-

399 2100 521 2140 mus
544 2099 664 2140 esse
691 2086 1018 2140 ordinatum.
1037 2085 1213 2140 Claros
1235 2088 1376 2141 enim
1400 2085 1606 2150 Graece,
1629 2105 1741 2141 sors
1765 2089 1848 2143 vel
1870 2088 1979 2142 law-

397 2174 591 2227 reditas
615 2175 829 2229 dicitur.
857 2173 1150 2245 Propterea
1185 2191 1317 2244 ergo
1363 2175 1493 2230 dicti
1517 2176 1697 2232 clerici
1718 2217 1732 2241 ,
1765 2178 1888 2245 quia
1912 2179 1978 2232 de

395 2272 540 2318 sorte
568 2272 694 2318 sunt
712 2263 925 2317 Domini
948 2282 959 2317 :
992 2264 1078 2318 vel
1107 2266 1252 2333 quod
1279 2265 1490 2319 Domini
1515 2275 1723 2334 partem
1751 2268 1969 2322 habent.

395 2353 729 2410 Generaliter
763 2367 942 2410 autem
981 2355 1164 2410 clerici
1211 2365 1590 2426 nuncupantur
1632 2373 1852 2423 omnes,
1881 2359 1973 2429 qui

399 2445 453 2499 in
491 2445 734 2500 Ecclesia
787 2445 988 2501 Christi
1041 2446 1369 2500 deserviunt.
1411 2446 1649 2512 Quorum
1687 2450 1883 2517 gradus
1920 2459 1975 2504 et

402 2535 620 2588 nomina
671 2536 787 2590 haec
845 2544 972 2590 sunt
1026 2553 1038 2588 :
1087 2535 1374 2601 ostiarius,
1428 2537 1738 2606 psalmista,
1781 2538 1968 2603 lector,

394 2627 683 2690 exorcista,
729 2626 1039 2696 acolythus,
1079 2627 1460 2681 subdiaconus.
1507 2627 1804 2694 Diaconus,
1854 2644 1972 2698 pre-

393 2713 596 2784 sbyter,
624 2713 926 2784 cpiscopus.
956 2715 1100 2770 Ordo
1135 2717 1508 2784 episcoporum
1543 2720 1968 2787 quadripartitus

389 2810 493 2867 est,
523 2802 575 2858 id
605 2811 706 2868 est,
745 2804 798 2857 in
833 2805 1178 2873 patriarchis,
1225 2806 1669 2875 archiepiscopis,
1706 2818 1971 2878 metropo-

395 2892 604 2958 litanis,
650 2900 812 2963 atque
856 2895 1140 2964 episcopis.
1178 2894 1492 2949 Patriarcha
1547 2912 1718 2967 graeca
1766 2898 1966 2969 lingua,

387 3001 620 3040 summus
671 2995 903 3056 patrum,
955 2987 1340 3056 interpretatur
1391 3006 1404 3042 :
1460 2990 1583 3058 quia
1633 2992 1884 3060 primum,
1915 2995 1965 3048 id

387 3081 489 3136 est,
511 3075 862 3143 apostolicum
891 3077 1085 3131 retinet
1111 3077 1285 3132 locum
1318 3095 1333 3133 :
1359 3086 1415 3134 et
1436 3079 1575 3145 ideo,
1594 3082 1736 3150 quod
1755 3098 1965 3140 summo

387 3167 590 3224 honore
615 3169 878 3241 fungitur,
908 3171 1000 3225 tali
1032 3173 1248 3226 nomine
1281 3181 1533 3228 censetur
1558 3193 1571 3228 :
1600 3175 1739 3230 sicut
1765 3176 1964 3232 Roma-

389 3275 512 3324 nus,
537 3260 928 3328 Antiochenus,
957 3273 1010 3317 et
1038 3263 1448 3322 Alexandrinus.

454 3351 903 3424 Archiepiscopus
941 3355 1130 3410 Graeco
1175 3357 1436 3412 vocabulo
1476 3359 1696 3425 dicitur,
1725 3362 1867 3430 quod
1895 3363 1968 3417 sit

385 3456 625 3496 summus
641 3444 1010 3513 episcoporum
1031 3465 1042 3500 :
1065 3449 1363 3502 tenetenim
1382 3448 1553 3504 vicem
1577 3451 1959 3519 apostolorum,

382 3540 437 3585 et
466 3533 716 3602 praesidet
747 3542 852 3589 tam
880 3537 1302 3606 metropolitanis
1331 3553 1490 3608 quam
1518 3540 1782 3610 epismpis
1807 3549 1964 3596 caete—

386 3621 480 3676 ris.
511 3621 746 3693 Singulis
773 3625 915 3679 enim
943 3627 1232 3695 provinciis
1259 3627 1568 3697 praeminet,
1599 3644 1829 3697 quorum
1868 3645 1966 3684 au-

384 3713 621 3768 ctoritati
650 3721 704 3769 et
728 3715 987 3771 doctrina:
1010 3719 1190 3772 caeteri
1223 3719 1532 3774 sacerdotes
1557 3718 1784 3789 subjecti
1814 3729 1960 3785 sunt,

385 3803 501 3857 sine
529 3804 722 3873 quibus
747 3805 966 3874 reliquis
995 3807 1262 3876 episcopis
1293 3807 1423 3861 nihil
1452 3823 1610 3878 agere
1632 3808 1776 3864 licet.
1804 3806 1962 3862 Solli—

384 3894 568 3949 citudo
617 3896 761 3950 enim
806 3897 970 3950 totius
1012 3899 1304 3968 provincia:
1357 3898 1486 3967 ipsis
1527 3899 1814 3953 commissa
1857 3906 1959 3953 est.

381 3981 579 4039 Omnes
608 3994 786 4041 autem
818 3988 1064 4056 superius
1086 3987 1345 4057 designati
1374 3987 1595 4044 ordines
1620 4004 1728 4042 uno
1747 3988 1963 4042 eodem-

381 4091 485 4144 que
509 4077 768 4132 vocabulo
789 4077 1026 4146 episcopi
1057 4077 1430 4140 nominantur;
1477 4077 1570 4131 sed
1600 4076 1721 4130 ideo
1750 4073 1960 4146 privato

381 4167 595 4221 nomine
619 4167 833 4236 quidam
870 4175 1094 4222 utuntur
1129 4176 1346 4236 propter
1370 4166 1769 4222 distinctionem
1803 4176 1960 4236 pote-

381 4264 600 4321 statum,
632 4274 791 4326 quam
819 4259 1165 4329 singulariter
1195 4268 1535 4328 acceperunt.

448 4348 760 4402 Patriareha
806 4358 961 4418 pater
1003 4349 1322 4418 principum.
1366 4349 1584 4404 Archon
1630 4349 1773 4404 enim
1814 4349 1961 4417 prin-

383 4452 528 4505 ceps.

449 4527 895 4596 Archiepiscopus
937 4529 1188 4598 princeps
1232 4529 1624 4598 episcoporum,
1667 4529 1806 4582 sicut
1846 4543 1956 4582 me-

381 4615 738 4684 tropolitanus
762 4631 792 4670 a
822 4632 1074 4672 mensura
1105 4618 1406 4672 civitatum.

447 4705 801 4775 Episcopatus
842 4714 1021 4760 autem
1049 4705 1367 4760 vocabulum
1406 4705 1526 4758 inde
1566 4705 1788 4768 dictum,
1812 4706 1953 4774 quod

377 4797 467 4852 ille
495 4798 584 4867 qui
627 4796 1037 4866 superetiicitur,
1066 4795 1490 4866 superintendat,
1528 4810 1710 4849 curam
1749 4795 1953 4849 scilicet

379 4889 711 4942 subditorum
756 4902 967 4958 gerens.
1019 4886 1215 4955 Scopin
1259 4885 1400 4938 enim
1451 4884 1641 4938 Latine
1686 4884 1952 4937 intendere

377 4977 590 5031 dicitur.
622 4977 870 5046 Episcopi
909 4983 1086 5030 autem
1124 4975 1330 5036 Graece,
1367 4974 1554 5028 Latine
1604 4972 1950 5042 speculatores

376 5068 815 5138 interpretantur.
849 5067 982 5121 Nam
1006 5067 1311 5138 speculator
1334 5077 1417 5122 est
1439 5065 1754 5136 pmpositus
1776 5065 1829 5118 in
1859 5065 1954 5120 Ec-

376 5159 538 5215 clesia
582 5161 796 5216 dictus:
821 5175 886 5216 eo
928 5160 1072 5231 quod
1120 5158 1424 5228 speculetur
1463 5164 1623 5224 atque
1650 5156 1954 5225 praespiciat

374 5251 689 5322 populorum
715 5251 856 5306 infra
886 5267 945 5308 se
971 5251 1266 5323 positorum
1295 5263 1474 5303 mores
1500 5255 1555 5302 et
1583 5247 1766 5300 vitam.

450 5341 695 5397 Pontifex
721 5342 972 5412 princeps
997 5343 1335 5397 sacerdotum
1369 5347 1450 5394 est
1476 5378 1493 5404 ,
1541 5337 1692 5405 quasi
1749 5336 1831 5389 via
1870 5352 1957 5392 se-

376 5431 652 5499 quentium
686 5433 841 5501 :ipse
879 5439 935 5486 et
960 5447 1203 5486 summus
1232 5429 1507 5491 sacerdos,
1561 5428 1672 5497 ipse
1714 5426 1955 5496 pontifex

377 5534 644 5574 maximus
691 5530 1029 5591 nuncupatur
1065 5523 1223 5591 :ipse
1264 5521 1408 5576 enim
1439 5518 1602 5575 efficit
1646 5521 1955 5574 sacerdotes

378 5614 536 5674 atque
587 5606 800 5663 Levilas
849 5629 860 5662 :
909 5612 1023 5680 ipse
1068 5626 1254 5665 omnes
1300 5610 1519 5665 ordines
1559 5609 1956 5663 ecclesiasticos

379 5698 612 5768 disponit
662 5719 674 5753 :
727 5700 858 5770 ipse,
890 5700 1020 5770 quid
1074 5703 1444 5770 unusquisque
1505 5697 1680 5753 faccre
1736 5698 1950 5763 debeat,

2095 552 2355 621 majorum
2384 564 2501 607 erat
2530 555 2647 609 lucc
2683 556 3032 620 consuetudo,
3077 566 3135 610 ut
3190 572 3281 610 rex
3321 566 3466 612 esset
3503 561 3671 614 etiam

2095 645 2346 698 sacerdos
2371 643 2453 697 vel
2479 643 2740 712 pontifex.
2774 642 2924 698 Unde
2964 653 3018 698 et
3067 645 3273 698 romani
3311 646 3671 715 imperatores

2093 731 2374 800 pontiﬁces
2399 731 2733 786 dicebantur.

2164 817 2326 873 Vates
2377 835 2407 872 a
2446 820 2497 872 vi
2552 821 2745 874 mentis
2809 819 3080 889 appellati.
3128 819 3291 888 Cujus
3346 825 3674 895 significatio

2093 907 2368 976 multiplex
2421 919 2521 963 est.
2577 911 2709 963 Nam
2744 911 2901 964 modo
2932 912 3290 977 sacerdotem,
3343 916 3502 970 modo
3542 933 3672 986 pro-

2091 1001 2306 1068 phetam
2331 1001 2616 1069 signiﬁcat,
2642 1001 2800 1054 modo
2825 1009 3034 1069 poetam
3064 1002 3354 1069 signiﬁcat.

2160 1089 2397 1143 Antistes
2442 1091 2695 1144 sacerdos
2748 1090 2921 1144 dictus
2976 1091 3042 1143 ab
3072 1106 3155 1155 eo,
3196 1093 3336 1160 quod
3384 1101 3512 1148 ante
3538 1102 3665 1148 stat.

2091 1177 2302 1232 Primus
2323 1186 2407 1232 est
2433 1179 2577 1232 enim
2614 1179 2667 1232 in
2690 1179 2877 1234 ordine
2896 1179 3158 1245 ecclesiae,
3190 1190 3244 1234 et
3279 1197 3438 1251 supra
3463 1199 3520 1237 se
3551 1183 3672 1237 nul-

2090 1265 2196 1318 lum
2244 1267 2424 1320 habet.

2160 1356 2421 1411 Sacerdos
2434 1358 2818 1413 autem'nomen
2843 1359 3005 1413 habet
3023 1360 3375 1429 compositum
3397 1376 3462 1414 ex
3479 1361 3671 1415 Grmco

2087 1456 2141 1500 et
2171 1447 2382 1511 Latino,
2407 1450 2559 1518 quasi
2604 1464 2811 1502 sacrum
2843 1449 2996 1504 dans.
3029 1448 3181 1504 Sicut
3213 1450 3356 1504 enim
3389 1465 3483 1504 rex
3511 1466 3541 1503 a
3586 1468 3672 1505 re-

2086 1539 2278 1607 gendo,
2355 1540 2427 1594 ita
2479 1543 2732 1596 sacerdos
2779 1557 2808 1595 a
2857 1542 3246 1597 sanctiﬁcando
3297 1553 3520 1598 vocatus
3557 1555 3662 1598 est.

2086 1627 2379 1684 Consecrat
2420 1631 2560 1684 enim
2612 1639 2667 1686 et
2726 1631 3046 1687 sanctiﬁcat.
3106 1632 3426 1686 Sacerdotes
3480 1644 3663 1688 autem

2087 1719 2361 1788 gentilium
2407 1719 2648 1776 flamines
2682 1722 3014 1777 dicebantur.
3043 1722 3078 1776 li
3121 1723 3173 1777 in
3199 1726 3373 1793 capite
3394 1726 3672 1779 habebant

2007 1797 2054 1855 Β
2083 1809 2301 1877 pileum,
2343 1810 2396 1862 in
2440 1827 2546 1880 quo
2598 1821 2718 1866 erat
2751 1813 2932 1868 brevis
2978 1815 3124 1883 virga
3171 1812 3401 1882 desuper
3453 1817 3663 1872 habens

2081 1899 2216 1954 lanm
2259 1900 2478 1970 aliquid.
2531 1902 2680 1969 Quod
2709 1919 2834 1958 cum
2863 1919 2958 1972 per
2985 1913 3174 1958 restum
3221 1902 3363 1958 ferre
3400 1920 3504 1958 non
3539 1923 3665 1975 pos-

2080 2000 2200 2045 sent
2251 2011 2264 2044 :
2319 1993 2407 2047 ﬁlo
2460 2001 2667 2047 tantum
2697 1995 2876 2063 capita
2923 1994 3150 2063 religare
3193 2003 3492 2062 cceperunt.
3527 1995 3663 2048 Nam

2078 2081 2237 2134 nudis
2275 2083 2488 2150 penitus
2543 2098 2638 2136 eos
2685 2083 2948 2152 capitibus
3012 2083 3261 2137 incedere
3314 2083 3463 2137 nefas
3509 2096 3650 2137 erat.

2079 2170 2233 2225 Unde
2256 2188 2287 2225 a
2317 2173 2427 2236 filo,
2457 2189 2563 2242 quo
2583 2173 2892 2239 utebantur,
2909 2174 3148 2244 ﬂamines
3178 2174 3307 2228 dicti
3331 2183 3474 2236 sunt.
3498 2176 3654 2243 quasi

2075 2264 2355 2332 ﬁlamines.
2412 2267 2610 2322 Verum
2654 2267 2805 2321 festis
2843 2268 3030 2321 diebus
3061 2267 3149 2321 ﬁlo
3179 2267 3420 2337 deposito
3461 2267 3659 2337 pileum

2076 2352 2422 2422 imponebant
2443 2371 2538 2424 pro
2567 2356 2851 2410 sacerdotii
2883 2357 3197 2410 eminentia.

2143 2443 2431 2516 Presbyter
2449 2446 2654 2512 Grmce,
2679 2447 2864 2502 Latine
2888 2450 3083 2513 senior,
3105 2449 3491 2519 interpretatur
3513 2469 3523 2479 ·
3544 2469 3653 2506 non

2072 2549 2170 2602 pro
2211 2544 2370 2589 mtate
2397 2537 2480 2590 vel
2511 2537 2781 2606 decrepita
2829 2546 3106 2593 senectute
3138 2557 3150 2592 :
3184 2540 3276 2592 sed
3307 2550 3528 2608 propter
3553 2543 3652 2596 lio-

2072 2640 2256 2681 norem
2298 2635 2352 2680 et
2378 2628 2710 2698 dignitatem,
2759 2646 2921 2700 quam
2962 2640 3300 2701 acceperunt,
3351 2633 3650 2704 presbyteri

2070 2717 2434 2771 nominantur.
2472 2719 2626 2775 Unde
2647 2727 2701 2774 et
2727 2722 2865 2790 apud
2897 2730 3106 2777 veteres
3147 2723 3306 2778 iidem
3338 2734 3392 2780 et
3412 2726 3653 2796 episcopi

2069 2813 2126 2860 et
2152 2806 2452 2877 presbyteri
2498 2808 2758 2862 fuerunt:
2789 2811 2914 2879 quia
2951 2811 3078 2864 illud
3123 2828 3315 2868 nomen
3371 2815 3650 2884 dignitatis

2068 2906 2170 2962 est,
2226 2900 2328 2954 hoc
2374 2901 2566 2955 aetatis.
2615 2899 2740 2956 Ideo
2780 2910 2960 2956 autem
2990 2905 3292 2974 presbyteri
3342 2909 3653 2962 sacerdotes

2066 3001 2346 3055 vocantur,
2375 2992 2514 3060 quod
2549 3007 2763 3047 sacrum
2798 2994 2947 3057 dant,
2995 2995 3133 3048 sicut
3185 3004 3239 3049 et
3259 2998 3520 3065 episcopi,
3558 2999 3650 3066 qui

2069 3078 2196 3134 licet
2221 3080 2328 3134 sint
2355 3083 2680 3143 sacerdotes,
2708 3089 2883 3134 tamen
2920 3083 3263 3151 pontiﬁcatus
3305 3087 3506 3154 apicem
3542 3101 3650 3140 non

2066 3167 2267 3222 habent
2323 3183 2337 3220 :
2383 3169 2508 3237 quia
2554 3183 2655 3222 nec
2679 3170 2972 3223 chrismate
3000 3169 3228 3225 frontem
3262 3173 3496 3241 signant,
3547 3190 3651 3228 nec

2063 3253 2382 3321 paraclitum
2412 3254 2662 3323 spiritum
2695 3255 2822 3307 dant
2853 3273 2864 3307 :
2897 3255 3039 3324 quod
3081 3256 3209 3309 solis
3238 3257 3507 3326 episcopis
3548 3246 3656 3311 ’ἀρ-

2065 3343 2176 3397 beri
2207 3343 2364 3397 lectio
2408 3343 2573 3397 Actus
2601 3343 2976 3412 Apostolorum
3007 3345 3360 3400 demonstrat.
3420 3347 3570 3402 Unde
3597 3358 3653 3402 et

2064 3434 2204 3501 apud
2250 3443 2459 3486 veteres
2505 3433 2663 3486 iidem
2696 3432 2930 3502 episcopi
2957 3442 3011 3486 et
3030 3435 3329 3505 presbyteri
3378 3433 3596 3489 fuerunt
3632 3455 3644 3490 :

2062 3521 2188 3590 quia
2235 3521 2365 3576 illud
2410 3531 2495 3576 est
2523 3520 2604 3592 (ut
2655 3537 2779 3574 mox
2807 3522 3063 3593 diximus)
3099 3539 3290 3578 nomen
3321 3524 3642 3596 dignitatis;

2069 3608 2364 3666 hocaztatis.

2132 3701 2331 3756 Levitte
2364 3715 2428 3754 ex
2459 3702 2676 3757 nomine
2710 3703 2949 3759 auctoris
2974 3705 3172 3758 vocati.
3205 3705 3249 3758 Α
3296 3705 3422 3760 Levi
3463 3719 3645 3762 autem

2065 3791 2266 3845 Levita:
2290 3793 2464 3846 exorti
2510 3800 2658 3858 sunt,
2691 3807 2721 3846 a
2747 3794 2943 3863 quibus
2973 3797 3024 3847 in
3071 3795 3270 3864 templo
3297 3797 3388 3850 Dei
3427 3800 3644 3867 mystici

2061 3883 2382 3936 sacramenti
2435 3883 2730 3936 ministeria
2779 3883 3150 3952 explebantur.
3202 3885 3238 3938 li
3295 3885 3482 3940 Graece
3523 3887 3643 3940 dia-

2061 3987 2241 4036 cones,
2272 3971 2462 4027 Latine
2499 3973 2731 4027 ministri
2763 3974 3013 4028 dicuntur
3043 3993 3054 4027 :
3086 3975 3226 4043 quod
3255 3976 3394 4029 sicut
3443 3977 3498 4030 in
3546 3994 3642 4032 sa-

2061 4063 2278 4117 cerdote
2304 4063 2658 4127 consecratio,
2687 4064 2760 4117 ita
2785 4064 2836 4116 in
2863 4065 3090 4118 diacono
3111 4065 3390 4120 ministerii
3425 4067 3644 4136 dispim-

2061 4158 2201 4212 satio
2232 4157 2483 4212 habetur.

2135 4249 2543 4320 Hypodiaeones
2563 4248 2770 4312 Graece,
2801 4264 2937 4319 quos
2965 4263 3064 4303 nos
3091 4248 3451 4304 subdiacones
3497 4249 3640 4305 dici-

2061 4353 2181 4392 mus
2208 4353 2223 4391 :
2255 4339 2345 4407 qui
2372 4339 2492 4393 ideo
2520 4337 2597 4392 sic
2635 4337 2989 4407 appellantur,
3019 4337 3144 4407 quia
3191 4336 3468 4405 subjacent
3498 4354 3642 4407 prm-

1981 4466 2035 4524 D
2061 4429 2231 4497 eeptis
2266 4436 2321 4482 et
2344 4428 2532 4484 oﬁiciis
2558 4427 2889 4482 Levitarum.
2916 4427 3227 4483 Oblationes
3256 4429 3399 4482 enim
3425 4427 3477 4482 in
3503 4438 3642 4484 tein-

2061 4519 2149 4587 plo
2179 4519 2272 4574 Dei
2307 4534 2336 4572 a
2368 4519 2612 4573 ﬁdelibus
2654 4518 2751 4587 ipsi
2783 4519 3102 4586 suscipiunt,
3137 4527 3189 4572 et
3217 4517 3420 4572 Levitis
3449 4534 3642 4587 super-

2060 4610 2334 4677 ponendas
2361 4607 2619 4663 altaribus
2647 4607 2913 4662 deferunt.
2947 4605 3010 4660 Hi
3070 4607 3208 4676 apud
3249 4606 3502 4662 Hebraeos
3531 4607 3641 4662 Na-

2059 4699 2261 4752 thinnei
2292 4707 2575 4752 vocantur.

2127 4787 2381 4842 Lectores
2421 4802 2450 4840 a
2479 4787 2722 4856 legendo,
2749 4785 3046 4856 psalmista:
3071 4800 3099 4837 a
3123 4785 3346 4853 psalmis
3375 4786 3638 4841 canendis

2055 4880 2252 4934 vocati.
2275 4879 2354 4932 llli
2385 4879 2529 4931 enim
2557 4879 2851 4946 praedicant
2883 4876 3112 4946 populis,
3139 4876 3266 4943 quid
3293 4885 3596 4944 sequantur
3620 4896 3634 4930 :

2058 4969 2146 5023 isti
2180 4976 2401 5032 canunt,
2447 4976 2507 5021 ut
2550 4967 2784 5022 excitent
2817 4967 2882 5020 ad
2912 4966 3377 5036 compunctiouem
3423 4966 3636 5020 animos

2059 5060 2406 5114 audientium.
2434 5058 2586 5113 Licet
2613 5066 2666 5113 et
2693 5058 2908 5126 quidam
2951 5057 3182 5111 lectores
3209 5057 3280 5109 ita
3307 5056 3638 5111 miseranter

2056 5150 2423 5219 pronuntient,
2446 5156 2505 5202 ut
2530 5148 2788 5216 quosdam
2819 5147 2882 5198 ad
2911 5146 3113 5200 luctum
3163 5144 3637 5199 lamentationem-

2057 5257 2161 5312 que
2211 5239 2552 5308 compellant.
2579 5237 2743 5291 Iidem
2770 5237 2932 5290 etiam
2973 5243 3027 5288 et
3054 5233 3494 5303 pronuntiatores
3537 5251 3635 5290 vo-

2056 5341 2265 5397 cantur,
2294 5332 2435 5402 quod
2462 5344 2624 5399 porro
2651 5328 2990 5381 annuntient.
3029 5325 3199 5379 Tanta
3230 5325 3376 5378 enim
3418 5332 3471 5378 et
3519 5335 3629 5380 tam

2054 5424 2198 5479 clara
2226 5438 2412 5479 eorum
2441 5427 2526 5475 est
2573 5433 2698 5483 vox,
2747 5424 2810 5470 ut
2833 5414 3080 5484 quamvis
3123 5413 3277 5483 longe
3328 5413 3632 5483 positorum

2056 5527 2214 5566 aures
2235 5510 2578 5577 adimpleant.

2125 5602 2324 5656 Cantor
2363 5607 2539 5652 autem
2568 5603 2808 5662 vocatus,
2853 5594 2996 5664 quod
3043 5607 3176 5648 voce
3227 5589 3532 5646 modulatur
3573 5587 3629 5643 in

2055 5703 2234 5749 cantu.
2271 5689 2436 5759 llujus
2485 5690 2589 5744 duo
2613 5701 2812 5757 genera
2861 5684 3114 5739 dicuntur
3143 5684 3195 5738 in
3225 5691 3338 5738 arte
3374 5679 3578 5736 musica
3614 5691 3630 5742 ;
