4064 6206
419 304 494 361 95
1056 302 1116 357 Β.
1158 298 1412 355 RABANI
1450 297 1666 354 MAURI
1703 295 2022 353 ARCHIEP.
2063 293 2375 351 MOGUNT.
2416 292 2700 351 OPERUM
2738 293 2917 350 PARS
2950 297 3017 348 lt.
3600 290 3673 349 96

422 418 560 465 male
605 413 755 467 dicit.
783 411 1174 465 limreticorum
1214 416 1394 461 autem
1446 407 1697 475 dogmata
1739 418 1800 461 ιιι
1838 406 1993 461 facile
2022 407 2066 465 A
2097 414 2247 461 ratus
2304 389 2511 472 doctor,
2562 406 2614 459 in
2664 405 3071 462 diﬁinitionibus
3131 408 3246 463 suis
3300 409 3672 468 ecclesiastica

419 501 627 572 possint
670 501 910 571 agnosci,
938 515 1132 554 causas
1152 514 1366 565 eorum,
1393 498 1479 554 vel
1523 498 1743 553 nomina
1777 498 1997 552 demun—
2099 498 2350 566 dogmata
2395 511 2742 562 enumerans,
2799 497 2929 565 quid
2971 496 3320 562 credendum,
3346 499 3545 568 quidve
3587 515 3676 557 ca-

420 589 583 644 strari
609 599 844 661 oportet.

1030 677 1255 735 CAPUT
1294 678 1385 733 IX.

828 768 902 823 De
937 768 1220 823 ha’resibus
1247 767 1579 824 Juda'orum.

491 857 631 913 Sunt
651 860 791 913 enim
808 860 1044 915 hmreses
1063 858 1394 924 Judasorum,
1411 875 1545 929 quas
1563 860 1779 929 quidam
1803 875 1991 916 eorum

420 958 608 1005 contra
633 948 791 1002 ﬁdem
823 948 1022 1004 Christi
1050 949 1399 1020 reperientes,
1427 950 1575 1019 pravi
1605 949 1872 1020 dogmatis
1902 966 1993 1005 au-

418 1047 595 1093 ctores
622 1038 960 1102 exstiterunt,
993 1053 1221 1109 quorum
1248 1038 1362 1093 haec
1384 1047 1511 1093 sunt
1546 1039 1761 1092 nomina
1797 1057 1809 1092 :
1845 1039 1868 1093 l
1905 1039 1982 1093 Ef-

418 1129 547 1196 naci,
572 1129 610 1183 2
634 1128 863 1195 Galilaei,
899 1130 933 1184 5
974 1127 1286 1193 Marhontei,
1316 1128 1349 1181 4
1381 1128 1640 1194 ϐρηίειω,
1667 1130 1701 1183 5
1730 1130 1987 1195 Μειίδιω,

417 1217 449 1272 6
479 1218 774 1284 Sadduczei,
805 1220 836 1274 7
861 1219 1145 1287 Phariszei,
1187 1221 1221 1274 8
1261 1218 1569 1286 Herodiani,
1602 1222 1635 1278 9
1679 1220 1989 1287 Samaritae,

418 1307 486 1360 10
515 1307 1018 1381 Ηθηιετοιιιιριὶειαε.

485 1398 655 1453 Εΐηωὶ
724 1398 911 1454 dicunt
974 1399 1251 1455 Christum
1301 1385 1546 1455 docuisse
1605 1399 1722 1455 illos
1772 1416 1988 1457 omnem

413 1487 818 1543 abstinentiam.

484 1579 689 1636 Galilmi
738 1590 794 1637 et
844 1582 942 1654 ipsi
988 1582 1175 1640 dicunt
1228 1582 1501 1640 Christum
1532 1583 1742 1638 venisse
1780 1591 1836 1638 ct
1886 1583 1985 1639 do-

408 1676 589 1731 cuisse
637 1690 754 1743 eos,
801 1692 870 1732 ne
912 1677 1155 1732 dicerent
1213 1676 1501 1732 Dominum
1528 1677 1818 1743 Caesarem,
1850 1692 1986 1732 neve

410 1769 528 1837 ejus
555 1769 775 1823 monitis
800 1777 1099 1825 uterentur.

484 1856 768 1912 Marhonzei
819 1859 1024 1925 dicunt,
1057 1859 1230 1930 ipsum
1262 1875 1386 1916 esse
1420 1858 1716 1926 Christum,
1769 1859 1863 1931 qui
1889 1859 1986 1916 do-

409 1949 522 2001 cuit
559 1949 677 2004 illos
704 1950 759 2003 in
787 1951 932 2005 omni
958 1965 1015 2005 re
1040 1950 1339 2020 baptizare.

481 2037 715 2093 Cenisla:
751 2048 1107 2108 praesumunt,
1139 2040 1396 2111 quoniam
1419 2041 1486 2096 de
1527 2055 1727 2111 genere
1752 2040 1983 2099 Abrahae

408 2138 553 2183 sunt.
586 2129 721 2185 Nam
751 2148 872 2187 cum
898 2133 951 2186 in
978 2131 1307 2204 Babylonem
1338 2133 1579 2188 venisset
1599 2134 1833 2204 populus
1858 2133 1980 2202 Dei,

404 2221 650 2290 plerique
694 2222 1059 2294 relinquentes
1092 2240 1290 2280 uxores
1334 2239 1483 2291 suas,
1515 2224 1825 2298 Babyloniis
1857 2243 1979 2282 mu-

404 2308 629 2365 lieribus
701 2311 1064 2369 adhteserunt.
1120 2313 1349 2381 Quidam
1417 2325 1595 2371 autem
1671 2316 1981 2372 lsraeliticis

405 2399 670 2473 conjugiis
708 2404 966 2467 contenti,
1002 2404 1087 2458 vel
1134 2419 1199 2458 ex
1238 2405 1317 2460 eis
1366 2406 1553 2476 geniti,
1598 2394 1723 2461 dum
1774 2408 1979 2464 reversi

404 2504 591 2549 essent
634 2495 702 2550 de
744 2497 1052 2567 Babylonia,
1086 2498 1386 2553 diviserunt
1411 2515 1469 2554 se
1497 2501 1564 2554 ab
1589 2502 1733 2555 omni
1759 2502 1975 2571 populo,

404 2592 459 2638 et
486 2594 893 2655 assumpserunt
931 2586 1030 2640 sibi
1064 2603 1259 2642 nomen
1283 2586 1579 2657 iactantiae.

474 2671 706 2728 Meristae
735 2684 989 2744 separant
1017 2677 1336 2747 scripturas,
1367 2694 1472 2733 non
1494 2679 1778 2735 credentes
1804 2682 1979 2737 omni-

402 2758 508 2823 bus
528 2763 834 2834 prophetis;
863 2766 1125 2827 dicentes,
1152 2768 1272 2823 aliis
1303 2778 1360 2825 et
1398 2769 1518 2825 aliis
1547 2771 1832 2841 spiritibus
1857 2773 1978 2830 illos

401 2852 769 2923 prophetasse.

474 2941 751 3000 Sadducaai
799 2946 1245 3019 interpretantur,
1285 2950 1466 3019 justi:
1498 2952 1787 3017 vendicant
1829 2955 1973 3010 enim

400 3034 525 3100 sibi,
580 3039 723 3108 quod
777 3054 883 3094 non
922 3048 1094 3096 sunt:
1126 3050 1325 3113 negant
1381 3046 1856 3113 resurrectionem,
1900 3048 1976 3104 di-

402 3132 626 3181 centes:
659 3128 859 3184 dictum
905 3139 989 3185 est
1032 3131 1086 3186 in
1117 3130 1315 3189 Genesi
1343 3134 1511 3191 Ades:
1543 3135 1620 3191 De
1648 3146 1789 3191 terra
1814 3154 1889 3205 es,
1923 3149 1972 3193 et

402 3214 458 3268 in
488 3223 681 3271 terram
715 3218 812 3273 ibis
851 3216 1001 3290 (Gen.
1034 3220 1137 3293 ιιι).
1196 3222 1261 3276 Hi
1302 3224 1539 3294 quinque
1575 3232 1785 3280 tantum
1812 3226 1995 3293 libros,

402 3300 537 3373 legis
567 3305 834 3375 recipiunt
878 3310 1306 3379 :prophetarum
1357 3321 1538 3367 autem
1588 3314 1846 3370 vaticinia
1892 3330 1978 3371 re-

402 3402 618 3462 spuunt.

473 3483 730 3542 Pharismi
768 3500 969 3560 negant
994 3491 1271 3548 Christum
1303 3493 1537 3556 venisse,
1567 3508 1668 3549 nec
1702 3494 1806 3549 ulla
1832 3495 1885 3549 in
1919 3510 1976 3550 re

406 3588 569 3644 supra
591 3575 748 3632 dictis
780 3579 1202 3636 communicant.
1235 3580 1491 3636 Pharisaei
1519 3583 1735 3652 quidem
1765 3582 1978 3639 et~Sad-

408 3662 573 3717 ductui
612 3665 752 3720 inter
778 3680 836 3721 se
864 3669 1121 3724 contrarii
1153 3677 1297 3724 sunt.
1331 3668 1465 3724 Nam
1494 3670 1752 3727 Pharisaei
1781 3687 1847 3726 ex
1874 3672 1977 3727 He-

405 3752 552 3807 braeo
573 3755 626 3810 in
649 3753 897 3814 Latinum
923 3760 1367 3830 interpretantur,
1395 3762 1547 3815 divisi
1570 3775 1588 3812 .'
1609 3777 1674 3817 eo
1702 3761 1843 3830 quod
1872 3770 1977 3816 tra-

406 3844 667 3902 ditionum
719 3857 777 3904 et
816 3852 1273 3916 Observationum,
1332 3869 1467 3922 quas
1525 3852 1597 3908 illi
1653 3854 1977 3911 deuterosios

403 3944 617 4000 vocant,
635 3935 901 4006 justitiam
923 3939 1216 4011 przeferant
1239 3960 1251 3995 :
1278 3942 1420 3997 unde
1449 3950 1503 3998 et
1529 3943 1686 3999 divisi
1717 3954 1978 4001 vocantur

404 4036 433 4074 a
464 4025 659 4097 populo
692 4029 845 4096 quasi
875 4044 973 4099 per
993 4028 1282 4099 justitiam.

478 4119 788 4177 [lci-odiani.
825 4124 1179 4196 Temporibus
1233 4127 1533 4184 Salvatoris
1588 4128 1705 4184 haec
1758 4130 1978 4185 hmresis

408 4213 661 4267 surrexit.
687 4212 752 4268 Hi
782 4213 1048 4272 Herodem
1071 4216 1510 4289 magniﬁcabant,
1538 4219 1779 4274 dicentes
1803 4219 1977 4290 ipsum

404 4316 522 4355 esse
553 4301 849 4358 Christum.

477 4387 758 4447 Samaritae
778 4407 1013 4464 quoque,
1044 4397 1304 4463 custodes,
1332 4398 1778 4471 interpretantur,
1807 4398 1898 4467 qui
1922 4398 1977 4452 in

407 4478 581 4535 locum
630 4479 813 4547 Israel,
833 4481 949 4550 iam
980 4486 1193 4555 captivo
1221 4495 1277 4542 et
1327 4489 1638 4544 transducto
1673 4489 1724 4542 in
1756 4486 1977 4558 Babylo-

405 4569 550 4621 niam
598 4572 813 4639 populo,
865 4575 1110 4629 translati
1159 4584 1287 4631 sunt
1324 4578 1380 4631 in
1417 4585 1614 4633 terram
1643 4577 1826 4632 decem
1880 4576 1976 4631 tri-

406 4656 570 4713 buum
601 4675 615 4713 :
646 4666 702 4713 et
729 4674 797 4715 ex
851 4670 1008 4732 parte
1044 4662 1162 4720 sine
1189 4665 1307 4737 lege
1344 4667 1711 4723 lsraelitarum
1750 4682 1977 4722 consue-

405 4748 641 4804 tudinem
711 4751 977 4807 obtinent.
1029 4753 1121 4809 Isti
1182 4756 1470 4824 prophetas
1531 4770 1640 4811 non
1685 4755 1972 4824 recipiunt.

404 4850 568 4910 atque
605 4842 659 4896 in
688 4842 1157 4901 observationibus
1193 4846 1306 4902 suis
1334 4860 1365 4900 a
1392 4843 1592 4902 Iudaeis
1613 4847 1862 4902 omnibus
1883 4862 1972 4902 se—

403 4943 666 5000 parantur
691 4951 705 4988 :
734 4949 966 5006 quorum
994 4935 1307 5006 superstitio
1328 4936 1516 5006 procul
1539 4936 1700 4992 dubio
1724 4937 1975 4993 omnibus

404 5031 530 5076 nota
551 5032 656 5080 est.

477 5111 955 5188 llemerobaptisttn
996 5117 1147 5183 dicti,
1214 5132 1279 5173 eo
1340 5118 1485 5191 quod
1525 5119 1764 5189 quotidie
1804 5121 1971 5175 vesti-

406 5211 586 5258 menta
615 5218 711 5260 sua
754 5215 809 5260 et
836 5222 1064 5277 corpora
1109 5208 1309 5265 lavent.
1365 5208 1632 5265 Praeterea
1658 5210 1839 5279 plures
1866 5211 1975 5267 lue-

366 5336 369 5339 -
408 5309 587 5352 resutn
612 5298 820 5369 species
844 5299 1213 5367 inveniuntur,
1236 5317 1355 5372 qua:
1378 5301 1433 5357 in
1457 5301 1788 5373 temporibus
1814 5299 1971 5356 Chri-

405 5387 598 5444 stianis
640 5399 988 5463 exortata-per
1030 5394 1343 5453 inventores
1389 5402 1447 5449 et
1491 5409 1753 5464 sequaces
1783 5410 1972 5453 eorum

408 5478 569 5535 ﬁdem
589 5482 911 5541 catholicam
936 5485 1252 5558 impugnare
1281 5487 1455 5544 solita:
1483 5496 1626 5551 sunt,
1648 5502 1784 5557 quas
1811 5488 1975 5542 etiam

408 5567 569 5624 l'ater
590 5570 921 5642 Augustinus
963 5578 1032 5633 ad
1066 5577 1498 5647 Quodvultdeum
1525 5578 1811 5634 diaconum
1843 5577 1977 5633 scri-

406 5658 561 5726 bcns,
611 5664 745 5720 satis
794 5667 1082 5725 manifeste
1132 5672 1391 5727 declarat.
1433 5672 1538 5727 Scd
1599 5671 1725 5742 quia
1780 5684 1980 5725 memo-

2096 588 2328 643 vendnm
2353 587 2442 651 sit,
2481 587 2654 641 lucide
2682 586 2970 658 descripsit
3005 603 3019 640 :
3054 590 3257 644 omisso
3292 590 3677 648 hmreticurum

2095 677 2361 747 catalogo,
2397 676 2518 732 ﬁdei
2541 677 2817 732 catholicae
2827 676 2951 746 jura
2987 678 3040 732 in
3059 678 3162 733 hoc
3192 695 3357 750 opere
3380 681 3673 739 inserenda

2095 781 2394 822 censemus.

2711 855 2939 913 CAPUT
2977 856 3043 912 Χ.

2094 946 2171 1001 De
2224 947 2616 1018 di/ﬁnitionibus
2677 958 2829 1071 redata
2893 950 3017 1018 ﬁdei
3083 960 3131 1003 et
3199 951 3671 1013 ecclesiasticarum

2755 1029 3037 1071 cantatum.

2655 1074 2660 1079 ,
2717 1029 3037 1088 dogmatum.

2163 1123 2447 1179 Credimus
2501 1142 2666 1180 unum
2695 1126 2861 1180 Deum
2890 1142 3010 1183 esse
3054 1127 3269 1185 Patrem
3299 1139 3356 1186 et
3389 1133 3587 1190 Filium
3615 1145 3675 1193 et

2093 1212 2350 1283 Spiritum
2377 1224 2645 1269 sanctum.
2679 1215 2896 1271 Patrem
2926 1233 3012 1283 eo,
3036 1219 3185 1287 quod
3209 1220 3406 1277 haheat
3450 1224 3619 1281 ﬁliuni
3653 1246 3667 1281 :

2090 1306 2285 1360 Filium
2315 1321 2399 1372 eo,
2432 1308 2573 1377 quod
2624 1308 2822 1364 habeat
2847 1319 3059 1379 patrem
3093 1310 3390 1382 :Spiritum
3418 1326 3665 1373 sanctum

2089 1413 2154 1453 eo
2199 1400 2340 1469 quod
2385 1414 2452 1453 ex
2505 1398 2668 1455 Patre
2723 1408 2779 1454 et
2840 1400 2978 1456 Filio
3006 1404 3284 1471 procedat.
3324 1405 3491 1461 Pater
3536 1424 3671 1480 ergo

2091 1488 2411 1558 principium
2463 1487 2688 1543 Deitatis
2738 1506 2750 1542 :
2794 1488 2886 1558 qui
2934 1489 3076 1543 sicut
3113 1506 3388 1561 nunquam
3426 1493 3528 1549 fuit
3558 1512 3667 1551 non

2089 1578 2253 1657 Deus,
2308 1580 2380 1633 ita
2409 1596 2685 1649 nunquam
2709 1596 2814 1635 non
2843 1579 2946 1634 fuit
2964 1596 3071 1634 non
3095 1580 3274 1638 Pater.
3296 1584 3344 1638 A
3369 1602 3476 1655 quo
3499 1586 3668 1643 Filius

2088 1679 2249 1724 natus
2278 1687 2290 1723 :
2324 1686 2353 1723 a
2380 1686 2487 1740 quo
2520 1670 2754 1740 Spiritus
2783 1681 3003 1729 sanctus
3031 1689 3139 1730 non
3190 1684 3374 1741 natus,
3403 1677 3528 1746 quia
3557 1694 3668 1733 non

2013 1752 2069 1811 B
2090 1767 2174 1812 est
2192 1758 2359 1814 Filius
2384 1778 2396 1812 :
2421 1775 2594 1830 neque
2624 1760 2914 1831 ingenitus,
2930 1763 3054 1832 quia
3082 1778 3188 1818 non
3216 1772 3299 1819 est
3326 1764 3488 1820 Pater
3518 1786 3532 1820 :
3563 1783 3667 1823 nec

2087 1848 2263 1905 factus
2275 1848 2531 1920 ~Spiritus
2561 1859 2799 1916 sanctus,
2831 1852 2958 1921 quia
2984 1867 3091 1907 non
3120 1861 3204 1908 est
3225 1868 3294 1908 ex
3320 1854 3488 1909 nihilo
3518 1875 3529 1908 :
3565 1857 3666 1911 sed

2084 1954 2154 1994 ex
2199 1940 2311 1994 Deo
2336 1939 2517 2003 Patre,
2558 1950 2613 1994 et
2657 1939 2766 1995 Deo
2811 1939 2948 1994 Filio
2982 1940 3124 1995 Deus
3150 1942 3465 2010 procedens.
3498 1942 3666 2001 Pater

2082 2039 2316 2087 aeternus
2368 2046 2452 2096 eo,
2514 2032 2655 2100 quod
2707 2031 2902 2086 habeat
2938 2028 3133 2087 Filium
3176 2040 3457 2099 aeternum,
3505 2033 3664 2103 cujus

2082 2132 2315 2179 aeternus
2356 2124 2428 2178 sit
2455 2122 2633 2179 Pater.
2666 2122 2835 2178 Filius
2856 2131 3094 2179 mternus
3121 2139 3208 2191 eo,
3250 2126 3393 2194 quod
3418 2127 3488 2182 sit
3510 2126 3662 2183 Patri

2081 2224 2138 2271 et
2163 2215 2384 2286 Spiritui
2413 2224 2603 2272 sancto
2626 2225 2942 2271 comternus.
2979 2215 3214 2287 Spiritus
3263 2226 3484 2274 sanctus
3508 2227 3663 2273 aeter-

2082 2321 2184 2360 nus
2209 2321 2294 2370 eo,
2319 2306 2462 2375 quod
2485 2306 2555 2360 sit
2587 2305 2734 2359 Patri
2761 2313 2815 2359 et
2857 2304 2995 2361 Filio
3016 2315 3317 2362 coaeternus
3350 2326 3361 2337 ·
3386 2323 3493 2363 non
3523 2324 3656 2364 con-

2084 2397 2199 2453 iusa
2250 2399 2304 2452 in
2352 2413 2456 2452 una
2502 2410 2736 2465 persona
2780 2395 3040 2462 Trinitas,
3082 2404 3143 2451 ut
3176 2395 3442 2452 Sabellius
3479 2398 3654 2452 dicit:

2079 2504 2254 2559 neque
2304 2496 2551 2560 separata
2590 2495 2686 2541 aut
2729 2487 2902 2541 divisa
2948 2487 3002 2541 in
3046 2494 3238 2540 natura
3280 2487 3548 2549 divinitas,
3598 2495 3659 2541 ut

2079 2580 2239 2636 Arius
2267 2581 2602 2652 blasphemat
2628 2598 2640 2632 :
2670 2581 2765 2635 sed
2794 2580 2932 2634 alter
2954 2579 3009 2633 in
3053 2594 3282 2649 persona
3311 2580 3488 2643 Pater,
3520 2581 3661 2637 alter

2081 2678 2132 2731 in
2154 2690 2381 2747 persona
2416 2675 2608 2741 Filius,
2631 2675 2772 2728 alter
2795 2675 2848 2728 in
2880 2688 3108 2744 persona
3139 2672 3378 2745 Spiritus
3402 2684 3653 2730 sanctus:

2077 2752 2215 2821 unus
2244 2768 2295 2820 in
2335 2775 2529 2820 natura
2558 2766 2612 2819 in
2661 2772 2849 2820 sancta
2880 2764 3147 2818 Trinitate
3193 2764 3336 2819 Deus
3373 2763 3551 2828 Pater,
3600 2776 3659 2821 ct

2075 2854 2265 2920 Filius,
2312 2864 2367 2911 et
2396 2856 2630 2926 Spiritus
2676 2865 2918 2911 sanctus.
2952 2854 3068 2908 Non
3098 2854 3264 2909 Pater
3310 2870 3528 2909 carnem
3572 2872 3661 2909 as-

2075 2948 2303 3017 sumpsit
2330 2961 2505 3016 ncque
2536 2947 2771 3017 Spiritus
2798 2955 3020 3002 sanctus
3046 2964 3061 2999 :
3093 2946 3186 3002 sed
3217 2946 3385 3001 Filius
3421 2957 3654 3008 tantum.

2075 3048 2137 3093 ut
2158 3038 2252 3108 qui
2277 3047 2396 3093 erat
2436 3038 2491 3092 in
2518 3038 2798 3095 divinitate
2820 3037 2998 3092 Patris
3027 3038 3120 3091 Dei
3140 3037 3333 3101 Filius,
3358 3038 3472 3108 ipse
3502 3036 3659 3093 ﬁeret

2078 3130 2131 3183 in
2153 3129 2368 3184 homine
2396 3129 2630 3184 hominis
2670 3128 2812 3184 ﬁlius
2837 3147 2850 3180 :
2893 3144 2961 3183 ne
2989 3127 3084 3182 ﬁlii
3110 3143 3303 3183 nomen
3328 3129 3392 3182 ad
3422 3128 3653 3183 alterum

2078 3216 2342 3271 transiret
2391 3217 2484 3286 qui
2530 3233 2636 3272 non
2675 3226 2821 3274 esset
2870 3218 3153 3273 nativitate
3207 3217 3365 3274 ﬁlius.
3406 3218 3500 3272 Dei
3524 3235 3658 3289 ergo

2077 3306 2237 3372 ﬁlius,
2285 3308 2520 3363 hominis
2568 3308 2741 3364 factus
2780 3317 2866 3363 est
2901 3308 3044 3363 ﬁlius
3093 3324 3108 3361 :
3159 3316 3319 3363 natus
3353 3310 3653 3364 secundum

2075 3397 2358 3451 veritatem
2387 3405 2594 3453 natura:
2624 3413 2688 3452 ex
2717 3399 2828 3453 Deo
2861 3398 2954 3454 Dei
2983 3399 3123 3454 filius
3150 3407 3206 3453 et
3238 3401 3530 3455 secundum
3559 3416 3655 3452 ve-

2078 3488 2289 3543 ritatem
2321 3496 2528 3543 natura:
2549 3502 2616 3542 ex
2644 3489 2860 3544 homine
2889 3489 3121 3544 hominis
3149 3488 3289 3544 ﬁlius
3321 3508 3335 3543 :
3366 3498 3424 3543 ut
3452 3492 3658 3545 veritas

2075 3578 2239 3648 geniti
2261 3593 2364 3633 non
2389 3580 2694 3650 adoptione,
2726 3596 2831 3635 non
2862 3579 3262 3650 appellatione:
3294 3580 3389 3635 sed
3422 3580 3473 3633 in
3504 3589 3655 3633 utra-

2075 3683 2181 3737 que
2205 3669 2486 3725 nativitale
2512 3669 2607 3724 ﬁlii
2638 3685 2832 3725 nomen
2864 3670 3134 3725 nascendo
3154 3669 3397 3734 haberet,
3427 3678 3480 3724 et
3508 3680 3657 3724 esset

2076 3773 2235 3815 verus
2285 3759 2426 3815 Deus
2468 3769 2522 3815 ct
2561 3776 2721 3816 verus
2776 3761 2957 3825 homo,
3004 3776 3145 3815 unus
3172 3759 3332 3815 ﬁlius.
3378 3759 3492 3814 Non
3523 3774 3658 3828 ergo

2077 3853 2210 3908 duos
2237 3854 2504 3919 Christos,
2549 3871 2724 3925 neque
2767 3857 2900 3911 duos
2928 3854 3065 3911 ﬁlios
3095 3875 3107 3910 :
3138 3856 3233 3911 sed
3267 3856 3436 3912 Deum
3473 3864 3530 3910 et
3559 3857 3658 3910 bo-

2076 3942 2276 3998 minem
2304 3959 2467 3998 unum
2502 3944 2689 4010 ﬁlium,
2738 3960 2896 4014 quem
2925 3955 3215 4017 propterea
3239 3954 3295 4001 et
3318 3946 3655 4018 unigenitum

2077 4034 2307 4088 dicimus
2351 4043 2656 4090 manentem
2706 4036 2761 4090 in
2783 4036 2994 4093 duabus
3041 4037 3356 4093 substantiis
3385 4054 3399 4090 :
3428 4038 3569 4093 sicut
3604 4037 3659 4092 ei

2077 4132 2284 4181 natura:
2319 4125 2522 4181 veritas
2549 4125 2797 4191 contulit,
2830 4142 2935 4182 non
2965 4126 3202 4182 confusis
3228 4128 3438 4181 naturis
3478 4142 3657 4196 neque

2078 4217 2351 4284 immistis,
2400 4218 2557 4272 sicuti
2600 4218 2934 4273 Timochiani
2980 4218 3211 4273 volunt:
3254 4219 3351 4274 sed
3400 4218 3659 4274 societate

2079 4308 2262 4364 unitis.
2304 4309 2445 4364 Deus
2492 4324 2622 4381 ergo
2677 4310 2952 4365 hominem
2989 4311 3283 4380 assumpsit
3321 4329 3333 4364 :
3386 4312 3563 4365 homo’
3601 4311 3657 4365 in

2082 4397 2249 4454 Deum
2271 4401 2544 4465 transivit,
2573 4416 2680 4456 non
2704 4410 2911 4457 natura:
2936 4402 3309 4469 versibilitate,
3332 4403 3471 4459 sicut
3492 4402 3661 4472 Apol-

2079 4486 2338 4544 linaristte
2370 4490 2557 4546 dicunt
2589 4510 2602 4545 :
2633 4492 2727 4547 sed
2758 4492 2851 4547 Dei
2906 4492 3235 4563 dignatione,
3278 4501 3339 4547 ut
3371 4508 3468 4549 nec
3513 4494 3662 4549 Deus

2078 4588 2377 4636 mutaretur
2401 4583 2456 4637 in
2475 4584 2765 4639 humanam
2787 4584 3164 4645 substantiam.
3198 4584 3521 4641 assumenda
3550 4584 3658 4639 ho-

2076 4672 2277 4727 minem
2304 4691 2317 4727 :
2343 4688 2442 4729 nec
2479 4674 2642 4730 homo
2667 4675 2721 4729 in
2742 4675 3000 4741 divinam,
3017 4675 3349 4744 gloriﬁcatus
3370 4674 3423 4729 in
3447 4674 3656 4729 Deum:

2076 4764 2203 4833 quia
2228 4764 2456 4818 mutatio
2480 4765 2565 4819 vel
2586 4765 2914 4820 versibilitas
2936 4772 3140 4819 natum
3159 4770 3215 4819 et
3238 4763 3656 4819 diminutionem

2076 4860 2132 4907 et
2154 4851 2497 4907 abolitionem
2526 4853 2839 4908 substantia:
2864 4852 3012 4911 facit.
3038 4852 3289 4911 Creditur
3308 4869 3339 4908 a
3363 4853 3518 4907 nobis
3539 4854 3659 4909 sine

2073 4939 2387 4995 confusione
2425 4940 2709 5008 conjuncta
2740 4941 3000 5006 Trinitas,
3027 4942 3145 4999 sine
3168 4942 3510 5011 separatione
3544 4942 3661 4997 dis-

2071 5031 2259 5085 tincta.
2294 5030 2461 5085 Natus
2489 5040 2575 5086 est
2597 5048 2727 5103 ergo
2755 5032 2850 5089 Dei
2884 5032 3026 5089 ﬁlius
3049 5049 3117 5088 ex
3155 5033 3407 5097 homine,
3443 5042 3499 5088 et
3544 5048 3656 5089 non

2073 5137 2171 5192 per
2199 5123 2467 5190 homines,
2498 5123 2549 5178 id
2579 5132 2685 5191 est,
2717 5140 2823 5181 non
2846 5140 2912 5181 ex
2944 5125 3044 5179 viri
3075 5126 3219 5180 coitu
3251 5124 3412 5196 (sicut
3446 5122 3656 5179 ﬂebion

2075 5211 2245 5283 dicit)
2281 5229 2294 5266 :
2326 5212 2419 5268 sed
2457 5229 2676 5271 carnem
2723 5230 2790 5269 ex
2834 5214 3062 5285 virginis
3085 5228 3313 5284 corpore
3356 5214 3576 5269 trahens
3600 5218 3661 5268 et

2080 5319 2186 5360 non
2231 5305 2300 5361 de
2324 5305 2462 5361 cmlo
2509 5320 2690 5361 secum
2720 5304 2950 5361 aﬁ'erens
2973 5305 3134 5377 (sicut
3155 5305 3427 5367 Marcaon,
3461 5302 3656 5372 Orige—

2079 5410 2197 5462 nes,
2239 5403 2295 5452 et
2329 5397 2600 5469 Eutycbes
2623 5394 2935 5467 aﬁirmant),
2967 5408 3142 5465 neque
3171 5395 3225 5451 in
3248 5392 3552 5465 phantasia,
3598 5391 3658 5448 id

2079 5496 2183 5553 est,
2224 5488 2429 5557 absque
2468 5485 2696 5542 veritate
2725 5484 2887 5555 (sicut
2921 5483 3236 5539 Valentinus
3264 5483 3469 5541 scilicet
3501 5478 3657 5554 dicit)

2083 5593 2259 5648 neque
2286 5576 2487 5648 doleysi
2516 5574 2781 5648 [satam].
2813 5574 2864 5628 id
2887 5582 2971 5630 est
2995 5573 3237 5644 putative
3258 5571 3609 5642 imaginatum
3635 5583 3654 5624 :

2082 5669 2175 5725 sed
2202 5684 2398 5738 corpus
2423 5683 2628 5729 verum,
2644 5682 2749 5721 non
2781 5674 2988 5719 tantum
3015 5679 3235 5720 carnem
3249 5678 3316 5718 ex
3337 5674 3504 5716 carne
3526 5657 3655 5729 (sic-
