4064 6206
368 324 446 377 97.
1368 320 1457 376 DE
1498 319 1844 379 UNIVERSO
1881 320 2061 377 LIBRI
2100 322 2257 378 XXII.
2299 355 2369 365 --
2406 325 2534 380 LIB.
2574 326 2661 383 IV.
3556 351 3627 409 93

369 445 430 489 ιιι
475 431 807 502 Marcianus)
832 431 931 485 sed
963 447 1122 488 verus
1150 434 1291 488 Deus
1326 447 1392 488 ex
1443 434 1741 500 divinitate,
1773 445 1828 490 et
1855 451 1950 490 ve-
1979 443 2030 500 Α
2056 437 2366 494 inveniendi
2420 452 2566 507 sunt,
2615 453 2670 498 et
2699 444 2800 501 hoc
2847 447 2927 503 cis
2954 451 3190 519 reputari
3228 470 3326 524 pro
3382 475 3629 522 resumo.

372 539 468 578 rus
518 523 675 576 homo
705 535 773 574 ex
806 535 972 575 carne
1009 540 1022 574 :
1054 538 1193 578 unus
1226 522 1368 579 ﬁlius
1397 523 1451 578 in
1492 523 1795 590 divinitate,
1825 524 1955 580 Ver-

370 617 500 669 bum
525 611 727 676 Patris,
756 620 815 665 et
831 614 978 668 Deus
1011 613 1066 668 in
1093 613 1331 679 homine,
1361 615 1538 671 anima
1570 626 1622 671 et
1646 632 1793 672 caro.
1823 618 1953 673 Ani-

367 721 455 760 ma
488 719 597 759 non
621 703 830 772 absque
868 718 1031 774 sensu
1057 712 1114 758 et
1140 705 1366 771 ratione,
1392 714 1453 760 ut
1472 705 1798 777 Apollinaris
1821 725 1835 774 ;
1862 722 1954 763 ne-

368 810 475 864 que
505 810 635 850 caro
682 794 891 864 absque
920 797 1123 861 anima,
1170 804 1233 850 ut
1254 797 1565 852 Anomocus
1596 817 1608 851 :
1642 797 1736 854 sed
1771 800 1951 854 anima

367 902 493 942 cum
534 886 746 941 ratione
790 901 889 940 sua
921 905 935 940 :
963 896 1018 941 et
1045 902 1176 942 caro
1218 903 1341 943 cum
1381 889 1632 944 sensibus
1663 891 1778 946 suis
1812 909 1823 944 :
1855 907 1953 962 per

367 996 508 1049 quos
550 994 745 1034 sensus
787 993 950 1033 veros
992 980 1048 1033 in
1096 979 1348 1049 passione
1393 989 1449 1035 et
1485 990 1609 1036 ante
1646 983 1949 1051 passionem

367 1074 552 1129 carnis
580 1090 693 1129 sua:
719 1073 936 1129 dolores
961 1074 1236 1128 sustinuit.
1267 1072 1453 1144 Neque
1480 1075 1561 1130 sic
1587 1085 1671 1130 est
1698 1084 1856 1132 natus
1884 1092 1951 1131 ex

367 1167 599 1235 virgine,
646 1175 707 1219 ut
732 1165 957 1219 deitatis
983 1164 1196 1219 initium
1222 1165 1384 1219 homo
1423 1166 1694 1223 nascendo
1729 1182 1951 1238 accepe-

366 1259 437 1311 rit
473 1256 698 1327 :qnasi,
732 1265 1023 1326 antequam
1070 1270 1137 1310 ex
1182 1256 1390 1327 virgine
1433 1265 1767 1323 nasceretur,
1810 1258 1952 1313 Deus

363 1365 473 1404 non
526 1346 718 1411 fuerit,
747 1346 890 1403 sicut
915 1345 1172 1401 Artemon
1221 1355 1276 1401 et
1317 1346 1624 1402 Berilluset
1667 1346 1951 1402 Marcellus

362 1444 673 1497 docuerunt
699 1459 713 1495 :
738 1440 833 1495 sed
853 1448 1089 1495 :eternus
1108 1440 1252 1495 Deus
1273 1439 1437 1495 homo
1464 1456 1531 1494 ex
1553 1441 1765 1511 virgine
1792 1450 1951 1496 natus

362 1544 467 1589 est.
508 1531 655 1586 Nihil
685 1540 926 1586 creatum
958 1539 1050 1585 aut
1076 1532 1320 1586 serviens
1349 1532 1404 1585 in
1433 1531 1699 1587 Trinitate
1727 1533 1951 1587 creden-

362 1626 512 1687 dum,
550 1630 613 1677 ut
637 1620 751 1675 vult
771 1620 1058 1692 Dionysius
1086 1619 1207 1677 fons
1234 1620 1348 1675 Arii
1383 1637 1396 1674 :
1423 1620 1560 1675 nihil
1585 1621 1868 1691 inaequale,
1890 1629 1951 1676 ut

362 1713 704 1769 Euuotnius:
730 1711 863 1766 nihil
885 1711 1055 1781 gratia
1080 1710 1305 1780 aequale,
1335 1719 1394 1765 ut
1421 1705 1533 1766 vult
1550 1711 1741 1766 Ethius
1774 1730 1786 1766 :
1816 1712 1949 1766 nihil

2053 526 2233 581 ctione
2265 543 2333 583 ex
2361 531 2610 597 mortuis,
2639 534 2781 602 quod
2820 538 3200 596 mortalitatem
3251 546 3631 612 immutatione

2051 616 2340 686 deponant,
2367 634 2471 674 non
2501 633 2695 677 morte:
2723 625 3416 704 quolibetquisacquiescat
3440 647 3624 712 modo,

2053 721 2157 760 non
2173 717 2254 762 est
2270 709 2573 777 haereticus,
2591 714 2691 768 nisi
2709 721 3055 776 contentione
3071 724 3354 785 hmreticus
3369 730 3481 787 ﬁat.
3503 709 3625 791 Sui-

2053 796 2166 851 ﬁeit
2192 799 2335 853 enim
2383 800 2437 854 in
2487 801 2742 860 Ecclesia:
2770 806 2908 879 lege,
2938 814 3119 869 carnis
3173 824 3621 883 resurrectionem

2051 889 2274 944 credere
2327 889 2561 948 futuram
2590 896 2656 951 de
2676 907 2870 955 morte.
2922 902 3074 971 Quod
3091 918 3270 964 autem
3314 913 3543 973 dicimus
3569 918 3624 973 in

2052 981 2294 1050 symbolo
2312 1024 2326 1047 ,
2370 982 2423 1038 in
2455 986 2682 1042 adventu
2699 989 2910 1048 Domini
2934 996 3086 1052 vivos
3111 1014 3176 1055 ac
3196 1012 3437 1060 mortuos
3474 1008 3621 1077 judi-

2050 1071 2270 1136 candos,
2296 1089 2400 1128 non
2426 1074 2604 1144 justas
2628 1086 2682 1132 et
2706 1092 3022 1149 peccatores
3041 1088 3306 1157 judicare,
3337 1071 3624 1153 sicut'Dio-

2048 1158 2216 1216 dorus
2264 1163 2569 1235 signiﬁcare
2614 1176 2801 1238 putat;
2843 1173 2993 1230 vivos
3040 1193 3152 1245 eos,
3205 1182 3297 1251 qui
3348 1184 3401 1238 in
3456 1202 3620 1244 carne

2050 1249 2355 1307 inveniendi
2406 1264 2553 1320 sunt,
2597 1258 2742 1323 dicit,
2775 1262 2865 1329 qui
2900 1265 3078 1321 adhuc
3105 1249 3353 1336 morituri
3396 1277 3623 1332 credun-

2052 1346 2157 1405 tur,
2189 1343 2273 1397 vel
2326 1343 2665 1411 immutandi,
2717 1350 2858 1406 sicut
2883 1354 2972 1408 alii
3023 1356 3228 1425 volunt,
3282 1369 3343 1416 ut
3378 1365 3622 1422 suscitati

2049 1432 2306 1486 continuo
2343 1432 2427 1489 vel
2476 1436 2755 1492 reformati
2805 1456 2930 1496 cum
3003 1455 3130 1500 ante
3198 1453 3428 1509 mortuis
3479 1452 3623 1526 judi-

2048 1529 2256 1575 centur.

2118 1609 2248 1665 Post
2300 1616 2757 1674 resurrectionem
2785 1629 2839 1675 et
2882 1619 3141 1688 judicium
3190 1643 3297 1683 non
3339 1633 3623 1691 credamus

2051 1701 2444 1757 restitutionem
2483 1704 2738 1774 futuram,
2769 1725 2875 1780 qua
2902 1711 3162 1784 Origenes
3188 1718 3399 1788 delirat,
3431 1731 3491 1776 ut
3516 1723 3623 1779 dte-

361 1806 609 1861 anterius
663 1803 1030 1874 posteriusve,
1080 1811 1175 1857 aut
1220 1803 1419 1869 minus,
1452 1812 1513 1857 nt
1553 1803 1714 1859 Arius
1763 1823 1778 1857 :
1816 1803 1948 1859 nihil
1976 1788 2023 1847 Β
2055 1806 2241 1886 ηξρηςδ
2269 1794 2353 1849 νει
2382 1795 2532 1866 impii
2564 1799 2808 1856 homines
2840 1813 2963 1873 Ροει
2990 1817 3282 1876 tormenta:
3313 1815 3466 1882 (Ιυθεί
3491 1831 3620 1886 SUP-

362 1906 687 1952 extraneum
719 1905 812 1949 aut
850 1890 1074 1948 oﬂiciale
1109 1894 1285 1960 alteri,
1313 1902 1373 1948 ut
1394 1894 1777 1951 Macedonius:
1810 1895 1949 1951 nihil

362 1988 720 2059 persuasione
763 1995 856 2039 aut
905 1986 1243 2056 surreptione
1304 1986 1590 2052 insertum,
1651 1995 1712 2041 ut
1781 1986 1949 2042 Mani-

362 2082 547 2134 chzeus
578 2097 593 2133 :
625 2077 760 2132 nihil
781 2092 1121 2147 corporeum,
1166 2087 1225 2132 ut
1249 2077 1429 2134 Melite
1454 2088 1510 2133 et
1534 2078 1898 2135 Tertullianus
1929 2098 1941 2133 :

362 2168 495 2223 nihil
525 2166 886 2237 corporaliter
910 2165 1223 2237 eﬂigiatum,
1265 2175 1326 2221 ut
1373 2167 1863 2238 Anthropol‘ormus
1891 2179 1947 2225 et

364 2260 640 2314 Yadianus
677 2276 689 2311 :
738 2257 869 2311 nihil
909 2258 1010 2313 sibi
1052 2257 1339 2324 invisibile,
1383 2266 1443 2312 ut
1466 2256 1727 2329 Origenes
1766 2260 1946 2316 :nihil

362 2348 628 2403 creaturis
674 2347 900 2410 visibile,
932 2354 993 2400 ut
1020 2347 1349 2401 Fortunatus
1382 2362 1397 2401 :
1428 2348 1563 2402 nihil
1592 2348 1832 2403 moribus
1860 2349 1945 2404 vel

362 2440 642 2494 voluntate
688 2438 985 2503 diversum,
1040 2446 1100 2491 ut
1138 2437 1374 2493 Marcion
1423 2456 1436 2492 :
1476 2439 1609 2494 nihil
1663 2439 1946 2496 Trinitatis

312 2570 319 2576 .
361 2531 605 2586 essentia
633 2528 701 2584 ad
729 2537 1101 2583 creaturarum
1130 2537 1379 2584 naturam
1407 2531 1717 2595 deductum,
1742 2540 1803 2585 ut
1826 2531 1949 2585 Pla—

364 2631 420 2676 to
456 2630 511 2674 et
566 2618 935 2675 Tertullianus
988 2637 1001 2673 :
1041 2618 1177 2673 nihil
1203 2618 1378 2675 oﬁicio
1423 2621 1715 2692 singulare,
1746 2637 1845 2675 nec
1873 2622 1949 2675 al-

364 2710 468 2765 teri
497 2708 973 2773 communicahile,
1019 2716 1078 2762 ut
1113 2707 1415 2780 Origenes:
1459 2711 1591 2766 nihil
1640 2711 1944 2778 confusum,

364 2809 426 2855 ut
468 2798 744 2855 Sabellius
785 2816 798 2850 :
838 2798 932 2853 sed
962 2813 1127 2852 unum
1155 2798 1475 2868 perfectum,
1507 2801 1634 2871 quia
1682 2810 1851 2856 totum
1881 2816 1948 2856 ex

364 2904 490 2955 uno,
516 2897 573 2945 et
595 2904 789 2954 unum,
819 2903 925 2943 non
967 2896 1151 2943 tamen
1174 2890 1498 2958 solitarium,
1528 2900 1585 2946 ut
1615 2902 1951 2963 pmomunt

364 2982 641 3054 Sylvanus
668 2991 725 3037 ct
750 2989 1003 3052 praxetos
1029 2982 1469 3054 penthapolitana
1509 2984 1832 3040 damnabilis
1861 2980 1948 3040 illa

2048 1882 2227 1954 pliciis
2249 1888 2555 1958 expurgati,
2596 1889 2680 1945 vel
2709 1890 2784 1946 illi
2828 1892 2882 1946 in
2915 1895 3210 1964 angelicam
3243 1901 3483 1968 redeant,
3514 1882 3621 1975 qua

2049 1976 2218 2027 creati
2245 1986 2390 2042 sunt,
2428 1978 2778 2049 dignitatem;
2813 1983 2895 2037 vel
2925 1985 3012 2040 isti
3047 1984 3317 2055 iustorum
3364 1993 3623 2051 societate

2049 2064 2337 2134 donentur,
2367 2083 2432 2123 eo
2470 2071 2611 2138 quod
2638 2072 2741 2127 hoc
2781 2075 2977 2130 divina:
3006 2081 3288 2135 conveniat
3316 2082 3518 2152 pietati.
3553 2103 3622 2142 ne

2048 2160 2174 2228 quid
2209 2176 2276 2213 ex
2308 2161 2663 2217 rationalibus
2709 2174 2897 2234 pereat
2929 2172 3213 2235 creaturis,
3264 2177 3359 2230 sed
3382 2158 3623 2245 quolibet

2047 2246 2209 2301 modo
2247 2247 2542 2303 solventur.
2595 2249 2700 2307 Sed
2730 2268 2829 2308 nos
2875 2257 3160 2314 credamus
3187 2261 3287 2331 ipsi
3315 2261 3477 2332 iudici
3506 2282 3623 2321 om-

2049 2335 2197 2426 nium
2225 2346 2281 2391 et
2315 2339 2629 2396 retributori
2652 2339 2821 2410 justo,
2853 2346 2945 2414 qui
2986 2346 3163 2404 dixit:
3190 2350 3350 2408 Ibunt
3397 2356 3543 2426 impii
3568 2357 3623 2412 in

2047 2425 2360 2495 supplicium
2404 2437 2680 2496 wtemum,
2714 2433 2852 2502 justi
2879 2445 3053 2491 autem
3081 2440 3137 2494 in
3168 2441 3325 2496 vitam
3371 2425 3623 2501 Meritum

2050 2514 2265 2583 (Matth.
2319 2515 2469 2588 xxv),
2502 2526 2563 2573 ut
2604 2522 2907 2593 percipiant
2941 2524 3178 2582 fructum
3222 2545 3447 2600 operum
3500 2549 3626 2590 suo-

2048 2622 2188 2662 runL

2118 2696 2186 2752 In
2212 2700 2472 2771 principio
2493 2703 2684 2756 creavit
2740 2702 2879 2759 Deus
2904 2706 3091 2762 caelum
3130 2719 3179 2763 et
3222 2720 3417 2767 terram
3466 2707 3623 2788 (Cen.

2050 2789 2089 2860 ι)
2120 2798 2175 2844 et
2204 2805 2400 2860 aquam
2429 2807 2496 2846 ex
2523 2793 2708 2848 nihilo.
2739 2795 2807 2848 Et
2831 2810 2954 2851 cum
2980 2799 3156 2854 adhuc
3182 2804 3418 2859 tenebra:
3450 2806 3626 2875 ipsam

2050 2896 2246 2949 aquam
2276 2882 2630 2949 occultarent,
2658 2894 2715 2939 et
2735 2901 2876 2955 aqua
2914 2896 3111 2944 terram
3138 2891 3513 2962 absconderet,
3547 2896 3629 2952 fa-

2048 2973 2120 3027 cti
2153 2983 2279 3028 sunt
2328 2975 2502 3046 angeli
2560 2984 2615 3031 et
2642 2991 2832 3033 omnes
2856 2979 3110 3037 cmlestes
3156 2984 3384 3041 virtutes
3429 2995 3488 3041 ut
3514 3005 3623 3043 non

2049 3064 2221 3120 otiosa
2249 3064 2340 3119 Dei
2368 3066 2604 3133 bonitas,
2651 3067 2747 3123 sed
2782 3069 3007 3125 haberet
3032 3073 3086 3126 in
3110 3074 3308 3143 quibus
3328 3091 3430 3147 per
3450 3079 3626 3134 multa

432 3163 734 3221 omam
782 3179 914 3236 αεο
968 3175 1053 3220 ρει
1118 3165 1173 3220 ει,
1237 3165 1520 3222 divinitate
1545 3166 1724 3223 pan-is
1754 3167 1941 3223 Filius,
1974 3163 2019 3224 ρ
2050 3165 2176 3210 ante
2206 3156 2379 3225 spatia
2415 3158 2711 3214 bonitatem
2774 3176 2929 3216 suam
2963 3165 3303 3233 ostenderet;
3353 3175 3407 3222 et
3435 3169 3508 3223 ita
3539 3171 3631 3226 hic

363 3256 660 3313 Omousion
692 3254 842 3309 Patri
869 3263 925 3310 et
955 3254 1091 3310 Filio
1117 3254 1353 3326 Spiritus
1375 3268 1614 3313 sanctus.
1648 3254 1945 3314 Omousion

368 3349 475 3404 Deo
498 3355 555 3402 et
578 3346 811 3412 homini,
838 3360 980 3400 unus
1010 3345 1152 3400 ﬁlius
1192 3361 1420 3403 manens
1472 3348 1614 3405 Deus
1645 3349 1702 3404 in
1731 3349 1950 3405 homine

365 3456 463 3496 suo
489 3440 547 3495 in
573 3438 750 3511 gloria
784 3437 977 3509 patris,
1005 3436 1381 3494 desiderabilis
1430 3440 1601 3495 videri
1629 3440 1698 3495 ab
1723 3441 1947 3511 angelis,

365 3541 503 3589 Sicut
549 3532 718 3587 Pater
742 3540 797 3586 et
829 3531 1064 3602 Spiritus
1092 3539 1313 3587 sanctus
1356 3532 1617 3589 adorator
1643 3534 1712 3589 ab
1744 3534 1952 3605 angelis

363 3632 421 3678 et
451 3622 521 3678 ah
550 3622 704 3677 omni
730 3628 982 3677 creatura
1011 3639 1025 3676 :
1060 3637 1165 3677 non
1212 3622 1375 3679 homo
1402 3632 1601 3694 praeter
1620 3623 1791 3681 Deum
1817 3643 1832 3679 :
1865 3625 1952 3681 vel

366 3709 611 3767 Christus
639 3726 765 3766 cum
793 3710 927 3777 Deo,
962 3711 1106 3767 sicut
1142 3711 1425 3770 Nestorius
1446 3714 1789 3786 blasphemat
1812 3733 1825 3770 :
1852 3717 1949 3771 sed

368 3805 525 3859 homo
551 3803 607 3859 in
645 3803 758 3859 Deo
788 3804 924 3858 etin
952 3803 1171 3859 homine
1197 3806 1357 3860 Deus.

436 3893 553 3948 Erit
578 3893 916 3949 resurrectio
942 3902 1278 3949 mortuorum
1302 3879 1611 3962 hominum,
1632 3896 1727 3952 sed
1753 3911 1861 3952 una
1894 3908 1953 3954 et

369 3985 555 4049 semel,
581 4001 693 4041 non
717 3985 891 4055 prima
914 3983 1209 4055 iustorum,
1232 3994 1291 4041 et
1316 3987 1551 4043 secunda
1579 3998 1948 4059 peccatorum,

370 4088 427 4133 ut
459 4078 646 4135 fabula
673 4078 1018 4135 somniatur:
1048 4079 1143 4135 sed
1172 4095 1280 4135 una
1310 4081 1551 4136 omnium
1579 4098 1593 4134 :
1631 4089 1687 4136 et
1708 4081 1757 4137 si
1781 4081 1835 4137 id
1858 4099 1952 4137 rc-

367 4184 589 4241 surgere
617 4169 838 4231 dicitur,
875 4167 1021 4240 quod
1043 4168 1229 4224 cadit:
1258 4183 1391 4225 caro
1412 4185 1542 4242 ergo
1569 4172 1833 4227 nostrain
1849 4187 1951 4228 ve-

368 4263 527 4318 ritate
576 4262 840 4334 resurgit,
882 4261 1029 4318 sicut
1075 4262 1131 4317 iu
1172 4262 1405 4319 veritate
1430 4264 1575 4319 cadit
1602 4283 1617 4318 :
1647 4272 1704 4320 et
1724 4278 1831 4320 non
1860 4280 1950 4321 se-

368 4356 604 4412 cundum
632 4352 927 4425 Origenem
949 4354 1263 4422 immutatio
1299 4368 1586 4425 corporum
1613 4356 1738 4423 erit,
1766 4356 1821 4411 id
1844 4365 1949 4422 est,

368 4444 512 4501 aliud
551 4459 755 4500 novum
779 4458 980 4515 corpus
1003 4458 1103 4513 pro
1126 4459 1291 4501 carne
1314 4463 1326 4499 :
1354 4446 1454 4502 sed
1472 4445 1661 4502 eadem
1688 4460 1815 4502 caro
1836 4461 1953 4501 cor-

2049 3245 2277 3301 visibilis
2314 3248 2545 3302 mundus
2576 3263 2645 3304 ex
2671 3250 2897 3305 materia
2941 3266 3064 3321 qua:
3092 3268 3121 3307 a
3155 3254 3264 3310 Deo
3293 3264 3476 3312 creata
3512 3257 3631 3312 fue-

2047 3349 2155 3403 rat,
2186 3335 2366 3394 factus
2387 3348 2472 3394 est
2503 3351 2558 3394 et
2597 3349 2840 3396 ornatus.
2886 3341 3029 3398 Nihil
3057 3344 3434 3417 incorporeum
3462 3357 3517 3403 et
3545 3349 3630 3404 in-

2049 3427 2259 3483 visibile
2290 3429 2343 3483 in
2375 3439 2569 3484 natura
2596 3432 2947 3499 credendum,
3002 3434 3107 3491 nisi
3137 3435 3311 3491 solum
3342 3439 3530 3503 Deum,
3567 3441 3625 3495 id

2047 3528 2154 3586 est,
2180 3520 2417 3586 Patrem,
2446 3530 2505 3577 et
2532 3522 2747 3590 Filium,
2770 3532 2829 3579 et
2850 3523 3110 3594 Spiritum
3137 3539 3404 3597 sanctum,
3433 3531 3524 3600 qui
3557 3547 3622 3587 ex

2049 3630 2115 3670 eo
2140 3615 2490 3687 incorporeus
2520 3619 2779 3686 creditur,
2827 3619 2955 3690 quia
2990 3620 3192 3692 ubique
3222 3632 3325 3688 est,
3364 3633 3419 3678 et
3442 3626 3625 3681 omnia

2050 3705 2239 3775 implet
2279 3715 2442 3777 atque
2492 3709 2860 3781 constringit;
2892 3710 3012 3766 ideo
3057 3710 3343 3769 invisibilis
3376 3715 3627 3770 omnibus

2051 3799 2334 3863 creaturis,
2369 3800 2495 3870 quia
2518 3800 2868 3870 incorporeus
2896 3811 2998 3858 est.
3030 3801 3293 3859 Creatura
3318 3806 3499 3861 omnis
3516 3818 3629 3861 cor-

2050 3906 2236 3960 porea,
2264 3892 2434 3963 angeli
2462 3901 2518 3947 et
2540 3909 2729 3949 omnes
2770 3894 3019 3951 caelestes
3070 3897 3301 3954 virtutes
3330 3914 3622 3969 corporea,

2050 3982 2175 4038 licet
2206 3999 2313 4038 non
2343 3998 2507 4038 carne
2560 3984 2873 4041 subsistant.
2906 3986 2987 4041 Ex
3016 4001 3082 4043 eo
3108 3997 3289 4044 autem
3338 4004 3631 4060 corporeus

2051 4090 2172 4131 esse
2195 4076 2465 4131 credimus
2504 4076 2900 4134 intellectuales
2940 4087 3187 4145 naturas,
3214 4080 3357 4151 quod
3383 4081 3629 4139 localiter

2052 4169 2573 4227 circumscribuntur
2610 4190 2624 4226 :
2672 4172 2818 4228 sicut
2869 4180 2926 4226 et
2984 4171 3164 4226 anima
3218 4173 3457 4231 humana
3505 4188 3630 4243 qua!

2052 4278 2215 4317 carne
2255 4262 2566 4318 clauditur:
2598 4271 2654 4318 et
2685 4264 2957 4320 (temones
2981 4264 3075 4334 qui
3120 4279 3224 4334 per
3270 4266 3629 4323 substantiam

2052 4349 2307 4423 angelicae
2335 4363 2542 4410 natura:
2563 4362 2708 4409 sunt.
2735 4354 3072 4412 [mmortales
3114 4357 3385 4415 credimus
3411 4358 3629 4415 intelle-

2054 4446 2261 4500 ctuales
2312 4451 2535 4509 naturas
2581 4459 2701 4514 qua:
2733 4460 2897 4501 carne
2924 4455 3135 4512 carent,
3165 4463 3268 4505 nec
3292 4449 3499 4505 habent
3517 4463 3630 4519 quo

688 4540 802 4590 tam
831 4534 1105 4604 iustorum
1131 4548 1298 4605 quam
1346 4535 1673 4606 iniustorum
1703 4550 1830 4591 caro
1867 4535 1951 4589 in-
1976 4521 2027 4583 D
2054 4533 2271 4599 cadant,
2302 4540 2361 4586 ut
2380 4533 2778 4588 resurrectione
2827 4542 3022 4604 egeant
3066 4543 3191 4604 post
3216 4535 3451 4591 ruinam.
3500 4535 3632 4591 Inde

368 4622 741 4694 comptibiﬁs
768 4624 1005 4696 resurgit
1030 4642 1043 4679 :
1077 4632 1140 4679 ut
1168 4624 1254 4680 vel
1278 4638 1494 4695 ptenatn
1524 4624 1755 4682 sulferre
1772 4625 1950 4696 possit

369 4732 467 4787 pro
491 4716 760 4786 peccatis,
799 4714 885 4769 vel
912 4715 968 4770 in
997 4715 1169 4786 gloria
1206 4724 1410 4770 :eterna
1458 4731 1683 4772 manere
1713 4731 1812 4787 pro
1836 4731 1951 4771 me-

368 4807 509 4863 ritis.
540 4806 797 4865 Omnium
841 4806 991 4861 enim
1038 4807 1315 4863 hominum
1363 4808 1471 4862 erit
1501 4807 1849 4863 resurrectio.
1892 4805 1951 4861 Si

369 4897 614 4953 omnium
662 4898 787 4961 erit,
836 4912 966 4967 ergo
1013 4912 1202 4954 omnes
1238 4898 1568 4966 moriuntur,
1621 4907 1681 4954 ut
1706 4913 1855 4955 mors
1880 4898 1951 4955 ab

369 4988 542 5045 Adam
570 4987 739 5045 ducta
762 4987 1017 5044 canibus
1060 4987 1188 5043 ﬁliis
1232 4988 1352 5059 ejus
1374 4988 1702 5054 dominetur,
1751 4998 1807 5045 et
1832 5005 1948 5044 ma-

373 5088 466 5134 net
489 5077 623 5135 illud
650 5077 995 5152 privilegium
1024 5078 1081 5132 in
1112 5077 1362 5144 Domino,
1386 5081 1531 5149 quod
1554 5080 1621 5135 de
1649 5096 1715 5137 eo
1734 5082 1946 5152 specia-

374 5166 498 5223 liter
516 5168 759 5225 dicitur:
796 5168 921 5224 Non
950 5168 1099 5224 dabis
1129 5182 1369 5224 metum
1394 5179 1543 5223 tuum
1578 5171 1750 5226 videre
1770 5188 1952 5225 corru-

370 5261 599 5331 ptionem
622 5258 801 5329 (Ρωι.
826 5259 945 5331 xv),
969 5268 1025 5315 et
1050 5275 1181 5317 care
1203 5262 1326 5332 ejus
1357 5274 1465 5317 non
1491 5261 1626 5317 vidit
1648 5262 1951 5332 corruptio-

371 5366 515 5407 nem.
561 5348 719 5409 Ηικ
760 5350 1048 5416 rationem,
1100 5351 1336 5406 maxima
1386 5360 1601 5421 patrum
1648 5353 1800 5408 turba
1842 5361 1948 5408 tra-

370 5440 551 5507 dente,
609 5441 974 5512 suscepinms.
1032 5441 1235 5498 Verum
1259 5443 1390 5513 quia
1443 5453 1571 5499 sunt
1593 5453 1649 5500 et
1675 5445 1764 5500 alii
1794 5444 1949 5516 teque

371 5533 623 5591 catholici
678 5544 738 5591 et
794 5533 996 5590 eruditi
1043 5534 1176 5597 viri,
1229 5536 1322 5606 qui
1382 5537 1617 5592 credunt
1672 5539 1849 5592 anima
1894 5539 1949 5594 in

365 5637 596 5695 culpem
645 5632 909 5684 manente
966 5624 1330 5682 immutandos
1371 5627 1439 5682 ad
1491 5628 1946 5698 incorruptionem

367 5715 905 5775 etimntortalitatcm
935 5732 1049 5781 eos,
1082 5717 1171 5784 qui
1229 5718 1283 5771 in
1327 5718 1557 5775 adventu
1586 5717 1809 5774 Domini
1841 5720 1945 5774 vivi

2052 4627 2356 4680 necessario
2382 4622 2590 4678 animas
2622 4623 2901 4679 hominum
2925 4639 3031 4679 non
3060 4640 3183 4681 esse
3216 4626 3284 4683 ab
3312 4627 3466 4682 initio
3488 4627 3633 4683 inter

2053 4725 2279 4771 caeteras
2334 4713 2721 4770 intellectuales
2748 4722 2990 4781 naturas,
3033 4730 3136 4771 nec
3187 4716 3348 4772 simul
3393 4726 3627 4785 creatas,

2054 4809 2192 4863 sicut
2212 4805 2473 4878 Origenes
2487 4805 2666 4875 ﬁngit;
2700 4822 2877 4876 neque
2901 4821 3027 4863 cum
3054 4808 3371 4879 corporibus
3393 4824 3495 4878 per
3519 4808 3632 4864 coi-

2050 4908 2167 4955 tutn
2215 4898 2571 4962 seminantur,
2617 4896 2759 4952 sicut
2808 4895 3160 4963 Luciferiani,
3196 4905 3251 4954 et
3297 4896 3529 4969 Cyrillus
3573 4906 3634 4955 et

2052 4992 2217 5064 aliqui
2239 4990 2551 5047 Latinorum
2580 4999 2999 5060 praesumptores
3036 4988 3325 5056 allirmant,
3352 4990 3508 5060 quasi
3534 5005 3635 5047 na-

2050 5091 2188 5137 tura:
2230 5081 2621 5151 consequentia
2681 5079 2971 5147 serviente,
3025 5079 3121 5135 sed
3176 5079 3406 5135 dicimus
3430 5094 3635 5151 corpus

2052 5179 2263 5226 tantum
2287 5185 2384 5240 per
2408 5167 2641 5240 coniugii
2663 5168 2908 5240 copulam
2935 5167 3213 5224 seminari.

2125 5263 2467 5320 Creationem
2510 5275 2639 5317 vero
2671 5263 2866 5317 anima:
2893 5260 3070 5318 solum
3099 5269 3402 5320 creatorem
3439 5277 3628 5332 noue,

2056 5354 2153 5409 Dei
2200 5367 2333 5407 vero
2392 5352 2598 5422 judicio
2666 5350 2959 5422 co‘agulari,
3020 5359 3078 5408 et
3129 5353 3401 5424 compingi
3462 5363 3629 5427 atque

2056 5443 2306 5499 formari:
2338 5457 2401 5497 ac
2432 5441 2663 5498 formato
2686 5441 2798 5508 jam
2828 5454 3057 5511 corpore
3080 5441 3318 5497 animam
3355 5444 3530 5500 creari
3575 5453 3634 5503 et

2057 5534 2282 5596 infundi,
2317 5543 2377 5588 ut
2399 5535 2540 5589 vivat
2564 5535 2616 5586 in
2643 5540 2795 5587 utero
2816 5531 2979 5586 homo
3004 5546 3071 5587 ex
3093 5531 3273 5591 anima
3302 5540 3558 5593 constans
3575 5544 3632 5592 et

2004 5701 2011 5709 ι
2056 5639 2300 5694 corpore,
2348 5631 2402 5679 et
2436 5623 2743 5694 egrediatur
2772 5623 2925 5678 vivus
2972 5639 3039 5679 ex
3076 5632 3262 5692 utero,
3308 5627 3501 5697 plenus
3530 5626 3631 5687 ιλιι..

2054 5733 2213 5773 mana
2238 5716 2534 5773 substantia
2572 5735 2582 5769 :
2617 5731 2787 5784 neque
2839 5717 2973 5773 duas
3005 5718 3213 5775 animas
3251 5735 3370 5777 esse
3395 5720 3625 5778 dicimus
