4064 6206
418 270 488 326 99
1063 258 1122 311 Β.
1166 254 1419 317 RABANI
1460 254 1678 309 ΜΛυηί
1717 254 1994 310 ARClilEl

2093 253 2389 313 llOGUNT.
2431 252 2715 309 OPERUM
2750 251 2930 309 PARS
2965 252 3029 307 ll.

3566 257 3666 317 100

401 383 454 437 ἱιι
494 392 598 433 uno
620 374 860 437 homine,
906 371 1047 424 sicut
1078 367 1310 422 Jacobus
1352 375 1405 419 ct
1446 365 1536 419 alii
1561 364 1823 434 Syrorum
1850 365 1986 419 scri-
2016 370 2067 430 Α
2091 373 2147 419 et
2164 362 2406 419 caelestis
2430 362 2640 431 pariter
2667 360 2919 449 adjutorii
2949 379 2962 416 :
2999 371 3057 417 ut
3081 362 3350 431 labamur,
3383 370 3668 437 potestatis

398 471 566 527 bunt:
603 481 764 523 unam
787 460 1090 522 animalem,
1119 474 1223 528 qua
1259 458 1528 512 animatur
1552 470 1770 524 corpus,
1807 463 1861 511 et
1889 457 1984 511 im-

399 562 559 618 mista
597 559 669 615 sit
707 554 1001 625 sanguine:
1046 559 1103 607 et
1123 550 1349 605 alteram
1376 537 1708 618 spiritalem,
1732 550 1871 617 ‘quce
1899 563 1984 601 ra-

400 654 604 707 tionem
651 647 959 703 ministret:
1011 640 1106 697 sed
1153 640 1385 695 dicimus
1439 652 1601 691 unam
1631 637 1985 706 eamdemque

402 758 523 798 esse
561 743 797 795 animam
827 734 880 787 in
913 731 1155 795 homine,
1194 742 1315 798 qua:
1357 735 1414 781 et
1452 741 1647 796 corpus
1674 740 1770 780 sua
1812 725 1987 780 socie-

406 840 514 884 tate
538 828 790 891 viviﬁcet,
830 831 885 877 et
930 820 1277 889 semetipsam
1325 832 1425 873 sua
1450 816 1663 871 ratione
1697 816 1981 885 disponat:

403 919 609 974 habens
632 915 688 969 in
717 928 775 969 se
801 912 1103 967 libertatem
1146 907 1382 973 arbitrii,
1424 915 1485 961 ut
1509 906 1562 960 in
1590 920 1702 960 sua:
1730 904 1983 958 substan-

404 1010 494 1065 tia:
522 1009 665 1078 legat
689 1003 1045 1075 cogitatione,
1097 999 1241 1069 quod
1287 998 1420 1053 vult.
1476 996 1662 1052 Solum
1712 995 1982 1051 hominem

404 1098 674 1153 credimus
725 1095 925 1147 habere
980 1089 1215 1144 animam
1275 1085 1711 1150 substantialem,
1769 1100 1889 1154 qua:
1933 1092 1987 1139 et

405 1196 567 1242 exuta
593 1198 820 1253 corpore
866 1181 1020 1246 vivit,
1070 1187 1125 1233 et
1168 1192 1360 1234 sensus
1398 1191 1527 1232 suos
1571 1184 1731 1245 atque
1773 1173 1986 1244 ingenia

408 1278 666 1332 vivaciter
712 1282 903 1330 tenet:
947 1286 1121 1341 neque
1166 1285 1289 1326 cum
1341 1283 1569 1339 corpore
1608 1267 1879 1332 moritur,
1927 1274 1990 1320 ut

402 1369 576 1423 Arabs
603 1365 797 1422 asserit
823 1382 836 1417 :
867 1378 1039 1433 neque
1066 1361 1412 1433 postmodum
1435 1358 1798 1424 interituram,
1846 1357 1987 1413 sicut

403 1458 587 1512 Zenon
614 1454 782 1508 dicit:
825 1453 951 1523 quia
980 1449 1414 1507 substantialiter
1455 1447 1607 1502 vivit.
1658 1447 1985 1501 Animalium

403 1567 533 1606 vero
555 1550 745 1603 anima:
767 1562 872 1602 non
902 1553 1028 1601 sunt
1051 1542 1392 1600 substantia:
1418 1542 1514 1597 sed
1538 1555 1661 1596 cum
1684 1554 1848 1595 carne
1871 1538 1988 1609 ipsa

406 1638 585 1693 carnis
632 1636 919 1691 vivacitate
964 1640 1301 1687 nascuntur:
1334 1638 1390 1684 et
1436 1643 1561 1683 cum
1584 1626 1768 1683 carnis
1811 1634 1986 1680 morte

2086 464 2291 510 nostra:
2320 463 2403 509 est
2431 463 2486 509 et
2507 453 2751 526 ignavite.

2155 544 2428 615 Baptisma
2454 559 2619 599 unum
2660 552 2763 609 est,
2795 544 2889 600 sed
2915 544 2970 598 in
2995 544 3224 601 ecclesia
3243 586 3260 612 ,
3287 545 3380 601 ubi
3406 562 3511 602 una
3540 548 3674 605 ﬁdes

2085 644 2169 692 est
2190 637 2281 691 ubi
2308 637 2362 690 in
2391 636 2608 691 nomine
2632 635 2809 693 Patris
2833 645 2889 691 et
2904 636 3028 692 Filii
3053 646 3108 692 et
3130 637 3365 709 Spiritus
3385 640 3557 696 sancti
3578 640 3679 695 da--

2087 734 2194 780 tur.
2223 725 2290 779 Et
2317 726 2439 781 ideo
2467 726 2603 795 siqui
2632 727 2773 796 apud
2795 727 2916 783 illos
2937 729 3223 785 haereticos
3245 727 3501 800 baptizati
3526 743 3674 799 sunt,

2084 817 2177 887 qui
2201 817 2256 871 in
2279 826 2481 872 sancta
2509 816 2791 872 Trinitatis
2810 817 3149 873 confessione
3179 820 3481 890 baptizant,
3500 830 3557 876 et
3584 838 3677 877 ve-

2087 910 2242 963 niunt
2272 909 2337 963 ad
2362 924 2500 963 nos:
2536 908 2866 978 recipiantur
2910 909 3157 978 quidem,
3193 911 3351 980 quasi
3393 911 3675 982 baptizati,

2087 1019 2157 1059 ne
2190 1012 2389 1058 sanctae
2410 1002 2695 1057 Trinitatis
2722 1003 2989 1058 invocatio
3015 1003 3100 1057 vel
3124 1001 3395 1059 confessio
3431 1004 3676 1060 annulle-

2090 1100 2217 1157 tur;
2250 1092 2343 1146 sed
2371 1092 2669 1146 doceantur
2714 1100 2840 1146 ante
2859 1100 2916 1147 et
2963 1091 3332 1146 instruantur:
3377 1108 3485 1163 quo
3512 1109 3676 1149 sensu

2087 1192 2288 1236 sanctae
2313 1180 2594 1236 Trinitatis
2626 1181 2945 1252 mysterium
2969 1181 3022 1236 in
3049 1182 3277 1237 ecclesia
3308 1194 3574 1239 teneatur.
3612 1185 3683 1240 Et

2088 1274 2229 1330 sicut
2256 1274 2493 1329 sentiunt
2512 1273 2754 1339 credere,
2772 1273 2852 1329 vel
2882 1273 3233 1343 acquiescant
3255 1276 3535 1331 conﬁteri:
3558 1292 3684 1348 pur-

2088 1366 2197 1436 gati
2218 1363 2331 1434 jam
2358 1364 2480 1418 ﬁdei
2523 1363 2841 1435 integritate
2861 1364 3249 1421 conﬁrmentur
3290 1380 3481 1421 manus
3510 1371 3683 1437 impo-

2090 1456 2306 1511 sitione.
2337 1452 2396 1509 Si
2414 1468 2545 1509 vero
2570 1454 2782 1523 parvuli
2814 1465 2942 1510 sunt
2961 1453 3048 1509 vel
3074 1454 3327 1520 hebetes,
3357 1457 3447 1526 qui
3477 1457 3686 1512 doctri-

2091 1559 2216 1599 nam
2271 1558 2380 1598 non
2423 1543 2672 1612 capiant:
2707 1543 3064 1614 respondeant
3113 1560 3212 1613 pro
3254 1544 3359 1599 illis
3382 1585 3398 1611 ,
3437 1546 3530 1615 qui
3562 1545 3683 1601 illos

2091 1632 2496 1702 oﬁ‘eruntjuxta
2524 1648 2729 1689 morem
2759 1632 3107 1704 baptizandi:
3149 1644 3205 1690 et
3227 1651 3418 1691 manus
3453 1637 3682 1706 imposi-

407 1731 703 1785 ﬁniuntur:
735 1737 789 1782 et
818 1727 937 1781 ideo
962 1740 1062 1780 nec
1090 1724 1300 1778 ratione
1336 1731 1630 1792 reguntur,
1658 1719 1801 1775 sicut
1834 1718 1989 1772 Plato
2017 1726 2066 1785 B
2095 1723 2240 1777 tione
2266 1732 2323 1778 et
2344 1724 2638 1778 chrismate
2661 1723 2998 1787 communiti,
3027 1722 3380 1780 Eucharistia:
3410 1725 3685 1796 mysteriis

407 1829 463 1875 et
483 1818 787 1873 Alexander
807 1824 1031 1886 putant:
1048 1815 1140 1869 sed
1158 1814 1226 1867 ad
1248 1812 1429 1868 omnia
1459 1810 1669 1867 scilicet
1691 1809 1993 1865 naturain-

408 1909 699 1962 citamenta
741 1906 995 1960 dicuntur
1024 1900 1360 1976 [ducuntur].
1388 1901 1582 1955 Anima
1608 1901 1844 1955 humana
1883 1914 1991 1954 non

410 2015 533 2054 cum
563 2013 727 2053 carne
752 1997 1000 2062 moritur,
1026 1996 1154 2066 quia
1178 2009 1277 2048 nec
1300 2009 1424 2048 cum
1449 2007 1613 2047 carne
1640 1992 1723 2063 (ut
1748 1989 1993 2061 superius

390 2089 665 2162 -diximus)
711 2090 1045 2144 seminatur:
1095 2086 1191 2141 sed
1228 2085 1460 2140 formato
1490 2085 1544 2139 in
1576 2094 1765 2139 ventre
1806 2083 1995 2138 matris

409 2196 655 2253 corpore,
689 2181 781 2235 Dei
798 2179 1004 2250 judicio
1032 2177 1205 2233 creari
1226 2185 1282 2232 et
1308 2175 1539 2243 infundi,
1571 2185 1631 2231 ut
1659 2176 1807 2231 vivat
1831 2175 1994 2230 homo

411 2270 558 2325 intus
584 2269 640 2324 in
676 2277 849 2336 utero,
885 2277 940 2323 et
984 2268 1065 2324 sic
1112 2267 1373 2338 procedat
1414 2266 1698 2321 nativitate
1743 2266 1800 2320 in
1839 2280 1995 2320 mun-

412 2361 559 2414 dum.

481 2469 698 2525 Duabus
721 2468 1037 2524 substantiis
1061 2474 1275 2523 constat
1299 2468 1481 2534 homo,
1506 2468 1688 2522 anima
1708 2476 1915 2522 tantum
1940 2474 1996 2522 et

412 2576 613 2614 carne:
656 2559 835 2611 anima
869 2572 992 2611 cum
1019 2557 1228 2611 ratione
1272 2571 1370 2611 sua
1400 2574 1413 2609 :
1439 2565 1495 2611 et
1524 2571 1689 2611 carne
1717 2572 1842 2611 cum
1871 2571 1994 2611 sen-

413 2649 565 2705 sibus
616 2648 758 2712 suis,
817 2660 955 2716 quos
991 2654 1171 2701 tamen
1211 2660 1403 2702 sensus
1449 2648 1655 2718 absque
1692 2648 1886 2703 anima:
1910 2663 1995 2703 so-

413 2740 609 2794 cietate
651 2752 758 2792 non
784 2744 963 2792 movet
1003 2752 1170 2791 caro:
1210 2737 1391 2792 anima
1436 2752 1564 2793 vero
1607 2744 1664 2792 et
1686 2738 1807 2793 sine
1833 2750 1996 2794 carne

415 2828 680 2884 rationale
722 2842 879 2883 suum
912 2835 1078 2882 tenet.
1107 2826 1224 2883 Non
1252 2838 1338 2883 est
1383 2829 1577 2884 tertius
1609 2830 1665 2883 in
1690 2829 1995 2885 substantia

418 2922 653 2979 hominis
680 2921 922 2991 spiritus,
974 2929 1034 2975 ut
1060 2920 1321 2991 Didymus
1352 2922 1633 2977 contendit
1662 2940 1676 2977 :
1709 2923 1803 2978 sed
1830 2923 1993 2993 spiri-

417 3027 503 3071 tus
532 3016 646 3086 ipsa
675 3025 761 3068 est
787 3013 968 3068 anima
999 3028 1098 3082 pro
1152 3013 1382 3084 spiritali
1430 3023 1647 3080 natura,
1679 3013 1762 3069 vel
1790 3028 1889 3085 pro
1929 3030 1995 3070 eo

417 3106 563 3176 quod
590 3105 759 3175 spiret
783 3104 837 3158 in
863 3117 1092 3173 corpore
1133 3102 1359 3172 spiritus
1388 3103 1687 3174 appellatur
1714 3121 1728 3157 :
1760 3104 1996 3159 animam

418 3213 544 3253 vero
571 3213 641 3251 ex
666 3211 732 3250 eo
756 3194 960 3259 vocari,
1003 3194 1147 3263 quod
1174 3193 1336 3247 datur
1372 3194 1440 3248 ad
1465 3193 1776 3260 vivendum,
1820 3194 1907 3249 vel
1929 3194 1998 3248 ad

418 3285 798 3343 viviﬁcandum
823 3286 1027 3340 animet
1053 3298 1271 3354 corpus.
1323 3284 1559 3339 Tertium
1590 3300 1718 3341 vero
1742 3286 1997 3355 quoniam

416 3379 485 3431 ab
513 3373 771 3447 Apostolo
797 3388 919 3428 eum
968 3374 1149 3427 anima
1173 3381 1229 3427 et
1264 3388 1490 3444 corpore
1517 3374 1806 3441 inducitur,
1839 3376 1999 3446 spiri-

418 3476 530 3520 tum
553 3464 781 3535 gratiam
806 3462 1038 3534 Spiritus
1074 3461 1251 3518 sancti
1277 3476 1397 3518 esse
1426 3463 1806 3534 intelligamus,
1837 3480 2000 3534 quam

416 3564 536 3612 crat
560 3553 869 3626 Apostolus,
916 3564 976 3607 ut
999 3554 1208 3625 integra
1237 3564 1549 3624 perseveret
1585 3556 1639 3608 in
1667 3554 1824 3611 nobis
1851 3572 1866 3609 :
1900 3571 2001 3611 nec

417 3656 603 3701 nostro
632 3644 763 3700 vitio
793 3652 886 3697 aut
920 3644 1193 3698 minuatur
1213 3652 1308 3698 aut
1327 3642 1561 3714 fugiatur
1586 3659 1619 3699 a
1643 3645 1799 3702 nobis
1824 3662 1837 3698 :
1871 3645 1999 3717 quia

419 3738 657 3808 Spiritus
684 3746 904 3791 sanctus
935 3735 1154 3806 elfugict
1180 3735 1386 3790 ﬁctum.

487 3873 747 3929 Libertati
780 3874 991 3931 arbitrii
1021 3873 1105 3929 sui
1136 3873 1459 3929 commissus
1503 3884 1587 3930 est
1620 3877 1783 3932 homo
1815 3878 1997 3933 statim

415 3967 472 4020 in
496 3967 669 4036 prima
694 3965 874 4019 mundi
901 3964 1206 4020 conditione
1230 3982 1243 4018 :
1274 3974 1355 4030 ut,
1382 3965 1531 4020 salva
1554 3967 1833 4038 vigilantia
1854 3984 1999 4025 men-

417 4057 488 4111 tis
520 4056 815 4121 adnitente,
843 4055 1007 4109 etiam
1030 4055 1285 4124 przecepti
1320 4057 1561 4112 custodia
1588 4070 1994 4127 perseveraret:

412 4150 463 4203 si
491 4148 620 4202 velit
648 4148 703 4202 in
732 4147 807 4213 id,
839 4149 982 4215 quod
1007 4153 1223 4201 creatus
1250 4146 1446 4215 fuerat,
1486 4164 1818 4219 permanere.
1851 4151 2000 4209 Post-

413 4252 580 4309 quam
599 4251 729 4292 vero
755 4237 1017 4291 seditione
1032 4236 1389 4310 [seductione]
1417 4241 1685 4309 serpentis
1712 4257 1809 4312 per
1828 4243 1996 4299 Evam

416 4328 636 4392 cecidit,
686 4336 895 4380 naturas
920 4327 1122 4381 bonum
1167 4328 1397 4398 perdidit
1423 4330 1627 4399 pariter
1671 4342 1726 4386 et
1754 4334 1995 4406 vigorem

416 4416 651 4481 arbitrii,
677 4430 782 4470 non
812 4426 994 4470 tamen
1021 4416 1339 4473 electionem
1370 4435 1383 4471 :
1438 4435 1507 4475 ne
1531 4436 1637 4476 non
1666 4432 1811 4480 esset
1837 4442 1995 4483 suum
2020 4414 2074 4474 Ι)

418 4505 562 4574 quod
582 4506 900 4560 emendaret
915 4515 1195 4575 peccatum
1220 4525 1233 4560 :
1267 4523 1365 4563 nec
1392 4511 1585 4567 merito
1609 4512 1994 4587 indulgeretur,

416 4596 559 4664 quod
585 4610 692 4650 non
718 4595 944 4649 arbitrio
968 4595 1242 4651 doluisset.

491 4710 671 4762 Manet
695 4707 875 4777 itaque
899 4707 966 4762 ad
988 4709 1329 4778 qumrendam
1358 4712 1583 4769 salutem
1604 4718 1811 4775 arbitrii
1834 4720 1999 4777 liber-

423 4811 522 4864 tas,
550 4799 604 4853 id
631 4806 717 4852 est
748 4797 1027 4852 rationalis
1047 4798 1333 4856 voluntas:
1381 4804 1475 4858 sed
1495 4805 1814 4864 admonente
1845 4812 1997 4881 prius

424 4897 546 4954 :leo,
564 4900 620 4945 et
638 4889 897 4944 invitante
911 4890 976 4944 ad
997 4888 1221 4945 salutem
1242 4910 1254 4945 :
1286 4903 1343 4947 ut
1360 4894 1442 4950 vel
1456 4896 1619 4969 eligat
1631 4898 1714 4954 vel
1737 4912 1996 4971 sequatur

426 4981 502 5036 vel
535 4994 660 5052 agat
681 4980 964 5036 occasione
977 4980 1185 5049 salutis,
1218 4984 1319 5038 hoc
1340 4993 1444 5051 est,
1472 4987 1825 5058 inspiratione
1851 4991 1948 5049 Dei
1977 5013 1990 5048 :

420 5086 477 5129 ut
507 5084 686 5131 autem
712 5084 1098 5144 consequatur,
1124 5075 1264 5143 quod
1287 5076 1456 5147 eligit,
1481 5078 1564 5134 vel
1584 5083 1726 5150 quod
1752 5086 1998 5154 sequitur

420 5166 500 5221 vel
523 5166 665 5236 quod
691 5167 974 5222 occasione
1001 5166 1141 5237 agit:
1170 5166 1263 5221 Dei
1290 5182 1412 5222 esse
1436 5168 1604 5226 libere
1651 5175 1991 5232 conﬁtemur.

414 5253 633 5309 Initium
662 5254 852 5311 salutis
878 5263 1095 5322 nostrae,
1125 5256 1235 5312 Deo
1272 5258 1584 5329 miserante,
1613 5263 1905 5322 habemus:
1939 5278 1997 5324 ut

416 5343 826 5413 acquiescamus
851 5346 1070 5399 salutari
1100 5346 1454 5417 inspirationi,
1495 5362 1693 5409 nostra:
1717 5360 1998 5425 potestatis

418 5441 537 5485 est:
593 5443 651 5486 ut
679 5434 1060 5503 adipiscamur,
1121 5439 1265 5508 quod
1313 5440 1381 5495 ad
1428 5443 1873 5512 acquiescendum
1904 5450 1998 5504 ad-

421 5521 721 5579 monitione
742 5527 1004 5595 cnpimus,
1034 5530 1198 5584 divini
1220 5541 1303 5586 est
1330 5536 1568 5590 muneris
1598 5554 1611 5589 :
1646 5546 1707 5591 ut
1730 5554 1834 5594 non
1854 5539 1998 5594 laba-

426 5628 549 5668 mur
571 5613 763 5683 adepto
779 5614 967 5672 salutis
988 5634 1231 5687 munere,
1260 5622 1636 5681 sollicitudinis
1663 5638 1860 5685 nostra:
1888 5643 1991 5699 cst,

2093 1813 2467 1868 admittantur.
2490 1813 2611 1868 Illos
2632 1821 2813 1869 autem
2838 1813 2930 1882 qui
2952 1828 3058 1867 non
3082 1813 3138 1869 in
3169 1822 3370 1869 sancta:
3394 1814 3684 1870 Trinitatis

2093 1903 2432 1958 invocatione
2457 1903 2598 1973 apud
2618 1903 2903 1959 haereticos
2927 1903 3183 1973 baptizati
3208 1914 3356 1971 sunt,
3383 1915 3441 1961 ct
3459 1907 3687 1961 veniunt

2094 1995 2160 2048 ad
2188 2010 2302 2057 nos,
2345 1994 2606 2063 baptizari
2635 1995 2831 2050 debere
2854 1997 3286 2065 pronuntiamus,
3313 2011 3417 2051 non
3445 1997 3687 2066 rebapti-

2095 2086 2230 2140 zari.
2262 2083 2446 2155 Neque
2490 2084 2635 2140 enim
2666 2085 2995 2141 credendum
3031 2094 3134 2153 cst,
3189 2101 3286 2142 eos
3311 2087 3477 2144 fuisse
3504 2090 3685 2159 bapti-

2095 2184 2264 2240 zatos,
2316 2176 2409 2246 qui
2435 2192 2538 2232 non
2572 2176 2625 2231 in
2653 2175 2869 2231 nomine
2911 2175 3090 2232 Patris
3134 2184 3191 2231 ct
3216 2175 3336 2232 Filii
3366 2186 3421 2233 et
3451 2178 3688 2248 Spiritus

2095 2270 2269 2325 sancti
2287 2270 2441 2340 juxta
2471 2268 2709 2340 regulam
2731 2284 2760 2322 a
2785 2268 3011 2323 Domino
3032 2269 3262 2339 positam
3286 2270 3439 2325 tincti
3459 2280 3606 2336 sunt,
3628 2282 3689 2324 ut

2093 2366 2222 2412 sunt
2267 2357 2637 2422 Paulianistae,
2688 2356 3183 2422 Proclianiboritze,
3230 2356 3683 2430 veLSput-isilori,

2094 2448 2385 2513 Fotiniani,
2435 2448 2524 2518 qui
2550 2463 2693 2503 nunc
2718 2457 2977 2503 vocantur
3002 2447 3313 2515 Bonosiani,
3341 2448 3603 2516 Montani,
3631 2464 3692 2506 et

2093 2536 2395 2602 Manichrei,
2428 2537 2632 2591 variata
2656 2537 2946 2609 impietatis
2960 2537 3231 2608 germina:
3251 2537 3334 2592 vel
3353 2539 3534 2593 ett-teri
3556 2538 3692 2594 isto-

2095 2642 2214 2679 rum
2243 2626 2468 2696 originis
2514 2627 2627 2680 sive
2655 2627 2862 2681 ordinis
2891 2627 3187 2696 pestisque,
3232 2628 3324 2697 qui
3353 2629 3459 2684 duo
3484 2629 3692 2701 princi-

2093 2719 2180 2789 pia
2207 2718 2308 2774 sibi
2338 2719 2521 2789 ignota
2549 2719 2918 2787 introducunt,
2940 2719 3187 2776 utCerdo
3215 2732 3271 2776 et
3296 2722 3574 2779 Marcion:
3599 2724 3689 2778 vel

2094 2808 2388 2876 contraria,
2417 2818 2476 2863 ut
2506 2808 2860 2866 Manichacus:
2891 2811 2973 2867 vel
3005 2812 3108 2866 tria
3134 2822 3191 2867 et
3220 2813 3471 2881 barbara,
3508 2823 3569 2869 ut
3591 2814 3691 2871 Sc-

2095 2899 2284 2955 cianus
2311 2906 2367 2955 et
2410 2899 2762 2955 Theodocus:
2792 2900 2879 2956 vel
2906 2902 3096 2968 multa,
3135 2912 3196 2958 ut
3225 2904 3541 2961 Valentinus
3563 2922 3577 2959 :
3602 2906 3688 2960 Vel

2097 2989 2374 3046 Christum
2404 2991 2677 3046 hominem
2715 2991 2884 3048 fuisse
2908 2995 3114 3065 absque
3149 2995 3280 3064 Deo,
3311 3004 3369 3051 ut
3396 2998 3694 3057 Cerinthus

2025 3073 2069 3135 C
2102 3087 2156 3133 et
2172 3079 2378 3137 Hebion
2400 3089 2454 3135 et
2468 3081 2821 3137 Harithemon
2844 3092 2900 3139 et
2918 3082 3159 3141 Fotmus.
3183 3086 3262 3141 Ex
3284 3087 3401 3143 istis
3423 3090 3692 3165 (inquam)

2102 3173 2245 3244 siqui
2272 3173 2340 3228 ad
2366 3188 2464 3229 nos
2488 3175 2755 3241 venerint,
2791 3191 2899 3231 non
2932 3179 3311 3246 requirendum
3360 3182 3429 3236 ab
3473 3183 3561 3247 iis,
3600 3195 3692 3239 ut-

2099 3278 2219 3318 rum
2249 3264 2505 3334 baptizati
2528 3265 2659 3331 sint,
2689 3282 2757 3319 an
2784 3282 2929 3321 noti:
2964 3269 3059 3324 sed
3091 3270 3195 3325 hoc
3222 3278 3449 3339 tantum,
3494 3275 3539 3328 si
3563 3290 3690 3331 crc—

2099 3356 2231 3410 dant
2262 3357 2316 3411 in
2344 3356 2589 3412 ecclesia:
2627 3357 2810 3425 tidem,
2857 3368 2914 3416 ct
2949 3359 3292 3430 baptizentur
3319 3364 3690 3422 ecclesiastico

2097 3446 2442 3516 baptismate.

2170 3539 2419 3607 Quotidie
2431 3541 2785 3599 Eucharistia:
2803 3545 3240 3601 communionem
3262 3549 3561 3620 percipere,
3585 3565 3692 3608 nec

2098 3628 2257 3687 laudo
2277 3647 2380 3688 nec
2397 3633 2645 3704 vitupero
2667 3649 2681 3688 :
2706 3635 2958 3691 omnibus
2982 3646 3163 3691 tamen
3185 3639 3478 3695 Dominicis
3496 3640 3693 3698 diebus

2098 3723 2606 3779 communicandum
2634 3727 2859 3782 hortor:
2897 3727 2944 3782 si
2993 3740 3174 3785 tamen
3204 3746 3359 3787 mens
3403 3732 3457 3786 in
3489 3733 3692 3790 allecto

2095 3815 2356 3884 peccandi
2404 3832 2513 3873 non
2541 3818 2631 3873 sit.
2671 3818 2807 3875 Nam
2833 3821 3118 3877 habentem
3151 3824 3328 3880 adhuc
3356 3826 3691 3886 voluntatem

2095 3908 2381 3977 peccandi,
2404 3910 2617 3980 gravari
2635 3913 2809 3983 magis
2822 3912 2944 3969 dico
2958 3914 3310 3973 Eucharistia:
3318 3924 3687 3993 perceptione,

2096 4013 2261 4070 quam
2297 4000 2593 4070 puriﬁcari.
2633 4002 2701 4057 Et
2720 4003 2843 4059 ideo
2873 4007 3122 4076 quamvis
3142 4009 3266 4078 quis
3284 4022 3510 4079 peccato
3536 4029 3683 4071 tuor-

2097 4089 2307 4156 deatur,
2334 4092 2592 4160 peccandi
2613 4092 2680 4148 de
2698 4102 2893 4151 caetero
2913 4110 3021 4151 non
3042 4098 3240 4153 habeat
3258 4101 3604 4168 voluntatem,
3633 4115 3692 4161 et

2100 4184 2604 4241 communicaturus
2643 4186 2942 4243 satisfaciat
2963 4189 3216 4261 lacrymis
3245 4202 3301 4248 et
3323 4196 3686 4265 orationibus,

2098 4280 2152 4326 et
2180 4272 2456 4330 conﬁdens
2492 4276 2562 4332 de
2606 4277 2821 4334 Domini
2880 4281 3252 4338 misericordia
3274 4324 3289 4352 ,
3332 4286 3425 4355 qui
3458 4296 3688 4357 peccata

2096 4360 2197 4430 pia:
2219 4361 2544 4420 confessioni
2572 4366 2777 4423 donare
2798 4372 3107 4426 consuevit:
3137 4374 3363 4429 accedat
3386 4377 3454 4431 ad
3478 4376 3691 4433 Eucha-

2099 4453 2314 4509 ristiam
2344 4455 2647 4527 intrepidus
2673 4468 2727 4515 et
2754 4476 2997 4518 securus.
3040 4462 3148 4520 Sed
3173 4465 3277 4522 hoc
3311 4467 3379 4524 de
3408 4467 3500 4523 illo
3538 4469 3685 4536 dico,

2099 4560 2262 4615 quem
2309 4547 2563 4616 capitalia
2604 4558 2662 4605 et
2713 4552 2966 4609 mortalia
3012 4564 3236 4623 peccata
3276 4572 3385 4613 non
3435 4569 3685 4630 gravant.

2096 4633 2234 4691 Nam
2259 4652 2424 4708 quem
2459 4640 2711 4696 mortalia
2751 4644 2980 4700 crimina
3015 4655 3137 4716 post
3184 4648 3508 4718 baptismum
3536 4666 3690 4708 com-

2098 4725 2264 4782 missa
2292 4737 2562 4799 premunt,
2611 4731 2801 4788 hortor
2827 4735 2978 4803 prius
3012 4736 3224 4805 publica
3246 4741 3565 4810 poenitentia
3591 4757 3687 4797 sa-

2098 4815 2352 4873 tisfacere
2375 4857 2391 4886 ,
2444 4827 2501 4874 et
2554 4820 2632 4874 ita
2678 4824 2977 4880 sacerdotis
3019 4825 3225 4895 judicio
3273 4829 3687 4887 reconciliatum

2099 4908 2465 4963 communioni
2504 4911 2742 4977 sociari,
2788 4915 2833 4968 si
2874 4914 2986 4969 vult
3019 4933 3034 4969 :
3075 4932 3185 4972 non
3232 4917 3300 4972 ad
3336 4918 3597 4989 judicium
3625 4932 3685 4978 et

2100 5000 2599 5056 condemnationem
2629 5004 2712 5058 sui
2737 5005 3138 5063 Eucharistiam
3165 5010 3444 5081 percipere
3500 5012 3607 5070 Sed
3629 5025 3688 5071 et

2101 5102 2310 5146 secreta
2342 5094 2715 5152 satisfactione
2753 5098 2888 5154 solvi
2936 5100 3185 5157 mortalia
3207 5103 3436 5160 crimina
3455 5120 3562 5160 non
3587 5123 3685 5163 ne-

2098 5197 2318 5253 gamus:
2347 5186 2441 5242 sed
2463 5196 2671 5244 mutato
2687 5189 2837 5258 prius
2859 5191 3093 5248 seculari
3120 5193 3335 5251 habitu:
3361 5205 3414 5251 et
3431 5197 3685 5255 confesso

2101 5270 2375 5343 religionis
2409 5276 2586 5333 studio
2612 5292 2711 5347 per
2738 5278 2862 5334 vita:
2883 5284 3295 5351 correctionem,
3326 5295 3381 5341 et
3401 5286 3538 5359 jugi,
3572 5289 3684 5344 imo

2098 5372 2359 5436 perpetuo
2407 5365 2575 5434 luctu,
2628 5368 2921 5425 miserante
2974 5372 3126 5430 Deo:
3178 5374 3255 5430 ita
3292 5378 3574 5446 duntaxat,
3622 5392 3686 5436 ut

2100 5456 2369 5509 contraria
2411 5472 2509 5526 pro
2564 5459 2651 5524 iis,
2687 5473 2809 5528 qua:
2850 5462 3078 5530 poenitet
3122 5473 3286 5535 agat,
3327 5476 3384 5522 et
3414 5467 3684 5525 Euchari-

2098 5543 2258 5598 stiam
2285 5546 2536 5601 omnibus
2564 5547 2861 5604 Dominicis
2894 5552 3119 5623 supplex
3147 5562 3203 5610 et
3237 5557 3569 5615 summissus
3585 5564 3666 5615 us?

2098 5648 2203 5704 que
2223 5634 2291 5690 ad
2314 5644 2540 5693 mortem
2576 5638 2858 5709 percipiat.
3662 5657 3671 5677 ι
