4064 6206
352 271 450 328 101

1354 262 1444 317 DE
1482 259 1827 318 UNWERSO
1865 258 2045 315 LIBRI
2080 256 2246 313 XXII.
2284 288 2353 298 —-
2389 257 2517 312 LIB.
2558 256 2646 311 IV.

3514 252 3617 308 {02

428 379 750 438 Paenitentia
772 393 905 433 vera
924 385 1033 442 est,
1062 374 1374 448 paenitenda
1404 388 1511 426 non
1547 372 1851 436 admittere,
1888 379 1946 427 et
1971 375 2022 435 Α
2050 379 2227 423 turam
2256 368 2424 423 vincit
2463 377 2520 422 et
2552 380 2807 438 pugnam.
2838 363 2973 418 Nam
3003 371 3250 419 naturam
3279 362 3522 437 corporis
3540 364 3619 420 in-

355 490 385 527 a
398 472 593 527 imissa
605 468 820 524 deﬂere.
849 465 1158 523 Satisfactio
1176 461 1509 535 paenitentia:
1519 470 1595 517 est
1615 476 1804 517 causas
1816 477 1941 532 pec-

357 573 603 619 caturum
630 558 953 614 excludere:
1007 570 1108 611 nec
1149 570 1337 612 earum
1388 554 1821 625 suggestionibus
1849 553 1942 607 ad-

360 655 495 708 itum
531 651 829 723 indulgere.

427 748 491 802 In
538 743 735 799 divinis
784 739 1295 811 repromissionibus
1347 736 1483 792 nihil
1530 747 1802 793 terrenum
1857 734 1943 790 vel

362 833 731 888 transitorium
774 838 1142 901 expectemus,
1194 827 1335 883 sicut
1371 826 1636 882 Meliciani
1676 834 1894 897 sperant
1926 843 1940 879 :

365 942 471 980 non
502 923 821 994 nuptiarum
837 919 1102 991 copulam,
1134 918 1277 973 sicut
1304 917 1593 972 Cerinthus
1625 922 1680 969 et
1705 914 1942 969 Marcion

364 1016 641 1069 delirant:
684 1028 790 1067 non
822 1011 968 1082 quod
1005 1009 1074 1065 ad
1113 1010 1293 1064 cibum
1326 1007 1412 1064 vel
1457 1016 1643 1078 potum
1689 1007 1941 1076 pertinet,

364 1109 507 1164 sicut
531 1106 695 1177 Papia
724 1114 950 1160 auctore
977 1103 1249 1158 Terrenus
1291 1109 1346 1156 et
1374 1099 1739 1154 Tertullianus
1768 1106 1824 1152 et
1845 1098 1946 1151 La-

365 1200 600 1255 ctantius
636 1196 1028 1266 acquiescunt:
1076 1206 1253 1262 neque
1294 1206 1390 1261 per
1433 1188 1580 1244 mille
1611 1203 1783 1243 annos
1825 1195 1946 1256 post

365 1289 824 1344 resurrectionem
850 1299 1072 1354 regnum
1096 1280 1299 1337 Christi
1324 1279 1377 1335 in
1410 1287 1552 1333 terra
1581 1276 1843 1342 futurum,
1893 1282 1950 1330 et

365 1385 586 1433 sanctos
606 1391 731 1431 cum
756 1374 847 1428 illo
869 1373 924 1428 in
953 1370 1159 1426 deliciis
1176 1377 1497 1440 regnaturos
1521 1380 1821 1436 speremus,
1850 1364 1950 1419 sic—

368 1478 427 1522 ut
454 1467 634 1538 Nepos
664 1465 847 1521 docuit
874 1462 967 1532 qui
1007 1459 1541 1531 primamjustorum,
1574 1464 1630 1511 et
1656 1456 1947 1511 secundam

370 1558 661 1629 impiorum
694 1553 1147 1611 resurrectionem
1192 1548 1496 1604 conﬁnxit:
1548 1555 1605 1602 et
1656 1547 1801 1600 inter
1851 1547 1950 1599 has

370 1652 507 1705 duas
555 1653 892 1702 mortuorum
942 1641 1372 1698 resurrectiones
1417 1646 1605 1710 gentes
1638 1637 1951 1708 ignorantes

2054 459 2323 529 tegritate,
2356 472 2589 530 pugnam
2625 455 2957 511 castimoniae
2982 469 3133 523 pace.

2119 547 2327 601 Bonum
2352 556 2438 603 est
2466 548 2518 601 in
2545 546 2666 601 cibo
2697 557 2822 601 cum
2854 545 3151 615 gratiarum
3172 543 3385 598 actione
3410 557 3625 600 sumere

2049 637 2309 706 quidquid
2338 637 2480 691 Deus
2508 636 2775 692 edendum
2818 635 3104 704 praecepit;
3129 633 3402 689 abstinere
3444 642 3624 689 autem

2050 727 2337 797 aliquibus,
2370 742 2476 781 non
2517 726 2672 797 quasi
2701 741 2733 779 a
2756 724 2933 790 malis,
2972 724 3067 780 sed
3089 723 3247 794 quasi
3299 740 3406 778 non
3435 738 3624 780 neces-

2051 819 2227 882 sariis,
2246 834 2351 873 non
2378 826 2461 874 est
2491 818 2712 872 malum.

2122 907 2387 962 Moderari
2435 922 2566 962 vero
2618 906 2866 961 carnium
2898 919 3056 960 usum
3086 919 3188 974 pro
3223 903 3549 959 necessitate
3573 913 3631 958 et

2054 1007 2315 1068 tempore,
2355 998 2574 1069 proprie
2621 997 3055 1052 Christianorum
3103 1002 3206 1050 est.
3254 994 3423 1049 Malas
3449 994 3632 1049 dicere

2052 1090 2287 1160 nuptias,
2319 1089 2404 1141 vel
2454 1086 2799 1143 fornicationi
2827 1085 3240 1156 comparandas,
3272 1093 3363 1139 aut
3406 1093 3625 1154 stupro;

2053 1179 2204 1234 cibos
2253 1194 2382 1235 vero
2429 1180 2649 1234 credere
2699 1178 2891 1244 malos,
2943 1177 3028 1232 vel
3062 1177 3189 1231 mali
3237 1192 3400 1232 causa
3449 1178 3624 1232 creari

2052 1271 2495 1342 percipientibus,
2527 1285 2633 1325 non
2669 1278 2752 1325 est
2780 1267 3239 1334 Christianorum,
3290 1269 3384 1323 sed
3414 1267 3633 1339 proprie

2054 1363 2501 1418 Enerachitarum
2534 1359 2981 1434 [Encratitarum]
3010 1370 3065 1415 et
3090 1359 3529 1414 Manichaeorum.

2127 1454 2368 1510 Sacrata:
2394 1454 2504 1508 Deo
2554 1452 2850 1522 virginitati
2880 1451 3097 1521 nuptias
3138 1450 3431 1520 cozequari,
3455 1458 3510 1504 et
3532 1463 3635 1519 pro

2057 1558 2242 1598 amore
2288 1542 2584 1613 castigandi
2635 1541 2877 1611 corporis
2916 1540 3318 1595 abstinentibus
3339 1554 3369 1592 a
3394 1539 3520 1593 vino
3549 1536 3633 1593 vei

2058 1636 2336 1701 carnibus,
2383 1634 2518 1690 nihil
2572 1635 2796 1689 credere
2825 1633 3006 1688 meriti
3051 1645 3386 1697 accrescere,
3418 1645 3524 1685 non
3549 1638 3634 1685 est

371 1745 542 1800 Deum
587 1742 642 1797 in
672 1740 883 1812 angulis
916 1746 1188 1793 terrarum
1242 1735 1296 1788 in
1347 1747 1513 1788 carne
1560 1731 1948 1786 reservandas:
1981 1728 2029 1786 B
2058 1727 2161 1783 hoc
2183 1726 2494 1792 Christiani,
2525 1726 2619 1783 sed
2646 1724 2935 1780 Joviniani.

371 1850 495 1905 quae
518 1841 641 1905 post
672 1831 819 1886 mille
845 1843 1018 1884 annos
1049 1827 1199 1897 regni
1226 1826 1281 1880 in
1310 1833 1454 1879 terra
1477 1823 1748 1892 justorum
1796 1821 1953 1875 insti-

374 1936 539 1999 gante
562 1922 777 1980 diabolo
818 1919 1097 1977 movenda:
1121 1925 1249 1973 sunt
1276 1918 1344 1972 ad
1371 1930 1606 1987 pugnam
1652 1919 1840 1968 contra
1866 1908 1954 1978 ju-

374 2032 490 2075 stos
517 2024 805 2086 regnantes
841 2020 897 2069 et
928 2012 1155 2067 Domino
1196 2024 1296 2079 pro
1318 2008 1482 2080 justis
1510 2013 1817 2077 pugnante,
1855 2004 1955 2057 im-

376 2112 474 2166 bre
522 2112 680 2179 igneo
706 2101 1168 2175 compescendas‘:
1211 2108 1374 2169 atque
1424 2099 1500 2153 ita
1545 2106 1784 2151 mortuas
1829 2109 1954 2149 cum

376 2201 594 2258 exteris
625 2199 681 2252 in
710 2196 988 2267 impietate
1026 2191 1253 2247 mortuis
1274 2190 1343 2245 ad
1368 2199 1584 2244 terrena
1616 2185 1875 2256 supplicia
1901 2184 1954 2238 in

378 2293 714 2365 corruptibili
739 2306 906 2347 carne
934 2286 1357 2344 resuscitandas.

448 2386 664 2442 Nullum
694 2382 966 2438 credimus
1004 2379 1073 2434 ad
1111 2378 1362 2440 salutem,
1407 2375 1512 2429 nisi
1536 2375 1647 2429 Deo
1675 2373 1956 2436 invitante,

378 2479 603 2533 venire:
652 2474 859 2529 nullum
887 2472 1172 2527 invitatum
1204 2468 1434 2524 salutem
1478 2481 1655 2530 suam,
1703 2464 1803 2519 nisi
1851 2463 1961 2518 Deo

380 2571 698 2633 auxiliante,
728 2565 980 2638 operari;
1014 2563 1240 2624 nullum,
1267 2561 1372 2616 nisi
1398 2568 1675 2623 orantem,
1704 2558 1961 2612 auxilium

379 2660 701 2734 promereri,
718 2656 920 2712 nullum
936 2655 1210 2711 voluntate
1224 2653 1317 2708 Dei
1330 2652 1509 2723 perire
1527 2669 1539 2704 :
1563 2653 1656 2707 sed
1675 2649 1961 2720 permissu,

381 2767 479 2822 pro
505 2749 770 2806 electione
792 2746 1024 2808 arbitrii,
1052 2760 1120 2800 ne
1140 2744 1444 2814 ingenuitas
1466 2741 1769 2814 potestatis,
1796 2740 1962 2795 semel

382 2844 694 2901 hominibus
716 2841 999 2906 attributa,
1021 2838 1090 2894 ad
1118 2837 1369 2894 servilem
1402 2844 1626 2909 cogatur
1668 2833 1965 2891 necessita-

384 2945 510 2991 tem.

454 3026 649 3081 Halum
676 3025 761 3080 vel
803 3025 1064 3081 malitiam
1093 3038 1199 3079 non
1222 3038 1342 3079 esse
1370 3038 1402 3078 a
1425 3023 1539 3079 Deo
1564 3031 1842 3077 creatam:
1868 3019 1965 3075 sed

382 3138 414 3175 a
442 3120 653 3175 diabolo
681 3120 957 3175 inventam
977 3157 994 3183 ,
1022 3117 1115 3187 qui
1139 3126 1196 3172 et
1221 3116 1337 3187 ipse
1364 3117 1536 3172 bonus
1556 3130 1588 3170 a
1611 3116 1722 3171 Deo
1746 3123 1961 3170 creatus

383 3221 506 3265 est:
537 3210 632 3265 sed
668 3209 797 3279 quia
846 3208 1019 3263 libero
1063 3207 1307 3273 arbitrio,
1359 3214 1418 3261 ut
1446 3214 1575 3276 puta
1629 3204 1964 3260 rationabilis

382 3308 658 3366 creatura,
681 3298 1008 3355 commissus
1030 3307 1135 3363 est,
1171 3306 1229 3352 et
1277 3296 1548 3368 cogitandi
1577 3302 1861 3366 acceperat
1880 3294 1962 3348 fa-

387 3395 644 3451 cultatem
670 3409 687 3459 ;
718 3391 1002 3447 scientiam
1029 3389 1156 3445 boni
1182 3389 1347 3444 vertit
1369 3389 1437 3444 ad
1464 3387 1684 3455 malum,
1713 3394 1772 3443 et
1797 3386 1965 3442 multa

388 3485 678 3556 cogitando
728 3483 905 3537 factus
941 3490 1027 3537 est
1064 3481 1309 3537 inventor
1348 3480 1496 3547 mali,
1553 3490 1611 3535 et
1636 3480 1780 3550 quod
1823 3480 1877 3533 in
1908 3494 1967 3534 se

389 3577 704 3647 perdiderat
731 3575 923 3630 invidit
948 3574 1005 3629 in
1030 3573 1184 3641 aliis;
1222 3588 1327 3629 nec
1354 3580 1643 3629 contentus
1671 3572 1817 3628 solus
1840 3587 1964 3642 per-

393 3671 475 3725 ire
508 3668 682 3724 suasit
708 3666 852 3731 aliis,
881 3674 942 3721 ut
968 3666 1229 3736 quiesset
1277 3680 1390 3722 sua:
1443 3666 1663 3721 malitia:
1694 3665 1964 3731 inventor,

390 3760 546 3815 ﬁeret
571 3769 630 3813 et
657 3757 892 3813 aliorum
916 3764 1127 3821 auctor,
1163 3764 1218 3811 et
1238 3770 1308 3811 ex
1336 3771 1403 3811 eo
1428 3755 1630 3810 malum
1652 3756 1737 3811 vel
1764 3756 1966 3810 malitia

391 3849 730 3921 percurrerit
782 3847 926 3902 inter
980 3855 1204 3902 caeteras
1267 3846 1613 3902 rationabiles
1670 3855 1966 3903 creaturas.

394 3942 549 3998 Unde
597 3939 983 4013 cognoscimus
1033 3937 1171 3992 nihil
1221 3952 1343 3993 esse
1374 3947 1568 3992 natura
1615 3937 1968 4005 immutabile,

392 4036 496 4091 nisi
538 4033 715 4089 solum
762 4030 934 4086 Deum
976 4028 1217 4095 Patrem,
1268 4035 1326 4083 et
1359 4027 1578 4095 Filium,
1610 4030 1675 4084 et
1710 4027 1971 4099 Spiritum

395 4136 666 4188 sanctum,
694 4121 791 4192 qui
817 4119 1018 4176 mutari
1049 4134 1156 4175 non
1184 4127 1363 4192 potest
1382 4135 1413 4173 a
1436 4121 1602 4186 bono,
1625 4122 1750 4190 quia
1778 4130 1971 4175 natura

397 4216 633 4287 possidet
664 4215 909 4280 bonum;
963 4226 1067 4268 nec
1110 4222 1291 4284 potest
1326 4212 1471 4267 aliud
1506 4228 1626 4269 esse
1670 4229 1833 4283 quam
1872 4214 1971 4269 bo-

399 4321 519 4359 IIIIS.

461 4394 654 4466 Angeli
682 4408 839 4459 vero,
873 4393 967 4462 qui
989 4394 1045 4448 in
1070 4393 1186 4460 illa,
1213 4409 1321 4464 qua
1345 4394 1513 4449 creati
1563 4402 1711 4459 sunt,
1742 4393 1973 4448 beatitu-

396 4486 518 4540 dine
542 4490 902 4555 perseverant
923 4522 940 4548 ,
969 4497 1078 4537 non
1124 4490 1316 4537 natura
1360 4484 1638 4553 possident
1687 4483 1888 4539 bonum
1917 4493 1974 4537 ut

398 4594 501 4632 non
531 4582 877 4633 mutarentur
894 4589 1018 4629 cum
1056 4575 1287 4640 caeteris,
1320 4576 1414 4630 sed
1461 4576 1670 4630 arbitrii
1698 4585 1976 4631 servantes

400 4669 593 4723 bonam
616 4666 978 4731 voluntatem,
1003 4665 1204 4720 bonum
1229 4666 1551 4721 conditionis
1577 4675 1632 4720 et
1671 4666 1830 4720 ﬁdem
1863 4666 1972 4720 sci-

396 4758 526 4813 iicet
574 4765 936 4815 servaverunt
968 4756 1195 4813 Domino
1238 4771 1356 4812 suo.
1404 4755 1556 4813 Unde
1584 4765 1641 4812 et
1679 4758 1872 4812 merito
1906 4758 1973 4811 ab

402 4849 518 4919 ipso
542 4848 774 4903 Domino
800 4847 978 4903 sancti
1002 4847 1177 4917 angeli
1197 4859 1482 4913 vocantur,
1513 4849 1656 4919 quod
1685 4858 1976 4903 tenuerunt

401 4937 611 4992 arbitrii
638 4938 1005 5002 sanctitatem,
1036 4951 1138 4991 nec
1183 4937 1454 4993 sociorum
1505 4937 1750 5008 exemplo
1793 4938 1977 4993 devia-

404 5037 593 5082 verunt
619 5042 651 5082 a
678 5027 845 5082 bono.

470 5119 631 5173 Bonae
661 5118 864 5188 nuptiae
915 5126 1061 5182 sunt,
1094 5118 1189 5174 sed
1217 5133 1380 5174 causa
1416 5118 1669 5185 ﬁliorum,
1719 5135 1827 5175 non
1853 5135 1983 5175 con-

400 5210 751 5281 cupiscentiie
794 5209 1172 5267 fornicationis
1198 5212 1445 5267 obtentu.
1483 5210 1672 5265 Melior
1699 5220 1783 5268 est
1809 5212 1984 5268 conti-

399 5300 603 5367 nentia,
635 5300 733 5356 sed
756 5316 865 5356 non
913 5298 1017 5355 sibi
1046 5300 1240 5357 suﬂicit
1283 5301 1352 5356 ad
1376 5302 1784 5368 beatitudinem,
1813 5305 1859 5357 si
1880 5318 1981 5373 pro

394 5391 521 5446 solo
543 5406 731 5447 amore
754 5391 1029 5462 pudicitiae
1076 5393 1378 5459 retinetur;
1409 5393 1503 5449 sed
1537 5394 1582 5449 si
1626 5410 1749 5450 cum
1776 5397 1879 5451 hoc
1901 5394 1982 5450 af-

398 5483 545 5538 fectu
581 5499 749 5540 causa
764 5485 996 5540 vacandi
1020 5484 1247 5542 Domino
1274 5486 1517 5558 eligitur,
1542 5488 1777 5560 alioquin
1802 5491 1984 5546 divor-

398 5568 539 5625 tium
565 5573 741 5645 magis
794 5573 1031 5644 coniugii
1062 5574 1331 5631 videbitur
1364 5590 1485 5631 esse
1527 5593 1691 5647 quam
1736 5581 1976 5636 castitas.

394 5659 699 5731 ’Virginitas
743 5673 975 5734 utroque
1011 5666 1151 5722 bono
1198 5669 1485 5738 pretiosior
1512 5678 1618 5737 est,
1650 5673 1777 5743 quia
1802 5682 1851 5729 et
1884 5690 1980 5729 na-

2123 1818 2337 1889 Integra
2388 1819 2493 1873 ﬁde
2551 1818 2883 1874 credendum
2911 1824 2996 1872 est
3044 1815 3258 1871 beatam
3284 1814 3511 1871 Mariam
3536 1815 3635 1871 Dei

2052 1907 2257 1963 Christi
2288 1917 2521 1965 matrem
2549 1918 2604 1964 et
2633 1908 2896 1980 virginem
2950 1907 3219 1978 genuisse,
3246 1914 3302 1961 et
3330 1913 3453 1976 post
3502 1921 3632 1976 par-

2054 2004 2167 2050 tum
2203 1997 2467 2069 virginem
2496 1997 2899 2067 permansisse:
2930 2011 3030 2051 nec
3059 1996 3115 2050 in
3158 1996 3261 2051 hoc
3284 1994 3633 2065 blaSpbemia:

2055 2087 2283 2143 Helvidii
2308 2089 2781 2157 acquiescendum,
2810 2087 2903 2157 qui
2929 2089 3106 2142 dixit:
3161 2085 3321 2158 Virgo
3368 2094 3487 2140 ante
3513 2101 3639 2155 par-

2055 2186 2163 2231 tum
2191 2191 2209 2229 :
2243 2194 2346 2231 non
2369 2179 2512 2247 virgo
2540 2186 2654 2248 post
2678 2189 2907 2248 partum.
3248 2228 3253 2235 .

2129 2269 2428 2334 Elementa,
2458 2269 2511 2323 id
2544 2276 2648 2333 est,
2675 2267 2873 2323 coelum
2896 2276 2951 2321 et
2976 2276 3193 2330 terram,
3218 2280 3327 2320 non
3352 2264 3638 2320 credamus

2059 2358 2321 2413 abolenda
2366 2373 2464 2428 per
2493 2357 2695 2430 ignem,
2725 2358 2820 2413 sed
2869 2356 2923 2410 in
2971 2354 3165 2411 melius
3216 2354 3634 2410 commutanda:

2060 2445 2288 2517 ﬁguram
2317 2446 2525 2513 mundi,
2574 2447 2627 2502 id
2654 2455 2760 2513 est,
2792 2447 3079 2520 imaginem
3111 2462 3219 2502 non
3250 2446 3635 2512 substantiam,

2062 2537 2435 2592 transituram.

2132 2627 2338 2681 Bonum
2367 2635 2451 2682 est
2480 2624 2768 2683 facultates
2800 2642 2924 2683 cum
2964 2628 3363 2699 dispensatione
3386 2627 3641 2698 pauperi-

2064 2717 2164 2772 bus
2187 2731 2451 2787 erogare:
2487 2717 2678 2772 melius
2735 2726 2822 2772 est
2878 2733 2974 2786 pro
3031 2718 3331 2773 intentione
3379 2717 3640 2786 sequendi

2065 2808 2352 2863 Dominum
2386 2808 2602 2863 insimul
2649 2810 2874 2875 donare,
2927 2819 2984 2865 et
3031 2810 3336 2866 absolutum
3387 2811 3647 2867 sollicitu-

2066 2901 2193 2956 dine
2220 2915 2380 2971 egere
2403 2915 2525 2955 cum
2555 2898 2796 2956 Christo.

2140 2989 2392 3045 Maritum
2445 2988 2674 3044 duarum
2725 2997 2850 3060 post
2900 2990 3230 3060 baptismum
3275 3001 3645 3046 matronarum

1989 3081 2033 3144 C
2065 3081 2322 3137 clericum
2371 3094 2480 3135 non
2528 3080 2926 3146 ordinandum;
2955 3094 3131 3150 neque
3179 3094 3305 3136 eum
3348 3081 3438 3151 qui
3482 3095 3646 3135 unam

2065 3170 2306 3241 quidem,
2352 3169 2446 3223 sed
2495 3168 2877 3235 concubinam,
2927 3183 3032 3224 non
3074 3177 3379 3224 matronam
3407 3169 3636 3235 habuit;

2063 3273 2167 3313 nec
2193 3257 2344 3311 illum
2374 3258 2467 3327 qui
2504 3256 2720 3310 viduam
2770 3264 2826 3311 ct
2852 3257 3209 3327 repudiatam,
3267 3256 3351 3313 vel
3380 3259 3632 3314 meretri-

2063 3358 2181 3398 cem
2231 3342 2287 3396 in
2338 3341 2683 3397 matrimonio
2733 3342 3001 3411 sumpsit;
3033 3359 3134 3399 nec
3160 3359 3285 3398 eum
3325 3343 3416 3413 qui
3445 3353 3646 3398 semet-

2066 3432 2241 3502 ipsum
2272 3431 2501 3486 abscidit
2539 3429 2778 3501 quolibet
2821 3432 3064 3500 corporis
3093 3434 3174 3487 sui
3221 3434 3463 3489 membro
3492 3433 3638 3488 indi-

2067 3522 2323 3594 gnatione
2348 3522 2550 3591 aliqua,
2582 3520 2668 3575 vel
2696 3519 2843 3589 justo
2892 3519 3159 3589 injustove
3195 3524 3389 3578 timore
3421 3537 3643 3592 supera-

2067 3622 2155 3668 tus
2182 3611 2554 3675 truncaverit;
2588 3624 2759 3680 neque
2781 3609 2929 3664 illum
2978 3612 3071 3681 qui
3128 3626 3325 3666 usuras
3368 3613 3645 3681 accepisse

2067 3701 2408 3757 convincitur
2457 3700 2633 3754 autin
2690 3715 2851 3755 scena
2889 3700 3083 3757 lusisse
3133 3703 3413 3769 noscitur;
3467 3719 3641 3772 neque

2068 3809 2195 3849 eum
2245 3794 2338 3862 qui
2380 3791 2595 3862 publica
2652 3791 2968 3862 pmnitentia
3011 3793 3263 3848 mortalia
3315 3791 3514 3857 deﬂet;
3546 3809 3648 3849 nec

2070 3884 2219 3939 illum
2252 3885 2345 3956 qui
2386 3883 2674 3953 aliquando
2701 3883 2754 3937 in
2785 3882 2982 3938 furiam
3009 3899 3201 3940 versus
3258 3884 3533 3948 insanivit,
3565 3883 3650 3941 vel

2072 3974 2348 4029 afﬁationc
2392 3973 2590 4029 diaboli
2625 3982 2851 4028 vexatus
2881 3984 3002 4041 est;
3032 3990 3208 4044 neque
3251 3990 3373 4029 eum
3416 3973 3508 4043 qui
3556 3988 3653 4043 per

2073 4064 2422 4119 ambitionem
2451 4064 2518 4118 ad
2543 4063 2895 4119 imitationem
2925 4062 3163 4120 Simonis
3196 4064 3336 4131 magi
3360 4064 3646 4132 pecuniam

2074 4154 2250 4211 offert.

2147 4244 2471 4300 Sanctorum
2499 4260 2753 4316 corpora,
2800 4255 2851 4301 et
2900 4261 3169 4318 praecipue
3196 4248 3476 4305 beatorum
3505 4264 3651 4305 mar-

2077 4342 2256 4405 tyrum
2284 4333 2540 4403 reliquias
2568 4349 2633 4388 ac
2662 4334 2705 4388 si
2736 4333 2937 4389 Christi
2977 4338 3241 4402 membra,
3280 4338 3648 4394 sincerissime

2003 4432 2052 4491 ι)
2078 4421 2410 4483 honoranda,
2440 4428 2496 4476 et
2522 4421 2771 4476 basilicas
2799 4436 2987 4478 eorum
3041 4427 3352 4483 nominibus
3406 4427 3644 4499 appella-

2085 4521 2190 4579 tas,
2211 4513 2359 4568 velut
2384 4512 2500 4566 loca
2543 4513 2724 4567 divino
2748 4512 2914 4568 cultui
2942 4516 3266 4587 mancipata,
3298 4516 3490 4573 aﬁ‘ectu
3516 4518 3648 4589 piis.

2080 4604 2216 4659 simo
2246 4614 2301 4659 et
2324 4604 2611 4659 devotione
2634 4603 2945 4660 ﬁdelissima
2971 4608 3265 4664 adeundas.
3299 4608 3357 4664 Si
3386 4611 3509 4680 quis
3529 4626 3659 4666 con-

2082 4704 2164 4750 tra
2193 4695 2332 4750 hanc
2352 4696 2680 4750 sententiam
2710 4697 2879 4763 venit,
2912 4714 3018 4754 non
3045 4698 3407 4767 Christianus,
3436 4702 3531 4758 sed
3551 4702 3659 4757 Eu-

2080 4786 2365 4841 nomianus
2389 4795 2440 4841 et
2465 4787 2858 4858 Vigilantianus
2887 4790 3145 4845 creditur.

2150 4877 2443 4947 Baptizatis
2470 4886 2678 4931 tantum
2707 4878 2812 4932 iter
2835 4894 2955 4935 esse
3001 4879 3213 4936 salutis.
3258 4880 3473 4935 Nullum
3513 4890 3660 4936 cate-

2081 4966 2428 5032 cliumenum,
2476 4967 2724 5035 quamvis
2748 4967 2802 5021 in
2831 4968 2987 5023 bonis
3014 4970 3268 5039 operibus
3320 4969 3653 5034 defunctum,

2082 5054 2246 5108 vitam
2292 5063 2552 5109 aeternam
2602 5056 2803 5111 habere
2850 5057 3154 5122 credamus,
3186 5066 3413 5126 excepto
3459 5068 3663 5130 marty-

2081 5145 2194 5209 rio,
2222 5143 2312 5199 ubi
2340 5152 2450 5199 tota
2478 5145 2729 5215 baptismi
2762 5155 3101 5202 sacramenta
3128 5148 3484 5217 complentur.

2154 5234 2517 5304 Baptizandus
2552 5234 2843 5290 conﬁtetur
2866 5235 3027 5290 ﬁdem
3055 5251 3209 5291 suam
3244 5253 3429 5294 coram
3480 5252 3661 5294 sacer-

2090 5324 2234 5389 dote,
2267 5332 2323 5379 et
2348 5324 2710 5395 interrogatus
2744 5327 3042 5387 respondit.
3089 5327 3203 5384 Hoc
3246 5339 3300 5385 et
3348 5338 3665 5402 martyr-co-

2088 5423 2205 5463 ram
2229 5417 2575 5478 persecutore
2603 5409 2733 5464 facit
2756 5410 2848 5481 qui
2887 5420 2943 5465 et
2969 5412 3260 5466 conﬁtetur
3286 5412 3467 5479 ﬁdem,
3500 5424 3556 5470 et
3581 5415 3664 5474 in-

2086 5506 2392 5570 terrogatus
2453 5501 2753 5570 respondit.
2808 5500 2903 5556 llle
2957 5510 3081 5571 post
3133 5503 3531 5561 confessionem
3578 5507 3665 5562 vel

2088 5589 2390 5659 aspergitur
2419 5603 2580 5658 aqua,
2608 5589 2694 5643 vel
2724 5590 2988 5661 tinguitur
3018 5609 3031 5645 :
3061 5599 3116 5647 et
3142 5592 3233 5649 hic
3280 5594 3363 5649 vel
3415 5597 3665 5667 aspergi-

2089 5677 2488 5751 tur_sanguine,
2514 5677 2599 5733 vel
2626 5678 2887 5748 tinguitur
2915 5681 3055 5753 igne.
3085 5681 3178 5739 ille
3203 5698 3396 5740 manus
3441 5684 3664 5756 imposi-
