4064 6206
452 303 554 358 105

1088 297 1146 350 Β.
1186 295 1436 350 RABle
1482 295 1696 350 MAURI
1737 292 2054 348 ARCIIIEP.
2097 292 2402 347 MOCUNT.
2443 290 2725 346 OPERUM
2765 289 2940 344 PARS
2981 290 3042 344 II.

3590 294 3690 348 106

451 416 597 468 tione
623 407 894 479 pontiﬁcis
927 407 1122 476 accipit
1172 406 1431 475 Spiritum
1469 415 1714 459 sanetum
1744 422 1759 456 :
1793 405 1879 457 hic
1908 406 2006 458 ha-
2038 407 2087 466 Α
2116 411 2326 472 tempus
2355 403 2686 466 conceditur,
2717 403 2830 456 sive
2853 403 3075 472 supplici
3098 402 3460 466 confessione,
3488 405 3533 458 si
3560 421 3692 459 cott~

449 501 736 555 hitaeulum
765 497 992 553 emcitur
1020 497 1255 566 Spiritus
1283 495 1476 559 sancti,
1512 495 1637 548 dum
1667 509 1772 547 non
1796 501 1878 547 est
1901 494 2014 562 ipse

445 594 535 660 qui
559 591 794 659 loquitur
817 606 830 642 :
864 588 956 642 sed
980 587 1198 656 spiritus
1219 585 1418 649 Patris,
1441 584 1531 653 qui
1556 585 1607 636 in
1640 584 1726 636 illo
1751 583 2008 652 loquitur.

449 682 537 734 Ille
585 679 1000 734 communicavit
1039 677 1387 730 Eucharistize
1421 677 1474 728 in
1499 675 2014 729 commemoratione

452 770 640 822 mortis
693 768 940 831 Domini;
977 765 1065 820 hic
1105 765 1203 834 ipsi
1257 764 1472 818 Christo
1506 763 1894 818 commoritur:
1927 761 2015 816 ille

447 859 734 911 conﬁtetur
759 872 816 909 se
843 854 1025 909 mundi
1053 853 1264 906 actibus
1299 852 1725 906 renuutiaturum
1755 866 1770 904 :
1794 852 1884 907 hic
1914 853 2012 921 ipsi

451 947 718 1000 renuntiat
765 947 902 999 vita}.
936 944 1014 998 Illi
1067 953 1288 1013 peccata
1337 943 1516 996 omnia
1546 943 2012 1010 remittuntur;in

450 1036 552 1088 isto
577 1035 1009 1102 exstinguuntur.

517 1126 570 1178 In
627 1125 962 1178 Eucharistia
1009 1138 1114 1176 non
1168 1123 1322 1176 debet
1375 1138 1512 1192 aqua
1559 1140 1693 1194 pura
1725 1125 1929 1190 offerri,
1958 1135 2016 1179 ut

445 1214 658 1281 qiiiriam
692 1213 1003 1266 sobrietatis
1033 1212 1264 1281 imagine
1307 1211 1565 1266 falluntur
1591 1232 1603 1266 :
1638 1213 1730 1266 sed
1760 1215 1939 1267 vinum
1960 1222 2013 1268 et

449 1319 584 1371 aqua
625 1304 862 1366 mistum,
912 1302 1035 1370 quia
1064 1310 1117 1355 et
1161 1303 1345 1355 vinum
1394 1301 1497 1357 fuit
1535 1304 1588 1356 in
1631 1303 2014 1372 redemptionis

451 1403 648 1446 nostrae
695 1393 976 1462 mysterio,
1021 1407 1144 1446 cum
1174 1391 1305 1446 dicit
1332 1411 1342 1444 :
1378 1392 1500 1446 Non
1530 1393 1700 1446 bibam
1741 1393 1929 1445 amodo
1949 1409 2013 1446 ex

444 1485 540 1536 huc
565 1483 817 1553 genimine
860 1484 975 1536 vilis
1008 1482 1222 1553 (Matth.
1272 1485 1441 1550 xxvi).
1472 1485 1540 1538 Et
1587 1500 1724 1553 aqua
1770 1495 1888 1538 erat
1914 1486 2012 1537 mi-

444 1585 586 1626 stum
622 1574 764 1642 quod
815 1582 934 1643 post
983 1589 1193 1629 orenam
1224 1576 1471 1629 dabatur.
1501 1573 1610 1629 Sed
1645 1583 1698 1628 et
1745 1577 1810 1630 de
1845 1575 2012 1630 latere

443 1665 560 1733 ejus
590 1667 734 1734 quod
759 1664 941 1720 lancea
978 1663 1275 1734 perfossum
1299 1672 1399 1727 est,
1430 1679 1566 1732 aqua
1595 1679 1718 1718 cum
1748 1665 2006 1733 sanguine

2119 493 2267 546 tinno
2291 492 2398 545 vita
2430 492 2726 556 exceditur,
2755 493 2908 545 venia
2935 501 3276 562 peccatorum
3304 493 3531 548 ﬁdeliter
3557 509 3692 562 prte-

2115 592 2356 638 sum‘atur
2384 582 2452 637 ab
2479 583 2588 647 illo,
2621 584 2710 651 qui
2739 599 2844 638 non
2895 583 3008 638 vult
3055 594 3284 640 mortem
3325 587 3624 656 peccatoris
3671 601 3690 643 :

2115 672 2208 726 sed
2234 682 2292 726 ut
2315 680 2660 726 convertatur
2687 688 2717 724 a
2739 673 3039 741 perditione
3065 675 3394 742 pernitendo,
3435 684 3488 729 et
3515 674 3692 730 salva-

2114 766 2199 812 tus
2220 761 2562 814 miscratione
2589 760 2795 813 Domini
2822 761 2982 813 vivat.
3013 760 3069 814 Si
3095 763 3216 830 quis
3243 761 3400 817 aliter
3423 764 3691 832 dejustis—

2113 851 2247 904 sima
2289 850 2382 903 Dei
2424 851 2622 920 pietate
2660 851 2843 916 sentit,
2875 867 2978 905 non
3007 851 3364 918 Christianus,
3396 854 3488 908 sed
3515 853 3691 908 Nova-

2115 939 2292 993 tianus
2315 948 2415 993 est.

2182 1028 2423 1083 Internas
2452 1031 2643 1082 animre
2673 1031 3027 1099 cogitationes
3049 1031 3316 1085 diabolum
3347 1048 3454 1087 non
3484 1033 3686 1098 videre,

2112 1119 2242 1172 certi
2269 1133 2490 1172 smnus:
2533 1121 2628 1173 sed
2673 1120 2906 1174 motibus
2936 1135 3028 1174 eas
3078 1123 3318 1190 corporis
3369 1123 3437 1175 ab
3480 1123 3589 1184 illo,
3635 1133 3689 1177 et

2111 1207 2454 1262 alfectionum
2507 1209 2718 1263 iudiciis
2767 1209 2939 1279 colligi
2992 1219 3047 1264 et
3086 1211 3478 1278 experimento,
3543 1211 3686 1266 didi-
3731 1246 3736 1252 -

2111 1296 2283 1350 cimus
2333 1313 2346 1348 :
2405 1305 2614 1351 secreta
2667 1306 2846 1350 autem
2905 1299 3084 1352 cordis
3136 1298 3282 1353 solus
3341 1300 3427 1353 ille
3471 1301 3683 1366 novit,
3735 1317 3742 1336 '-

2111 1387 2176 1438 ad
2199 1403 2355 1456 quem
2379 1387 2576 1442 dicitur
2607 1407 2619 1441 :
2653 1387 2729 1440 Tu
2757 1388 2898 1442 solus
2923 1391 3058 1443 nosti
3078 1391 3238 1444 corda
3259 1388 3489 1458 ﬁliorum
3517 1392 3660 1445 hami

2111 1493 2233 1530 num
2274 1474 2410 1542 (Act.
2435 1477 2497 1547 I).

2179 1568 2292 1623 Non
2315 1583 2502 1624 omnes
2539 1571 2889 1640 cogitationes
2911 1578 3108 1625 nostrae
3136 1569 3289 1624 mala:
3320 1585 3533 1640 semper
3563 1571 3682 1624 dia-

2107 1657 2211 1711 boli
2239 1659 2497 1713 instinctu
2521 1660 2828 1713 excitantur
2867 1677 2879 1712 :
2931 1659 3023 1714 sed
3070 1660 3354 1729 aliquoties
3402 1673 3466 1714 ex
3510 1663 3683 1716 nostri

441 1771 679 1825 egressa,
713 1758 895 1810 vinum
926 1756 991 1809 de
1014 1771 1143 1810 vera
1177 1755 1357 1810 carnis
1386 1753 1503 1822 ejus
1542 1755 1651 1809 vite
1696 1771 1819 1810 cum
1867 1770 2005 1823 aqua
2035 1722 2080 1783 Β
2109 1749 2313 1802 arbitrii
2362 1759 2506 1802 motu
2550 1760 2830 1820 emergunt
2873 1769 2886 1803 :
2939 1750 3091 1805 bona:
3116 1761 3294 1805 autem
3331 1753 3685 1822 cogitationes

440 1862 755 1914 expressum
778 1847 1100 1901 ostenditur.

511 1935 653 1989 Bona
683 1947 765 1990 est
797 1951 925 1991 caro
949 1945 1132 1990 nostra
1158 1943 1213 1990 et
1233 1935 1383 1990 valde
1408 1937 1545 1990 bona
1583 1954 1594 1988 :
1627 1944 1807 2004 utpote
1837 1950 1865 1988 a
1894 1935 2006 1990 solo

437 2036 491 2079 et
511 2028 648 2082 bono
673 2027 782 2082 Deo
809 2027 1044 2090 condita,
1073 2037 1126 2080 et
1159 2041 1261 2079 non
1287 2035 1369 2080 est
1408 2025 1567 2089 mala,
1600 2034 1658 2078 ut
1684 2025 1870 2078 volunt
1909 2025 2007 2080 Se-

440 2115 653 2170 thianus
673 2125 727 2171 et
753 2117 1047 2186 Opinianus
1067 2127 1120 2170 et
1140 2115 1474 2169 Patricianus
1501 2134 1513 2168 :
1548 2131 1646 2170 nec
1675 2116 1796 2168 mali
1822 2131 2002 2181 causa,

437 2213 495 2258 ut
523 2207 701 2260 docuit
733 2205 976 2260 Florinus
1007 2224 1018 2259 :
1053 2221 1152 2260 nec
1195 2221 1260 2260 ex
1290 2206 1429 2260 malo
1453 2214 1509 2260 et
1535 2205 1675 2260 bono
1705 2218 2001 2275 con'ipacta,

435 2302 494 2346 ut
528 2293 850 2348 Manichteus
889 2293 1226 2362 blaSphemat
1267 2312 1278 2346 :
1332 2294 1424 2348 sed
1461 2308 1582 2347 cum
1625 2295 1694 2346 sit
1735 2294 2007 2349 creatione

436 2385 592 2449 bona,
644 2385 865 2439 arbitrio
896 2385 1086 2438 anima:
1142 2384 1371 2438 efﬁcitur
1412 2384 1565 2437 nobis
1597 2383 1680 2437 vel
1739 2385 1877 2438 bona
1924 2383 2005 2438 vel

435 2474 594 2538 mala,
623 2489 728 2529 non
769 2475 1139 2529 immutatione
1161 2473 1492 2534 substantiae,
1521 2473 1614 2526 sed
1643 2473 2005 2528 exsecutionis

435 2565 700 2618 mercede.
726 2563 841 2632 Ipsa
863 2564 1006 2618 enim
1027 2571 1130 2628 est,
1175 2579 1291 2632 qua:
1320 2562 1573 2616 statuitur
1615 2571 1740 2615 ante
1773 2562 2004 2616 tribunal

433 2653 632 2708 Christi
668 2673 678 2706 :
715 2655 768 2707 in
808 2669 910 2723 qua
950 2653 1186 2722 perferat
1225 2653 1402 2706 anima
1428 2653 1672 2721 corporis
1698 2660 1855 2721 prout
1887 2667 2005 2724 ges-

432 2744 520 2809 sit,
552 2745 665 2799 sive
692 2745 909 2807 bouum,
939 2743 1050 2798 sive
1071 2742 1293 2796 malum.

507 2833 564 2886 In
606 2832 1000 2886 resurrectione
1028 2847 1092 2886 ex
1123 2833 1346 2886 mortuis
1369 2847 1530 2886 sexus
1561 2830 1732 2885 forma
1761 2847 1869 2886 non
1891 2848 2004 2885 mu-

433 2923 633 2975 tabitur
662 2939 674 2974 :
705 2921 798 2975 sed
839 2921 921 2974 vir
947 2929 1188 2975 mortuus
1215 2930 1455 2991 resurget
1484 2922 1536 2975 in
1581 2920 1751 2975 forma
1777 2921 1876 2974 viri
1909 2939 1922 2974 :
1951 2931 2006 2975 et

430 3011 626 3066 femina
661 3012 713 3065 in
740 3011 911 3066 forma
941 3009 1151 3065 feminae
1175 3026 1280 3064 non
1305 3025 1498 3064 carens
1524 3025 1676 3074 sexu,
1707 3010 1799 3064 sed
1825 3018 2000 3063 tamen

429 3100 585 3168 hujus
606 3101 727 3155 vita:
756 3108 964 3154 tantum
1007 3099 1334 3164 conditione,
1380 3099 1558 3168 specie
1609 3098 1839 3153 naturali
1882 3117 1896 3151 :
1931 3114 1998 3154 ne

428 3207 534 3246 non
563 3193 634 3247 sit
667 3207 794 3246 vera
820 3191 1146 3246 resurrectio
1175 3209 1188 3244 :
1234 3191 1279 3245 si
1323 3207 1430 3246 non
1476 3191 1530 3245 id
1567 3191 1816 3261 resurgit,
1858 3192 1998 3260 quod

428 3283 594 3336 cadit.

497 3371 636 3424 Ante
678 3369 1126 3424 resurrectionem
1193 3369 1404 3423 Domini
1463 3384 1648 3424 omnes
1690 3378 1995 3424 sanctorum

427 3461 620 3514 anima:
651 3460 703 3512 in
744 3459 952 3513 inferno
999 3461 1098 3513 sub
1136 3460 1316 3514 debito
1371 3460 1830 3529 praevaricationis
1871 3459 1997 3514 Adm

430 3549 767 3611 tenebantur,
797 3547 966 3601 donec
993 3548 1315 3602 auctoritate
1337 3547 1545 3601 Domini
1574 3562 1669 3616 per
1707 3547 1996 3601 indebitam

427 3645 542 3713 ejus
575 3650 800 3697 mortem
827 3641 892 3697 de
930 3642 1108 3697 servili
1139 3642 1442 3697 conditione
1467 3642 1844 3696 liberarentur.
1871 3642 1999 3696 Post

426 3733 793 3787 ascensionem
840 3731 1047 3785 Domini
1085 3733 1151 3785 ad
1194 3732 1376 3796 ccelos,
1419 3731 1658 3786 omnium
1690 3740 1996 3785 sanctorum

424 3822 621 3875 anima:
646 3836 766 3875 cum
793 3819 1011 3876 Christo
1033 3831 1161 3876 sunt
1195 3837 1208 3874 :
1239 3831 1292 3876 et
1316 3831 1571 3876 exeuntes
1597 3822 1662 3876 de
1685 3837 1908 3891 corpore
1931 3823 1997 3875 ad

430 3911 699 3967 Christum
719 3910 938 3974 vadunt,
954 3920 1326 3979 exspectantes
1347 3912 1791 3966 resurrectionem
1809 3926 1996 3980 corpo-

427 4001 506 4053 ris
534 3999 614 4052 sui
649 4016 660 4050 :
701 4007 759 4051 ut
788 3997 854 4050 ad
884 3998 1144 4068 integram
1175 4006 1228 4052 et
1265 4007 1575 4067 perpetuam
1613 3999 1994 4054 beatitudinem

428 4106 553 4146 eum
587 4091 701 4160 ipso
725 4090 930 4158 pariter
963 4089 1314 4143 immutentur
1341 4107 1354 4142 :
1389 4091 1527 4144 sicut
1557 4097 1611 4143 et
1652 4101 1996 4159 peccatorum

424 4182 620 4235 anima:
645 4181 696 4234 in
720 4179 927 4234 inferno
949 4181 1048 4234 sub
1067 4180 1256 4234 timore
1280 4181 1466 4249 posita:
1484 4171 1995 4250 exspectantresur-

431 4271 720 4326 rectionem
760 4271 843 4323 sui
879 4270 1138 4339 corporis,
1171 4278 1227 4322 ut
1254 4285 1375 4324 cum
1406 4271 1519 4340 ipso
1543 4271 1609 4325 ad
1633 4284 1846 4339 poenam
1869 4286 1998 4326 con-

438 4368 712 4413 vertantur
737 4369 1013 4412 aeternam.

491 4447 868 4501 Pteuitentiam
903 4447 1122 4502 abolere
1156 4458 1400 4517 peccata,
1434 4449 1798 4506 indubitanter
1821 4451 1996 4506 credi-

432 4552 571 4600 mus,
598 4538 759 4590 etiam
785 4538 829 4591 si
856 4537 911 4589 in
934 4537 1121 4592 ultimo
1149 4540 1270 4592 vitae
1294 4540 1482 4608 spiritu
1511 4541 1864 4595 admissorum
1886 4555 2000 4609 pm-

430 4627 636 4678 niteat:
673 4635 729 4679 et
751 4625 961 4694 publica
987 4627 1070 4680 vel
1102 4628 1325 4696 supplici
1357 4628 1736 4684 lamentatione
1779 4638 1999 4699 peccata

429 4715 730 4784 prodantur
760 4732 772 4766 :
803 4715 926 4783 quia
953 4717 1284 4783 propositum
1317 4717 1429 4778 Dei,
1480 4733 1586 4786 quo
1613 4719 1850 4773 decrevit
1891 4719 2000 4772 sal-

433 4819 582 4866 vare,
611 4803 751 4872 quod
777 4803 1032 4873 perierat,
1062 4812 1167 4858 stat
1197 4805 1468 4860 immobile
1494 4823 1506 4860 :
1540 4814 1594 4860 et
1621 4807 1739 4862 ideo
1758 4809 1882 4877 quia
1909 4824 2002 4863 vo-

429 4891 611 4946 luntas
646 4889 760 4959 ejus
797 4907 899 4945 non
927 4900 1190 4957 mutatur,
1240 4893 1353 4947 sive
1379 4893 1751 4948 emendatione
1774 4897 1917 4960 vitae,
1955 4897 2002 4951 si

2024 4402 2076 4461 D

2109 1855 2320 1907 semper
2344 1853 2374 1890 a
2404 1839 2513 1892 Deo
2534 1847 2677 1893 sunt.

2179 1930 2455 1983 Dmmones
2479 1945 2576 1998 per
2601 1929 2871 2000 energiam
2896 1945 3001 1984 non
3027 1932 3296 1986 credimus
3318 1933 3684 1986 substantialT-

2108 2028 2191 2073 ter
2218 2021 2362 2074 illabi
2392 2023 2584 2075 animae
2632 2039 2645 2074 :
2701 2022 2794 2076 sed
2838 2022 3194 2094 applicatione
3239 2033 3293 2077 et
3335 2025 3627 2093 ορμτεεςὶυι
3653 2039 3683 2076 e

2107 2109 2267 2162 uniri.
2303 2109 2447 2163 lllabi
2499 2118 2678 2164 autem
2721 2111 2886 2164 menti
2926 2111 2998 2164 illi
3042 2111 3140 2165 soli
3171 2112 3424 2180 possibile
3451 2121 3555 2175 est,
3587 2113 3679 2180 qui

2107 2197 2312 2250 creavit
2333 2211 2347 2250 :
2371 2198 2460 2266 qui
2489 2207 2680 2253 natura
2709 2198 3006 2254 subsistens
3027 2199 3378 2271 incorporeus
3425 2202 3683 2270 capaiilis

2105 2296 2188 2343 est
2218 2304 2327 2343 sua:
2349 2288 2584 2343 factum.

2177 2377 2338 2449 Signa
2367 2388 2421 2433 et
2449 2379 2687 2448 prodigia
2713 2388 2768 2434 et
2789 2381 3052 2436 sanitates
3078 2382 3240 2436 etiam
3285 2389 3596 2451 peccatores
3627 2382 3678 2434 in

2106 2469 2322 2523 nomine
2341 2469 2551 2524 Domini
2570 2470 2744 2525 facere
2765 2472 2834 2525 ab
2857 2473 2971 2542 ipso
2993 2472 3102 2526 Deo
3139 2473 3421 2528 didicimus
3445 2491 3457 2525 :
3483 2481 3536 2527 et
3556 2488 3678 2526 eum

2105 2559 2240 2614 alios
2267 2561 2370 2614 hac
2391 2561 2800 2630 praesumptione
2831 2561 3039 2630 juvent,
3079 2564 3179 2618 sibi
3205 2578 3302 2633 per
3325 2564 3675 2617 ambitionem

2106 2649 2356 2702 humana:
2381 2649 2561 2719 gloria:
2582 2659 2777 2704 nocent
2807 2668 2820 2703 :
2853 2653 2943 2720 qui
2967 2653 3264 2722 gloriantur
3287 2669 3341 2706 tu
3365 2654 3486 2708 dato
3518 2652 3674 2720 falso,

2107 2753 2210 2792 non
2233 2739 2440 2794 meritis
2465 2739 2664 2794 debito.

2176 2828 2354 2898 Signis
2375 2839 2427 2883 et
2455 2830 2714 2901 prodigiis
2733 2835 2941 2890 clarum
2964 2849 3118 2904 posse
3147 2835 3259 2889 fieri
3288 2834 3675 2898 Christianum,

2105 2936 2209 2975 non
2239 2931 2414 2975 tamen
2437 2931 2704 2987 sanctum,
2736 2925 2781 2976 si
2822 2925 3188 2993 intemperatis
3210 2934 3264 2978 et
3283 2925 3485 2994 asperis
3514 2926 3679 2979 mori-

2104 3011 2205 3065 bus
2226 3019 2346 3080 agat
2371 3031 2384 3063 :
2411 3013 2720 3081 temperatis
2735 3021 2913 3068 autem
2927 3023 2983 3068 et
3000 3014 3221 3082 placidis
3234 3014 3492 3078 moribus,
3509 3015 3676 3068 etiam

2107 3101 2308 3169 absque
2327 3100 2602 3170 signorum
2623 3101 2856 3158 ellieacia
2875 3113 2928 3158 et
2944 3113 3188 3158 sanetum
3201 3114 3258 3159 et
3270 3103 3563 3174 perfectum
3582 3103 3677 3157 Dei

2105 3189 2374 3243 hominem
2400 3190 2534 3255 ﬁeri,
2572 3201 2718 3246 recte
2743 3194 3033 3251 credimus.

2175 3278 2360 3333 Nullus
2394 3290 2613 3336 sanctus
2633 3280 2882 3349 etjustus
2911 3293 3321 3355 catetpeecato,
3353 3300 3454 3339 nec
3493 3294 3674 3338 tamen

2104 3381 2169 3421 ex
2196 3369 2297 3424 hoc
2322 3370 2519 3424 desinit
2563 3387 2683 3426 esse
2729 3371 2908 3440 justus
2934 3373 3016 3428 vel
3058 3385 3296 3438 sanctus,
3326 3392 3446 3430 cum
3477 3375 3674 3430 aﬂ‘ectu

2107 3467 2282 3513 teneat
2325 3461 2683 3516 sanctitatem.
2735 3461 2850 3516 Non
2894 3465 3038 3517 enim
3081 3474 3290 3518 natura:
3327 3465 3550 3527 viribus,
3579 3467 3675 3520 sed

2105 3549 2361 3617 propositi
2399 3550 2774 3620 adjuvamento
2799 3568 2896 3622 per
2923 3553 3018 3607 Dei
3063 3555 3292 3622 gratiam
3345 3556 3676 3622 acquirimus

2104 3640 2440 3694 sanctitatem
2467 3660 2478 3694 :
2520 3650 2574 3694 et
2596 3643 2716 3696 ideo
2745 3644 3007 3698 veraciter
3033 3659 3090 3698 se
3117 3659 3306 3699 omnes
3340 3645 3512 3700 sancti
3550 3662 3677 3714 pro-

2104 3729 2353 3782 nuntiant
2381 3740 2712 3797 peccatores,
2759 3738 2888 3800 quia
2919 3734 2970 3788 in
3001 3735 3226 3788 veritate
3269 3736 3487 3798 habent,
3531 3737 3676 3804 quod

2104 3819 2375 3888 plangant,
2400 3830 2453 3873 et
2480 3821 2522 3874 si
2551 3837 2655 3876 non
2683 3825 3098 3891 reprehensione
3121 3825 3480 3888 conscientizc,
3527 3834 3679 3878 certe

2103 3907 2396 3961 mobilitate
2419 3911 2860 3977 prazvaricatricis
2881 3921 3106 3966 naturae.

2174 3998 2399 4061 Pascha,
2434 4000 2484 4052 id
2511 4010 2611 4064 est,
2639 4001 2929 4056 Dominiew
2955 4002 3384 4060 Resurrectionis
3413 4003 3675 4058 solemni-

2106 4096 2208 4152 tas,
2234 4097 2357 4142 ante
2387 4098 2778 4160 transgressum
2799 4093 3030 4146 vernalis
3071 4093 3399 4162 aequinoctii,
3426 4103 3480 4148 et
3508 4105 3676 4148 sexu:

2105 4179 2325 4234 decima:
2365 4178 2501 4233 lunae
2532 4181 2739 4235 initium
2786 4197 2888 4237 non
2923 4191 3098 4254 potest
3143 4183 3404 4238 celebrari
3435 4201 3449 4236 :
3479 4183 3674 4238 eodem

2105 4279 2284 4324 tamen
2312 4286 2496 4325 mense
2523 4281 2680 4325 natm.

2175 4362 2399 4433 Propter
2451 4367 2686 4421 novellos
2731 4367 3080 4436 legislatores,
3130 4369 3225 4439 qui
3276 4370 3396 4424 ideo
3435 4368 3674 4424 animam

2105 4459 2310 4506 tantum
2369 4453 2436 4506 ad
2493 4453 2779 4524 imaginem
2833 4455 2930 4510 Dei
2987 4466 3230 4512 creatam
3286 4457 3469 4512 dicunt
3527 4474 3544 4510 :
3613 4466 3678 4510 ut

2104 4541 2228 4608 quia
2263 4543 2403 4596 Deus
2443 4542 2787 4613 incorporeus
2816 4555 2960 4602 recte
2982 4547 3240 4612 creditur,
3273 4548 3438 4604 etiam
3488 4547 3676 4602 anima

2105 4631 2417 4701 incorporea
2439 4650 2560 4688 esse
2586 4636 2836 4690 credatur
2871 4651 2885 4688 :
2929 4636 3095 4692 libere
3139 4639 3476 4702 conﬁtemur,
3531 4639 3676 4694 ima-

2105 4724 2281 4792 ginem
2312 4726 2364 4779 in
2389 4729 2688 4783 aeternitate
2712 4746 2724 4782 :
2751 4729 3154 4786 similitudinem
3180 4730 3236 4784 in
3258 4729 3494 4784 moribus
3516 4727 3675 4782 inve-

2105 4829 2240 4869 mre.

1617 5085 1916 5162 LIBER
1988 5087 2479 5180 QUINTUS.

1860 5243 2214 5264 ἡ

941 5367 1165 5424 CAPUT
1203 5365 1486 5421 PRIMUM.

435 5479 509 5534 ηε
534 5482 725 5532 salictis
763 5480 1069 5548 Scripturis,
1113 5480 1206 5532 hoc
1231 5490 1304 5533 est
1345 5475 1513 5531 Veteri
1550 5487 1597 5530 et
1635 5477 1782 5532 Novo
1828 5477 2001 5533 Testa-

1117 5558 1303 5603 mento.

513 5636 668 5691 Vetus
710 5636 1110 5693 Testamentum
1162 5639 1278 5693 ideo
1331 5638 1542 5702 dicitur,
1583 5639 1704 5705 quia
1759 5638 2001 5694 veniente

2104 5367 2242 5408 novo
2261 5352 2506 5406 cessavit.
2531 5351 2602 5407 De
2617 5369 2723 5421 quo
2738 5354 3024 5424 Apostolus
3043 5352 3291 5409 meminit
3317 5349 3401 5422 (ll
3423 5349 3547 5406 Cor.
3571 5351 3629 5423 ν)
3653 5368 3670 5404 :

2118 5442 2298 5498 Vetera
2338 5444 2697 5498 transierunt:
2725 5453 2774 5496 et
2809 5459 2923 5498 ecce
2953 5444 3094 5513 facta
3129 5451 3252 5495 sunt
3294 5439 3470 5494 omnia
3515 5453 3674 5493 ma.

2107 5536 2506 5592 Testamentum
2537 5546 2712 5590 autem
2748 5533 2951 5588 Novum
2979 5533 3098 5588 ideo
3135 5538 3493 5599 nuncupatur,
3544 5527 3677 5596 quia

2109 5631 2342 5685 innovat.
2377 5627 2490 5682 Non
2521 5630 2662 5683 enim
2693 5626 2818 5680 illud
2842 5626 3071 5688 discunt,
3102 5623 3203 5678 nisi
3235 5618 3470 5678 renovati
3499 5614 3676 5672 homi-
