4064 6206
316 384 415 436 105

1312 378 1399 431 ne
1440 344 1787 432 usuvenso
1831 375 2007 429 unm
2048 375 2208 431 xxn.
2251 409 2318 416 —
2358 379 2485 432 uo.
2527 380 2589 434 v.

3472 382 3572 435 l06

312 510 410 551 nes
431 508 499 549 ex
538 499 809 546 vetustate
841 505 941 561 per
974 489 1229 559 gratiam,
1261 499 1315 545 et
1340 491 1670 559 pertinentes
1690 488 1801 557 jam
1832 490 1895 543 ad
1928 495 1974 551 Λ
2002 500 2163 544 sunt:
2194 491 2376 555 lsaias,
2406 491 2690 559 Jeremias,
2721 493 2970 550 Ezechiel
3000 504 3057 550 et
3083 496 3270 552 Daniel
3311 497 3434 553 libri
3462 499 3574 554 sin-

311 586 719 641 Testamentum
745 581 980 647 Novum,
1016 581 1161 651 quod
1207 593 1291 635 est
1337 595 1564 649 regnum
1614 580 1893 636 ctelorum.

310 679 523 736 Hebraei
572 677 719 732 enim
760 673 929 730 Vetus
959 675 1386 738 Testamentum,
1434 673 1605 727 Esdra
1654 682 1896 738 auctore,

303 772 461 845 juxta
509 783 800 825 numerum
842 767 1156 832 litterarqu
1203 780 1445 830 suarum,
1501 764 1554 818 in
1604 764 1675 819 22
1734 765 1899 819 libros

309 860 604 931 accipiunt,
635 858 940 912 dividentes
988 871 1079 911 eos
1103 856 1156 909 in
1191 864 1300 909 tres
1329 855 1570 919 ordines,
1601 854 1761 924 chis
1788 856 1895 915 sci-

312 951 440 1004 licet
464 957 519 1003 et
541 947 932 1016 Prophetarum
949 952 1116 1013 atque
1137 943 1655 1014 Hagiographorum.
1687 942 1900 997 Primus

309 1043 448 1097 ordo
476 1042 610 1113 legis
642 1041 698 1094 in
726 1039 965 1109 quinque
990 1037 1146 1091 libris
1171 1034 1417 1107 [Moysis]
1452 1034 1733 1104 accipitur,
1761 1050 1895 1103 quu-

312 1149 433 1189 rum
465 1132 675 1201 primus
700 1137 785 1184 est
811 1128 1031 1191 bresith,
1071 1128 1160 1196 qui
1206 1135 1289 1181 est
1329 1125 1576 1180 Genesis.
1619 1124 1898 1179 Secundus

310 1222 601 1285 ellesmoth,
631 1221 722 1289 qui
770 1227 857 1274 est
887 1218 1127 1273 Exortus.
1160 1217 1376 1271 Tertius
1421 1216 1647 1279 raiecra,
1694 1217 1784 1284 qui
1816 1211 1939 1270 cst‘i

311 1311 606 1366 Leviticus.
665 1310 905 1376 Quartus
956 1307 1268 1373 vaiedaber,
1324 1306 1415 1375 qui
1471 1312 1553 1360 est
1605 1304 1891 1360 Numerus.

310 1400 544 1467 Quintus
589 1398 1041 1453 helleaddabarim
1066 1436 1079 1461 ,
1132 1397 1225 1465 qui
1268 1404 1353 1450 est
1398 1395 1893 1450 Deuteronomium.

311 1490 374 1543 lli
400 1499 528 1544 sunt
557 1489 795 1557 quinque
839 1486 963 1541 libri
1012 1484 1202 1556 Moysi,
1241 1498 1377 1554 quos
1406 1482 1613 1538 Hebrtei
1662 1484 1894 1549 thorath,

311 1580 462 1636 latini
486 1581 651 1651 legem
678 1579 971 1650 appellant.
1000 1577 1221 1645 Proprie
1246 1583 1425 1630 autem
1457 1575 1540 1628 lex
1572 1575 1890 1645 appellatur,

2000 579 2107 651 guli
2137 598 2150 633 :
2182 581 2461 637 duodecim
2512 599 2726 654 quoque
2779 587 3163 656 prophetarum
3195 588 3317 643 libri
3347 589 3567 660 singuli,

1998 679 2053 724 et
2101 670 2215 725 lucc
2272 674 2486 741 quidem
2542 674 2863 745 Prophetica
2911 685 3055 733 sunt.
3104 679 3232 735 Post
3286 679 3402 738 btec
3450 697 3571 737 ver-

1999 776 2152 813 suum
2209 769 2331 816 octo
2384 761 2504 817 libri
2553 764 2839 831 habentur,
2885 768 2975 835 qui
3030 767 3243 824 diverso
3282 772 3421 840 apud
3467 770 3573 826 lle-

1996 849 2170 904 brchs
2200 860 2373 905 metro
2400 852 2729 921 scribuntur,
2784 855 2835 910 id
2865 863 2947 910 est
2987 857 3088 913 Job
3140 858 3300 924 liber,
3337 870 3392 914 et
3437 861 3568 919 liber

1996 937 2353 1006 Psalmorum,
2403 948 2457 995 et
2509 939 2943 1010 Proverbiorum,
2991 952 3046 998 et
3094 946 3466 1015 Ecclesiastes,
3518 957 3574 1005 et

1996 1028 2217 1084 Cantica
2247 1033 2603 1097 canticorum,
2623 1032 2735 1087 sive
2763 1033 3046 1104 Sapientia:
3070 1043 3123 1090 ct
3147 1034 3568 1103 Ecclesiasticus,

2003 1117 2515 1191 Lamentationesque
2546 1120 2807 1176 Jercmt'te.
2868 1122 2957 1177 Sic
2989 1140 3200 1195 quoque
3233 1129 3572 1197 complentur

2020 1210 2116 1262 ibri
2151 1211 2359 1265 Veteris
2388 1212 2717 1267 Testamenti
2743 1214 3100 1285 quadraginta
3143 1217 3400 1286 quinque.
3434 1219 3566 1274 Novi

1996 1306 2174 1353 autem
2212 1298 2541 1355 Testamenti
2570 1304 2799 1372 primum
2831 1313 3061 1372 quatuor
3091 1305 3375 1376 Evangelia
3404 1320 3566 1364 sunt:

1997 1386 2253 1453 Mattlnri,
2283 1389 2468 1454 Marci,
2494 1389 2651 1445 Luca:
2672 1400 2726 1445 et
2752 1391 2994 1447 Joannis.
3026 1392 3133 1448 llos
3161 1398 3568 1464 quatuordecim

1997 1479 2144 1533 Pauli
2201 1482 2431 1550 apostoli
2484 1495 2805 1553 sequuntur,
2853 1486 3049 1555 quibus
3099 1485 3397 1555 sul‘junctze
3443 1500 3572 1546 sunt

1995 1579 2198 1638 septem
2227 1572 2501 1627 canonica:
2532 1573 2783 1642 Epistolae
2820 1575 3028 1641 Jacobi,
3071 1575 3239 1642 Petri,
3267 1577 3491 1635 Joannis
3518 1589 3574 1634 et

308 1689 429 1744 qum
456 1688 558 1743 per
581 1672 802 1743 Moysen
825 1672 951 1725 data
973 1677 1078 1724 εει,
1125 1663 1405 1722 Secundus
1432 1667 1567 1723 omo
1596 1666 1895 1737 Propheta-
1992 1655 2162 1712 Judze.
2190 1659 2356 1714 Actus
2376 1676 2590 1731 quoque
2620 1662 2899 1719 duodecim
2933 1665 3316 1734 apostolorum,
3342 1682 3568 1736 quorum

308 1779 454 1827 rum,
476 1764 530 1816 in
562 1777 672 1831 quo
709 1761 1058 1816 continentur
1078 1757 1203 1811 libri
1233 1764 1376 1822 octo,
1407 1771 1637 1826 quorum
1666 1756 1892 1827 primus,

1994 1747 2235 1800 omnium
2285 1749 2618 1819 signaculum
2649 1760 2732 1805 est
2775 1752 3129 1825 Apocalypsis
3161 1754 3402 1822 Joannis,
3425 1760 3570 1827 quod

306 1853 491 1909 Josua’
515 1854 763 1914 bennam,
793 1851 883 1920 qui
908 1849 1072 1903 latine
1095 1847 1250 1903 Jcsus
1274 1846 1419 1902 Nave
1441 1847 1661 1902 dicitur.
1687 1847 1891 1902 Secun-
1919 1848 1965 1904 B
1991 1846 2076 1893 cst
2106 1839 2360 1895 revelatio
2397 1840 2523 1896 Jesu
2548 1842 2769 1910 Christi,
2809 1846 2900 1915 qui
2946 1862 3134 1902 omnes
3162 1848 3328 1904 libros
3354 1856 3407 1903 et
3433 1857 3571 1904 tem—

306 1943 409 1996 dus
446 1942 709 2003 Sobthim,
738 1942 828 2013 qui
857 1948 946 1993 est
973 1937 1241 1992 Judicnm.
1270 1935 1487 1991 Tertius
1526 1935 1759 1998 Samuel,
1802 1936 1892 2004 qui

306 2043 389 2086 est
422 2032 631 2102 Regum
660 2033 887 2101 primus.
921 2030 1158 2095 Quartus
1190 2027 1495 2091 Malacht’m,
1532 2027 1623 2097 qui
1661 2034 1746 2082 est
1794 2028 1895 2081 lte-

306 2139 433 2193 gum
483 2122 777 2176 secundus.
831 2120 1068 2187 Quintus
1112 2117 1305 2172 Isaias.
1365 2117 1564 2172 Sextus
1611 2115 1890 2171 Jeremins.

308 2210 586 2280 Septimus
644 2210 907 2264 Ezechiel.
972 2208 1206 2263 Octavus
1256 2206 1563 2273 Tltaristra,
1617 2208 1709 2276 qui
1755 2207 1892 2261 dici-

310 2310 394 2353 tur
428 2300 493 2353 12
524 2298 940 2368 Prophetarum,
965 2297 1055 2366 qui
1076 2297 1195 2351 libri
1222 2296 1347 2366 quia
1378 2295 1477 2351 sibi
1504 2310 1615 2365 pra:
1635 2295 1894 2351 brevitate

307 2391 548 2460 adjuncti
579 2398 731 2453 sunt,
764 2405 862 2459 pro
886 2403 994 2442 uno
1018 2388 1374 2458 accipiuntur.
1407 2386 1622 2443 Tertius
1645 2395 1729 2443 est
1758 2387 1894 2441 ordo

315 2481 831 2549 "agiagrapltorum,
864 2479 917 2533 id
944 2486 1029 2533 est
1077 2486 1263 2533 sancta
1291 2476 1666 2543 scribentium,
1699 2478 1753 2530 in
1787 2492 1896 2547 quo

308 2583 433 2625 sunt
471 2571 598 2625 libri
648 2584 866 2628 novem,
912 2583 1143 2638 quorum
1186 2568 1396 2637 primus
1440 2565 1563 2620 Job.
1616 2566 1895 2623 Secundus

316 2663 661 2726 Psalterium,
707 2662 799 2732 qui
842 2662 897 2716 in
947 2660 1183 2730 quinque
1222 2659 1890 2714 incisionibustdividitur.

312 2754 530 2809 Tertius
585 2754 839 2819 Masloth,
883 2753 977 2823 qui
1031 2760 1113 2808 est
1167 2752 1519 2807 Proverbium
1569 2750 1893 2807 Salomonis.

311 2845 551 2911 Quartus
577 2842 813 2908 Coeleth,
842 2844 934 2914 qui
965 2852 1050 2898 est
1079 2842 1453 2898 Ecclesiastes.
1482 2840 1714 2908 Quintus
1741 2841 1892 2895 Sira-

312 2937 479 3001 siriut,
509 2936 601 3005 qui
640 2944 728 2990 est
773 2934 996 2991 Cantica
1036 2934 1389 2988 canticorum.
1439 2932 1655 2997 Sextus,
1687 2932 1895 2987 Daniel.

318 3025 593 3096 Septimus
623 3025 987 3089 Dabretamt’n,
1035 3024 1125 3093 qui
1158 3032 1242 3079 est
1270 3021 1443 3077 Verba
1469 3020 1704 3085 dierum,
1736 3022 1788 3078 id
1817 3032 1901 3077 est

317 3115 786 3186 Paralipomenon,
801 3115 893 3184 qui
910 3123 965 3169 et
978 3114 1302 3169 Chronicon.
1319 3112 1555 3169 Octavus
1573 3121 1658 3167 est
1674 3110 1894 3177 Esdras,

1998 1946 2126 2000 pore
2152 1942 2207 1986 et
2233 1934 2515 1989 ordine....
2549 1935 2612 1989 lli
2641 1945 2767 1991 sunt
2806 1937 2930 1993 libri
2959 1940 3204 1995 canonici
3232 1941 3570 2011 septuaginta

1995 2019 2100 2072 duo
2126 2028 2179 2074 et
2207 2021 2275 2074 ob
2295 2022 2397 2077 hoc
2417 2022 2628 2094 Moyses
2654 2027 2988 2097 septuaginta
3012 2027 3170 2098 elegit
3202 2030 3570 2099 presbyteros,

1996 2109 2084 2176 qui
2105 2111 2509 2179 prephetareut.
2544 2113 2623 2168 0b
2668 2114 2770 2168 hoc
2795 2125 2850 2168 et
2890 2114 3047 2170 Jesus
3093 2117 3351 2173 Dominus
3387 2128 3571 2174 noster

1996 2198 2334 2268 septuaginta
2365 2200 2498 2255 duos
2521 2201 2813 2271 discipulos
2835 2205 3124 2272 prtedicarc
3166 2206 3457 2261 mandavit.
3507 2209 3573 2262 Et

1997 2290 2264 2357 quomodo
2316 2294 2656 2364 septuaginta
2703 2295 2821 2349 dum
2877 2295 3069 2366 linguae
3118 2297 3169 2350 in
3223 2297 3325 2353 hoc
3371 2301 3570 2354 mundo

1996 2387 2153 2432 erant
2182 2378 2405 2446 ditl'uste,
2434 2374 2669 2452 congrue
2693 2383 2924 2453 providit
2967 2384 3201 2456 Spiritus
3234 2396 3472 2452 sanctus,
3516 2399 3575 2442 ut

1998 2479 2076 2525 tot
2098 2470 2227 2525 libri
2259 2482 2459 2539 essent,
2490 2483 2621 2544 quot
2644 2476 2908 2539 nationes,
2936 2476 3130 2545 quibus
3156 2478 3332 2547 populi
3359 2487 3413 2533 et
3442 2495 3571 2549 geu-

1996 2568 2080 2616 tca
2102 2560 2166 2616 ad
2188 2562 2582 2633 percipiendam
2610 2564 2731 2619 tilci
2755 2567 2984 2637 gratiam
3006 2568 3423 2624 azdilicarentur.
3450 2571 3574 2624 llazc

1997 2659 2123 2709 sunt
2144 2666 2282 2705 nova
2295 2660 2348 2706 et
2362 2660 2567 2718 vetera,
2582 2669 2702 2723 qua:
2716 2654 2781 2709 de
2797 2656 3048 2712 thesauro
3082 2657 3174 2712 Dei
3205 2659 3571 2729 proferuntur,

1997 2753 2052 2799 et
2072 2745 2268 2814 quibus
2280 2753 2472 2800 cuncta
2492 2756 2951 2802 sacramentorum
2978 2751 3230 2821 mysteria
3245 2751 3572 2809 revelantur.

1998 2835 2065 2891 lli
2091 2848 2218 2893 sunt
2243 2837 2347 2892 duo
2370 2837 2653 2909 Seraphin,
2700 2840 2788 2910 qui
2844 2841 2896 2896 in
2931 2841 3327 2897 confessionem
3371 2852 3573 2899 sancta:

1999 2925 2281 2983 Trinitatis
2303 2929 2504 3000 jugltcr
2538 2930 2825 2985 decantant
2847 2931 3054 3000 hagios,
3082 2939 3136 2985 et
3155 2932 3393 2986 dicentes
3417 2932 3574 3003 bym-

2001 3035 2127 3072 num
2177 3031 2484 3091 erumpunt.
2541 3021 2633 3076 lla:
2666 3022 2857 3077 littera:
2894 3038 3082 3088 sacrae,
3114 3024 3167 3077 hi
3210 3023 3330 3078 libri
3364 3024 3576 3096 integro

2002 3125 2226 3165 numero
2246 3118 2302 3165 et
2326 3113 2663 3166 auctoritate.
2695 3113 2852 3168 Aliud
2875 3129 2995 3169 cum
3026 3115 3142 3169 istis
3163 3116 3294 3171 nihil
3315 3125 3396 3171 est
3421 3131 3572 3171 com-

319 3207 406 3274 qui
430 3206 482 3260 in
506 3205 645 3260 duos
675 3205 846 3260 libros
885 3205 1143 3259 dividitur
1163 3204 1303 3273 apud
1328 3204 1547 3260 Grzncos
1569 3211 1623 3258 et
1652 3203 1889 3258 Latinos.
1921 3210 1966 3270 ε
1998 3204 2291 3273 parandum
2331 3222 2344 3257 :
2393 3205 2650 3274 quidquid
2682 3196 2837 3260 extra
2872 3206 2971 3262 hos
3015 3207 3195 3273 fuerit,
3227 3207 3364 3263 inter
3391 3218 3580 3265 sancta

319 3295 501 3351 Nows
525 3294 735 3349 Hester.
764 3294 869 3361 Qui
887 3294 1046 3349 simul
1067 3308 1257 3349 omnes
1281 3294 1540 3365 quinque,
1562 3302 1685 3348 octo
1717 3301 1770 3347 et
1801 3309 1898 3347 no-

318 3404 434 3444 vem
465 3387 603 3443 tiunt
643 3387 837 3457 viginti
876 3386 1001 3452 duo,
1049 3386 1191 3442 sicut
1230 3384 1480 3455 superius
1525 3387 1900 3455 comprehensi

319 3488 457 3533 sunt.
486 3478 721 3546 Quidam
743 3485 925 3533 autem
952 3476 1090 3530 Ruth
1116 3485 1173 3531 et
1194 3475 1408 3541 Cinoth,
1447 3477 1537 3546 qui
1565 3476 1755 3531 Latine
1776 3477 1905 3531 dici-

319 3578 404 3622 tur
429 3568 767 3622 Ιιηηιειιεαιὶο
794 3568 1060 3634 Jeremiw,
1098 3566 1488 3638 llagiographis
1512 3568 1808 3631 addiciunt,
1848 3579 1905 3622 et

320 3660 505 3731 viginti
535 3669 777 3729 quatuor
798 3659 1067 3714 volumina
1089 3658 1420 3714 Tcstamenti
1445 3659 1653 3715 Veteris
1673 3658 1898 3726 faciunt,
1940 3670 1945 3673 '

316 3750 465 3818 juxta
496 3751 689 3822 viginti
712 3759 952 3821 quatuor
975 3751 1239 3817 seniores‘,
1276 3751 1368 3821 qui
1395 3759 1523 3807 ante
1544 3759 1897 3821 conspectum

324 3843 412 3896 Dei
443 3844 731 3898 assistunt.
779 3841 1017 3909 Quartus
1048 3850 1133 3898 est
1181 3841 1324 3913 apud
1374 3857 1473 3897 nos
1513 3842 1647 3897 ordo
1690 3841 1902 3898 Veteris

322 3932 653 3987 Tcstamenti
707 3948 898 3986 eorum
944 3931 1223 3998 librorum,
1287 3932 1379 4002 qui
1435 3932 1487 3986 in
1540 3946 1748 3987 canone
1799 3932 1900 3986 lle-

326 4023 503 4079 bnico
548 4038 661 4077 non
705 4031 876 4077 sunt:
912 4036 1140 4091 quorum
1187 4022 1394 4093 primus
1442 4021 1731 4091 Sapientia:
1768 4022 1904 4077 liber

324 4123 441 4177 est;
501 4113 817 4178 secundus,
874 4113 1327 4179 Ecclesiasticus;
1396 4114 1610 4181 tertius,
1663 4114 1900 4183 Tobias;

327 4214 566 4273 quartus,
592 4203 822 4270 Iudith;
858 4204 1076 4273 quintus
1103 4212 1160 4258 et
1191 4213 1396 4269 sextus,
1429 4204 1851 4259 Machabtrnrum
1882 4221 1902 4262 :

327 4308 458 4365 quos
484 4294 612 4350 licet
636 4292 811 4349 Judazi
835 4295 977 4349 intra
1008 4296 1313 4365 apocrypha
1354 4301 1627 4365 separent,
1661 4297 1903 4353 Ecclesia

328 4390 501 4451 tamen
524 4383 736 4438 Christi
762 4399 856 4439 eos
870 4383 1012 4438 inter
1033 4384 1243 4439 divinos
1265 4385 1433 4441 libros
1450 4382 1680 4440 honorat
1702 4396 1757 4441 et
1775 4402 1907 4457 pra:-

326 4473 485 4527 dicat.
514 4472 573 4526 In
600 4470 753 4527 Novo
774 4480 954 4527 autem
984 4471 1328 4528 Testamento
1364 4475 1470 4529 duo
1490 4483 1615 4529 sunt
1635 4476 1853 4531 ordines
1883 4496 1895 4530 :

2003 3303 2057 3346 et
2079 3293 2256 3348 divina
2286 3294 2589 3349 nullatenus
2613 3305 2697 3349 est
2712 3296 3074 3368 recipiendum
3100 3316 3112 3352 :
3139 3299 3254 3354 hzec
3277 3299 3383 3356 duo
3403 3308 3572 3356 testa-

2003 3391 2182 3436 menta
2221 3382 2272 3436 in
2308 3383 2492 3437 niultis
2543 3383 2675 3439 locis
2712 3385 2994 3454 scriptura:
3024 3402 3192 3443 sacra:
3236 3388 3580 3460 praeﬁgurata

2003 3479 2146 3523 sunt.
2177 3468 2309 3524 Nam
2333 3470 2406 3525 illi
2428 3471 2534 3526 duo
2558 3472 2789 3527 molares
2808 3473 3009 3545 lapides
3034 3484 3181 3543 sunt,
3202 3492 3337 3547 quos
3358 3477 3439 3532 lex
3464 3493 3581 3549 pro-

2002 3562 2405 3619 hibetdividerc
2439 3573 2598 3634 atque
2632 3565 2687 3619 in
2736 3565 2856 3622 loco
2895 3568 3134 3638 pignoris
3180 3570 3367 3625 tollere
3405 3588 3419 3624 :
3453 3572 3582 3642 quia

2003 3662 2250 3708 neutrum
2302 3665 2679 3711 testamentum
2735 3657 3086 3715 auferendum
3137 3671 3219 3717 est
3270 3664 3337 3719 ab
3387 3663 3580 3729 altero,

2002 3745 2216 3812 quando
2241 3754 2471 3816 utraque
2525 3752 2828 3804 necessaria
2859 3760 2979 3806 sunt
3002 3752 3067 3806 ad
3088 3767 3280 3822 panem
3305 3753 3579 3812 caelestem

1973 3834 2415 3900 ‘contlcicndum,
2444 3837 2819 3892 utanimarum
2852 3848 3067 3910 pastum
3107 3851 3424 3911 prmparent.
3447 3843 3579 3899 ltem

2003 3921 2109 3976 duo
2154 3916 2622 3996 Cherubin'juxta
2667 3942 2849 3983 arcam
2898 3929 3071 3999 posita
3122 3930 3428 4001 signiﬁcant
3473 3932 3581 3987 duo

2005 4020 2323 4069 testamenta
2344 4016 2653 4071 «ecclesiam
2694 4018 2786 4074 Dei
2821 4022 3174 4090 protr-gentia.
3212 4022 3342 4076 ltcm
3365 4022 3585 4078 Abacuc

2005 4102 2272 4175 Pr0pheta
2300 4108 2404 4162 duo
2429 4108 2687 4165 describit
2723 4112 2996 4176 animalia,
3040 4113 3095 4168 in
3135 4129 3365 4185 quorum
3406 4115 3584 4170 medio

2003 4195 2146 4251 Deus
2180 4196 2552 4252 innotescitur.
2596 4200 2816 4255 Summa
2843 4212 3022 4257 autem
3074 4204 3356 4273 utriusque
3413 4213 3583 4261 testa-

2002 4288 2169 4342 menti
2199 4289 2405 4343 trifarie
2440 4290 2808 4361 distinguitur,
2833 4293 2883 4347 id
2910 4303 3013 4359 est,
3044 4294 3095 4348 in
3121 4295 3368 4361 historia,
3394 4296 3449 4352 in
3471 4313 3585 4353 mo-

2004 4377 2173 4440 ribus,
2211 4378 2264 4433 in
2289 4379 2563 4450 allegoria.
2610 4379 2818 4436 Rursus
2848 4382 2950 4438 ista
2980 4383 3084 4438 tria
3113 4383 3404 4442 multifarie
3448 4386 3587 4442 divi-

2006 4471 2228 4535 duntur,
2271 4469 2323 4523 id
2358 4479 2460 4543 est,
2490 4472 2617 4541 quid
2667 4488 2699 4525 a
2748 4474 2876 4538 Deo,
2905 4475 3033 4543 quid
3061 4477 3128 4529 ab
3155 4476 3373 4547 Angelis
3402 4478 3486 4532 vel
3514 4481 3589 4536 ab

324 4564 547 4632 primus.
575 4563 942 4633 evangelieus,
974 4563 1026 4617 in
1056 4580 1163 4634 quo
1191 4573 1317 4619 sunt
1358 4583 1371 4618 :
1418 4564 1719 4632 Matthmus,
1765 4566 1905 4622 Mar—
1933 4556 1981 4613 D
2010 4563 2314 4618 hominibus
2342 4562 2550 4633 geStum
2596 4565 2905 4637 dictumque
2940 4568 3032 4633 sit,
3063 4569 3192 4637 quid
3234 4584 3265 4623 a
3299 4569 3588 4642 Propltetis

323 4671 442 4719 cus,
466 4657 669 4719 Lucas,
703 4652 972 4720 Joannes;
1013 4655 1301 4722 secundus,
1330 4657 1673 4726 apostolicus,
1702 4657 1755 4710 in
1799 4674 1906 4727 quo

322 4756 453 4801 sunt
482 4748 535 4801 in
565 4746 977 4817 quatuordecim
1005 4746 1297 4815 Epistolis:
1343 4746 1535 4802 Petrus
1576 4748 1629 4800 in
1672 4748 1902 4812 duabus,

320 4837 560 4892 Joannes
604 4839 658 4892 in
723 4839 939 4902 tribus,
1008 4837 1238 4893 Jacobus
1283 4847 1339 4892 et
1391 4836 1556 4894 Judas
1608 4840 1661 4894 in
1715 4840 1902 4910 singu-

326 4929 436 4990 lis,
499 4931 668 4985 Actus
717 4929 1086 4999 apostolorum
1145 4938 1200 4984 et
1250 4930 1601 5002 Apocalypsis
1657 4930 1899 4985 Joannis.

322 5017 434 5072 Alii
491 5028 671 5074 autem
737 5019 907 5075 Vetus
974 5028 1030 5074 et
1100 5019 1306 5075 Novum
1369 5020 1807 5077 Testamentum.
1849 5023 1903 5076 in

323 5110 662 5176 septuaginta
713 5109 856 5164 duos
900 5109 1067 5164 libros
1115 5110 1489 5181 distinguunt:
1526 5112 1596 5165 ita
1639 5120 1698 5166 ut
1747 5113 1906 5182 primi

322 5198 467 5268 legis
505 5199 672 5270 Moysi
728 5200 853 5255 libri
905 5201 1144 5271 quinque
1188 5202 1318 5267 sint,
1371 5204 1471 5256 hoc
1512 5213 1614 5267 est,
1662 5204 1907 5267 Genesis,

323 5290 567 5355 Exodus,
611 5292 909 5357 Leviticus,
942 5292 1229 5356 Numerus,
1262 5295 1756 5348 Deuteronmnimn.
1802 5295 1911 5348 llos

321 5393 625 5452 sequuntur
672 5384 923 5439 historici
974 5384 1094 5437 libri
1130 5383 1389 5449 sedecim,
1426 5382 1551 5438 Jesu
1594 5383 1739 5437 Nave
1767 5386 1911 5439 scili-

320 5484 417 5527 ret
454 5482 507 5527 et
552 5474 805 5529 Judicum
862 5472 986 5525 libri
1050 5473 1267 5542 singuli,
1310 5472 1422 5527 sive
1460 5473 1645 5536 ltuth;
1705 5473 1907 5544 Regum

321 5565 487 5618 etiam
523 5565 642 5621 libri
665 5574 928 5635 quatuor.
961 5562 1407 5634 Paralipomenon
1454 5564 1580 5619 duo.
1614 5564 1747 5620 Tobi
1777 5581 1911 5634 quo--

319 5670 434 5725 que
454 5666 505 5709 et
529 5656 744 5721 Hester,
769 5661 935 5724 atque
960 5654 1152 5725 singuli
1182 5654 1329 5709 Esrze
1357 5655 1463 5710 duo
1500 5674 1512 5710 :
1560 5664 1615 5709 et
1653 5656 1759 5711 duo
1801 5657 1911 5711 Ma-

318 5747 684 5803 chabmotnm.
756 5748 934 5817 Super
983 5748 1081 5801 hos
1136 5748 1434 5817 prophetici
1492 5747 1612 5803 libri
1676 5750 1907 5804 sedecim

768 5843 1028 5899 ΡΑττιω,
1090 5839 1251 5897 CXI.

2008 4655 2312 4709 nuntiatum
2373 4656 2437 4710 de
2491 4657 2706 4712 Christo
2748 4667 2817 4717 et,
2846 4674 3073 4730 corpore
3120 4659 3238 4730 ejus
3269 4701 3285 4724 ,
3342 4664 3473 4732 quid
3518 4665 3588 4719 de

2007 4743 2219 4797 diabolo
2231 4752 2288 4798 et
2302 4744 2557 4800 membris
2576 4744 2711 4814 ejus,
2727 4749 2855 4817 quid
2866 4750 2930 4804 de
2952 4750 3120 4805 veteri
3141 4760 3197 4805 et
3217 4768 3355 4807 novo
3366 4752 3586 4824 populo,

2006 4835 2133 4904 quid
2157 4834 2222 4889 de
2242 4834 2493 4904 prazscnti
2517 4838 2712 4893 saeculo
2726 4848 2780 4892 et
2802 4837 2983 4895 futuro
3006 4855 3169 4912 regno
3187 4840 3582 4912 atquejudicio.

2622 4950 2847 5008 CAPUT
2885 4953 2945 5007 ll.

2258 5019 2335 5073 De
2378 5022 2676 5076 auctoribus
2723 5025 3018 5077 earumdem
3066 5023 3336 5079 librorum.

2080 5107 2292 5164 Veteris
2331 5108 2660 5165 Testatneuti
2692 5113 2984 5167 secundum
3031 5113 3374 5169 llebrteorum
3417 5116 3585 5172 tradi-

2011 5200 2212 5254 tionem
2236 5199 2291 5254 hi
2323 5200 2676 5269 perhibentur
2700 5212 2966 5258 auctores.
3015 5203 3226 5258 Primus
3250 5205 3461 5275 Moyses
3503 5207 3588 5262 di-

2013 5290 2151 5344 vina:
2181 5290 2420 5345 historia:
2439 5294 2903 5363 cosmographiam
2948 5294 3000 5347 in
3030 5293 3269 5364 quinque
3305 5295 3590 5353 volumini-

2014 5383 2115 5436 bus
2138 5382 2326 5447 edidit,
2372 5383 2515 5451 quod
2555 5383 2888 5438 Pentaticum
2918 5384 3245 5438 nominatur.
3278 5385 3591 5444 Pentaticus

2013 5486 2194 5529 autem
2243 5474 2357 5527 sive
2421 5477 2813 5544 pentateuchus
2850 5492 2880 5528 a
2932 5475 3167 5543 quinque
3224 5475 3590 5534 voluminibus

2011 5568 2225 5621 dicitur.
2252 5565 2418 5622 Pente
2437 5569 2579 5622 enim
2606 5568 2792 5623 Graece
2819 5569 3074 5637 quinque,
3101 5571 3323 5625 teuchus
3344 5570 3590 5626 volumen

2015 5667 2257 5711 vocatur.
2287 5650 2500 5713 Ce‘nesis
2529 5659 2664 5713 liber
2694 5659 2816 5712 inde
2842 5660 3158 5728 appellatur,
3184 5676 3250 5715 co
3274 5662 3419 5731 quod
3438 5675 3594 5717 exor-

2012 5752 2158 5806 dium
2194 5752 2398 5818 mundi,
2440 5760 2491 5807 et
2522 5751 2795 5821 generatio
2839 5751 3018 5806 sa'culi
3048 5752 3100 5805 in
3129 5767 3193 5804 eo
3234 5753 3590 5808 contineatur.

3084 5843 3120 5902 lt
