4064 6206
551 203 654 256 ll}?
1187 207 1245 262 ll.
1289 207 1540 264 ΒᾹΒΑΝΙ
1580 207 1795 264 ΜᾹΕΗΙ
1831 208 2094 264 MlCllllil

2195 211 2500 268 MOGUNT.
2539 213 2822 272 OPERUM
2865 217 3039 274 PARS
3079 220 3138 276 ll.
3692 232 3802 288 {03

551 319 764 373 Erodus
793 334 921 374 vero
955 321 1155 375 exitum
1182 321 1252 375 ab
1295 323 1552 394 Aigypto,
1601 338 1985 394 egressumque
2021 338 2119 392 po-
2150 329 2192 386 Α
2225 336 2402 380 autem
2434 327 2622 396 psalmi
2649 333 2788 400 apud
2823 332 3076 389 llebrmos
3124 337 3351 392 metrico
3377 344 3619 400 carmine
3665 361 3801 404 con-

547 409 654 479 puli
677 409 840 464 lsrael
867 410 1080 480 digerit,
1111 420 1166 466 et
1195 427 1257 466 ca
1291 427 1452 466 causa
1490 430 1684 469 nomen
1714 415 1941 484 accepit.
1974 413 2122 468 Leri-
2223 426 2367 471 stant
2396 433 2515 473 esse
2539 423 2842 490 compositi.
2878 423 3008 480 Nam
3035 426 3088 480 in
3121 443 3322 482 morem
3355 429 3584 488 Romani
3612 435 3798 496 Flacci

545 502 679 554 tiens
727 499 1041 570 appellatus.
1084 517 1148 556 eo
1191 503 1334 572 quod
1376 503 1681 558 Levitarum
1729 503 2025 559 ministeria
2066 513 2123 558 et
2221 510 2470 567 etGrarci
2497 511 2710 568 Pindari
2739 531 2882 572 nunc
2909 517 3140 577 iambico
3162 533 3402 589 currunt,
3431 541 3574 583 nunc
3592 529 3798 588 alcaico

544 589 910 645 diversitatem
943 589 1284 646 victimarum
1329 594 1632 662 exequitur,
1684 601 1934 664 totusque
1970 593 2023 648 in
2055 609 2094 648 et

2217 617 2528 672 personant,
2562 622 2705 662 nunc
2729 611 2893 664 satieo
2919 619 3122 675 tonant,
3154 613 3401 670 trimetro
3429 618 3510 674 vel
3525 628 3794 678 tetramc-

535 680 678 734 ordo
705 680 976 735 Leviticus
1005 691 1311 738 annotatur.
1347 679 1704 739 Numerorum
1731 685 1862 740 liber
1896 695 2121 741 vocatur
2221 704 2302 749 u-o
2322 697 2458 765 pede
2481 697 2808 754 incedentes,
2837 699 3089 756 Salomon
3107 702 3249 758 ﬁlius
3273 705 3438 760 Dav”
3465 710 3608 780 regis
3627 711 3794 768 Israel

543 787 628 836 co,
656 772 797 841 quod
841 773 893 826 in
925 788 990 827 eo
1017 788 1248 843 egressa:
1295 776 1361 829 de
1395 775 1630 848 Egypto
1657 776 1828 832 tribus
1873 778 2118 832 dinume-

541 873 750 928 rantur,
783 872 837 919 et
881 866 1238 936 quadraginta
1288 867 1516 921 duarum
1560 884 1656 938 per
1688 883 1928 923 eremum
1965 885 2118 924 man-

541 953 754 1006 sionum
791 954 842 1006 in
871 969 938 1009 eo
965 955 1258 1026 descriptio
1291 957 1618 1011 continetur.
1653 957 2114 1014 Deuteronomium

537 1039 727 1095 Graeco
739 1057 986 1097 sermone
1000 1044 1316 1114 appellatur,
1341 1045 1481 1116 quod
1503 1045 2112 1117 Latincinterpretatur,

538 1131 764 1184 secunda
809 1131 913 1197 lex,
962 1133 1013 1187 id
1063 1143 1169 1198 est,
1220 1135 1487 1204 repetitio,
1531 1145 1589 1190 et
1619 1136 1942 1207 evangelica:
1982 1137 2114 1209 legis

536 1219 898 1290 prmﬁgnratio
933 1240 946 1276 :
978 1223 1067 1292 qui
1095 1223 1174 1278 sic
1202 1238 1264 1278 ea
1296 1223 1478 1290 habet,
1503 1240 1622 1293 qure
1655 1227 1835 1296 priora
1875 1236 2023 1292 sunt,
2057 1238 2114 1282 ut

535 1324 715 1366 tamen
744 1329 878 1365 nova
903 1315 1008 1367 sint
1031 1313 1236 1378 omnia,
1262 1330 1380 1383 qum
1402 1315 1454 1369 in
1477 1329 1540 1370 eo
1565 1328 1923 1386 reponuntur.
1951 1317 2114 1372 Josue

535 1405 666 1456 liber
696 1420 889 1459 nomen
917 1405 1124 1474 accepit
1149 1420 1179 1458 a
1223 1403 1350 1460 Jcsu
1397 1405 1508 1462 lilio
1553 1407 1716 1472 Nave,
1751 1406 1904 1477 cuius
1947 1409 2113 1464 histo-

533 1496 671 1549 riam
695 1497 971 1550 continet:
1011 1497 1329 1568 scriptorem
1359 1515 1484 1555 vero
1521 1499 1762 1568 ejusdem
1799 1498 1961 1555 Josue
1989 1515 2110 1556 esse

536 1587 742 1642 llebmi
768 1599 1035 1644 asserunt.
1071 1587 1126 1644 ln
1159 1590 1310 1661 cujus
1337 1599 1482 1645 textu
1511 1599 1631 1662 post
1652 1589 1902 1645 Jordanis
1925 1591 2112 1646 transi-

2209 785 2364 856 jnxta
2405 803 2686 843 numerum
2725 791 3102 846 vocabulorum
3131 799 3350 850 suorum
3381 798 3480 853 tria
3517 801 3795 860 volumina

2215 874 2400 930 edidit.
2433 874 2670 942 Quorum
2699 879 2906 946 primus
2929 889 3012 936 est
3036 881 3263 938 Masloth
3293 900 3452 954 quem
3478 887 3651 946 Graeci
3682 890 3798 947 Pa-

2216 965 2446 1034 rabolas,
2475 965 2652 1023 Latini
2683 967 2962 1026 Prouerbia
2989 974 3268 1030 nominant
3294 991 3310 1030 :
3333 991 3398 1033 eo
3423 981 3568 1048 quod
3594 982 3648 1036 in
3674 984 3796 1054 ipso

2215 1054 2328 1130 sub
2349 1061 2713 1127 comparativa
2759 1061 3114 1120 similitudine
3143 1065 3343 1136 ﬁguras
3391 1070 3680 1128 verborum
3739 1083 3798 1130 et

2215 1145 2476 1217 imagines
2499 1148 2744 1206 veritatis
2791 1153 3050 1219 ostendit,
3075 1155 3244 1226 ipsam
3277 1167 3458 1214 autem
3505 1163 3793 1220 veritatem

2211 1237 2278 1292 ad
2319 1239 2722 1311 intelligendum
2755 1242 3061 1312 legentibus
3106 1251 3425 1304 reservavit.
3479 1251 3796 1311 Secundum

2212 1327 2406 1383 librum
2434 1329 2640 1386 Coeleth
2671 1336 2905 1396 vocavit,
2933 1337 3024 1404 qui
3065 1335 3251 1393 Graece
3279 1337 3623 1398 Ecclesiastes
3651 1346 3795 1401 dici-

2212 1427 2320 1484 tur,
2353 1419 2541 1476 Latine
2588 1423 2942 1479 Concionator
2965 1442 2986 1480 :
3015 1441 3080 1482 eo
3105 1430 3249 1498 quod
3303 1445 3483 1486 sermo
3517 1431 3635 1502 ejus
3681 1451 3795 1492 non

2210 1513 2514 1582 specialiter
2526 1515 2592 1568 ad
2614 1531 2799 1580 unum,
2819 1516 3024 1573 sicutin
3041 1517 3370 1586 Proverbiis,
3396 1523 3490 1578 sed
3520 1524 3575 1582 in
3598 1526 3796 1582 adver-

2211 1621 2300 1662 sus
2313 1609 2638 1678 generaliter
2651 1609 2931 1681 dirigatur,
2948 1611 3148 1667 docens
3165 1615 3347 1669 omnia
3370 1629 3489 1683 quae
3509 1617 3560 1671 in
3588 1619 3794 1675 mundo

534 1687 645 1732 tum
673 1693 835 1748 regna
863 1678 1094 1732 hostium
1124 1681 1530 1744 subvertantur,
1559 1691 1700 1734 terra
1739 1680 1934 1749 populo
1979 1679 2094 1734 divi

2214 1699 2502 1761 cernimus,
2523 1698 2726 1753 caduca
2740 1678 2859 1756 esse
2873 1707 2931 1755 et
2941 1702 3123 1756 brevia
3149 1711 3206 1759 et
3223 1705 3408 1761 obhoc
3438 1707 3657 1764 minime
3693 1725 3794 1780 ap-

532 1770 695 1824 ditur.
724 1779 778 1824 et
809 1785 906 1839 per
934 1771 1171 1841 singulas
1197 1773 1376 1836 urbes,
1429 1772 1656 1837 vienlos,
1693 1781 1902 1827 montes
1945 1783 2108 1842 atque

530 1860 760 1912 conﬁnia
787 1870 842 1914 et
877 1861 1119 1917 ecclesia:
1149 1861 1492 1932 cmlestisquc
1517 1861 1816 1918 Jerusalem
1845 1863 2108 1934 spiritalia

531 1951 960 2020 praetigurautur.
1019 1951 1271 2006 Iudicum
1325 1954 1633 2009 nominatur
1691 1971 1720 2008 a
1778 1955 2110 2026 principibus

534 2042 733 2112 populi,
758 2043 847 2114 qui
870 2043 1202 2112 pneluerunt
1233 2045 1284 2099 in
1310 2045 1469 2101 Israel
1487 2055 1607 2117 post
1629 2045 2106 2119 Moysenetlosue,

529 2145 816 2202 antequam
847 2133 976 2189 Saul
1004 2143 1059 2189 et
1083 2135 1251 2190 David
1295 2145 1350 2192 et
1399 2139 1582 2194 caeteri
1609 2154 1760 2207 reges
1788 2139 2104 2193 existerent.

526 2223 679 2278 llunc
703 2226 894 2279 librum
915 2226 1146 2282 edidisse
1175 2228 1414 2283 creditur
1445 2229 1678 2284 Samuel.
1713 2229 1864 2282 Liber
1896 2229 2108 2284 Samuel

525 2316 762 2384 ejusdem
819 2316 1084 2371 Samuelis
1141 2319 1490 2372 nativitatem
1523 2328 1578 2373 et
1637 2318 1995 2373 saccrdutium
2051 2327 2106 2372 et

526 2415 674 2476 gesta
715 2407 972 2462 describit
1023 2425 1035 2460 :
1091 2407 1294 2462 idcirco
1317 2417 1370 2462 et
1410 2409 1478 2462 ab
1519 2424 1584 2464 eo
1629 2423 1825 2462 nomen
1873 2406 2100 2476 accepit.

527 2499 590 2552 Et
613 2497 861 2568 quamvis
885 2497 972 2551 hic
1001 2496 1137 2552 liber
1169 2497 1297 2552 Saul
1344 2507 1400 2552 et
1436 2497 1604 2552 David
1629 2498 1908 2552 historiam
1937 2498 2106 2555 conti-

528 2597 652 2642 neat
687 2605 700 2640 :
748 2595 926 2642 tamen
973 2587 1042 2642 ad
1085 2586 1306 2642 Samuel
1353 2586 1607 2652 refertur,
1645 2587 1771 2656 quia
1803 2587 1917 2656 ipse
1949 2588 2104 2642 unxit

527 2675 656 2730 Saul
702 2676 755 2730 in
796 2690 1039 2746 regnum,
1074 2675 1189 2746 ipse
1215 2675 1382 2730 David
1413 2675 1466 2730 in
1493 2690 1672 2748 regem
1703 2674 1962 2730 futurum.
1996 2675 2099 2731 Cu-

518 2765 608 2837 jus
630 2754 750 2820 libri
774 2766 1002 2836 primam
1032 2774 1236 2836 partem
1269 2765 1591 2836 conscripsit
1615 2763 1852 2831 Samuel,
1875 2779 2098 2835 sequen-

527 2859 598 2912 tia
633 2873 761 2912 vero
786 2857 905 2928 ejus
927 2872 1100 2926 usque
1126 2855 1194 2910 ad
1217 2855 1418 2911 calcem
1454 2854 1671 2925 scripsit
1699 2854 1885 2910 David.
1931 2853 2102 2908 Mala-

521 2951 655 3002 rln'm
679 2947 808 3002 liber
833 2947 1060 3016 proinde
1082 2945 1400 3017 appellatur,
1431 2959 1496 3000 eo
1521 2945 1660 3016 quod
1686 2960 1840 3016 reges
1867 2944 2018 3000 Judze
2041 2953 2096 3000 et

2209 1789 2458 1856 petenda.
2485 1788 2726 1844 Tertium
2757 1789 2953 1845 librum
2973 1790 3242 1848 Sirasirim
3272 1799 3611 1864 prtenotavit,
3635 1801 3788 1870 quod

2209 1875 2262 1929 in
2295 1875 2540 1931 Latinam
2569 1877 2805 1948 linguam
2835 1880 3084 1946 vertitur,
3117 1880 3390 1938 Canticum
3417 1889 3740 1944 canticorum
3771 1904 3792 1942 :

2208 1967 2297 2021 ubi
2327 1983 2424 2036 per
2446 1968 2852 2037 epithalamium
2871 1977 3090 2026 carmbn
3119 1973 3552 2043 conjunctionem
3577 1977 3790 2036 Chriin

2207 2069 2261 2114 et
2287 2060 2540 2116 Ecclesiae
2566 2061 2794 2132 mystice
2824 2063 2992 2116 cauit.
3025 2063 3235 2118 Dictum
3278 2075 3457 2122 autem
3501 2067 3791 2126 Canticum

2207 2151 2541 2205 canticorum
2572 2169 2585 2205 :
2613 2166 2678 2206 eo
2726 2153 2869 2222 quod
2911 2155 3165 2210 omnibus
3192 2157 3419 2212 canticis
3440 2159 3790 2228 prteleratur,

2205 2254 2326 2308 quae
2355 2241 2408 2294 in
2437 2240 2734 2312 Scripturis
2755 2243 2928 2298 sacris
2965 2244 3231 2299 habentur
3256 2264 3268 2300 :
3301 2247 3443 2302 sicut
3461 2250 3705 2319 quaedam
3733 2251 3792 2305 in

2205 2329 2322 2401 lege
2370 2333 2626 2388 dicuntur
2678 2344 2896 2400 sancta,
2933 2337 3128 2406 quibus
3173 2337 3376 2409 majora
3427 2349 3552 2394 sunt
3595 2352 3788 2396 sancta

2203 2431 2532 2477 sanctorum.
2563 2423 2764 2479 llorum
2790 2435 2970 2479 autem
3001 2425 3162 2480 trium
3212 2426 3472 2482 libI'Ol‘ll.“
3532 2431 3787 2486 carmina

2204 2511 2534 2567 hexametris
2561 2522 2616 2567 et
2649 2513 3002 2584 pentametris
3029 2517 3278 2572 versibus
3314 2519 3454 2588 apud
3475 2535 3602 2574 suos
3626 2535 3786 2576 com—

2201 2602 2375 2670 posita
2428 2604 2818 2672 perhibentur,
2871 2616 2932 2662 ut
2981 2605 3251 2678 Iosephus
3311 2620 3367 2665 et
3423 2611 3790 2684 Hieronymus

2200 2691 2462 2746 scribunt.
2495 2692 2660 2749 Isaias
2720 2696 3060 2766 Evangelista
3091 2699 3270 2767 potius
3297 2715 3457 2770 quam
3510 2700 3785 2772 Propheta

2199 2780 2368 2836 edidit
2391 2781 2586 2838 librum
2618 2800 2796 2850 suum,
2825 2784 2982 2854 cujus
3005 2787 3182 2844 omnis
3233 2797 3412 2844 textus
3455 2789 3787 2860 eloquentia:

2197 2885 2357 2940 prosa
2396 2872 2596 2928 incedit
2625 2893 2638 2928 :
2667 2875 2950 2931 Canticum
2980 2892 3113 2933 vero
3152 2878 3469 2934 hexametro
3511 2890 3566 2935 et
3587 2892 3786 2952 penta-

2197 2971 2371 3018 metro
2425 2979 2596 3020 versu-
2636 2966 2912 3022 discurrit.
2965 2967 3266 3024 Hieremias
3311 2970 3560 3026 similiter
3609 2973 3785 3030 edidit

521 3039 828 3096 Israelitica:
854 3038 1030 3110 gentis
1053 3046 1311 3110 gestaque
1331 3051 1516 3092 eorum
1549 3051 1644 3106 per
1679 3036 1922 3090 ordinem
1944 3035 2092 3108 dige-

2197 3056 2392 3111 librum
2416 3072 2572 3112 suum
2600 3073 2724 3114 cum
2749 3059 3002 3126 Thrcuis,
3030 3061 3173 3131 quod
3205 3077 3305 3117 nos
3325 3063 3581 3118 Lamenta
3611 3079 3782 3119 voca-

519 3138 602 3184 rat
636 3140 952 3198 temporum.
985 3127 1193 3182 Maloch
1219 3127 1360 3186 enim
1385 3124 1668 3191 llebraice,
1697 3122 1890 3178 Latine
1917 3139 2090 3194 regum

523 3221 930 3289 interpretatur.
955 3217 1108 3272 Hunc
1131 3217 1324 3271 librum
1349 3215 1612 3272 Jeremias
1629 3213 1838 3286 primus
1859 3213 1912 3267 in
1931 3228 2096 3267 unum

516 3313 765 3368 volumen
800 3312 996 3383 coegit.
1026 3311 1161 3366 Nam
1189 3319 1348 3366 antea
1395 3327 1614 3382 sparsus
1638 3321 1755 3366 erat
1785 3327 1880 3382 per
1907 3307 2096 3379 singu-

513 3403 686 3458 lorum
717 3417 902 3471 regum
937 3401 1210 3456 historias.
1259 3400 1696 3472 Paralipomenon
1732 3403 1920 3458 Graece
1957 3399 2095 3456 dici-

515 3503 622 3558 tur,
652 3494 794 3562 quod
823 3507 922 3547 nos
952 3493 1424 3564 prmtermissorum
1453 3491 1532 3546 vel
1566 3492 1880 3564 reliquorum
1912 3492 2093 3547 dicere

517 3597 802 3652 possumus
827 3603 839 3636 :
866 3581 1138 3652 quomodo
1167 3595 1254 3648 ea,
1277 3598 1397 3653 qute
1421 3582 1474 3636 in
1499 3580 1753 3636 Samucle
1783 3581 1866 3636 vel
1885 3581 2090 3652 Regum

520 3671 673 3726 libris
699 3671 784 3726 vel
829 3671 1026 3726 omissa
1050 3669 1134 3725 vel
1164 3687 1268 3726 non
1295 3671 1452 3742 plene
1491 3671 1658 3726 relata
1694 3681 1838 3737 sunt,
1882 3671 1935 3726 in
1987 3672 2093 3726 isto

513 3765 825 3820 summatim
869 3779 933 3819 ac
955 3763 1194 3819 breviter
1211 3763 1566 3835 explicantur.
1594 3762 1814 3818 Librum
1841 3761 1942 3818 Job
1965 3765 2089 3834 qui-

517 3859 640 3926 dam
694 3856 912 3929 Moysen
946 3855 1232 3926 scripsisse
1271 3855 1625 3922 arbitrantur,
1670 3855 1760 3911 alii
1812 3872 1978 3912 unum
2021 3872 2090 3912 ex

2197 3165 2339 3214 mus,
2373 3163 2439 3204 eo
2486 3151 2630 3220 quod
2682 3151 2736 3206 in
2799 3151 3130 3207 tristioribus
3175 3153 3336 3208 rebus
3390 3152 3786 3224 funeribuSque

2195 3240 2558 3296 adhibeantur
2591 3258 2604 3294 :
2634 3241 2688 3294 in
2719 3241 2914 3310 quibus
2966 3241 3294 3312 quadruplex
3347 3242 3559 3298 diverso
3599 3253 3785 3298 metro

2115 3377 2136 3398 ,
2194 3333 2500 3401 composuit
2549 3332 2914 3402 alphabetum,
2961 3348 3193 3402 quorum
3243 3333 3352 3389 duo
3395 3333 3570 3403 prima
3617 3335 3781 3404 quasi

2194 3421 2364 3479 salice
2394 3432 2570 3478 metro
2593 3423 2794 3494 scripta
2857 3433 2980 3478 sunt
3015 3442 3028 3478 :
3056 3425 3150 3494 qui
3201 3432 3310 3478 tres
3351 3423 3650 3480 versiculos
3679 3425 3779 3496 qui

2192 3515 2294 3572 sibi
2327 3515 2450 3571 nexi
2492 3523 2618 3570 sunt
2665 3523 2722 3568 et
2770 3514 2838 3568 ab
2893 3530 2997 3568 una
3030 3523 3238 3569 tantum
3283 3513 3460 3568 littera
3485 3513 3778 3584 incipiunt,

2191 3604 2468 3660 heroicum
2513 3617 2724 3657 comma
2775 3601 3080 3657 concludit;
3129 3602 3371 3657 Tertium
3424 3602 3777 3672 alphabetum

2192 3694 2440 3749 trimetro
2459 3692 2720 3765 scriptum
2741 3700 2844 3756 est,
2869 3700 2926 3748 ct
2950 3707 2981 3746 a
3008 3691 3166 3748 trinis
3183 3691 3402 3758 litteris,
3431 3693 3484 3748 id
3511 3702 3616 3758 est,
3643 3695 3776 3750 trini

2190 3798 2382 3840 versus
2415 3783 2698 3856 incipiunt.
2732 3781 2993 3852 Quartum
3023 3782 3367 3854 alphabetum
3387 3783 3561 3839 simile
3591 3785 3778 3855 primo

2188 3882 2244 3930 et
2267 3875 2507 3930 secundo
2533 3877 2780 3931 habetur.
2811 3873 3060 3931 Ezechiel
3111 3882 3166 3932 et
3193 3873 3378 3928 Daniel
3407 3889 3438 3928 a
3464 3874 3595 3930 viris
3646 3876 3768 3944 qui-

511 3947 814 4020 Pr0phetis,
855 3946 1095 4004 nonnulli
1136 3962 1268 4004 vero
1301 3947 1548 4004 eumdem
1574 3947 1675 4004 Joh
1711 3957 1836 4021 post
1878 3949 2086 4022 plagam
2187 3963 2416 4019 busdam
2444 3965 2780 4035 sapientibus
2823 3966 3008 4037 scripti
3035 3980 3157 4022 esse
3201 3963 3573 4037 perhibentur.
3625 3965 3773 4033 Quo-

507 4056 620 4096 snte
675 4038 946 4110 passionis
995 4038 1318 4109 scriptorem
1379 4038 1497 4110 ejus
1542 4037 1710 4096 fuisse
1750 4040 2086 4108 existimant,
2187 4069 2308 4109 rum
2339 4054 2586 4111 Ezechiel
2608 4057 2871 4126 principia
2899 4065 2955 4112 et
2984 4057 3108 4113 linis
3137 4059 3324 4116 multis
3363 4059 3629 4116 habentur
3669 4059 3775 4117 ob.

509 4131 836 4225 ηπξῦίιγθηῑοξ
883 4139 944 4186 ιιι
981 4130 1074 4201 ειυί
1119 4129 1416 4186 “mamilla
1470 4129 1730 4225 SPl'ilaliS
1776 4146 1973 4225 pugnas
1996 4147 2086 4225 εν*
2187 4147 2803 4204 scuritatibusinvoluta.
2825 4149 3416 4224 Danielsyrosermone
3432 4167 3594 4225 regna
3613 4153 3776 4212 orbis

509 4222 734 4287 stinuit,
801 4223 916 4292 ipse
970 4228 1259 4287 narraret,
1307 4237 1443 4292 quas
1491 4221 1748 4276 victorias
1799 4223 2080 4292 expetivit.

505 4311 775 4382 Principia
799 4319 976 4366 autem
995 4320 1052 4366 et
1074 4311 1196 4368 nnis
1216 4312 1335 4367 libri
1362 4311 1462 4366 Job
1482 4311 1621 4382 apud
1644 4311 1897 4368 llebrazos
1919 4327 2080 4383 prosa

502 4404 748 4458 oratione
763 4412 846 4456 tex
857 4411 906 4456 ta
923 4411 1048 4458 sunt
1065 4421 1078 4457 :
1095 4403 1270 4457 media
1281 4411 1458 4458 autem
1475 4403 1642 4474 ipsius
1657 4404 1724 4458 ab
1737 4418 1802 4458 eo
1818 4403 1956 4469 loco,
1973 4419 2082 4475 quo

505 4492 583 4545 ait
605 4511 619 4549 ;
651 4490 837 4546 Pereat
854 4491 984 4558 dies,
1015 4493 1070 4547 in
1086 4509 1188 4564 qua
1211 4503 1364 4547 natus
1383 4509 1498 4546 sum
1521 4491 1663 4564 (Job.
1691 4492 1804 4565 ut);
1824 4509 1993 4564 usque
2014 4496 2081 4551 ad

505 4597 630 4638 eum
656 4581 852 4645 locum,
882 4583 971 4637 ubi
1000 4583 1129 4638 dicit
1159 4598 1173 4638 :
1210 4583 1415 4637 Idcirco
1462 4584 1570 4653 ipse
1616 4599 1698 4639 me
1741 4584 2078 4654 reprehendo,

505 4684 554 4727 et
583 4687 682 4742 ago
703 4673 1057 4742 pwnitentiam
1087 4671 1231 4744 (Job.
1257 4672 1422 4742 xui);
1449 4673 1632 4728 omnia
1661 4673 1880 4728 heroico
1910 4685 2084 4729 metro

500 4763 772 4819 discurrit.
816 4760 1148 4816 Psalmornm
1201 4762 1322 4816 libri
1367 4761 1554 4818 Gt'tece
1599 4761 1936 4830 Psalterium,
1977 4763 2084 4818 Ile-

499 4851 682 4908 braice
717 4849 914 4915 Nabla,
938 4850 1128 4906 Latine
1156 4849 1424 4922 Organttm
1453 4851 1669 4915 dicitur.
1697 4850 1931 4908 Vocatus
1977 4869 2074 4908 au-

500 4951 608 4998 tem
644 4939 974 4996 Psalmorum
1007 4941 1160 5008 liber,
1191 4943 1334 5012 qqu
1371 4958 1479 4997 uno
1526 4941 1794 5014 Propheta
1846 4955 2076 5001 canente

499 5033 566 5087 ad
592 5031 909 5088 Psalterium
937 5031 1138 5088 cllbrus
1183 5032 1516 5088 concinendo
1567 5034 1934 5104 responderet.
1981 5035 2074 5090 Ti-

499 5121 642 5180 tulus
685 5133 864 5180 autem
913 5123 967 5184 in
1014 5122 1236 5194 psalmis
1291 5123 1574 5180 hebraicns
1619 5121 1692 5180 ita
1731 5134 1858 5180 est:
1898 5125 2066 5196 isphr.

499 5213 610 5270 tha.
639 5212 769 5270 blm.
814 5215 957 5286 quod
1007 5216 1412 5286 interpretatur,
1443 5216 1682 5271 uolumen
1731 5217 2063 5288 hymnorum.

494 5303 758 5361 Auctores
787 5313 964 5361 autem
989 5305 1318 5377 psalmorum
1350 5307 1440 5376 qui
1471 5318 1742 5376 ponuntur
1775 5307 1827 5364 in
1859 5309 2064 5365 titulis:

498 5392 707 5465 lloyses
726 5395 950 5460 scilicet,
979 5407 1029 5452 ct
1061 5396 1104 5451 D
1124 5399 1226 5454 :vid
1255 5407 1307 5452 et
1338 5397 1612 5464 Salomon,
1643 5400 1848 5471 Asaph,
1871 5401 2066 5468 Ethan,

494 5494 551 5542 et
576 5483 806 5548 ltlithun,
837 5495 890 5541 et
939 5487 1030 5541 lilii
1067 5487 1262 5554 Chore,
1293 5487 1462 5544 Eman
1491 5489 1813 5554 Ezrabclita,
1849 5500 1906 5544 ct
1947 5491 2069 5545 reli-

496 5577 588 5649 qui
608 5591 744 5647 quos
769 5577 967 5635 Esdras
989 5595 1094 5635 uno
1113 5581 1382 5637 volumine
1407 5581 1834 5654 comprehendit.
1869 5582 2070 5640 Onmcs

2186 4239 2502 4309 pronuntiat
2521 4249 2578 4296 et
2623 4248 2838 4312 tempus
2882 4242 3146 4299 adventus
3189 4242 3390 4300 Christi
3432 4243 3771 4301 manifestis-

2187 4329 2322 4385 sima
2351 4329 2735 4401 praedicatione
2763 4339 3007 4386 annotat.
3035 4332 3098 4386 Hi
3123 4341 3250 4387 sunt
3273 4341 3507 4404 quatuor
3523 4332 3758 4404 Prophe-

2192 4426 2276 4482 ιω,
2309 4419 2402 4487 qui
2457 4419 2688 4490 Majores
2730 4429 3010 4486 vocantur,
3043 4422 3169 4492 quia
3218 4420 3428 4492 prolixa
3484 4423 3767 4478 volumina

2188 4508 2564 4564 condiderunt.
2590 4509 2752 4564 Liber
2771 4509 3050 4566 duodecim
3073 4511 3462 4581 Pwphetarum
3475 4521 3770 4570 auctorum

2189 4612 2412 4652 suorum
2458 4599 2762 4655 nominibus
2785 4609 3134 4670 praenotatur,
3158 4602 3247 4672 qui
3271 4612 3552 4673 propterea
3566 4603 3639 4658 dit
3654 4619 3770 4659 un-

2193 4695 2280 4741 tur
2326 4687 2578 4754 Minores,
2611 4689 2736 4758 quia
2789 4704 3069 4746 sermones
3117 4705 3305 4746 eorum
3361 4693 3554 4748 breves
3609 4702 3764 4748 sunt.

2191 4775 2348 4832 Unde
2371 4786 2426 4833 et
2452 4779 2682 4833 connexi
2727 4779 2944 4835 sibimet
2989 4781 3216 4836 invicem
3247 4781 3301 4836 in
3331 4797 3438 4837 uno
3485 4781 3770 4840 volumine

2183 4866 2548 4922 continentur.
2597 4866 2837 4934 Quorum
2892 4869 3111 4926 nomina
3165 4880 3335 4924 sunt:
3373 4869 3530 4936 Osee,
3576 4868 3765 4938 Johel,

2181 4954 2370 5020 Amos,
2393 4955 2612 5021 Abdias,
2640 4956 2827 5022 Jonas,
2858 4957 3110 5022 Michcas,
3151 4957 3343 5023 Naum,
3391 4960 3628 5026 Abacuc,
3655 4961 3768 5018 So-

2176 5045 2426 5113 phonias,
2453 5044 2701 5116 Aggteus,
2728 5045 3017 5102 Zacharias
3037 5055 3094 5102 et
3116 5046 3421 5103 Malacltias.

2245 5133 2428 5190 Esdraa
2451 5133 2590 5194 liber
2611 5135 2848 5190 auctoris
2875 5137 2957 5190 sui
2987 5135 3141 5194 titulo
3173 5145 3522 5206 praenotatur.
3569 5137 3626 5191 lu
3652 5153 3765 5194 cu-

2166 5221 2254 5290 jus
2285 5231 2431 5276 textu
2474 5221 2713 5291 ejusdem
2741 5223 2926 5279 Esdra:
2955 5223 3294 5295 Necmimque
3339 5240 3618 5282 sermones
3661 5243 3768 5297 pa-

2173 5315 2306 5368 riter
2333 5315 2694 5370 continentur.
2719 5315 2828 5371 Nec
2847 5332 3170 5388 quemquam
3192 5329 3428 5384 moveat,
3449 5321 3590 5388 quod
3613 5337 3766 5378 uitus

2174 5404 2356 5458 Esdraa
2381 5405 2581 5460 dicitur
2617 5405 2786 5460 liber:
2813 5407 2936 5475 quia
2971 5406 3258 5472 secundus,
3285 5407 3476 5462 tertius
3501 5416 3556 5462 et
3586 5423 3766 5479 quar-

2176 5503 2261 5548 tus
2282 5511 2386 5550 non
2409 5495 2675 5552 habentur
2693 5497 2832 5566 apud
2853 5494 3128 5563 “obrutos,
3141 5497 3234 5552 sed
3257 5497 3397 5552 inter
3415 5499 3765 5568 apocrypha;

2175 5586 2520 5655 deputantur.
