4064 6206
432 428 535 480 109

1420 422 1508 477 DE
1546 419 1891 478 UNIVERSO
1927 420 2103 475 LIBRI
2140 419 2302 476 XXII.
2334 451 2403 460 ——
2440 418 2567 475 LIB.
2611 416 2676 471 V.

3577 413 3681 471 Ili)

499 535 693 590 Esther
731 532 932 590 librum
979 533 1165 589 Esaiae
1208 532 1447 589 creditur
1492 531 1878 601 conscripsisse
1902 571 1917 596 ,
1950 530 2000 584 in
2032 537 2079 596 Α
2106 539 2211 586 est.
2256 529 2519 584 Animalia
2566 536 2745 581 autem
2789 526 2930 580 dicta
2982 533 3122 587 sunt,
3155 530 3422 596 quomodo
3462 538 3685 601 propter

424 640 538 696 quo
560 621 744 679 eadem
772 624 958 694 regina
1000 624 1099 678 sub
1126 622 1297 692 ligura
1323 620 1576 678 Ecclesia:
1613 620 1712 675 Dei
1754 620 2007 692 populum

424 733 456 769 a
484 717 743 780 servitute
765 724 821 769 et
844 725 1018 770 morte
1060 714 1324 784 eripuisse
1348 712 1624 777 scribitur,
1651 720 1811 780 atque
1838 711 2005 765 inter-

424 806 572 862 fecto
594 806 788 873 Aman,
814 807 906 877 qui
930 806 1337 874 interpretatur,
1356 803 1628 874 iniquitas,
1653 802 1759 856 diei
1783 800 2006 856 celebri-

426 905 512 951 tas
543 897 596 951 in
618 905 860 966 posteros
889 895 1074 949 initur.

496 984 664 1039 Liber
689 985 964 1054 sapientiae
992 984 1131 1053 apud
1153 983 1405 1039 ﬂebrzeos
1426 996 1692 1052 nusquam
1721 987 1823 1034 est.
1859 978 2008 1034 Unde

421 1083 479 1129 ct
510 1076 624 1144 ipse
640 1074 841 1129 'titulus
880 1073 1122 1129 Cnet-am
1170 1073 1343 1145 magis
1381 1072 1738 1142 eloquentiam
1780 1070 2004 1125 redolet.

424 1165 584 1221 nunc
626 1165 793 1220 Iudzei
841 1165 1062 1220 Filionis
1108 1163 1392 1237 [Philonis]
1438 1178 1558 1219 esse
1590 1162 1879 1225 afﬁrmant,
1915 1160 2004 1230 qui

418 1256 653 1326 proinde
701 1254 990 1326 Sapientiae
1047 1253 1543 1323 nominatur:quia
1590 1253 1642 1306 in
1688 1266 1753 1306 eo
1803 1249 2004 1306 Christi

418 1347 714 1411 adventus,
741 1346 833 1415 qui
859 1358 944 1400 est
966 1345 1227 1416 sapientia
1252 1345 1449 1411 Patris,
1472 1354 1527 1399 et
1554 1344 1733 1414 passio
1759 1342 1875 1411 ejus
1900 1342 2008 1395 evi-

418 1442 619 1497 denter
643 1440 951 1510 exponitur.

490 1528 714 1584 Librum
764 1538 943 1583 autem
988 1527 1426 1583 Ecclesiasticum
1468 1526 1768 1583 certissime
1814 1523 2002 1588 Iesus,

418 1619 569 1674 ﬁlius
603 1617 820 1684 Sirach,
866 1618 1240 1689 Ierosolymita
1267 1659 1282 1684 ,
1327 1634 1495 1688 nepos
1532 1616 1660 1672 Iesu
1709 1615 2005 1671 sacerdotis

418 1711 600 1781 magni
647 1711 969 1780 composuit.
1022 1710 1122 1777 Qui
1168 1710 1305 1765 liber
1350 1708 1488 1780 apud
1520 1708 1743 1762 Latinos
1785 1714 2005 1775 propter

416 1799 616 1868 eloquii
655 1799 979 1867 parilitatem
1006 1798 1308 1853 Salomonis
1338 1797 1493 1852 titulo
1536 1803 1886 1866 przeuotatur.
1917 1794 2005 1847 Di-

2110 621 2347 675 animum
2403 619 2637 674 hominis
2692 617 3014 687 przedicatur
3070 617 3415 687 Evangelium
3460 616 3682 674 Christi.

2109 710 2242 764 Nam
2271 719 2326 764 et
2349 709 2518 763 oculis
2542 709 2696 778 plena
2727 718 2886 762 erant
2932 708 3076 762 intus
3119 717 3173 761 et
3220 706 3375 772 foris,
3415 707 3687 777 quomodo

2109 804 2401 874 prmvident
2430 802 2713 873 Evangelia
2734 843 2747 866 ,
2776 817 2895 870 qua:
2921 801 3061 855 dicta
3092 811 3217 855 sunt
3246 817 3275 854 a
3305 802 3601 872 prophetis,
3633 808 3690 855 et

2108 912 2225 965 (pne
2256 895 2575 963 promiserat
2619 895 2672 947 in
2716 894 3006 963 prioribus.
3052 892 3224 946 Crura
3271 902 3448 947 autem
3497 907 3685 947 eorum

2110 997 2274 1052 recta,
2307 988 2431 1057 quia
2463 987 2595 1041 nihil
2621 1001 2846 1057 pravum
2889 983 3177 1055 evangeliis
3204 992 3304 1037 est.
3337 983 3402 1037 Et
3444 981 3556 1037 alas
3585 982 3685 1035 ha-

2108 1076 2307 1131 bebant
2339 1093 2496 1131 senas
2527 1084 2764 1147 tegentes
2789 1090 2947 1129 crura
2979 1082 3034 1127 et
3060 1072 3224 1127 facies
3260 1087 3421 1127 suas:
3453 1070 3684 1127 revelata

2109 1174 2234 1220 suat
2259 1166 2419 1230 enim,
2452 1182 2570 1235 qua:
2596 1168 2928 1235 tegebantur,
2958 1164 3010 1218 in
3033 1165 3261 1219 adventu
3288 1163 3505 1221 Christi.

2180 1253 2522 1323 Evangelium
2547 1261 2725 1307 autem
2751 1252 3151 1322 interpretatur,
3178 1252 3310 1307 bona
3333 1252 3686 1307 annuntiatio.

2108 1342 2293 1397 (Ξτςυεθ
2332 1343 2472 1396 enim
2517 1346 2572 1398 εὐ
2622 1343 2841 1405 bonum,
2880 1342 3141 1413 Argelmn
3182 1343 3518 1398 annuntiatio
3558 1342 3690 1398 diei-

2111 1443 2214 1488 tur.
2250 1433 2373 1488 Inde
2402 1442 2455 1489 et
2486 1434 2738 1505 Angelus,
2771 1433 3006 1498 nuntius,
3052 1433 3459 1505 interpretatur.
3492 1434 3690 1489 Paulus

2109 1525 2380 1597 apostolus
2423 1542 2549 1581 suas
2599 1526 2813 1596 scripsit
2850 1525 3105 1596 epistolas
3148 1526 3583 1597 quattuordecim,
3620 1540 3686 1580 ex

2107 1616 2301 1685 quibus
2343 1630 2534 1669 novem
2584 1626 2789 1684 septem
2837 1615 3093 1671 Eeclesiis
3151 1617 3362 1688 scripsit
3398 1634 3411 1669 :
3450 1616 3687 1686 reliquas

2109 1705 2384 1773 discipulis
2409 1706 2541 1769 suis,
2570 1705 3010 1776 Timotheo,’l‘ito
3047 1716 3100 1762 et
3123 1706 3450 1763 Philemoni.
3476 1707 3558 1763 Ad
3583 1708 3687 1762 He-

2110 1794 2280 1849 lmeos
2311 1802 2487 1848 autem
2533 1795 2755 1865 epistola
2800 1798 2938 1865 apud
2984 1797 3267 1868 plerosque
3306 1798 3525 1854 Latinos
3570 1799 3687 1869 ejus

416 1901 541 1945 etus
571 1899 751 1944 autem
783 1889 1182 1943 Ecclesiasticus
1203 1930 1217 1950 ,
1246 1903 1311 1942 eo
1339 1888 1484 1958 quod
1520 1888 1587 1941 de
1617 1885 1781 1939 totius
1828 1884 2007 1939 Eccle-
2040 1877 2081 1935 Β
2110 1898 2247 1948 esse,
2279 1884 2539 1938 incertum
2585 1897 2669 1939 est
2712 1893 2930 1954 propter
2968 1884 3355 1940 dissonantiam
3400 1887 3684 1951 sermonis,

418 1981 514 2035 size
551 1980 796 2033 doctrina
842 1987 898 2033 et
936 1978 1185 2048 religiosa
1218 1976 1627 2031 conversatione
1661 1989 1850 2044 magna
1878 1990 2004 2028 cura

415 2078 473 2124 et
498 2068 712 2123 ratione
740 2069 811 2123 sit
830 2069 1027 2123 editus.
1067 2068 1163 2121 llic
1191 2076 1246 2122 et
1271 2067 1410 2138 apud
1437 2065 1691 2120 Hebrazos
1718 2065 2003 2134 reperitur,

415 2161 513 2215 sed
558 2159 704 2214 inter
746 2162 1082 2231 apocryphos
1110 2160 1361 2214 habetur.
1391 2157 1579 2212 Iudith
1622 2171 1753 2211 vero
1783 2166 1838 2210 et
1880 2155 2008 2209 Tobi

414 2259 582 2320 atque
625 2250 1050 2304 Machabrrorum
1075 2249 1197 2304 libri
1224 2249 1421 2318 quibus
1467 2246 1774 2301 auctoribus
1820 2244 2006 2314 scripti

414 2340 547 2403 sint,
579 2339 803 2394 minime
841 2346 1082 2394 constat:
1104 2338 1304 2391 habent
1327 2345 1506 2390 autem
1538 2335 1792 2390 vocabula
1821 2348 2007 2388 exeo-

416 2444 540 2482 rum
567 2428 900 2492 nominibus,
926 2443 1156 2498 quorum
1183 2436 1331 2495 gesta
1356 2426 1621 2481 scribunt.

486 2518 732 2585 Quatuor
757 2517 923 2573 libros
950 2518 1358 2589 Evangeliorum
1387 2526 1617 2586 quatuor
1654 2515 2008 2587 Evangelistte

414 2609 769 2678 singulariter
810 2609 1269 2679 conscripserunt.
1322 2607 1535 2661 Primus
1566 2605 1848 2660 Mattlueus
1877 2621 2006 2660 eon-

414 2700 634 2769 scripsit
661 2699 1011 2771 Evangelium
1042 2700 1237 2754 litteris
1268 2698 1548 2753 Hebraicis
1568 2706 1623 2753 et
1643 2696 2002 2760 sermonibus,

418 2790 473 2843 in
505 2788 693 2845 Iudam
721 2788 945 2844 mittans
993 2786 1255 2860 [initialis]
1284 2787 1654 2859 evangelizare
1682 2788 1749 2841 ab
1774 2787 2005 2840 humana

415 2876 621 2933 Christi
662 2877 978 2944 nativitate,
1024 2877 1209 2932 dicens
1244 2895 1257 2930 :
1296 2876 1450 2930 Liber
1492 2876 1841 2947 generationis
1877 2875 2005 2929 Iesu

416 2965 639 3033 Christi,
684 2967 787 3036 ﬁlii
825 2965 1020 3031 David,
1050 2966 1149 3035 ﬁlii
1177 2966 1443 3021 Abraham
1482 2964 1698 3038 (Matth.
1730 2964 1802 3035 r);
1835 2964 2003 3034 signi-

419 3060 591 3115 ﬁcans
614 3058 963 3114 descendisse
984 3058 1336 3126 corporaliter
1355 3073 1420 3112 ex
1444 3057 1651 3113 semine
1676 3057 2007 3127 patriarcha-

418 3168 539 3207 rum
585 3150 878 3212 Christum,
919 3149 1061 3204 sicut
1103 3150 1427 3219 promissum
1473 3158 1594 3204 erat
1640 3148 1694 3203 in
1728 3148 2006 3219 prophetis

2106 1974 2455 2041 eamdemque
2478 1974 2569 2027 alii
2592 1973 2894 2027 Barnabam
2919 1975 3221 2044 scripsisse,
3242 1975 3330 2030 alii
3357 1990 3385 2030 a
3413 1975 3687 2031 Clemente

2106 2065 2361 2132 scriptam
2419 2064 2585 2119 fuisse
2631 2065 2995 2134 suspicantur.
3056 2066 3249 2121 Petrus
3293 2067 3507 2136 scripsit
3550 2067 3687 2123 duas

2108 2154 2338 2209 nominis
2366 2155 2448 2208 sui
2478 2154 2746 2223 epistolas,
2776 2170 2896 2224 qua:
2925 2156 3208 2209 catholicas
3236 2156 3356 2211 ideo
3399 2156 3684 2211 nominan-

2109 2243 2380 2312 tnrzquia
2426 2258 2532 2297 non
2582 2244 2672 2297 uni
2721 2251 2928 2297 tantum
2976 2242 3172 2314 populo
3202 2243 3285 2299 vel
3328 2244 3557 2310 civitati,
3590 2246 3685 2300 sel

2108 2332 2374 2386 universis
2404 2332 2657 2403 gentibus
2681 2331 3002 2403 generaliter
3025 2333 3242 2403 scripta:
3269 2342 3415 2388 sunt.

2173 2422 2405 2479 Iacobus
2426 2433 2481 2479 et
2501 2424 2735 2480 Joannes
2763 2434 2818 2480 et
2859 2425 3028 2480 Iudas
3052 2440 3179 2481 suas
3202 2426 3536 2496 scripserunt
3573 2427 3689 2497 epi-

2105 2514 2291 2572 stolas.
2316 2515 2484 2571 Aetus
2512 2515 2874 2586 apostolorum
2898 2516 3189 2585 primordia
3218 2517 3339 2573 fidei
3365 2516 3686 2573 Christiana:

2107 2607 2160 2662 in
2191 2607 2463 2679 gentibus,
2489 2615 2546 2661 et
2572 2607 2844 2661 nascentis
2883 2606 3137 2662 Ecclesia:
3165 2607 3445 2663 historiam
3471 2608 3683 2680 digerit.

2104 2698 2337 2754 [ictuum
2358 2697 2725 2768 apostolorum
2749 2695 3070 2767 scriptorem
3099 2696 3301 2752 Lucam
3331 2711 3453 2753 esse
3477 2704 3692 2753 constat

2105 2789 2510 2861 evangelistam,
2537 2789 2588 2843 in
2612 2804 2718 2858 quo
2744 2803 2905 2864 Opere
2934 2788 3207 2844 nascentis
3230 2789 3486 2845 Ecclesia:
3518 2787 3688 2843 infan-

2107 2882 2181 2937 tia
2208 2882 2426 2947 texitur,
2454 2889 2507 2937 et
2531 2881 2894 2951 apostolorunt
2939 2879 3167 2935 historia
3217 2881 3686 2936 retineturzundc

2105 2982 2160 3027 et
2198 2972 2367 3027 Actus
2410 2972 2774 3041 apostolorum
2819 2970 3038 3026 dicitur.
3083 2969 3443 3041 Apocalypsin:
3490 2970 3687 3026 librum

2104 3063 2340 3120 Joannes
2378 3064 2712 3135 evangelista
2759 3062 2977 3134 scripsit
3022 3078 3089 3119 eo
3138 3072 3411 3135 tempore,
3442 3079 3549 3133 quo
3590 3079 3689 3134 pro

2110 3153 2386 3223 Evangelii
2421 3153 2800 3223 pranlicatione
2827 3153 2880 3208 in
2908 3154 3167 3210 Pathmos
3211 3154 3444 3209 traditur
3488 3153 3693 3225 relega-

415 3259 517 3314 ρει·
562 3241 822 3312 Spiritum
870 3248 1136 3295 sanctum.
1200 3238 1480 3294 Secundus
1526 3238 1773 3305 Marcus,
1816 3239 2005 3308 plenus
2033 3213 2075 3276 Ο
2111 3254 2215 3299 tus.
2245 3244 2595 3314 Apocalypsis
2618 3254 2798 3299 autem
2826 3258 2893 3299 ex
2923 3242 3111 3299 Graeco
3139 3244 3191 3298 in
3216 3243 3464 3299 Latinum
3493 3244 3693 3298 revela-

417 3334 627 3405 Spiritu
654 3342 868 3396 sancto,
896 3332 1118 3401 scripsit
1155 3332 1506 3403 Evangelium
1537 3331 1760 3397 Christi,
1792 3331 2007 3401 eloquio

416 3426 607 3481 Caeco
632 3443 646 3478 :
673 3425 727 3479 in
756 3424 914 3479 Italia
956 3432 1173 3479 secutus
1209 3431 1295 3478 est
1336 3422 1578 3489 Petrum,
1606 3433 1664 3477 ut
1691 3422 2003 3494 discipulus.

417 3517 468 3573 Is
507 3518 723 3571 iuitimn
753 3518 824 3572 ab
869 3516 1060 3587 spiritu
1104 3515 1408 3588 prophetali
1459 3514 1603 3581 fecit,
1633 3515 1859 3571 dicens:
1898 3515 2009 3570 νοω

417 3606 698 3660 cluniculis
731 3606 788 3659 in
820 3605 1048 3671 deserto,
1076 3616 1257 3675 parate
1281 3605 1419 3660 viam
1448 3604 1672 3660 Domino
1700 3604 1892 3676 (Marc.
1926 3608 1964 3677 ι)
1992 3624 2004 3658 :

418 3709 476 3752 ut
509 3697 820 3759 ostenderet
866 3697 1142 3752 Christum
1189 3705 1307 3767 post
1354 3696 1776 3765 assumptionem
1828 3698 2009 3752 carnis

420 3788 770 3859 Evangelium
790 3787 1114 3856 praedicasse
1136 3787 1189 3842 in
1213 3787 1433 3842 mundo.
1462 3786 1578 3856 Ipse
1598 3787 1742 3842 enim
1761 3787 2010 3843 Christus

416 3891 472 3934 et
492 3882 764 3951 propheta
790 3880 964 3935 dictus
985 3887 1088 3943 est,
1111 3879 1251 3935 sicut
1272 3878 1532 3950 scriptum
1553 3887 1638 3934 est
1663 3897 1676 3933 :
1703 3879 1773 3933 Et
1796 3880 2011 3951 ρνορΙιε-

416 3981 524 4024 tmn
548 3971 608 4024 in
632 3970 876 4041 gentibus
908 3970 1061 4040 posui
1098 3979 1167 4024 te.
1214 3968 1431 4025 Tertius
1456 3968 1628 4025 Lucas
1651 3971 1794 4026 inter
1820 3987 2010 4027 omnes

419 4061 786 4131 evangelistas
828 4059 1003 4116 Graeci
1049 4061 1317 4116 sermonis
1364 4062 1783 4125 eruditissimus,
1814 4063 2011 4134 quippe

420 4161 481 4207 ut
506 4153 751 4208 medicus
776 4152 831 4206 in
853 4151 1064 4207 Graecia
1092 4152 1442 4223 Evangelium
1472 4153 1690 4224 scripsit
1711 4153 2011 4224 Theophilo

421 4244 698 4314 episcopo,
729 4241 954 4297 initians
973 4257 1005 4296 a
1028 4241 1348 4297 sacerdotali
1379 4242 1591 4312 spiritu,
1627 4243 1813 4299 dicens
1842 4261 1855 4297 :
1882 4241 2010 4297 Fuit

420 4339 475 4391 in
512 4338 700 4392 diebus
729 4336 953 4392 Herodis
975 4336 1182 4391 Iudae:
1210 4336 1460 4391 sacerdos
1494 4333 1786 4389 Zacharias
1811 4347 1830 4385 :
1853 4333 2011 4389 Chri-

420 4439 562 4485 stum
590 4440 716 4500 post
737 4428 1076 4485 nativitatem
1095 4428 1276 4483 carnis
1298 4436 1353 4483 et
1374 4425 1812 4498 praedicationem
1836 4423 2011 4478 Evan-

420 4519 544 4588 gelii
582 4519 819 4574 hostiam
844 4517 1012 4573 fuisse
1039 4516 1288 4573 effectum
1316 4533 1414 4589 pro
1449 4516 1621 4573 salute
1647 4515 1854 4570 mundi.
1892 4514 2009 4586 Ipse

2111 3335 2186 3390 tio
2217 3335 2620 3405 interpretatur.
2652 3333 2928 3390 Revelatio
2949 3335 3093 3390 enim
3111 3334 3308 3391 dicitur
3326 3334 3691 3390 manilestatio

2109 3441 2298 3482 eorum
2342 3441 2463 3496 qua:
2506 3425 2820 3482 abscondita
2865 3434 3054 3492 erant,
3092 3424 3246 3496 juxta
3295 3426 3437 3496 quod
3484 3434 3539 3482 et
3578 3425 3693 3497 ipse

2108 3517 2345 3576 Joannes
2370 3519 2539 3576 dicit:
2562 3517 2900 3589 Apocalypsis
2944 3517 3073 3572 Iesu
3116 3516 3331 3583 Christi,
3353 3532 3512 3589 quam
3549 3516 3692 3571 dedit

2110 3612 2190 3667 illi
2214 3613 2357 3668 Deus
2399 3610 2576 3682 palam
2602 3612 2775 3683 facere
2814 3611 2974 3666 servis
3009 3611 3120 3665 suis
3162 3609 3345 3683 (Apoc.
3380 3610 3441 3681 ι).
3473 3609 3536 3664 Hi
3568 3621 3685 3666 sunt

2109 3704 2400 3775 scriptores
2428 3718 2706 3760 sacrorum
2734 3701 3015 3768 librorum,
3036 3701 3127 3773 qui
3155 3718 3254 3773 per
3274 3701 3534 3773 Spiritum
3567 3715 3694 3755 san-

2110 3804 2257 3850 ctum
2286 3795 2585 3865 loquentes,
2611 3795 2679 3849 ad
2701 3794 3055 3849 eruditionem
3085 3803 3322 3849 nostram
3347 3802 3402 3849 et
3424 3804 3704 3864 prtecepta,

2111 3887 2346 3950 vivendi,
2366 3894 2422 3941 et
2453 3886 2705 3944 credendi
2734 3885 2977 3957 regulam
3000 3884 3457 3955 conscripserunt.
3488 3884 3695 3940 Pratter

2111 3981 2226 4034 haec
2250 3979 2352 4034 alia
2382 3978 2652 4034 volumina
2685 3978 2992 4049 apocrypha
3023 3983 3418 4046 nuncupantur.
3453 3975 3691 4047 Apocry-

2110 4072 2214 4140 pha
2239 4080 2417 4125 autem
2461 4070 2627 4135 dicta,
2653 4070 2707 4125 id
2728 4078 2811 4125 est
2836 4078 3067 4133 secreta,
3095 4066 3221 4137 quia
3264 4066 3319 4121 in
3349 4066 3570 4122 dubium
3599 4083 3694 4147 ve-

2111 4162 2283 4215 niunt.
2331 4161 2427 4215 Est
2448 4159 2593 4214 enim
2638 4157 2850 4213 occulta
2881 4157 3194 4229 origo:nec
3234 4165 3384 4228 patet
3425 4157 3689 4228 patribus,

2109 4268 2140 4307 e
2164 4252 2362 4322 quibus
2406 4265 2578 4320 usque
2607 4248 2672 4305 ad
2700 4264 2801 4306 nos
2829 4248 3125 4304 auctoritas
3148 4247 3421 4304 veracium
3450 4247 3689 4319 scriptu-

2111 4358 2291 4396 rarum
2321 4341 2625 4397 certissima
2667 4350 2724 4396 et
2752 4340 3033 4396 notissima
3066 4338 3407 4395 successione
3432 4354 3693 4411 pervene-

2110 4434 2202 4488 rit.
2232 4433 2288 4488 ln
2317 4433 2403 4488 his
2446 4432 2771 4504 apocrypbis
2797 4431 2901 4488 etsi
2947 4431 3220 4487 invenitur
3258 4430 3437 4501 aliqua
3464 4430 3689 4497 veritas,

2113 4535 2291 4581 tamen
2324 4532 2547 4595 propter
2589 4522 2759 4579 multa
2786 4522 2919 4578 falsa
2952 4522 3095 4578 nulla
3120 4533 3206 4579 est
3231 4523 3283 4578 in
3311 4524 3392 4579 eis
3428 4524 3688 4580 canonica

419 4616 500 4660 εει
549 4606 697 4660 cui“!
742 4605 1016 4669 sacerdoso
1046 4605 1112 4659 de
1155 4620 1263 4674 (1υο
1308 4604 1509 4659 (“Cum
1541 4611 1625 4658 εει
1656 4603 1707 4656 in
1738 4602 1965 4657 Psalmis
1991 4620 2004 4655 ε
2036 4583 2086 4642 D
2113 4583 2440 4672 auctoritas:
2471 4615 2600 4683 Qnm
2631 4624 2778 4671 recte
2810 4631 2840 4671 a
2867 4615 3222 4686 prudentibus
3245 4612 3558 4684 iudicantur
3586 4632 3690 4670 non

424 4698 499 4751 Ta
525 4714 580 4751 es
618 4696 866 4750 sacerdos
894 4697 950 4750 in
976 4706 1227 4750 αξιοι-παθη
1267 4696 1553 4750 secundum
1590 4695 1827 4748 ordinem
1868 4693 2004 4748 Mel-

421 4785 687 4843 chisedech
735 4782 911 4856 (Psal.
953 4787 1086 4855 crs).
1144 4785 1242 4842 Ubi
1285 4785 1428 4840 enim
1475 4782 1726 4841 Christus
1768 4785 2004 4849 advenit,

421 4875 785 4932 sacerdotium
826 4873 1137 4931 Iudznorum
1163 4877 1453 4931 obmittunt
1479 4874 1812 4949 [obmutuit],
1839 4877 1924 4930 lex
1953 4886 2009 4930 et

422 4973 702 5043 prophetia
749 4972 1003 5027 cessavit.
1053 4970 1292 5038 Quartus
1317 4969 1555 5026 Ioannes
1584 4972 1802 5042 scripsit
1828 4970 2004 5024 Evan-

420 5063 617 5132 gelium
646 5061 870 5117 ultimus
891 5062 945 5116 in
975 5061 1123 5127 Asia,
1156 5062 1418 5131 incipiens
1446 5077 1476 5115 a
1506 5062 1703 5127 Verbo,
1732 5071 1791 5116 ut
1817 5071 2004 5117 osten-

421 5156 572 5210 deret
612 5155 867 5210 eumdem
901 5153 1258 5219 Salvatorem,
1283 5154 1374 5224 qui
1416 5169 1517 5225 pro
1559 5154 1713 5209 nobis
1755 5155 2008 5223 dignatus

417 5255 501 5299 est
521 5246 670 5300 nasci
693 5255 749 5299 et
770 5245 1095 5315 pati,ipsum
1117 5254 1242 5300 ante
1262 5244 1456 5299 stecula
1482 5243 1576 5299 Dei
1602 5244 1836 5299 Verbum
1862 5259 2002 5308 esse,

420 5333 594 5402 ipsum
628 5349 660 5389 c
689 5334 831 5389 ccelo
871 5335 1104 5399 venisse,
1151 5344 1205 5389 et
1249 5342 1370 5405 post
1413 5343 1642 5391 mortem
1690 5334 1757 5388 ad
1806 5334 2001 5390 caelum

416 5422 614 5476 iterum
646 5438 940 5479 remeasse.
974 5423 1039 5478 lli
1070 5432 1195 5479 sunt
1220 5431 1456 5493 quatuor
1482 5424 1845 5495 evangelistze,
1870 5441 2006 5496 quos

414 5530 517 5584 per
540 5514 883 5569 Ezechielem
927 5514 1162 5584 Spiritus
1191 5523 1411 5570 sanctus
1433 5514 1760 5585 signiﬁcavit
1792 5517 1843 5571 in
1874 5532 2007 5586 qua-

416 5616 542 5660 tuor
565 5606 914 5661 animalibus.
963 5607 1253 5677 Propterea
1283 5616 1463 5661 autem
1493 5615 1725 5675 quatuor
1751 5608 2006 5663 animalia

410 5696 711 5751 dicuntur:
736 5697 863 5766 quia
893 5709 990 5765 per
1015 5704 1252 5767 quatuor
1274 5697 1459 5751 mundi
1482 5704 1666 5765 partes
1696 5696 1829 5753 lides
1851 5696 2007 5753 Chri—

412 5786 608 5841 stiriam
659 5787 931 5857 religionis
979 5802 1166 5843 eorum
1222 5788 1606 5858 praedicatione
1657 5789 2007 5847 disseminata

2112 4723 2231 4764 esse
2250 4722 2435 4762 eorum
2457 4706 2724 4762 credenda
2737 4748 2751 4770 ,
2766 4707 2960 4778 quibus
2983 4707 3345 4763 ascribuutur.
3372 4704 3507 4761 Nam
3526 4707 3687 4760 multa

2112 4805 2169 4850 et
2213 4796 2313 4851 sub
2359 4796 2667 4850 nominibus
2706 4796 3110 4866 prophetarum,
3154 4802 3209 4849 et
3250 4794 3546 4850 recentiora
3591 4796 3688 4849 sub

2113 4886 2421 4941 nominibus
2468 4884 2834 4954 apo-telorum
2882 4885 2950 4939 ab
3000 4882 3271 4940 haereticis
3318 4882 3690 4953 proferuntur,

2114 4993 2234 5048 qua:
2278 4977 2462 5032 omnia
2501 4977 2602 5032 sub
2643 4977 2860 5032 nomine
2901 4976 3327 5047 apocryphorum
3368 4974 3695 5031 auctoritate
3760 4976 3771 4979 ⁷

2113 5069 2394 5136 canonica,
2421 5069 2660 5141 diligenti
2687 5069 3106 5129 examinatione,
3135 5076 3340 5123 remota
3369 5073 3516 5124 sunt.

2756 5222 2981 5280 CAPUT
3012 5222 3097 5276 III.

2115 5334 2290 5388 Brevis
2335 5335 2627 5397 annotatio,
2656 5350 2772 5405 quae
2798 5333 3001 5405 indicat,
3017 5333 3143 5404 quid
3171 5335 3223 5387 in
3251 5333 3450 5389 sanctis
3476 5336 3706 5391 canoni-

2590 5404 2677 5457 cis
2693 5404 2837 5457 libris
2865 5404 3192 5457 contineatur

2179 5514 2254 5569 De
2278 5514 2644 5585 disputatione
2670 5513 2830 5583 igitur
2857 5511 3068 5568 Veteris
3085 5521 3141 5567 et
3169 5511 3302 5569 Novi
3331 5513 3640 5572 Testament
3656 5520 3692 5578 ³.

2107 5607 2295 5660 ordino
2318 5604 2598 5669 librorum,
2620 5613 2675 5657 et
2696 5617 2920 5658 numero
2939 5603 3138 5658 cursim
3154 5603 3494 5676 breviterque
3519 5621 3609 5678 par
3624 5622 3689 5661 va

2109 5695 2366 5766 prommia
2391 5695 2757 5749 narrationum
2783 5693 3085 5763 subjiciam.
3109 5692 3338 5750 Genesis
3350 5693 3502 5764 juxta
3530 5696 3687 5750 ﬁdem

2112 5788 2348 5843 historiae
2374 5785 2658 5858 descripsit
2684 5783 2946 5842 fabricam
2974 5786 3176 5855 mundi,
3205 5794 3258 5843 et
3286 5786 3520 5844 hominis
3562 5802 3683 5842 con-
