4064 6206
449 304 546 357 Ill

1078 297 1141 350 Β.
1185 296 1436 354 RABANI
1475 294 1692 351 MAUlll
1734 293 2051 349 ARCIIlEP.
2096 295 2401 352 MOCUNT.
2445 296 2726 352 OPEllUM
2768 295 2946 352 PARS
2982 297 3046 352 ll.

3609 303 3711 360 ll!

441 415 723 476 ditionem,
750 411 1154 483 cataclysrnnm,
1185 421 1238 465 et
1268 411 1584 464 divisionem
1629 418 1808 474 terrae,
1841 410 2026 462 coufu-
2059 416 2102 472 Λ
2201 411 2645 481 Paralipomenon
2695 413 2835 482 apud
2865 411 3118 466 llehrmos
3145 413 3246 468 sub
3270 415 3430 470 unius
3463 415 3584 472 libri
3613 435 3714 472 voc

443 506 759 572 sione-mque
787 500 1106 572 linguarum,
1140 509 1285 569 gesta
1316 500 1744 570 patriarcharum
1767 513 1934 568 usque
1955 500 2020 552 ad

447 595 833 668 ingressionem
864 593 1024 648 Israel
1056 593 1106 646 in
1135 591 1446 663 Egyptum.

517 687 732 743 Exodus
761 685 997 739 continet
1026 683 1371 739 llebrteomm
1395 682 1730 746 servitutem,
1759 699 1824 737 ex
1853 680 2021 752 Egy-

443 792 537 850 pto
565 793 838 847 egressum
859 761 1059 847 populi,
1094 775 1286 830 nubem
1315 784 1704 846 protrgentem,
1739 775 2020 829 transitum

447 873 608 925 etiam
627 869 792 923 Rubri
810 869 992 930 maris,
1013 881 1358 935 mersumque
1372 880 1494 920 cum
1507 865 1756 920 curribus
1770 865 2018 919 Pharao-

447 979 591 1026 nem,
619 972 673 1016 et
693 961 872 1033 gloria:
899 959 1349 1020 decantationem,
1377 970 1808 1026 congressusque
1829 956 2019 1022 eremi,

444 1055 621 1110 cibum
648 1068 878 1116 maxime,
909 1061 964 1106 ct
995 1049 1192 1104 ﬂuenta
1224 1049 1276 1106 in
1307 1047 1642 1104 dulcedinem
1671 1061 1848 1112 versa,
1870 1064 2024 1102 man-

445 1148 568 1202 data
598 1147 756 1200 etiam
783 1143 1054 1212 Dccalogi,
1085 1155 1316 1212 pugnam
1345 1139 1622 1206 Amalech.
1649 1147 1704 1194 et
1735 1155 1916 1196 arcam
1940 1147 2022 1195 te-

443 1239 727 1302 stamenti,
768 1233 1264 1303 dedicationemque
1317 1229 1646 1288 tabernaculi
1692 1241 1748 1288 et
1794 1232 2022 1288 oblatio-

445 1343 586 1381 110111.

513 1419 568 1472 ln
606 1417 842 1472 Levitico
883 1424 1060 1470 autem
1091 1414 1175 1469 lex
1208 1413 1616 1476 sacrificiorum,
1644 1413 2022 1468 historiarum-

442 1528 546 1581 que
591 1511 893 1573 diversitas,
926 1509 1342 1576 indumentaque
1391 1506 1732 1577 pontiﬁcum,
1757 1497 2019 1560 et'mini-

443 1604 608 1657 stcria
637 1603 1029 1664 describuntur,
1061 1600 1301 1654 ciborum
1327 1599 1488 1652 etiam
1511 1605 1566 1652 et
1589 1598 1872 1653 diversitas
1897 1611 2023 1668 pec-

443 1708 708 1760 catorum,
737 1695 1190 1766 purgationesque
1211 1691 1290 1747 vel
1320 1692 1509 1746 hostia:
1538 1691 1876 1746 ordinantur.

513 1814 566 1868 In
601 1811 848 1866 Numeris
887 1825 1012 1865 vero
1049 1823 1280 1880 egressae
1317 1807 1384 1862 de
1422 1805 1654 1878 Egypto
1686 1805 1857 1860 tribas
1883 1821 2017 1859 cnu-

443 1911 739 1966 merantur,
787 1899 1142 1971 quadraginta
1187 1912 1403 1968 quoque
1439 1905 1494 1950 et
1521 1896 1747 1951 duarum
1778 1910 1874 1967 per
1899 1910 2020 1950 cre—

443 2007 588 2046 mum
617 1991 956 2046 mansionum
984 1995 1326 2042 sacramenta
1365 1985 1663 2054 signantur.

511 2105 564 2156 lu
592 2100 1010 2156 Deuteronomio
1025 2108 1226 2159 autem,
1251 2112 1370 2167 qum
1391 2105 1473 2152 est
1502 2095 1586 2150 lex
1607 2097 1860 2157 secunda,
1888 2112 2016 2150 nar-

442 2203 628 2247 rantur
668 2208 730 2247 ea
771 2207 892 2260 qua:
926 2191 1070 2244 inter
1112 2189 1322 2244 Pharan
1358 2194 1412 2241 et
1439 2185 1734 2252 Asseroth,
1765 2195 1820 2240 et
1849 2201 2020 2254 usque

440 2283 506 2336 ad
533 2281 874 2337 Cadcsbarue
902 2279 1096 2334 fuerint
1125 2276 1320 2348 populo
1343 2276 1486 2330 dicta
1509 2291 1538 2329 a
1563 2275 1742 2348 Moyse
1766 2276 2018 2330 mandata

438 2373 686 2429 videlicet
723 2379 885 2440 atque
910 2369 1195 2438 promissa,
1219 2367 1626 2422 maledictiones
1651 2375 2018 2435 peccatorum,

438 2459 843 2531 promissiones,
869 2455 1232 2512 beatitudines
1257 2472 1270 2508 :
1293 2454 1382 2508 ubi
1410 2454 1680 2509 canticum
1708 2454 1914 2524 Moyses
1933 2469 2020 2508 ca-

442 2556 539 2618 nit,
565 2553 653 2607 ubi
677 2553 809 2607 dicit
837 2551 1241 2606 bcnedictiones
1267 2548 1390 2602 ﬁliis
1413 2547 1579 2602 Israel
1603 2565 1616 2602 :
1646 2548 1843 2617 ibique,
1873 2557 2018 2602 terra

443 2643 873 2716 repromissionis
917 2650 1160 2712 respecta
1186 2681 1202 2706 ,
1248 2641 1479 2695 moritur
1524 2649 1690 2709 atque
1738 2639 2018 2710 sepelitur.

441 2734 690 2790 Nonnulli
724 2733 1068 2788 llebrzeornm
1095 2741 1326 2801 quatuor
1352 2729 1521 2785 libros
1543 2737 1751 2785 tantum
1793 2744 2020 2800 compu-

440 2834 558 2881 tant
585 2825 736 2896 legis,
766 2825 816 2879 id
840 2832 924 2880 est
947 2822 1225 2887 Genesim,
1256 2821 1521 2886 Exodum,
1553 2820 1872 2886 Leviticum,
1905 2819 2018 2875 Nu-

441 2932 668 2982 merum,
693 2914 1165 2971 Deuteronomimn
1192 2921 1374 2967 autem
1399 2912 1770 2981 repetitionem
1807 2926 2020 2967 eorum-

439 3009 580 3073 dem,
611 3015 666 3062 et
692 3006 844 3076 quasi
879 3004 1147 3075 quoddam
1185 3003 1318 3073 legis
1339 3002 1762 3066 meditatorimn,
1787 3015 1851 3056 ea
1881 3001 2020 3056 dun-

441 3106 590 3152 taxat
607 3097 830 3159 ratione,
849 3095 990 3164 quod
1014 3093 1086 3148 illi
1113 3101 1348 3162 quatuor
1359 3091 1605 3160 proprias
1625 3103 1818 3146 causas
1837 3103 2030 3144 rerum
2047 3101 2090 3164 ο

439 3197 712 3260 gestarum
727 3184 1027 3246 continent,
1043 3182 1144 3236 iste
1167 3190 1342 3235 autem
1356 3181 1595 3235 omnium
1613 3179 1764 3249 quasi
1778 3179 2021 3234 iterando

437 3278 700 3336 oontinet.
730 3275 788 3330 In
815 3273 942 3330 Jesu
965 3285 1180 3342 quoque
1204 3271 1343 3326 libro
1372 3271 1464 3326 lilii
1497 3271 1680 3336 Israel,
1711 3271 1846 3325 duce
1867 3269 2019 3335 Jesu,

437 3371 724 3433 Jordanem
755 3375 1054 3432 transeunt,
1077 3382 1139 3421 ac
1163 3365 1358 3421 saeculo
1378 3367 1870 3422 circumciduntur:
1895 3365 2022 3420 sub-

439 3462 716 3530 versisque
743 3458 937 3516 dehinc
961 3457 1388 3514 Chananaeornm
1412 3457 1660 3530 gentibus
1703 3457 2020 3513 divisionem

441 3536 600 3606 terra}
628 3549 962 3606 baereditatis
1001 3557 1151 3604 sorte
1173 3548 1490 3618 suscipiunt.
1529 3547 1584 3603 In
1615 3547 1752 3603 libro
1775 3547 2020 3604 Judicum

439 3638 781 3694 continentur
828 3645 1051 3708 peccata
1101 3645 1160 3692 et
1200 3636 1490 3691 servitutes
1531 3636 1720 3700 lsrael,
1746 3635 2021 3692 exclama-

365 3783 376 3792 ,
439 3731 720 3798 tionesque
743 3735 798 3784 et
825 3727 1199 3782 miserationes
1238 3725 1355 3781 Dei.
1401 3725 1561 3780 Liber
1598 3726 1742 3780 Ruth
1780 3724 2019 3796 ejusdem

438 3819 746 3878 Moabitidis
776 3818 906 3874 texit
946 3818 1252 3883 historiam,
1281 3817 1350 3872 de
1393 3815 1546 3885 cujus
1589 3817 1775 3886 stirpis
1814 3816 2019 3870 familia

440 3911 715 3968 descendit
743 3911 933 3966 David.
963 3909 1118 3966 Hunc
1158 3909 1366 3965 llebraii
1411 3909 1646 3970 libellum
1672 3907 1738 3962 ad
1771 3905 2018 3962 Indicum

441 4003 634 4059 librum
666 3999 1028 4074 subjungunt,
1058 3999 1310 4070 quoniam
1336 4014 1404 4055 eo
1429 4007 1669 4070 tempore
1709 4006 1858 4068 gesta
1901 4013 2022 4054 esse

441 4100 832 4156 memorantur,
863 4106 984 4161 quae
1014 4091 1068 4146 in
1095 4106 1160 4147 eo
1182 4091 1380 4160 scripta
1413 4099 1541 4146 snt
1561 4107 1575 4144 :
1599 4098 1656 4144 at
1678 4098 1866 4145 contra
1911 4089 1988 4144 La
2006 4123 2019 4131 -

409 4185 535 4239 'tiui
567 4199 666 4254 pro
694 4199 778 4248 eo,
809 4183 954 4252 quod
980 4197 1150 4253 genus
1172 4183 1379 4254 regium
1409 4182 1574 4237 David
1604 4182 1820 4247 retexit,
1842 4191 2019 4237 ortum

438 4294 506 4332 ex
545 4279 731 4332 eadem
771 4277 914 4332 Ruth
953 4275 1297 4341 Moabithide,
1329 4275 1397 4330 ad
1425 4289 1624 4344 corpus
1645 4274 1770 4329 libri
1802 4268 2017 4347 ltegnol

441 4381 559 4419 rum
588 4367 836 4421 veracius
863 4380 988 4420 eum
1017 4365 1292 4435 pertinere
1329 4367 1675 4420 contendunt.

471 4525 474 4528 .
511 4475 672 4531 Liber
693 4476 896 4546 Regum
923 4491 1232 4547 quanquam
1253 4476 1392 4548 apud
1415 4476 1632 4532 Latinos
1651 4486 1870 4548 propter
1895 4492 2017 4546 pro-
2043 4444 2094 4502 ι)

442 4566 700 4619 lisitatem
733 4566 812 4619 sui
845 4566 896 4618 in
935 4575 1168 4635 quatuor
1191 4566 1436 4636 partibus
1465 4566 1538 4620 sit
1576 4564 1822 4620 desertus
1851 4565 2020 4636 [dige-

439 4651 602 4724 stus],
627 4655 766 4722 apud
814 4653 1067 4710 ltebrzeos
1111 4664 1288 4710 tamen
1335 4655 1388 4709 in
1438 4656 1644 4710 duobus
1693 4655 1893 4710 divisus
1937 4664 2021 4710 est

439 4745 819 4809 voluminibus,
851 4761 1078 4814 quorum
1108 4747 1314 4815 primus
1348 4747 1562 4802 Samuel
1601 4749 1790 4804 scribit
1834 4765 2018 4804 arcam

441 4837 650 4891 Domini
681 4851 710 4890 a
737 4835 934 4892 Judaeis
964 4838 1224 4893 transisse
1251 4839 1318 4892 ad
1344 4849 1553 4911 gentes,
1584 4841 1807 4909 Helique
1833 4857 2017 4897 sacer-

437 4930 641 4984 dotium
684 4930 908 5000 mystice
951 4931 1004 4984 in
1047 4929 1348 4986 Samuelem
1398 4930 1562 4987 fuisse
1597 4932 1934 4998 translatum,
1964 4935 2016 4988 in

439 5019 607 5075 David
637 5019 814 5076 Saulis
840 5021 982 5093 regis
1013 5021 1317 5090 imperium.

509 5127 791 5184 Malachim
821 5145 949 5186 vero
973 5144 1128 5200 reges
1167 5128 1362 5186 Iudaea:
1387 5139 1441 5185 et
1484 5130 1788 5186 lsraeli.ica:
1823 5133 2012 5200 gentis,

439 5226 696 5290 gestaque
753 5235 938 5275 eorum
983 5235 1080 5291 per
1133 5220 1376 5276 ordinem
1427 5221 1623 5292 digerit
1673 5230 2012 5292 temporum:

442 5309 720 5382 ipsumque
763 5311 926 5365 lsrael
972 5312 1042 5367 ob
1087 5325 1328 5368 errorem
1373 5312 1684 5368 idololatria!
1712 5321 1932 5366 enarrat
1960 5314 2011 5368 in

439 5397 688 5468 Assyrios
739 5401 1175 5474 transmigratum
1201 5419 1214 5454 :
1241 5401 1308 5456 ad
1341 5411 1643 5457 extremum
1689 5405 1881 5456 edocet
1925 5419 2016 5458 re-

441 5488 585 5544 nissc
599 5486 1094 5548 Nabuchodonosor
1111 5490 1430 5556 Jerusalem,
1459 5502 1780 5562 captumque
1797 5493 2014 5548 duxisse

441 5579 730 5648 priuripem
761 5598 821 5636 ac
847 5582 1122 5652 populum,
1155 5593 1204 5637 et
1233 5577 1555 5638 subvenisse
1581 5581 1764 5636 urbem
1793 5591 1846 5636 cl
1877 5589 2010 5636 tem-

441 5673 580 5740 plum
599 5711 611 5722 .

2127 500 2328 556 lumine
2353 503 2682 567 continetur,
2709 501 3741 575 appellaturqueabeisDibrehaiamim,

2128 590 2178 644 id
2204 599 2288 644 est
2335 588 2512 645 Verba
2546 591 2754 646 dierum
2782 609 2794 646 :
2821 593 2960 662 apud
2989 607 3088 649 nos
3116 603 3296 648 autem
3323 605 3546 665 propter
3588 612 3716 668 pro-

2125 677 2388 735 lixitatem
2431 681 2512 736 sui
2560 681 2614 735 in
2659 681 2864 737 duabus
2910 683 3124 739 decisus
3166 693 3251 739 est
3293 687 3554 756 partibus.
3587 687 3716 744 Haec

2124 781 2303 825 autem
2343 771 2570 827 historia
2599 773 2842 826 ordinem
2873 773 3281 844 generationum
3317 785 3373 830 et
3410 785 3716 847 temporum

2124 865 2428 930 continens,
2455 865 2508 918 in
2531 879 2635 934 qua
2659 865 2864 919 scilicet
2895 880 3002 919 non
3034 879 3200 936 parva
3229 875 3542 923 sanctarum
3567 867 3716 924 Scri-

2123 961 2404 1023 pturarum
2443 953 2674 1010 eruditio
2718 953 3042 1010 continetur.
3075 953 3210 1010 Nam
3236 971 3358 1026 qua:
3387 957 3440 1012 in
3484 957 3711 1016 historia

2123 1043 2334 1099 Veteris
2377 1043 2705 1099 Testamenti
2735 1045 2788 1098 in
2821 1044 2952 1099 locis
2979 1045 3092 1100 suis
3121 1055 3214 1102 aut
3243 1047 3475 1104 omnino
3510 1051 3712 1107 omissa

2123 1143 2268 1201 sunt,
2299 1143 2394 1190 aut
2421 1133 2651 1192 fortasse
2676 1151 2784 1191 non
2811 1135 2968 1205 plene
2997 1138 3230 1209 digesta,
3263 1139 3318 1194 in
3341 1145 3444 1198 ista
3475 1157 3714 1198 summa-

2123 1228 2219 1282 tim
2245 1242 2310 1283 ac
2343 1227 2582 1284 breviter
2609 1229 2824 1300 expleta
2851 1239 2993 1286 sunt.
3031 1231 3198 1303 Cujus
3237 1235 3454 1302 quidem
3480 1237 3653 1292 series
3681 1253 3712 1292 a

2121 1318 2289 1374 latere
2334 1335 2521 1390 regum
2550 1320 2664 1376 sive
2712 1335 3000 1392 regnorum
3048 1323 3234 1390 ducta,
3278 1326 3600 1396 perveniens
3643 1327 3714 1383 ad

2123 1409 2252 1464 illud
2304 1426 2474 1480 usque
2525 1419 2752 1482 tempus,
2783 1427 2890 1483 quo
2941 1421 2998 1470 et
3041 1428 3332 1487 regnorum
3379 1425 3558 1475 textus
3593 1417 3715 1474 tini-

2122 1509 2230 1554 tur.

2189 1588 2290 1644 Job
2332 1574 2468 1645 liber
2505 1591 2747 1648 continet
2776 1591 3018 1664 ejusdem
3065 1595 3238 1650 sancti
3269 1597 3370 1652 viri
3399 1597 3592 1654 damna
3633 1599 3714 1655 fu-

2121 1687 2276 1734 nesta
2291 1679 2373 1734 vel
2390 1679 2620 1752 ﬂagella,
2643 1691 2698 1738 et
2719 1684 3106 1740 contumeliosa
3126 1686 3518 1744 consolantium
3541 1691 3711 1758 dicta,

2050 1759 2092 1818 Β
2123 1769 2354 1826 lamenta
2385 1786 2600 1842 quoque
2627 1771 2744 1843 ejus
2788 1775 2842 1829 in
2892 1776 3089 1846 quibus
3120 1778 3285 1833 totius
3313 1781 3494 1834 mundi
3525 1781 3712 1852 deplo-

2120 1871 2204 1917 rat
2243 1864 2517 1919 miseriam
2544 1883 2558 1918 :
2581 1866 2980 1924 consolationes
3019 1870 3182 1925 etiam
3223 1871 3316 1926 Dei
3346 1873 3413 1927 ad
3451 1887 3574 1928 eum
3617 1891 3716 1946 per

2121 1959 2406 2024 turbinem,
2439 1961 2664 2032 ejusque
2707 1963 2974 2033 duplicem
3005 1965 3268 2020 bonorum
3299 1966 3352 2021 in
3383 1967 3488 2023 ﬁne
3532 1984 3712 2024 remu-

2119 2049 2472 2104 nerationem.
2519 2049 2618 2105 llic
2642 2051 2804 2106 etiam
2832 2067 2897 2107 ex
2928 2053 3043 2108 suis
3068 2054 3414 2123 passionibus
3441 2065 3498 2111 ct
3531 2059 3714 2113 verbis

2117 2133 2320 2192 Christi
2345 2139 2611 2207 expressit
2635 2140 2921 2212 imaginem
2947 2155 2962 2194 :
2985 2144 3184 2212 conjux
3215 2158 3344 2198 vero
3370 2142 3491 2212 ejus
3517 2161 3714 2202 carna-

2120 2225 2248 2280 lium
2278 2235 2462 2297 typum
2490 2227 2757 2300 designat,
2787 2230 2879 2300 qui
2921 2231 3060 2286 intra
3107 2232 3405 2288 Ecclesiam
3434 2235 3593 2304 positi
3627 2237 3710 2290 vi-

2121 2329 2232 2374 tam
2280 2321 2602 2392 spiritalium
2649 2324 2890 2380 moribus
2936 2325 3050 2380 suis
3097 2327 3483 2382 seandalizant.
3531 2317 3730 2384 Amici

2121 2423 2249 2464 vero
2283 2410 2400 2480 ejus
2441 2412 2675 2482 speciem
2728 2421 2914 2468 tenent
2954 2415 3334 2471 luereticorum
3377 2433 3441 2472 ac
3483 2417 3712 2490 figuram

2119 2515 2492 2570 perversorum
2514 2503 2845 2574 dogmatum.
2859 2505 3030 2562 Porro
3048 2506 3216 2572 Helvi,
3231 2509 3322 2578 qui
3341 2508 3598 2564 adversus
3611 2508 3714 2564 Joh

2121 2590 2271 2658 gravi
2301 2592 2718 2660 exprobratione
2747 2593 3014 2662 innititur,
3043 2595 3310 2668 signiﬁcat
3330 2612 3425 2654 eos
3449 2598 3542 2668 qui
3567 2608 3710 2654 intra

2123 2677 2416 2734 Ecclesium
2457 2682 2752 2751 praedicant
2779 2692 2834 2739 et
2861 2695 3212 2758 arroganter,
3236 2696 3291 2744 et
3319 2703 3418 2758 per
3446 2697 3711 2744 tumorem

2119 2775 2318 2839 cordis,
2349 2791 2415 2832 ac
2456 2777 2696 2835 scientiae
2733 2779 2931 2838 fastum
2977 2785 3238 2855 quidquid
3281 2783 3586 2856 proferunt,
3617 2801 3708 2842 su-

2120 2863 2321 2934 perbia:
2345 2866 2607 2937 exemplis
2624 2872 2934 2927 ostendunt.
3045 2857 3055 2870 ’

2191 2952 2354 3010 Liber
2379 2954 2713 3014 Psalmorum
2749 2977 3058 3032 quanquam
3086 2978 3196 3019 uno
3230 2962 3536 3028 includatur
3559 2963 3709 3019 volu-

2122 3046 2288 3111 mine,
2323 3063 2428 3102 non
2455 3059 2538 3104 est
2585 3059 2764 3106 tamen
2790 3054 2966 3110 editus
2993 3071 3100 3109 uno
3123 3057 3420 3126 colemque
3460 3067 3704 3114 auctore.

2123 3133 2317 3189 Decem
2369 3136 2511 3192 enim
2550 3153 2689 3208 pene
2736 3143 3014 3211 prophetae
3058 3153 3202 3210 sunt,
3241 3146 3332 3212 qui
3373 3161 3468 3202 eos
3495 3149 3709 3205 diverso

2123 3229 2362 3293 tempore
2389 3226 2741 3296 scripserunt,
2771 3229 2926 3286 idest
2953 3231 3182 3305 Moyses,
3207 3234 3398 3301 David,
3425 3233 3707 3305 Salomon,

2119 3316 2324 3388 Asaph,
2356 3318 2556 3386 Ethan,
2583 3320 2776 3390 Eman,
2806 3322 3044 3390 ldithun,
3070 3334 3126 3380 et
3153 3325 3244 3380 ﬁlii
3278 3327 3475 3392 Chore,
3506 3328 3631 3384 Asir
3652 3338 3708 3385 et

2119 3407 2307 3462 Aahab
2335 3409 2448 3464 sive
2489 3410 2659 3466 Esdra
2685 3429 2699 3466 :
2729 3414 2971 3468 nonnulli
3021 3415 3187 3471 etiam
3215 3417 3400 3488 Aggei,
3427 3419 3707 3474 Zacharia:

2120 3511 2240 3554 esse
2291 3499 2688 3558 existimantur.
2742 3503 2821 3560 De
2863 3504 2951 3560 his
2989 3515 3192 3575 autem,
3227 3509 3317 3578 qui
3367 3509 3485 3564 sine
3535 3510 3708 3566 titulis

2120 3597 2266 3654 sunt,
2315 3591 2534 3648 traditio
2579 3601 2823 3650 veterum
2865 3595 2988 3652 talis
3028 3606 3149 3653 est:
3180 3608 3238 3654 ut
3265 3601 3420 3671 cujus
3471 3604 3711 3660 auctoris

2119 3681 2458 3752 praescriptio
2505 3685 2866 3754 praecesserit,
2893 3688 3100 3754 caeteri,
3151 3689 3244 3759 qui
3291 3691 3410 3746 sine
3439 3692 3595 3746 titulo
3623 3707 3710 3748 sc-

2119 3780 2389 3840 quuntur,
2419 3773 2589 3845 ipsius
2613 3793 2734 3834 esse
2758 3781 3066 3836 credantur.
3111 3781 3210 3838 Est
3234 3792 3414 3840 autem
3449 3785 3539 3842 hic
3566 3785 3705 3842 liber

2119 3864 2422 3936 allegoricis
2449 3872 2514 3924 ac
2553 3871 2746 3941 typicis
2793 3875 3150 3931 sacramentis
3188 3876 3432 3946 signatus
3457 3897 3472 3933 :
3497 3880 3706 3948 specia-

2120 3953 2242 4009 liter
2285 3965 2487 4024 autcm,
2517 3959 2660 4028 quod
2701 3969 2881 4028 natus,
2907 3964 3048 4032 quod
3095 3979 3288 4035 passus
3308 4007 3324 4033 ,
3355 3967 3498 4038 quod
3526 3982 3707 4024 resur-

2119 4044 2260 4100 rexit
2285 4043 2532 4104 Christns
2560 4063 2725 4106 :vere
2770 4051 2874 4108 hoc
2909 4067 3069 4110 omne
3108 4055 3438 4124 psalmorum
3485 4069 3708 4116 resonat

2119 4151 2400 4208 organum.
2427 4139 2718 4198 Sciendum
2749 4151 2948 4211 tamen,
2980 4146 3122 4216 quod
3149 4147 3289 4218 apud
3313 4147 3568 4206 Hebraaos
3589 4167 3705 4207 om-

2119 4245 2216 4286 nes
2257 4230 2448 4301 psalmi
2476 4233 2730 4302 permixti
2764 4233 2966 4292 fuerint
2987 4246 3043 4292 et
3069 4238 3381 4306 inordinati,
3413 4257 3552 4312 quos
3583 4243 3704 4312 qui-

2118 4319 2239 4374 dem
2282 4321 2488 4392 primus
2521 4323 2720 4381 Esdras
2757 4326 2811 4381 in
2852 4343 3018 4382 unum
3045 4328 3296 4384 volumen
3339 4331 3536 4402 coegit,
3565 4340 3620 4386 et
3645 4331 3700 4386 in

2118 4409 2361 4464 ordinem
2409 4428 2800 4486 numerumque
2841 4416 3130 4487 disposuit,
3177 4434 3243 4475 ac
3279 4433 3377 4490 per
3425 4421 3699 4489 occultum

2119 4503 2444 4557 sacramenti
2489 4505 2804 4574 mysterium
2855 4507 2977 4564 aliis
3025 4509 3158 4565 alios
3205 4510 3444 4580 prtetulit
3487 4511 3700 4576 ordine,

2119 4592 2245 4646 dum
2275 4593 2598 4660 posteriores
2631 4595 2915 4651 videantur
2943 4599 2996 4653 in
3027 4607 3288 4670 tempore.
3331 4599 3464 4656 Nam
3510 4615 3704 4656 secun-

2119 4679 2245 4733 dum
2271 4680 2509 4736 historia:
2535 4697 2754 4738 cursum
2776 4685 2970 4740 tertius
2991 4687 3230 4756 psalmus
3251 4688 3700 4760 quinquagesimo

2119 4770 2403 4838 posterior,
2435 4771 2529 4826 sed
2575 4783 2794 4843 propter
2841 4776 3156 4847 mysterium
3207 4777 3261 4830 in
3311 4776 3503 4833 ordine
3545 4777 3698 4847 prior

2119 4868 2222 4916 est.
2257 4858 2348 4916 Sic
2371 4861 2514 4916 enim
2542 4862 2810 4920 habentur
2837 4874 2892 4922 et
2923 4868 3125 4933 caeteri,
3151 4867 3276 4936 quia
3308 4866 3542 4938 Spiritus
3572 4883 3701 4922 sau-

2118 4961 2238 5008 ctus
2264 4968 2358 5013 eos
2384 4955 2764 5024 prmordinavit
2799 4967 2860 5014 ut
2895 4958 3080 5024 nluit.
3129 4959 3382 5015 Salomon
3413 4960 3516 5015 tria
3539 4959 3696 5014 voln-

2120 5041 2263 5094 mina
2285 5041 2470 5096 edidit.
2511 5042 2724 5099 Primus
2747 5060 2814 5100 ex
2844 5041 3386 5103 his'Proverbiorum
3413 5048 3568 5104 liber.
3600 5046 3701 5103 Se-

2117 5131 2342 5194 cundus,
2374 5133 2466 5202 qui
2517 5135 2813 5204 appellatur
2861 5137 3234 5198 Ecclesiastes.
3283 5137 3700 5207 Tertius,cujns

2117 5222 2304 5278 titulus
2332 5220 2435 5289 est,
2465 5224 3130 5286 Canticumceanticornm.
3171 5233 3224 5286 In
3254 5232 3450 5301 quibus
3480 5232 3695 5302 quidem

2119 5314 2290 5370 tribus
2330 5316 2483 5371 libris
2512 5319 2674 5373 trium
2710 5335 2964 5388 generum
3015 5323 3326 5392 disciplinas
3367 5325 3695 5395 composuit,

2117 5407 2311 5476 quibus
2357 5409 2425 5462 ad
2479 5426 2656 5464 rerum
2699 5412 2977 5466 scientiam
3023 5415 3357 5481 pervenitur.
3403 5415 3462 5469 ἔτι
3505 5415 3700 5485 primis

2119 5509 2349 5563 namque
2399 5497 2663 5566 lithigmm,
2692 5499 2744 5554 id
2781 5507 2866 5554 est
2895 5500 3150 5555 moralem
3181 5511 3338 5572 :post
3364 5503 3478 5556 haec
3513 5502 3697 5572 physi-

2115 5601 2256 5648 cam,
2283 5602 2402 5656 quze
2437 5589 2748 5656 qualitatem
2789 5597 2997 5645 natura:
3025 5591 3452 5662 comprehendit,
3485 5589 3548 5644 ad
3579 5591 3699 5644 ulti-

2117 5691 2260 5731 mum
2291 5677 2576 5747 theoriam,
2601 5679 2650 5734 id
2677 5689 2762 5738 est
2785 5683 3276 5754 contemplativam.
3309 5683 3364 5738 In
3387 5681 3695 5739 Proverbiis
