4064 6206
273 354 380 407 115

1307 344 1393 399 DE
1431 338 1779 399 UNIVERSO
1816 337 1995 393 LIBRI
2032 334 2196 391 XXII.
2236 364 2304 375 ——
2343 332 2470 389 LIB.
2519 333 2584 387 ν.

3455 333 3555 397 ηε

268 469 417 524 cnim
450 465 679 520 moralia
708 465 912 520 docens
944 475 1040 532 per
1079 473 1421 516 comnmnem
1447 455 1734 525 quemdam
1781 451 1862 505 ln-
1895 455 1942 513 Α
1973 461 2079 506 tem
2138 448 2435 505 Jerusalem
2466 490 2479 511 ,
2534 446 2741 500 ruinam
2794 444 3097 518 Babylonim
3151 449 3553 515 comminatur,

267 554 472 627 quandi
502 570 661 610 usum
692 547 1378 618 altioremintelligentiam
1426 544 1614 607 edidit,
1645 555 1866 597 conser-

270 647 661 713 vationemque
682 643 1077 702 mandatorum,
1097 647 1152 694 et
1175 638 1435 693 doctrinae
1457 633 1694 690 cwleslis
1719 631 1871 685 insti-

268 738 546 793 tutionem
574 734 883 790 succinctis
923 730 1123 794 verbis,
1174 722 1541 807 brevibusque
1586 720 1871 778 sententiis

271 827 574 898 coaptavit.
605 824 748 880 Sunt
774 814 954 881 autem
984 808 1279 899 Proverbia
1302 816 1402 871 sub
1427 813 1607 869 verbis
1637 810 1756 866 aliis
1786 825 1873 864 res

274 920 416 975 alias
451 914 803 988 explicantia,
827 925 948 985 quae
975 898 1150 991 aliter,
1180 924 1345 980 quam
1372 908 1645 981 dicuntur,
1675 902 1876 957 intelli—

274 1024 484 1086 guntur
511 1030 527 1067 :
555 1011 678 1082 plus
708 1010 761 1064 in
802 1010 999 1063 virtute
1038 1005 1430 1062 sententiarum
1470 1016 1633 1071 quam
1661 999 1714 1052 in
1742 1012 1877 1052 sono

278 1085 577 1159 verborum
602 1142 617 1168 ,
645 1114 766 1171 quae
808 1097 984 1155 Graeci
1034 1094 1361 1167 parathimia
1399 1085 1739 1167 [Paraemias]
1784 1104 1877 1141 vo—

278 1203 432 1250 cant.
703 1190 709 1195 ’

356 1281 714 1338 Ecclesiastes
739 1293 923 1335 rerum
953 1273 1204 1332 naturam
1253 1272 1572 1336 discutiens,
1600 1276 1795 1324 cuncta
1822 1267 1876 1321 in

283 1372 489 1427 mundo
512 1366 719 1426 caduca
744 1375 800 1423 et
821 1382 958 1421 vana
987 1379 1108 1421 esse
1141 1359 1522 1433 reprehendit,
1553 1374 1735 1413 rerum
1764 1372 1880 1410 om-

285 1461 437 1516 nium
466 1458 762 1531 fragilitate
804 1463 1094 1526 conspecta
1124 1449 1425 1531 renuntiari
1467 1447 1669 1504 mundo
1697 1444 1883 1500 admo-

286 1552 426 1607 nuit.

353 1643 415 1698 In
464 1640 705 1699 Canticis
731 1647 913 1695 autem
941 1636 1279 1695 canticorum
1323 1643 1710 1702 supergressus
1755 1626 1882 1681 visi-

286 1734 437 1800 bilia,
466 1742 635 1802 atque
678 1729 1148 1799 contemplans'ea
1197 1739 1318 1796 qua:
1359 1729 1487 1779 sunt
1520 1712 1769 1777 coelestia
1800 1717 1884 1774 vel

286 1795 471 1881 divina
498 1795 601 1880 sub
629 1822 809 1894 specie
832 1795 1016 1891 sponsi
1061 1826 1119 1874 et
1139 1795 1352 1887 sponsa:
1374 1811 1575 1870 Christi
1605 1809 1887 1867 Ecclesiae-
1917 1795 1959 1854 Β

287 1930 396 1987 que
444 1915 709 1969 unitatem
758 1910 1035 1975 declarat,
1063 1916 1227 1977 atque
1270 1905 1507 1961 animam
1540 1902 1607 1957 ad
1643 1914 1884 1956 amorem

289 2003 592 2060 cmiestium
614 2001 860 2056 excitans
888 1996 1310 2069 perveniendum
1338 1994 1407 2049 ad
1429 1991 1761 2049 consortium
1790 1988 1886 2044 Dei

291 2101 572 2166 provocat.
602 2090 732 2147 illud
760 2105 889 2145 vero
912 2104 1016 2145 non
1043 2094 1130 2143 est
1151 2085 1531 2148 omittendum,
1555 2080 1697 2153 quod
1727 2094 1759 2134 a
1787 2080 1885 2135 do-

292 2185 536 2241 ctoribus
572 2182 776 2238 nostris
804 2180 1054 2244 traditur,
1083 2177 1228 2248 apud
1253 2175 1511 2231 Hebraeos
1551 2174 1693 2229 hanc
1722 2169 1888 2225 fuisse

292 2273 750 2338 observationem,
776 2286 843 2327 ne
872 2270 1125 2341 cuiquam
1154 2269 1300 2323 hunc
1333 2265 1530 2321 librum
1561 2264 1740 2336 legere
1767 2277 1892 2334 per-

293 2368 598 2429 mitterent,
626 2364 732 2419 nisi
759 2361 1009 2432 virojam
1048 2359 1306 2431 perfecta:
1349 2357 1590 2416 scientiae
1630 2363 1685 2412 et
1725 2355 1888 2410 robo-

296 2464 429 2511 rata:
479 2453 603 2509 ﬁdei
631 2471 646 2508 :
670 2468 740 2509 ne
780 2451 919 2507 forte
966 2466 1064 2521 per
1105 2447 1531 2505 imbecillitatem
1570 2443 1813 2500 infantite
1840 2452 1895 2515 et

298 2548 422 2602 fidei
464 2545 793 2616 imperitiam
824 2557 932 2597 non
976 2550 1089 2596 tam
1128 2539 1371 2597 erudiret
1393 2536 1630 2609 cognitio
1654 2534 1893 2590 lubricas

298 2645 532 2698 mentes,
573 2648 739 2704 quam
774 2632 953 2702 potius
980 2630 1049 2686 ad
1076 2627 1546 2699 'coucupisccntias
1585 2624 1897 2695 corporales

298 2733 663 2782 converteret.
694 2722 894 2778 Omnes
927 2721 1226 2792 scripturas
1272 2719 1409 2775 tradi
1440 2716 1624 2787 pueris
1647 2731 1679 2769 a
1710 2715 1897 2770 docto-

302 2820 457 2874 ribus
482 2832 677 2872 eorum
711 2815 932 2873 solitum
957 2822 1065 2880 est,
1094 2814 1260 2869 etiam
1287 2823 1344 2867 et
1366 2825 1462 2866 eas
1487 2824 1623 2881 quas
1646 2808 1899 2864 deuteres

298 2917 568 2973 evocant,
603 2916 837 2979 quatuor
862 2912 1069 2971 tantum
1101 2905 1203 2960 ista
1228 2904 1296 2959 ad
1321 2902 1569 2958 ultimum
1590 2912 1897 2963 reservare,

304 3000 357 3054 id
386 3007 472 3054 est
499 2997 820 3069 principium
836 2995 1111 3053 Geneseos
1130 2995 1197 3050 de
1221 2993 1408 3049 mundi
1434 2990 1733 3055 creatione,
1763 2989 1900 3043 Eze-

302 3087 607 3157 chielisque
636 3086 921 3157 principia,
954 3086 1009 3140 in
1031 3084 1227 3155 quibus
1246 3083 1314 3139 de
1341 3081 1625 3149 cherubim
1648 3079 1897 3151 scripsit:

303 3191 361 3235 et
392 3178 554 3233 tinem
579 3177 717 3248 ejus,
747 3179 803 3233 in
825 3194 933 3250 quo
963 3178 1145 3249 templi
1176 3176 1468 3247 descriptio
1489 3176 1818 3240 continetur,
1846 3182 1903 3229 et

304 3268 532 3327 Cantica
564 3270 922 3325 canticorum.

380 3359 548 3417 Liber
591 3361 910 3431 Sapientia},
941 3360 1033 3430 qui
1063 3368 1289 3415 vocatur
1312 3358 1674 3428 panaretbon,
1702 3354 1902 3410 Christi

306 3452 625 3517 adventum,
646 3452 740 3522 qui
761 3461 844 3506 est
871 3451 1137 3521 sapientia
1162 3449 1255 3505 Dei
1278 3448 1475 3513 Patris,
1490 3445 1905 3517 passionemquo

306 3543 430 3615 ejus
458 3550 645 3613 aperta
674 3539 1118 3596 manifestatione
1142 3540 1445 3595 denuntiat.

382 3618 797 3686 Ecclesiasticus
826 3645 956 3686 vero
991 3644 1201 3683 morum
1228 3644 1366 3700 pene
1393 3627 1634 3683 omnium
1664 3625 1903 3696 discipli-

307 3737 460 3787 nam,
481 3729 539 3774 et
564 3728 765 3774 sanctae
794 3719 1067 3789 religionis
1090 3720 1553 3774 conversationem
1586 3716 1787 3771 all‘atim
1810 3730 1907 3771 co-

309 3815 464 3883 piose
490 3811 796 3882 descripsit.
827 3810 1012 3867 Dictus
1038 3818 1219 3866 autem
1242 3809 1660 3865 Ecclesiasticus
1685 3823 1785 3878 pro
1816 3823 1903 3874 eo,

306 3903 454 3975 quod
496 3903 549 3957 in
584 3902 761 3957 medio
804 3909 946 3957 ccetu
985 3901 1186 3972 populi,
1218 3902 1271 3957 id
1313 3909 1400 3956 est
1438 3916 1622 3956 coram
1666 3897 1907 3953 Ecclesia

309 3998 494 4050 fuerat
523 3994 762 4049 habitus.
793 3992 893 4048 llic
929 3994 1072 4048 enim
1116 4001 1335 4063 propter
1361 3993 1581 4047 nimiam
1611 4006 1804 4047 sensus
1830 3991 1905 4045 si-

308 4083 674 4139 militudinem
710 4091 766 4137 et
804 4083 1005 4155 eloquii
1047 4083 1373 4153 parilitatem
1404 4083 1709 4138 Salomonis
1751 4082 1907 4138 titulo

308 4182 671 4247 prtenotaturt
725 4173 952 4230 Constat
999 4184 1179 4230 autem
1229 4175 1371 4230 hunc
1402 4174 1599 4229 librum
1639 4174 1739 4229 sub
1780 4171 1909 4228 Jesu

310 4266 427 4321 tilio
454 4263 647 4320 Siracb
675 4264 878 4320 editum
923 4264 1110 4331 fuisse,
1140 4272 1196 4320 et
1234 4264 1374 4319 inter
1417 4264 1654 4332 reliquos
1693 4272 1908 4318 sancta-

312 4373 437 4412 rum
499 4354 906 4426 Scripturarum
963 4354 1129 4411 libros
1190 4358 1312 4425 pari
1375 4353 1618 4409 habitum
1677 4364 1908 4408 venera-

312 4449 490 4503 tione.

386 4554 554 4609 lsaias
591 4553 874 4625 propheta,
917 4552 1011 4623 qui
1052 4552 1442 4622 interpretatur
1479 4550 1624 4607 salus
1668 4551 1906 4618 Domini,

312 4656 604 4718 postquam
648 4647 716 4701 de
745 4645 906 4700 altari
939 4645 1136 4700 missus
1181 4644 1423 4700 calculus
1464 4643 1605 4698 labia
1636 4642 1751 4713 ejus
1778 4658 1911 4712 pur-

313 4739 504 4809 gavit,
559 4745 622 4792 ut
678 4738 872 4808 dignus
915 4735 1219 4792 efﬁceretur
1264 4736 1441 4791 sancti
1499 4733 1731 4806 Spiritus
1782 4751 1906 4804 pro-

311 4828 526 4898 phetia,
556 4826 868 4897 speculatur
914 4828 1022 4881 duo
1062 4826 1341 4881 cherubim
1373 4826 1426 4880 in
1459 4825 1745 4895 :enigmate
1778 4825 1911 4881 duo-

315 4936 436 4974 rum
467 4927 918 4975 testamentorum
945 4934 1069 4973 cum
1101 4918 1382 4973 duodecim
1426 4917 1547 4982 alis,
1578 4918 1630 4971 id
1657 4925 1742 4972 est
1778 4932 1909 4986 spor

312 5011 491 5075 stolis,
513 5012 607 5081 qui
638 5008 1019 5081 pmdicatione
1043 5019 1141 5064 sua
1170 5010 1375 5064 volucri
1404 5008 1683 5065 celeritate
1705 5009 1913 5062 discur-

316 5110 526 5166 rerunt,
556 5110 799 5173 tegentes
842 5101 1036 5156 faciem
1079 5111 1134 5156 et
1161 5101 1325 5170 pedes
1353 5100 1592 5159 sedentis
1628 5101 1682 5155 in
1716 5102 1911 5155 throno

315 5188 436 5252 Dei,
459 5189 513 5243 id
542 5199 629 5243 est
652 5182 989 5244 occultantes
1012 5204 1098 5253 ea,
1127 5191 1240 5246 sive
1283 5205 1403 5259 qua:
1431 5200 1558 5245 ante
1587 5190 1767 5245 saeculi
1793 5190 1911 5245 fue-

317 5289 442 5335 runt
463 5281 715 5345 exordia,
736 5282 851 5336 sive
876 5296 997 5350 quze
1020 5292 1144 5352 post
1171 5290 1496 5337 transactam
1526 5280 1687 5350 hujus
1724 5282 1909 5335 mundi

315 5374 545 5442 figuram
571 5370 753 5425 futura
783 5380 929 5427 sunt.
979 5372 1079 5428 llic
1109 5381 1288 5428 tamen
1316 5381 1437 5443 post
1463 5373 1721 5428 visionem
1761 5372 1912 5427 Juda:

312 5472 369 5516 et
400 5461 706 5516 Jerusalem
753 5463 1012 5518 adversus
1050 5473 1275 5519 exteras
1314 5472 1523 5535 gentes,
1557 5478 1676 5534 qum
1721 5463 1774 5517 in
1802 5465 1913 5516 cir-

314 5552 462 5604 cuitu
503 5548 625 5619 ejus
664 5560 814 5616 sunt,
851 5551 1148 5622 prophetiae
1188 5553 1457 5608 convertit
1502 5568 1832 5618 sermonem,
1864 5562 1917 5606 et

309 5642 463 5710 juxta
494 5641 817 5712 qualitatem
846 5642 1105 5705 locorum,
1132 5653 1188 5698 et
1221 5644 1343 5698 vitae
1383 5644 1772 5705 diversitatem,
1798 5659 1919 5713 quae

313 5743 495 5787 essent
543 5731 624 5787 eis
673 5732 811 5787 mala
852 5742 1098 5801 ventura,
1128 5735 1427 5789 denuntiat.
1460 5734 1585 5790 Post
1632 5736 1916 5804 captivita-

1934 4501 1985 4561 1)

1970 540 2163 594 deinde
2197 555 2294 593 nec
2318 547 2399 593 est
2423 536 2629 611 [Forte,
2654 536 2863 608 necem]
2882 536 3559 603 Philistiim,vastationem

1971 630 2151 695 Moab,
2171 629 2554 685 exterminium
2586 629 2859 693 Damasci,
2876 626 3093 699 {Egypti
3116 624 3557 693 commotionem,

1972 732 2026 778 et
2065 718 2410 777 solitudinem
2460 721 2627 777 maris
2676 719 2915 781 deserti,
2964 721 3301 775 obsidionem
3345 736 3562 791 quoque

1973 812 2166 878 Edom,
2195 808 2374 882 fugam
2406 820 2461 866 et
2492 811 2766 865 interitum
2805 808 3053 874 Arabiae,
3099 811 3370 865 excidium
3402 806 3563 865 vallis

1976 903 2131 968 Sion,
2162 899 2567 957 subversionem
2598 900 2764 956 etiam
2801 900 2930 971 Tyri
2957 901 3071 954 sive
3100 899 3505 969 quadrupedum
3543 920 3557 954 :

1976 996 2068 1051 sed
2096 995 2391 1064 figuraliter
2414 995 2468 1049 in
2501 992 2707 1050 visione
2728 992 2926 1049 Judmze
2959 1009 3225 1065 synagoga
3258 994 3561 1064 projicitur,

1976 1094 2030 1141 et
2060 1086 2299 1141 Ecclesia
2339 1086 2566 1140 Domino
2603 1074 2921 1154 capulatur:
2961 1086 3012 1141 in
3056 1085 3209 1140 ruina
3256 1085 3568 1155 Babyloniae

1977 1178 2220 1235 confusio
2249 1181 2411 1233 tutius
2436 1179 2642 1242 mundi,
2675 1176 3033 1248 superbiaque
3063 1179 3330 1249 arguitur,
3358 1187 3413 1234 et
3443 1178 3567 1233 linis

1978 1278 2313 1324 monstratur
2342 1287 2356 1322 :
2398 1268 2453 1322 in
2499 1268 2801 1323 vastatione
2836 1268 2994 1323 Moab
3022 1283 3177 1323 error
3202 1250 3443 1323 scientiis
3467 1284 3566 1325 ste-

1980 1360 2178 1415 calaris
2208 1360 2259 1412 in
2306 1359 2578 1414 silentium
2624 1358 2933 1428 luctumque
2981 1360 3266 1414 mutatur:
3309 1360 3363 1415 in
3412 1375 3567 1419 ever-
3644 1400 3653 1409 .

1980 1449 2134 1505 sione
2162 1448 2380 1520 {Egypti
2414 1450 2575 1503 totius
2615 1450 2796 1504 mundi
2842 1449 3162 1505 idololatriae
3191 1451 3567 1513 destruantur,

1984 1541 2280 1612 templique
2310 1540 2520 1594 Domini
2549 1540 2834 1609 aediﬁcatio
2877 1541 3241 1611 prmdicatur:
3274 1540 3328 1596 in
3370 1542 3570 1597 contri-

1988 1632 2131 1687 tione
2157 1630 2442 1686 Pbilistiim
2478 1631 2653 1686 luctus
2687 1646 2873 1686 eorum
2912 1641 3270 1699 monstratur,
3298 1633 3389 1704 qui
3437 1631 3570 1702 abji-

1987 1720 2340 1794 ciuntjugum
2362 1721 2587 1788 Christi,
2619 1732 2673 1777 et
2699 1722 2914 1779 elevant
2949 1737 3008 1778 se
3053 1733 3243 1779 contra
3288 1704 3570 1781 scientiam

1989 1814 2103 1869 Dei.
2137 1813 2305 1869 Porro
2342 1828 2442 1884 per
2480 1812 2800 1868 Damascum
2854 1815 3163 1883 praedicatio
3207 1816 3472 1887 gentium,
3521 1827 3576 1869 et

1988 1906 2139 1961 ruina
2160 1904 2477 1987 .ostenditur
2511 1904 2692 1976 pepuli
2724 1904 3030 1961 Judaeorum
3065 1925 3078 1961 :
3113 1922 3209 1976 per
3233 1922 3370 1961 onus
3409 1909 3576 1962 maris

1989 1998 2205 2061 deserti,
2240 1996 2409 2067 hujus.
2446 1997 2624 2052 saeculi
2672 1997 2951 2066 temptatio
2999 1992 3327 2063 declaratur,
3354 2008 3409 2054 et
3457 2014 3576 2067 qua:

1991 2085 2064 2142 illi
2092 2097 2319 2143 ventura
2352 2093 2498 2151 sunt,
2525 2086 2904 2143 ostenduntur.
2954 2085 3058 2141 Per
3083 2085 3373 2143 ldummam
3405 2087 3571 2140 oritur

1990 2181 2070 2236 sol
2101 2179 2327 2250 justitite
2355 2178 2620 2251 gentium,
2648 2186 2704 2232 et
2741 2178 2976 2232 tenebrte
3016 2176 3338 2232 auferuntur
3363 2178 3576 2247 populis

1990 2267 2329 2335 Judmorum;
2360 2285 2458 2340 per
2485 2268 2738 2325 Arabiam
2769 2270 3093 2338 prxdicatur
3123 2285 3261 2341 aqua
3287 2271 3579 2340 baptisma-

1994 2360 2084 2421 tis,
2115 2359 2405 2430 praebenda
2451 2360 2569 2426 his,
2592 2358 2683 2429 qui
2714 2356 2951 2429 fugerint
2974 2359 3216 2428 gentium
3248 2376 3464 2415 errores
3496 2362 3576 2415 vel

1994 2467 2179 2506 eorum
2221 2449 2603 2519 blasphemias.
2632 2449 2732 2503 Per
2764 2449 2958 2503 vallem
2992 2450 3122 2504 Sion
3170 2451 3401 2520 perditio
3441 2466 3578 2519 prae-

1996 2540 2205 2597 dicatur
2224 2538 2520 2595 Jcrusalem
2550 2548 2608 2594 et
2636 2539 3029 2605 lnereticorum,
3049 2540 3139 2609 qui
3168 2540 3231 2594 de
3253 2540 3583 2596 sublimitate

1996 2632 2254 2687 Ecclesia:
2296 2632 2629 2688 ceciderunt.
2683 2630 2789 2687 Per
2834 2631 3033 2705 Tyrum
3089 2633 3337 2701 gentibus
3386 2635 3579 2704 pne-di-

1998 2734 2186 2789 catur,
2211 2730 2267 2776 ut
2303 2722 2509 2778 scilicet
2543 2738 2729 2778 errore
2761 2723 3003 2791 deposito
3042 2723 3111 2777 ad
3156 2722 3429 2778 Christum
3482 2725 3584 2776 Du-

1999 2817 2204 2871 minum
2241 2822 2625 2870 convertantur
2656 2833 2667 2868 :
2702 2814 2907 2884 reliqua
2936 2830 3063 2870 vero
3087 2812 3206 2884 ejus
3236 2815 3319 2870 vel
3342 2816 3409 2870 de
3431 2816 3586 2870 Clu-i-

1999 2917 2086 2962 sto
2114 2906 2197 2961 vel
2226 2906 2293 2960 de
2335 2906 2572 2962 Ecclesia
2599 2908 2840 2978 gentium
2886 2916 3036 2971 sunt,
3072 2909 3184 2963 sive
3227 2908 3294 2963 de
3336 2924 3587 2964 consum-

2002 2997 2241 3052 matione
2267 2998 2473 3051 mundi.
2499 2996 2850 3067 Prophetavit
2877 3014 3144 3053 annorum
3176 2998 3346 3054 ferme
3372 3010 3586 3070 septua-

2003 3088 2151 3161 ginta
2198 3090 2298 3144 sub
2347 3089 2561 3159 regibus
2589 3098 2823 3159 quatuor
2851 3087 3048 3145 ludam:
3082 3090 3272 3145 ordine
3305 3101 3468 3161 atque
3498 3107 3585 3162 θοι

1927 3148 1973 3209 C
2004 3148 2135 3234 nere
2164 3178 2380 3233 sibimet
2422 3180 2865 3244 succedentibus,
2900 3180 2952 3236 id
2994 3190 3098 3247 est,
3143 3180 3296 3246 Ozia,
3347 3148 3588 3248 biothan,

2002 3267 2247 3335 Acbacb,
2273 3270 2340 3323 ad
2378 3269 2627 3325 ultimum
2665 3271 2917 3337 Ezecliia,
2947 3273 3046 3327 sub
3084 3288 3190 3342 quo
3234 3288 3360 3343 pars
3396 3290 3587 3344 magna

2003 3360 2293 3415 voluminis
2320 3358 2438 3428 ejus
2466 3377 2637 3431 usque
2665 3362 2732 3417 ad
2779 3363 2983 3418 calcem
3031 3362 3229 3418 texitur
3273 3364 3589 3436 prophetize.

2004 3440 2271 3507 Ieremias
2312 3452 2732 3523 interpretatur,
2776 3453 3028 3524 propheta
3077 3454 3309 3510 excelsus
3360 3455 3590 3521 Domini,

2006 3543 2233 3615 simplex
2265 3544 2553 3614 loquendo,
2580 3556 2636 3600 et
2663 3536 2735 3621 ad
2760 3545 3163 3616 intelligendum
3193 3546 3383 3614 facilis,
3414 3549 3505 3617 qui
3538 3550 3590 3602 in

2007 3636 2256 3690 omnibus
2280 3635 2439 3691 dictis
2463 3645 2516 3690 ct
2546 3637 2885 3707 passionibus
2911 3638 3042 3702 suis,
3076 3638 3451 3709 Redemptoris
3492 3655 3593 3694 no-

2008 3726 2104 3781 stri
2131 3726 2416 3797 imaginem
2442 3728 2696 3797 pra-tulit.
2726 3728 2825 3785 Hic
2848 3739 3133 3799 postquam
3158 3746 3213 3784 Ill
3243 3740 3367 3801 typo
3392 3731 3594 3785 Christi

2009 3832 2176 3887 regna
2215 3816 2485 3872 destruxit
2517 3817 2747 3884 diaboli,
2792 3816 3122 3889 justititequc
3169 3820 3255 3873 vel
3300 3821 3422 3876 fidei
3468 3822 3596 3876 mdi-

2012 3905 2195 3961 iicavit
2260 3907 2546 3976 imperium
2586 3928 2601 3960 -.
2645 3907 2867 3976 jubetur
2914 3911 3206 3980 pnedicare
3258 3926 3357 3980 per
3408 3927 3597 3967 omnes

2010 4006 2219 4067 gentes,
2264 3997 2558 4069 .Egyplum
2599 3999 2868 4065 videlicet,
2912 4010 2966 4055 et
3013 4001 3313 4064 Philistum,
3350 4001 3506 4055 Moab
3542 4010 3597 4055 et

2011 4089 2267 4153 Ammon,
2301 4089 2467 4143 Edom
2494 4097 2549 4143 et
2603 4089 2925 4163 Damascum
2978 4100 3034 4146 et
3087 4091 3280 4155 Cedar,
3328 4103 3383 4147 et
3435 4108 3595 4162 super

2010 4194 2176 4248 regna
2203 4179 2394 4246 Assur,
2426 4194 2526 4234 nec
2572 4195 2677 4234 non
2718 4196 2879 4250 super
2923 4180 3072 4235 Elam
3119 4190 3177 4237 ct
3220 4182 3592 4254 Babyloniam.

2011 4275 2111 4330 llic
2134 4283 2313 4329 autem
2345 4275 2480 4330 vidit
2502 4275 2708 4347 virgam
2740 4274 3046 4346 vigilantem
3079 4274 3276 4332 divinm
3301 4280 3599 4349 correptio-

2012 4366 2096 4421 nis
2123 4375 2180 4421 et
2223 4367 2524 4436 potestatis,
2575 4365 2735 4421 ollam
2787 4381 3002 4436 quoque
3048 4382 3386 4436 succensum,
3416 4371 3471 4425 id
3518 4381 3598 4426 est

2011 4454 2291 4511 Iudaicam
2318 4456 2531 4527 plebem
2561 4456 2684 4528 igne
2727 4458 3024 4513 carnalium
3074 4459 3462 4516 desideriorum
3511 4478 3598 4517 ar-

2012 4547 2231 4602 dentem
2273 4547 2490 4618 aspicit,
2523 4555 2578 4602 et
2613 4549 2746 4602 duos
2769 4548 2974 4603 colinos
3013 4549 3240 4605 ficorum
3269 4550 3322 4605 in
3350 4552 3596 4623 prmligu~

2014 4642 2222 4696 ratione
2267 4641 2496 4696 duorum
2544 4640 2885 4712 populorum,
2939 4641 3218 4698 descendit
3270 4644 3324 4699 in
3379 4645 3597 4701 domum

2015 4731 2179 4803 ﬁguli,
2207 4741 2262 4788 et
2296 4733 2442 4787 videt
2467 4732 2878 4787 diminutionem
2927 4734 3072 4789 vasis
3121 4735 3319 4802 prioris
3367 4745 3424 4790 et
3470 4736 3595 4790 novi

2011 4823 2461 4878 instaurationem
2518 4822 2585 4877 ad
2643 4823 3032 4894 designandum
3085 4824 3355 4880 defectum
3399 4826 3598 4895 prioris

2013 4915 2215 4986 populi,
2247 4924 2301 4970 et
2332 4916 2728 4971 successionem
2761 4915 2946 4969 futuri.
2975 4915 3152 4971 Sumit
3180 4917 3343 4971 etiam
3376 4917 3596 4972 calicem

2017 5006 2282 5076 supplicii,
2313 5015 2478 5077 atque
2515 5007 2781 5061 universis
2821 5008 3071 5078 gentibus
3110 5007 3354 5077 porrigit.
3390 5006 3600 5077 Accipit

2016 5109 2071 5153 et
2113 5100 2352 5155 lumbare
2405 5100 2506 5155 sub
2552 5099 2799 5171 exemplo
2839 5100 3018 5170 populi
3048 5098 3376 5163 Judacorum,
3413 5108 3599 5167 putre.-

2018 5191 2219 5246 factum
2283 5192 2335 5245 in
2397 5191 2771 5258 desperatione
2829 5190 3042 5260 projicit
3118 5188 3243 5241 illud
3294 5197 3441 5243 trans
3503 5188 3600 5241 ilu-

2019 5285 2160 5339 Inina
2186 5283 2426 5354 gentium
2459 5301 2470 5335 :
2502 5283 2738 5337 ostendit
2766 5290 2820 5335 et
2841 5281 3297 5335 calicemaureuu‘i
3317 5278 3602 5349 Babylonis

2018 5390 2116 5445 per
2144 5388 2303 5454 quem
2338 5373 2637 5426 inebriatus
2665 5381 2743 5426 est
2790 5372 3041 5433 mundus,
3075 5369 3344 5423 letiferum
3382 5368 3598 5424 idolola-

2019 5464 2136 5518 tria:
2165 5478 2309 5525 vase,
2333 5461 2551 5529 jnl,.etur
2591 5461 2854 5530 projicere
2901 5460 2952 5513 in
2994 5460 3318 5529 Euphratem
3353 5458 3602 5515 volumen

2021 5553 2182 5623 lapidi
2215 5552 2489 5621 alligatum
2520 5553 2587 5606 ad
2617 5552 3092 5615 demonstrandum
3128 5550 3403 5604 interitum
3435 5549 3602 5620 Baby-

2023 5644 2181 5708 lonis,
2214 5643 2296 5698 vel
2327 5642 2624 5712 figuraliter
2673 5642 2837 5695 totius
2894 5642 3075 5695 llllllltii
3111 5660 3120 5693 :
3155 5642 3397 5710 increpat
3439 5640 3603 5694 etiam

2028 5737 2112 5791 hic
2141 5736 2544 5804 delinquentes,
2574 5744 2627 5789 et
2663 5735 2728 5789 ad
2751 5735 3159 5790 conversionem
3204 5741 3461 5804 provocat
3493 5750 3505 5787 :
3538 5732 3603 5785 ad
