4064 6206
277 231 378 286 Il5

814 205 825 211 ἢ
910 223 969 279 Β.
1013 224 1262 282 RABANI
1299 225 1517 285 MAURI
1557 223 1877 283 ARCHIEP.
1921 221 2228 281 MOGUNT.
2269 227 2556 286 OPERUM
2593 231 2773 289 PARS
2802 233 2866 288 ll.

3440 239 3541 298 “6

273 345 519 399 ultimum
544 298 751 412 plangit
778 337 988 391 ruinam
1012 335 1336 404 Jerusalem,
1365 339 1660 409 templique
1695 337 1847 393 exci-
1874 336 1925 393 Α
1953 335 2053 391 bus
2082 339 2367 407 promittit.
2396 340 2472 399 De
2513 340 2848 400 Antichristo
2874 360 3089 416 quoque
3115 348 3368 417 ostendit,
3396 352 3540 422 quod

272 435 441 500 dium,
464 440 521 487 et
554 428 944 499 dispersionem
996 428 1192 497 gentis.
1237 428 1478 484 Excrsus
1504 438 1683 484 autem
1714 428 1852 481 duo—

271 525 482 581 decimo
510 536 653 577 anno
677 517 838 575 Josia:
876 519 1020 590 regis
1057 516 1277 585 Judaear,
1306 519 1695 589 prophetiaque
1736 517 1854 587 ejus

270 633 370 688 per
390 622 625 687 quatuor
642 626 799 684 reges
824 619 1049 667 extensa
1076 619 1160 667 est
1188 612 1289 666 sub
1311 608 1457 666 Josia
1484 619 1541 665 et
1566 609 1849 674 Eliachim,

270 716 325 763 et
349 704 621 771 Joachim,
644 711 699 758 et
723 700 985 757 Sedechia
1015 715 1123 771 quo
1166 715 1355 755 eversa
1401 710 1485 756 est
1532 699 1849 755 Jerusalem.

270 796 627 867 Septuaginta
655 793 863 848 duobus
888 790 1046 845 annis
1069 799 1125 844 et
1147 798 1383 861 quatuor
1425 789 1701 845 mensibus
1728 804 1855 859 pro-

267 885 532 956 phetavit,
560 890 786 952 excepto
816 879 907 935 illo
946 889 1187 951 tempore
1214 894 1321 948 quo
1342 886 1464 949 post
1489 893 1736 934 eversam
1759 875 1843 934 Je-

269 974 500 1032 rusalem
532 973 584 1028 in
614 970 849 1042 Egypto
873 985 996 1025 cum
1027 968 1226 1040 populo
1247 968 1368 1023 fuit.

336 1063 626 1129 Ezechiel,
671 1061 762 1133 qui
807 1061 1199 1131 interpretatur
1247 1058 1502 1129 fortitudo
1550 1056 1674 1124 Dei,
1720 1057 1853 1127 figu-

265 1172 395 1212 rans
443 1154 649 1225 tropice
692 1152 1003 1215 Christum,
1043 1159 1152 1206 stat
1181 1149 1335 1221 juxta
1371 1147 1590 1203 fluvium
1638 1146 1854 1203 Thobar

264 1250 492 1315 scilicet,
525 1254 581 1303 et
604 1244 862 1317 praeclara
888 1244 1173 1299 continens
1203 1240 1675 1314 mysteria,cernit
1699 1241 1854 1295 simi-

264 1340 542 1396 litudinem
567 1338 752 1410 gloriae
779 1336 896 1402 Dei,
919 1343 975 1391 et
1002 1343 1239 1406 quatuor
1264 1332 1518 1389 animalia
1560 1332 1616 1386 in
1661 1331 1854 1387 simili-

264 1431 450 1487 tudine
471 1439 705 1502 quatuor
751 1426 1186 1498 Evangeliorum,
1216 1433 1274 1481 et
1320 1432 1466 1480 rotas
1516 1438 1577 1479 se
1620 1422 1852 1477 invicem

263 1524 607 1581 continentes
632 1522 688 1577 in
732 1529 860 1593 typo
894 1519 1122 1574 duorum
1184 1523 1631 1573 testamentorum
1663 1532 1675 1568 :
1709 1513 1854 1569 videt

263 1615 533 1684 aurigam,
553 1612 608 1667 id
637 1619 742 1677 est,
761 1609 1038 1666 Christum
1064 1608 1316 1663 deorsum
1344 1607 1467 1676 igne
1490 1602 1700 1673 judicii,
1727 1619 1849 1658 sur-

1957 426 2072 497 ipse
2097 429 2168 483 sit
2196 444 2363 484 cornu
2389 431 2663 502 pusillum,
2682 432 2735 488 id
2760 442 2865 500 est,
2888 451 3058 505 parvo
3085 445 3326 509 tempore
3346 455 3540 514 regna-

1956 525 2140 583 turus;
2165 519 2231 575 de
2246 522 2714 577 consummatione
2734 524 2897 580 Israel
2920 526 3003 582 Vel
3031 531 3214 586 mundi
3236 530 3390 601 plura
3411 547 3541 591 con—

1955 607 2190 677 scripsit,
2221 609 2335 663 sive
2356 609 2423 666 de
2454 610 2542 667 die
2560 610 2772 681 judicii,
2797 628 2965 685 regno
2989 625 3322 676 sanctorum.
3354 622 3413 677 In
3433 620 3541 679 (ine

1953 706 2133 753 autem
2170 699 2460 756 voluminis
2485 703 2782 772 prophetiae
2809 720 2940 773 suae,
2967 705 3232 766 Susanna:
3258 711 3539 770 historiam

1953 792 2008 839 et
2035 785 2177 841 Belis
2207 787 2573 859 Draconisque
2600 789 2840 847 fabulam
2866 794 3035 864 ponit.
3069 795 3170 854 Hic
3195 809 3376 858 autem
3404 802 3541 860 liber

1952 879 2091 946 apud
2111 877 2364 936 Hebraeos
2379 880 2659 938 Hebraicis
2680 884 2893 953 quidem
2906 885 3120 955 litteris,
3143 892 3235 946 sed
3249 891 3539 951 Chaldaica

1952 965 2135 1039 lingua
2166 970 2399 1041 scriptus
2436 980 2537 1027 est.
2564 971 2914 1044 Prophetavit
2946 986 3126 1035 autent
3167 981 3221 1036 in
3246 981 3537 1056 Babylone,

1952 1059 2168 1128 quando
2195 1069 2251 1115 et
2275 1060 2549 1119 Ezechiel.

2022 1150 2158 1206 Osee
2184 1154 2464 1223 propheta,
2494 1158 2584 1226 qui
2608 1157 3017 1231 interpretatur,
3044 1161 3285 1230 salvam,
3317 1165 3370 1221 in
3399 1166 3537 1222 duo-

1951 1241 2129 1296 decim
2163 1244 2370 1313 primus
2397 1258 2499 1312 est,
2546 1239 2863 1325 profundior
2889 1253 3110 1324 reliquis
3139 1255 3194 1311 in
3220 1260 3533 1323 sententiis,

1950 1338 2007 1384 et
2029 1332 2308 1400 Operosior
2335 1335 2633 1392 intellectu.
2669 1340 2774 1395 Iste
2821 1341 2888 1395 ad
2944 1357 3040 1399 eas
3095 1345 3292 1408 tribus.
3319 1362 3438 1417 quae
3483 1357 3536 1404 et

1953 1417 2230 1486 Samaria,
2276 1433 2331 1477 et
2374 1425 2567 1482 domus
2602 1425 2831 1498 Joscph,
2867 1439 2924 1487 et
2964 1430 3130 1488 Israel
3175 1437 3533 1504 vocabantur,

1949 1511 2189 1582 loquitur
2217 1528 2233 1568 :
2263 1515 2356 1569 sed
2397 1532 2492 1586 per
2530 1518 2761 1588 Ephraan
2789 1522 3074 1579 haereticos
3100 1528 3301 1598 arguit,
3333 1530 3425 1600 qui
3451 1545 3536 1586 re-

1948 1604 2205 1662 cedentes
2234 1607 2594 1681 qualicunque
2622 1626 2690 1666 ex
2715 1628 2880 1669 causa
2905 1614 2975 1668 ab
3003 1616 3258 1674 Ecclesiae
3300 1621 3532 1687 unitate,

260 1723 381 1763 sum
410 1704 620 1771 electri,
671 1703 726 1759 id
765 1710 867 1768 est,
916 1700 1215 1757 divinitatis
1265 1697 1469 1770 fulgore
1509 1690 1842 1752 rutilantem.
1876 1706 1923 1766 Β
1949 1694 2238 1764 participes
2257 1696 2381 1752 facti
2411 1708 2541 1753 sunt
2566 1698 2828 1756 idolorum
2863 1720 2876 1757 :
2904 1718 3004 1773 per
3025 1703 3328 1763 Samariam
3352 1719 3533 1767 autem

259 1798 506 1855 Comedit
527 1810 741 1866 quoque
766 1794 964 1850 librum
990 1793 1187 1848 divina:
1213 1791 1369 1863 legis,
1389 1791 1443 1846 in
1465 1805 1571 1860 quo
1588 1790 1849 1860 scriptum

258 1898 345 1946 est
370 1889 664 1945 lamentum
690 1886 1088 1959 pamitentium,
1115 1892 1171 1940 et
1217 1898 1434 1938 carmen
1478 1883 1767 1953 justorum,
1795 1887 1851 1935 et

257 1993 341 2034 vta
368 1993 575 2042 eorum,
604 1976 694 2047 qui
722 1983 846 2046 post
873 1982 1155 2046 peccatum
1185 1971 1560 2044 pmnitentiam
1589 1985 1694 2024 non
1725 1985 1850 2040 cge-

258 2076 407 2126 runt.
432 2068 639 2124 Dehinc
660 2065 870 2136 accepit
896 2065 1141 2129 laterem,
1167 2063 1219 2117 in
1246 2078 1354 2133 quo
1374 2061 1609 2117 obsessa:
1629 2059 1848 2115 Jerusa-

258 2160 365 2217 lem
396 2160 607 2231 pictura
634 2157 962 2214 describitur
993 2173 1006 2209 :
1037 2154 1119 2211 vel
1147 2155 1290 2225 quod
1331 2153 1432 2209 sub
1478 2161 1604 2225 typo
1644 2150 1844 2207 Christi

262 2253 502 2325 ejusdem
527 2249 847 2315 Jerusalem,
884 2249 940 2305 id
983 2256 1088 2315 est,
1120 2248 1285 2303 totius
1310 2247 1590 2310 Ecclesia),
1614 2261 1734 2316 qua:
1761 2253 1846 2301 est

256 2361 287 2401 a
320 2343 394 2418 [e]
422 2344 592 2400 latere
619 2341 820 2398 Christi
867 2340 1118 2407 formata,
1151 2339 1408 2411 mysteria
1444 2338 1842 2394 describuntur.

254 2437 412 2507 Capit
436 2435 603 2492 etiam
629 2442 687 2491 et
724 2433 815 2489 hic
843 2432 1105 2503 propheta
1136 2445 1384 2486 somnum
1415 2429 1620 2485 sinistri
1660 2429 1845 2486 lateris

259 2530 314 2583 in
342 2537 527 2600 typum
554 2525 747 2581 mortis
772 2531 1121 2594 peccatorum
1143 2562 1158 2587 ,
1188 2522 1280 2591 qui
1328 2522 1395 2576 ad
1440 2520 1628 2575 laevam
1680 2520 1843 2590 pesiti

252 2627 458 2674 mterna
485 2615 747 2689 supplicia
773 2614 1133 2669 sustinebunt.
1166 2610 1244 2667 Ac
1290 2611 1503 2666 demum
1554 2626 1584 2664 a
1621 2609 1842 2665 sinistro

256 2711 311 2766 in
345 2711 534 2766 dextro
563 2707 801 2764 dormire
838 2703 1057 2775 jubetur
1083 2713 1307 2775 propter
1333 2717 1481 2772 spem
1521 2716 1705 2757 eorum
1748 2700 1841 2770 qui

253 2818 352 2872 pro
377 2790 753 2855 emendatione
782 2809 991 2850 morum
1022 2792 1441 2849 resurrectionis
1474 2790 1702 2863 gloriam
1745 2791 1841 2845 ob—

257 2890 522 2947 tinebunt.
547 2888 755 2959 Aspicit
783 2887 836 2942 in
866 2896 1008 2942 terra
1044 2893 1100 2941 et
1127 2886 1263 2940 duas
1297 2885 1479 2956 virgas
1508 2882 1724 2938 sibimet
1750 2897 1841 2937 co-

252 2983 500 3055 pulantes
527 2982 581 3036 in
612 2980 1023 3037 similitudinem
1043 2976 1471 3032 (ircumcisionis
1490 2984 1544 3031 et
1566 2975 1803 3047 gentium
1820 3015 1836 3036 ,

1948 1788 2260 1844 eorumdem
2322 1789 2702 1846 hmreticorum
2749 1792 3089 1851 demonstrat
3125 1812 3392 1866 errorem,
3440 1803 3533 1871 qui

1948 1886 2337 1948 praeceptorum
2364 1879 2460 1934 Dei
2508 1882 2762 1937 custodes
2801 1898 2924 1940 esse
2973 1900 3032 1940 se
3081 1889 3451 1956 mentiuntur,
3479 1903 3535 1947 et

1946 1968 2046 2021 sub
2070 1977 2328 2038 prmtextu
2358 1970 2604 2027 veritatis
2629 1974 2970 2029 mendacium
2999 1975 3204 2033 colunt.
3235 1977 3335 2035 Ilic
3365 1981 3532 2036 histo-

1947 2057 2151 2113 rialiter
2176 2058 2390 2116 Judzeos
2424 2061 2478 2116 in
2506 2061 2781 2118 Christum
2805 2073 3049 2134 tempore
3087 2067 3278 2124 ultimo
3299 2071 3534 2127 creditu-

1946 2164 2035 2203 ros
2061 2151 2471 2219 pronuntiavit:
2498 2154 2714 2209 tertium
2745 2170 2961 2226 quoque
2990 2161 3408 2218 resurrectionis
3437 2165 3533 2219 do-

1945 2239 2158 2294 miuicae
2179 2241 2320 2296 diem
2347 2242 2616 2312 praedixit.
2641 2243 2992 2315 Prophetavit
3021 2256 3205 2306 autem
3246 2251 3303 2307 in
3343 2253 3533 2309 diebus

1945 2328 2089 2386 Ozia:
2118 2333 2265 2402 regis
2288 2330 2505 2400 Judaem,
2545 2338 2759 2406 quando
2787 2346 2844 2393 et
2869 2338 3058 2398 Isaias.

2012 2423 2170 2479 Johel
2204 2425 2615 2498 interpretatur,
2649 2429 2899 2500 incipiens
2929 2446 2950 2487 :
2974 2432 3078 2489 iste
3101 2434 3167 2488 ad
3189 2433 3383 2491 Judam
3412 2445 3528 2492 tan-

1945 2522 2058 2569 tum
2091 2523 2144 2570 et
2171 2515 2470 2572 Jerusalem
2506 2520 2815 2576 vaticinium
2852 2522 3132 2592 proferens
3171 2527 3224 2582 in
3264 2530 3529 2600 principio

1944 2604 2025 2660 sui
2066 2605 2353 2664 voluminis
2384 2618 2507 2677 post
2554 2610 2867 2681 voluptuosa
2916 2617 3161 2672 convivia
3208 2619 3276 2674 ad
3322 2620 3524 2676 luctum

1942 2709 2198 2769 provocat
2240 2699 2561 2768 Jerusalem,
2606 2704 2879 2761 excidium
2932 2722 3149 2779 quoque
3186 2714 3523 2780 pronuntiat,

1940 2790 2198 2860 prmdicat
2226 2807 2441 2863 quoque
2468 2795 2805 2850 vocationem
2832 2799 3095 2867 gentium,
3123 2810 3178 2855 et
3205 2817 3367 2872 super
3389 2818 3523 2860 con-

1942 2890 2195 2954 gregatos
2262 2885 2549 2941 credentes
2589 2896 3039 2957 superventurum
3082 2890 3345 2961 Spiritum
3394 2911 3524 2951 san-

1942 2981 2107 3027 ctum.
2143 2972 2439 3044 Prophetat
2464 2976 2565 3029 sub
2588 2974 2819 3033 Joatban
2846 2993 2971 3050 rege
2995 2978 3153 3048 Juda,
3201 2984 3421 3054 quando
3468 2995 3521 3040 et

252 3053 366 3129 sive
388 3071 620 3143 aquilam
650 3069 751 3127 sub
774 3067 1270 3124 Nabuchodonosor
1302 3065 1572 3123 volantem
1590 3107 1605 3132 ,
1634 3065 1835 3121 Christi
1865 3053 1909 3117 C
1943 3064 2213 3121 Micbzcas.

254 3164 501 3236 figuram,
517 3161 727 3234 magnis
746 3160 846 3215 alis
870 3168 926 3216 et
947 3158 1149 3217 volucri
1173 3156 1452 3213 celeritate
1473 3157 1638 3212 totius
1653 3155 1839 3211 mundi

252 3256 537 3327 imperium
569 3259 943 3323 occupantem.
974 3249 1186 3321 Plangit
1210 3256 1471 3318 praeterea
1518 3248 1619 3303 sub
1659 3247 1837 3316 specie

254 3348 515 3419 principis
540 3344 668 3417 Tyri
694 3342 1082 3399 beatitudinem
1109 3339 1339 3405 diaboli,
1363 3354 1525 3409 quam
1555 3338 1755 3402 amisit,
1783 3347 1839 3393 et

252 3438 465 3491 ruinam
492 3435 613 3506 ejus
637 3448 886 3505 magnam
914 3447 1034 3487 cum
1068 3430 1445 3485 lamentatione
1473 3427 1834 3499 dcplorat.Ad

248 3526 499 3587 ultimum
547 3525 865 3580 arundinem
909 3523 992 3577 vel
1032 3521 1328 3577 forticulum
1367 3528 1585 3590 gestans
1613 3520 1836 3574 metitur

196 3633 200 3638 '
252 3616 352 3675 sub
389 3616 568 3689 specie
596 3624 905 3671 sanctorum
933 3613 1161 3685 mystice
1189 3611 1510 3667 Jerusalem.
1550 3609 1695 3665 Inter
1717 3611 1834 3667 haec

251 3709 477 3777 mystica
505 3706 789 3777 suhjacent
812 3705 1056 3775 quaedam
1087 3703 1336 3759 moralia.
1381 3701 1555 3758 Falsis
1602 3702 1832 3757 commi-

249 3811 410 3853 natur
448 3797 745 3869 prophetis,
794 3805 955 3867 atque
1000 3795 1429 3865 speculatoribus
1471 3796 1733 3866 praecipit,
1765 3812 1833 3851 ne

249 3888 515 3944 reticeant
546 3887 808 3943 malitiam
838 3906 851 3941 :
891 3894 1125 3957 quatuor
1152 3887 1313 3941 etiam
1343 3887 1609 3942 ultionum
1645 3902 1833 3957 poenas

246 3979 622 4050 peccatoribus
647 3978 937 4049 praedicat,
960 3977 1276 4047 animasque
1300 3978 1478 4035 redire
1504 3977 1572 4032 ad
1604 3995 1830 4048 corpora

246 4086 344 4125 sua
372 4071 660 4141 prophetat
688 4087 701 4124 :
734 4069 972 4125 ostendit
1000 4084 1212 4139 quoque
1260 4085 1698 4141 unumquemque
1732 4087 1831 4141 pro

247 4179 307 4219 se
338 4165 600 4219 rationem
632 4163 858 4219 Domino
889 4160 1243 4225 redditurum,
1271 4176 1369 4216 nec
1402 4162 1673 4232 progeniei
1702 4179 1828 4217 san-

245 4264 349 4311 cta:
398 4255 539 4310 ultra
593 4269 790 4309 nocere
833 4253 1008 4307 labem
1050 4250 1263 4321 paterni
1315 4251 1493 4306 delicti
1535 4270 1547 4306 :
1582 4252 1829 4325 objurgat

247 4346 391 4401 intra
433 4345 549 4400 hmc
575 4345 675 4399 sub
698 4341 829 4398 001a
862 4350 918 4396 ct
942 4340 1128 4396 Ooliba
1176 4355 1389 4395 omnem
1443 4343 1824 4419 turpitudinem

2010 3154 2198 3222 Amos,
2225 3157 2317 3227 qui
2364 3158 2765 3229 interpretatur,
2791 3178 2945 3228 onus,
2974 3163 3289 3221 vaticinavit
3331 3168 3384 3222 in
3422 3167 3521 3224 Sa-

1938 3247 2113 3303 maria
2139 3256 2195 3302 et
2219 3246 2538 3315 Jerusalem,
2573 3251 2672 3305 tria
2704 3260 2759 3307 et
2784 3262 3016 3322 quatuor
3048 3255 3254 3311 scelera
3279 3259 3517 3328 gentium

1936 3340 2036 3395 sub
2063 3339 2227 3395 totius
2255 3340 2440 3394 mundi
2470 3340 2641 3411 figura
2682 3342 3013 3399 describens.
3053 3344 3296 3401 Primum
3337 3348 3519 3418 itaque

1936 3427 2133 3494 scelus,
2165 3429 2290 3498 quia
2324 3444 2515 3485 omnes
2565 3430 2617 3484 in
2665 3431 2839 3486 Adam
2883 3446 3263 3504 peccaverunt.
3314 3436 3520 3494 Secun-

1935 3518 2086 3583 dum,
2115 3519 2241 3590 quia
2289 3520 2342 3574 in
2374 3529 2518 3574 statu
2568 3531 2774 3577 natura:
2818 3522 2990 3595 legem
3042 3525 3387 3584 immemores
3430 3546 3519 3585 ra-

1936 3609 2098 3664 tionis
2138 3626 2245 3665 non
2290 3611 2686 3667 intellexerunt.
2741 3613 2980 3670 Tertium
3028 3633 3242 3687 quoque
3295 3604 3509 3687 eorum,

1933 3702 2023 3771 qui
2051 3703 2189 3758 datae
2212 3702 2313 3774 legi
2352 3720 2457 3758 non
2491 3705 2829 3761 obedierunt.
2875 3708 3139 3776 Quartum
3190 3711 3516 3783 inexpiabile

1932 3810 2119 3849 eorum
2157 3795 2247 3864 qui
2284 3796 2339 3849 in
2372 3794 2649 3851 Christum
2682 3814 2788 3853 non
2838 3801 3207 3867 crediderunt.
3253 3803 3358 3859 Pro
3396 3806 3516 3875 qui-

1932 3882 2034 3939 bus
2066 3884 2362 3941 sceleribus
2399 3885 2609 3941 intonat
2654 3887 2913 3945 Dominus
2951 3907 3008 3946 se
3052 3892 3263 3963 ignem,
3302 3895 3356 3949 id
3407 3904 3508 3958 est,

1933 3976 2250 4029 sententiam
2277 3976 2463 4030 aeterni
2483 3976 2672 4047 judicii
2704 3978 3001 4034 illaturum.
3038 3981 3138 4038 llic
3194 3992 3374 4040 autem
3416 3986 3511 4039 ad-

1931 4074 2150 4120 ventum
2178 4065 2374 4121 Christi
2403 4067 2504 4121 sub
2534 4067 2798 4124 dominica
2829 4071 3058 4127 veritate
3104 4073 3362 4143 praedicat
3386 4115 3400 4140 ,
3427 4075 3509 4129 di-

1930 4170 2059 4211 cens
2087 4171 2100 4209 :
2136 4155 2245 4226 Ego
2280 4152 2498 4225 [ihnuns
2547 4159 2832 4212 tonitruum
2852 4199 2867 4224 ,
2894 4170 2941 4214 et
2968 4178 3148 4215 creans
3176 4163 3435 4233 spiritum,
3458 4176 3508 4220 et

1930 4251 2250 4304 annuntians
2293 4248 2587 4303 hominibus
2627 4248 2891 4305 Christum
2944 4269 3101 4307 suum
3149 4252 3169 4324 (
3192 4253 3349 4309 Amos
3390 4271 3444 4310 tv
3462 4256 3502 4327 ).

1931 4338 2156 4410 Reliqua
2184 4348 2385 4405 autem,
2415 4355 2534 4409 quae
2587 4341 2653 4396 de
2696 4340 2916 4397 Amasia
2955 4353 3011 4397 et
3050 4341 3336 4400 Jeroboam
3392 4328 3523 4403 sive.

246 4436 507 4495 Samaria:
531 4443 586 4490 et
632 4432 950 4497 Jerusalem,
981 4431 1432 4502 nativitatemque
1476 4435 1826 4489 contumelio—
1852 4422 1902 4481 Ι)
1928 4431 2095 4489 Israel
2132 4432 2332 4497 retulit,
2370 4433 2572 4501 tropice
2598 4433 2664 4487 ad
2694 4434 2977 4491 lnereticos
3025 4435 3308 4493 referenda
3353 4450 3497 4495 sunt.

244 4544 360 4584 sam
383 4525 570 4596 objicit
599 4543 612 4578 :
643 4538 783 4595 saepe
828 4524 991 4578 etiam
1040 4522 1109 4576 ad
1161 4523 1539 4592 paenitentiam
1584 4525 1827 4594 captivos

244 4624 523 4690 provocat,
546 4623 601 4672 et
624 4623 750 4684 post
776 4615 1270 4684 prtevaricationem
1293 4616 1545 4673 admouet
1569 4619 1823 4689 populum

244 4712 421 4767 redire
446 4722 784 4766 conversum.
814 4706 913 4762 Hic
933 4715 1113 4762 autem
1137 4709 1412 4778 trigesimo
1439 4710 1629 4780 quinto
1651 4715 1826 4771 aetatis

243 4820 355 4861 sua:
382 4817 544 4866 anno,
567 4806 624 4854 et
651 4797 978 4868 captivitatis
1012 4798 1201 4867 quinto
1232 4800 1284 4853 in
1300 4798 1546 4855 Chaldwa
1573 4804 1824 4859 exsulans

242 4893 599 4967 prophetarit,
627 4890 809 4960 ibique
841 4888 1155 4943 vaticinium
1193 4904 1349 4944 suum
1404 4893 1817 4948 consummavit.

313 4984 498 5041 Daniel
516 4985 925 5054 interpretatur,
938 4980 1203 5050 judicium
1219 4980 1335 5045 Dei,
1355 4984 1554 5053 quique
1574 4985 1737 5038 etiam
1755 4985 1822 5040 de

241 5080 457 5134 Christo
485 5075 695 5131 cunctis
724 5071 1061 5128 manifestior
1086 5081 1170 5128 est
1213 5075 1490 5144 prephetis
1514 5095 1526 5130 :
1560 5078 1682 5146 quia
1712 5094 1818 5133 non

1927 4522 2274 4593 Prophetavit
2302 4529 2481 4577 autem
2510 4524 2610 4579 sub
2633 4540 2758 4595 rege
2780 4524 2910 4581 Ozia
2937 4541 3004 4581 eo
3027 4536 3292 4599 tempore,
3312 4546 3423 4601 quo
3450 4543 3506 4588 et

1928 4614 2063 4671 Osce
2085 4623 2139 4668 et
2165 4614 2351 4670 Isaias.
3254 4618 3259 4623 '

1996 4706 2217 4769 Abdias,
2247 4705 2337 4773 qui
2384 4704 2792 4777 interpretatur,
2845 4726 3020 4765 servus
3082 4709 3316 4778 Domini,
3360 4711 3504 4767 inter

1925 4813 2112 4853 omnes
2145 4796 2445 4866 Pmphetas
2491 4794 2708 4853 brevior
2745 4808 2829 4855 cst
2876 4815 3103 4856 numero
3150 4801 3432 4856 verborum
3484 4821 3501 4859 :

1925 4890 2017 4943 sed
2041 4887 2212 4959 gratia
2232 4887 2611 4959 mysteriorum
2632 4889 2875 4958 :cqualis.
2889 4890 2995 4947 Iste
3005 4898 3193 4946 contra
3213 4889 3498 4947 Idumzeam

1922 4978 2165 5050 loquens,
2196 4980 2476 5049 increpans
2504 4981 2729 5050 mystice
2749 4982 3054 5051 superbiam
3079 4982 3249 5038 Edom
3278 4982 3494 5052 prioris,

1922 5072 2173 5126 videlicet
2218 5069 2521 5134 audaciam,
2572 5070 2714 5138 quod
2768 5070 2935 5127 Jacob
2971 5071 3196 5129 fratrem
3242 5088 3418 5137 suum,
3442 5072 3497 5127 id

241 5172 417 5226 solum
443 5166 779 5241 przcdicavit,
814 5173 875 5218 ut
915 5164 1094 5219 (ueteri
1114 5206 1128 5230 ,
1162 5166 1256 5219 sed
1297 5167 1462 5221 etiam
1508 5174 1562 5222 et
1610 5178 1818 5240 tempus
1919 5173 2021 5228 est,
2051 5162 2325 5218 Christum
2355 5159 2613 5214 occiderit
2637 5159 2689 5214 in
2720 5170 2902 5216 monte
2928 5161 3056 5216 Sion
3075 5202 3090 5228 ,
3121 5161 3174 5216 id
3203 5170 3310 5227 est,
3334 5159 3495 5218 Jeru-

241 5258 631 5318 incaruationis
678 5262 734 5312 et
780 5255 1046 5339 passionis
1095 5271 1191 5325 per
1238 5257 1479 5312 ordinem
1527 5275 1712 5330 regum
1764 5268 1817 5314 et

240 5367 522 5409 numerum
543 5347 788 5405 diﬂinivit
809 5361 1095 5411 annorum,
1119 5348 1189 5401 ita
1213 5355 1271 5401 ut
1300 5365 1404 5403 non
1433 5350 1610 5418 potius
1638 5351 1818 5405 videa-

237 5453 327 5497 tur
348 5439 527 5496 futura
557 5437 871 5509 praedicare,
907 5438 1001 5492 sed
1030 5437 1187 5507 quasi
1241 5446 1517 5494 transacta
1569 5455 1812 5495 narrare.

238 5529 337 5588 Hic
378 5539 559 5586 autem
592 5534 826 5595 quatuor
850 5540 1140 5597 regnorum
1167 5530 1342 5584 cernit
1374 5530 1708 5600 frequentius
1735 5531 1814 5585 vi-

238 5626 438 5690 siones,
462 5631 757 5690 corumque
791 5614 1148 5675 differentiam
1177 5623 1276 5676 sub
1304 5622 1532 5678 diversis
1564 5623 1811 5696 imagini-

1922 5255 2111 5314 salem,
2143 5252 2378 5305 futuram
2409 5249 2658 5314 salutem,
2683 5258 2737 5306 et
2776 5263 3046 5316 sanctum,
3074 5251 3168 5321 qui
3203 5261 3288 5306 est
3316 5250 3496 5306 Domi-

1924 5361 2043 5410 nus,
2063 5342 2365 5406 annuntiat,
2395 5350 2557 5409 atque
2583 5341 2633 5395 in
2668 5350 2869 5405 monte,
2897 5356 2993 5412 per
3016 5355 3174 5410 quem
3201 5340 3498 5412 ﬁguraliter

1922 5432 2227 5509 [figuratur]
2251 5431 2487 5487 Ecclesia
2511 5432 2768 5501 gentium,
2784 5431 3021 5486 futurum
3039 5431 3250 5488 intonat
3268 5431 3496 5486 Domino

1920 5540 2163 5596 regnum.
2202 5520 2549 5591 Prophetavit
2573 5520 2673 5575 sub
2702 5517 2846 5574 Josia
2874 5534 3001 5591 rege
3036 5518 3251 5586 Judteae,
3278 5518 3494 5589 quando

1918 5631 1971 5677 et
1998 5620 2267 5674 Michzeas.
