4064 6206
168 412 251 468 Ili
346 420 355 424 ‘
1168 395 1258 450 DE
1298 389 1648 450 UNIV’ERSO
1683 390 1860 446 LIBRI
1902 388 2061 446 XXII.
2101 421 2167 428 -—
2205 388 2334 445 LIB.
2380 391 2440 444 ς’.

3335 392 3434 448 iis

221 520 408 581 Jonas,
442 513 540 586 qui
581 512 1010 581 interpretatur,
1033 508 1297 572 columba,
1345 515 1456 561 tam
1502 520 1754 561 sermone
1783 507 1829 564 A
1860 500 2033 556 virum
2066 501 2345 556 sedentem
2371 515 2538 570 super
2570 515 2769 569 equum
2800 500 2977 555 rufum
3010 499 3063 555 in
3097 500 3267 571 ﬁgura
3298 518 3394 557 cor
3415 531 3438 543 -

163 625 312 680 quam
340 603 633 674 naufragio
659 617 761 657 suo
797 599 1105 671 passionem
1151 597 1379 664 Christi,
1417 606 1755 668 mortemque

163 715 209 757 et
246 696 712 754 resurrectionem
767 692 963 765 ﬁgurat
993 706 1008 746 :
1039 691 1153 747 sive
1198 690 1344 758 quod
1396 690 1462 745 de
1504 704 1645 744 nave
1688 688 1755 743 ad

165 805 325 854 mare,
354 798 622 856 tanquam
652 783 720 838 de
745 794 909 838 cruce
955 780 1023 836 ad
1065 790 1289 845 terram,
1318 778 1593 850 projectus
1622 785 1708 832 est
1738 793 1752 830 :

166 884 266 939 dve
277 879 431 950 quod
462 876 709 932 invenire
737 873 815 947 [in
840 870 1055 943 ventre]
1098 871 1207 927 ceti
1231 879 1490 940 exceptus
1510 878 1617 935 est,
1638 877 1757 924 tan-

166 988 322 1043 quam
353 970 411 1025 in
434 968 717 1038 sepultura
741 975 917 1029 terrae,
950 962 1126 1017 tribus
1153 962 1344 1017 diebus
1368 969 1425 1015 et
1454 960 1626 1015 tribus
1655 976 1755 1014 no-

166 1065 340 1118 ctibus
374 1057 692 1114 reconditus
721 1062 808 1110 est
843 1073 857 1108 :
898 1062 955 1109 et
983 1053 1127 1124 quod
1154 1068 1252 1124 per
1281 1054 1506 1121 ligulam
1537 1049 1758 1104 Ninives

167 1151 543 1224 pmnitentiam
576 1145 760 1201 mundi
788 1144 1059 1215 praedixit,
1090 1145 1143 1197 in
1180 1141 1530 1213 sequentibus
1575 1150 1755 1211 typum

164 1243 297 1314 gerit
325 1239 643 1294 Judzeorum
691 1234 784 1304 qui
829 1234 1059 1289 salutem
1104 1232 1346 1304 gentium
1399 1246 1507 1286 non
1549 1237 1758 1283 tantum

166 1332 421 1387 advenire
478 1328 765 1384 noluerunt
810 1344 824 1379 :
870 1324 964 1380 sed
1025 1338 1150 1379 eum
1200 1321 1368 1383 venit,
1409 1320 1565 1375 invisi
1611 1326 1756 1373 sunt.

168 1424 356 1477 binive
375 1433 595 1490 quoque
616 1415 858 1487 gentium
879 1412 1155 1491 signiﬁcat
1173 1410 1429 1481 speciem,
1443 1409 1607 1465 Jonas
1630 1423 1761 1460 vero

168 1514 218 1567 in
246 1515 353 1567 hoc
379 1510 500 1565 loco
536 1505 868 1563 Judaaorum.
902 1503 1036 1558 Nam
1071 1502 1521 1574 quemadmodum
1550 1498 1759 1553 Ninivi-

168 1616 344 1659 tarum
378 1601 529 1657 salus
548 1599 615 1653 ad
638 1597 1040 1653 :emulationem
1081 1590 1608 1665 provocavitJonam
1640 1606 1655 1644 :
1687 1591 1760 1646 ita

167 1692 477 1763 redemptio
502 1690 746 1762 gentium
802 1686 1117 1743 scandalum
1172 1684 1383 1740 exstitit
1428 1682 1757 1739 Judaeorum.

171 1782 361 1837 nerito
388 1789 449 1836 et
476 1787 667 1835 contra
700 1775 978 1833 Orientem
1026 1774 1265 1830 civitatis
1311 1774 1520 1830 sedisse
1564 1772 1762 1844 legitur

1854 593 2003 662 poris
2026 591 2226 647 Christi
2253 606 2466 646 roseum
2493 591 2812 660 sanguinem
2848 590 3115 662 passionis
3160 590 3277 645 sive
3326 604 3439 646 me-

1859 683 1958 736 rita
1989 681 2170 752 populi
2191 681 2437 752 gentium
2463 681 2877 751 signiﬁcantem.
2894 680 3104 751 Aspicit
3125 689 3181 736 et
3208 688 3442 749 quatuor

1856 788 2061 828 cornua
2090 772 2203 826 sive
2232 771 2412 825 fabros
2440 771 2494 825 in
2527 771 2695 841 ﬁgura
2723 771 2985 841 gentium,
3013 786 3134 841 quae
3159 768 3352 825 Judam
3387 778 3443 824 et

1858 861 2023 917 Israel
2053 861 2425 930 dispergeutes
2448 862 2599 930 gravi
2627 862 2867 930 pondere
2908 863 3311 929 depresserunt.
3356 860 3439 914 ln-

1859 961 2042 1007 tuetur
2067 952 2318 1006 similiter
2344 960 2399 1005 et
2433 949 2619 1004 Jesum
2651 951 2902 1005 sordibus
2958 952 3142 1005 carnis
3187 959 3245 1005 et
3297 964 3442 1005 mor-

1860 1043 2066 1096 talitate
2118 1041 2372 1097 vestitum
2426 1056 2523 1111 per
2572 1040 2799 1111 ﬁguram
2838 1040 3134 1095 sacerdotis
3183 1055 3197 1094 :
3245 1042 3442 1112 quibus

1858 1134 2074 1197 ablatis,
2107 1134 2350 1188 indutum
2396 1132 2804 1188 immortalitate
2845 1141 2902 1187 et
2944 1132 3115 1202 gloria
3167 1133 3357 1193 cernit,
3387 1142 3444 1188 et

1858 1225 2112 1296 lapidem,
2143 1225 2235 1293 qui
2263 1230 2348 1279 est
2375 1222 2641 1283 Christus,
2676 1231 2882 1292 septem
2920 1221 3106 1277 oculos
3131 1223 3441 1286 habentem,

1861 1315 1911 1369 id
1940 1322 2041 1377 est,
2073 1313 2406 1382 septit'ormis
2431 1312 2652 1381 spiritus
2687 1312 3094 1381 plenitudinem.
3143 1311 3287 1367 Inter
3329 1314 3445 1366 lucc

1862 1408 2102 1461 intuetur
2121 1414 2175 1461 et
2191 1405 2381 1461 turrim
2404 1415 2457 1461 et
2485 1404 2730 1460 titionem
2754 1406 3104 1471 exstinctum,
3128 1406 3179 1461 id
3200 1415 3304 1471 est,
3331 1407 3445 1461 dia-

1861 1500 2061 1563 bolum,
2092 1498 2472 1552 catulelabrum
2500 1497 2747 1553 videlicet
2773 1498 2825 1551 in
2852 1497 3077 1569 ﬁguram
3104 1497 3300 1552 Christi
3325 1514 3445 1552 cum

1860 1593 2095 1648 lucernis
2119 1600 2346 1662 septem,
2375 1600 2495 1661 quae
2528 1600 2655 1646 sum
2699 1600 2902 1662 septem
2955 1592 3095 1647 dona
3148 1592 3383 1662 Spiritus
3429 1610 3442 1646 :

1861 1700 1962 1738 nec
1988 1698 2092 1738 non
2119 1692 2175 1738 et
2202 1683 2335 1738 duas
2358 1682 2529 1739 olivas
2560 1685 2630 1739 ad
2658 1684 2933 1739 dexteram
2962 1691 3017 1737 et
3058 1684 3125 1739 ad
3170 1684 3444 1738 sinistram

1861 1774 2167 1861 candelabri
2206 1775 2432 1844 positas,
2476 1775 2704 1831 duorum
2760 1784 3205 1831 testamentorum
3262 1785 3444 1846 typum

171 1871 382 1924 hedera:
417 1870 520 1924 sub
546 1866 737 1922 umbra
768 1885 781 1920 :
807 1866 882 1921 ita
926 1864 1114 1921 eadem
1157 1864 1309 1936 plebs
1337 1879 1597 1936 separatis
1639 1878 1700 1919 se
1726 1878 1757 1917 a
1789 1852 1833 1911 Β
1863 1852 2176 1938 ﬁgurantes.
2203 1866 2448 1922 Assumit
2463 1882 2680 1938 quoque
2701 1867 2839 1922 idem
2865 1867 3000 1921 duas
3019 1867 3201 1939 virgas
3227 1866 3445 1921 funiculi

171 1961 343 2015 salute
373 1957 647 2021 Ecclesiae,
680 1957 868 2013 dolore
910 1955 1111 2022 tabida,
1143 1965 1332 2011 contra
1379 1954 1674 2019 Christum,
1706 1954 1760 2008 id

171 2061 273 2114 est,
295 2050 574 2106 Orientem
595 2048 857 2115 ecclesias,
876 2045 1111 2117 linguam
1135 2061 1289 2100 suam
1310 2060 1525 2100 movere
1546 2043 1760 2111 nititur,

173 2142 363 2195 sedens
384 2139 489 2195 sub
516 2140 707 2194 umbra
736 2137 893 2208 legis,
919 2153 1040 2206 quae
1074 2137 1263 2190 umbra
1306 2133 1477 2189 ferme
1521 2135 1762 2188 arefacta

175 2244 257 2287 est
283 2232 432 2302 quia,
472 2231 794 2286 adveniente
835 2229 1082 2291 Christo,
1117 2226 1287 2282 cetera
1333 2226 1685 2291 transierunt,
1713 2234 1763 2279 et

176 2341 288 2377 cccc
316 2323 459 2391 facta
496 2332 616 2376 sunt
647 2320 823 2376 omnia
864 2336 994 2374 nova
1027 2317 1109 2391 (ΙΙ
1151 2317 1273 2372 Cor.
1305 2315 1380 2388 v).
1415 2316 1764 2386 Prophetavit

178 2423 353 2466 autem
380 2413 482 2466 sub
502 2411 633 2466 Ozia
667 2426 791 2479 rege
817 2409 974 2473 Judn,
997 2410 1214 2480 quando
1250 2417 1303 2463 et
1347 2408 1486 2464 Osee
1518 2416 1573 2463 ct
1599 2408 1765 2463 Amos

177 2512 229 2555 et
264 2502 432 2556 Isaias
462 2502 944 2572 prophetaverunt.

248 2592 526 2657 Michteas,
551 2593 605 2646 id
633 2601 738 2657 est,
758 2592 875 2663 quis
900 2591 985 2645 hic
1006 2592 1032 2645 ἓν
1052 2591 1135 2646 vel
1160 2591 1276 2661 quis
1299 2590 1436 2644 istc?
1479 2588 1562 2644 vel
1590 2588 1765 2643 Immi-

177 2684 318 2737 lizas.
350 2682 606 2738 Michaias
632 2683 892 2753 propheta
920 2682 1282 2737 comminatur
1319 2679 1583 2736 Samaria:
1628 2681 1764 2734 iram

181 2773 391 2828 Domini
419 2774 491 2828 ob
516 2789 733 2828 causam
780 2772 1215 2837 simulacrorum,
1249 2772 1636 2841 interitumque
1662 2786 1763 2843 po-

177 2865 287 2936 pnli
314 2864 485 2920 Israel
505 2874 789 2920 venturum
825 2850 1129 2931 denuntiat,
1158 2865 1333 2921 locum
1365 2866 1549 2930 etiam,
1575 2865 1628 2918 in
1658 2880 1766 2933 quo

179 2958 429 3014 Christus
464 2968 799 3025 nasceretur,
844 2960 1202 3017 demonstrat.
1260 2960 1613 3031 Prophetavit
1662 2958 1764 3015 sub

179 3051 331 3116 Ozia,
359 3050 578 3120 quando
608 3058 662 3107 et
685 3050 1008 3121 Sophonias.

250 3140 448 3207 Naum,
482 3142 575 3211 qui
626 3142 1039 3212 interpretatur,
1084 3141 1425 3207 consolator,
1470 3141 1762 3198 simulacra

1861 1967 1913 2014 et
1938 1958 2151 2014 decoris
2194 1958 2247 2012 in
2296 1965 2421 2029 typo
2463 1956 2773 2013 Judaeorum
2827 1966 2883 2012 et
2924 1958 3186 2029 gentium.
3243 1956 3449 2026 Aspicit

1861 2047 2055 2103 deinde
2097 2047 2233 2103 duas
2259 2046 2542 2109 mulieres.
2574 2047 2629 2102 id
2659 2054 2765 2112 est,
2791 2046 3097 2102 Judaeorum
3127 2056 3183 2102 et
3208 2048 3445 2118 gentium

1862 2140 2047 2212 plebes
2071 2140 2123 2194 in
2147 2139 2281 2195 alias
2311 2138 2552 2195 levantes
2572 2139 2906 2209 amphoram,
2923 2140 2975 2194 id
2999 2148 3103 2203 est,
3126 2138 3447 2194 diabolicam

1862 2231 2185 2287 doctrinam.
2218 2230 2448 2285 Massam
2474 2243 2689 2300 quoque
2715 2230 2937 2299 plumbi,
2964 2232 3106 2300 quod
3132 2238 3217 2285 est
3239 2228 3449 2301 pondus

1862 2320 2069 2392 peccati
2101 2320 2500 2391 gravissimum,
2531 2320 2645 2375 sive
2683 2320 2934 2375 volumen
2981 2320 3203 2385 volans,
3244 2321 3295 2376 in
3340 2336 3449 2391 quo

1860 2420 2082 2484 peccata
2132 2412 2410 2467 hominum
2449 2421 2507 2468 et
2565 2412 2823 2482 supplicia
2877 2414 3239 2469 ascribuntnr.
3292 2414 3448 2469 Videt

1861 2512 1917 2556 et
1940 2501 2233 2572 quadrigas
2259 2508 2492 2570 quatuor
2529 2515 2637 2555 uno
2677 2494 3075 2570 praedicationis
3116 2502 3449 2573 Evangelictc

1856 2593 1988 2665 jugo
2010 2602 2314 2648 currentes.
2356 2592 2487 2648 Post
2524 2593 2638 2648 base
2680 2592 2871 2664 aspicit
2916 2609 3087 2665 equos
3135 2596 3332 2651 missos
3383 2596 3449 2649 ad

1862 2683 2301 2754 prtedicationem
2330 2683 2536 2739 mundi.
2565 2682 2805 2739 Primum
2834 2682 3012 2739 rufum
3055 2686 3298 2756 martyrii
3332 2702 3453 2756 pas-

1864 2776 2036 2833 sione.
2062 2774 2369 2831 Secundum
2401 2776 2616 2848 nigrum
2645 2775 2897 2846 squalore
2932 2778 3280 2847 pmnitentim.
3328 2778 3455 2833 'fcr-

1866 2866 2000 2921 tium
2031 2865 2212 2923 album
2243 2865 2479 2921 candore
2504 2864 2777 2934 baptismi.
2822 2867 3085 2933 Quartum
3116 2866 3323 2920 varium
3358 2882 3451 2919 va-

1864 2959 2056 3014 rietate
2081 2959 2362 3014 virtutum.
2396 2957 2583 3014 Cernit
2611 2972 2826 3028 quoque
2851 2965 2907 3012 et
2927 2958 3083 3013 tubas
3117 2967 3451 3021 sanctorum,

1863 3060 2140 3123 gestantes
2168 3050 2416 3121 ﬁguram,
2444 3065 2541 3120 per
2571 3065 2708 3120 quos
2749 3050 3010 3105 Dominus
3059 3050 3262 3105 mundo
3308 3050 3456 3104 canit

1868 3157 1962 3198 sua
1993 3149 2305 3212 praecepta:
2338 3148 2502 3210 atque
2542 3139 2827 3211 Angelum,
2852 3140 2906 3194 in
2943 3155 3048 3210 quo
3094 3141 3201 3195 duo
3241 3156 3307 3195 ex
3354 3141 3445 3194 ad-

179 3206 858 3301 gcntinmex'tenninanda
887 3233 1189 3298 denuntiat,
1216 3249 1316 3290 nec
1355 3206 1458 3289 non
1488 3243 1546 3290 et
1573 3236 1762 3291 urbem
1790 3206 1835 3267 (ἶ
1867 3206 2023 3286 versi)
2044 3206 2222 3299 populi
2241 3206 2561 3305 junguntur,
2580 3206 2692 3285 sive
2715 3206 2975 3299 paxilluni
2991 3229 3290 3300 ﬁguraliter
3305 3229 3456 3285 Chri:

180 3326 503 3396 anguinum
552 3323 849 3380 Jerusalem
889 3343 901 3379 :
936 3316 1056 3396 post
1088 3326 1244 3395 cujus
1278 3328 1554 3383 interitum
1602 3329 1767 3399 pedes

185 3415 556 3470 annuntiantis
576 3430 784 3485 pacem,
810 3416 863 3485 id
884 3424 988 3481 est,
1006 3417 1292 3472 adventtmi
1317 3416 1614 3474 Salvatoris
1637 3433 1766 3488 pro-

183 3507 402 3560 (Ἰωνίη.

253 3596 493 3660 Abacnc,
522 3595 846 3667 amplexam,
878 3597 992 3653 sive
1032 3596 1259 3651 luctator
1282 3597 1455 3666 fortis,
1480 3599 1534 3653 in
1567 3598 1762 3669 princi-

182 3689 274 3755 pio
300 3687 589 3742 voluminis
613 3688 694 3743 sui
726 3689 983 3744 describit
1012 3688 1285 3744 diabolum
1334 3706 1457 3745 cum
1507 3692 1766 3747 membris

179 3796 245 3833 ac
273 3777 513 3833 moribus
539 3777 652 3833 suis
681 3796 694 3832 :
733 3780 787 3833 in
825 3779 929 3834 ﬁne
958 3793 1087 3835 vero
1115 3781 1426 3849 pronuntiat
1471 3781 1764 3837 adventum

180 3868 599 3939 passionemque
623 3867 945 3925 Salvatoris.

252 3960 579 4030 Sophonias,
593 3960 887 4030 speculator
900 3963 1261 4032 mysteriorum
1281 3961 1393 4028 Dei,
1411 3962 1587 4017 cernit
1599 3964 1766 4032 capti-

191 4055 405 4107 ~itatem
438 4051 737 4107 Jerusalem
776 4052 927 4108 urbis
956 4068 987 4108 a
1047 4053 1306 4109 Romanis
1354 4053 1612 4119 futuram,
1669 4069 1767 4124 per

194 4158 369 4197 uicem
400 4143 656 4198 clamoris
677 4159 705 4197 a
734 4152 888 4213 porta
912 4143 1165 4212 piscium,
1189 4152 1243 4199 et
1268 4160 1365 4214 per
1390 4144 1603 4199 collium
1636 4161 1768 4200 con-

196 4236 483 4299 uitionem,
514 4234 569 4288 id
591 4243 676 4290 est
701 4235 898 4291 montis
923 4234 1076 4301 Sion,
1102 4236 1192 4305 qui
1219 4243 1304 4290 est
1346 4236 1500 4292 collis
1542 4236 1764 4292 Jerusa-

197 4322 305 4389 ιω,
324 4338 427 4378 nec
454 4338 563 4378 non
595 4323 822 4378 aliarum
851 4325 1090 4393 gentium
1113 4324 1452 4380 eversionem
1486 4327 1763 4396 praedicat,

198 4425 557 4484 terroremque
591 4416 755 4470 divini
785 4415 971 4485 iudicii
1008 4417 1236 4472 intonat.
1283 4416 1547 4486 Loquitur
1595 4407 1761 4476 etiam

194 4515 369 4561 mura
400 4505 558 4561 Moab
581 4515 636 4561 et
660 4506 887 4561 Ammon
907 4548 922 4572 ,
945 4507 1036 4562 sed
1061 4522 1158 4576 per
1185 4509 1329 4578 ipsos
1363 4517 1615 4577 tanquam
1646 4509 1766 4564 ﬁui-

1866 3330 2007 3378 stum
2054 3321 2276 3375 inﬁxum
2309 3320 2563 3375 cordibus
2589 3320 2908 3391 populorum
2940 3321 3218 3386 describit,
3261 3329 3316 3376 et
3361 3337 3457 3391 pa-

1866 3420 2073 3467 storum
2103 3411 2405 3466 antichristi
2435 3426 2572 3482 opus
2621 3419 2676 3466 et
2728 3411 3078 3467 intentionem
3131 3413 3183 3466 in
3225 3413 3456 3468 sinistris

1867 3504 2153 3560 habentem
2190 3519 2204 3557 :
2236 3518 2434 3573 equum
2483 3519 2698 3574 quoque
2726 3503 2778 3558 in
2812 3505 3036 3574 figuram
3075 3502 3246 3574 plebis
3278 3504 3453 3558 Incre-

1868 3596 2134 3661 ticorum,
2166 3604 2222 3651 et
2254 3610 2599 3651 ascensorem
2642 3596 2765 3675 ejus
2809 3595 3081 3651 diabolum
3130 3614 3142 3649 :
3198 3597 3456 3666 praedicat

1864 3688 2029 3742 etiam
2059 3686 2262 3741 fontem
2294 3686 2348 3740 in
2375 3686 2537 3740 domo
2560 3687 2671 3741 veri
2698 3687 2863 3741 David
2900 3695 3169 3756 patentem
3214 3686 3268 3740 in
3316 3686 3455 3740 lava-

1865 3792 1960 3831 cro
1988 3776 2437 3845 regenerationis.
2467 3775 2608 3840 Alia,
2634 3791 2970 3846 quaecunque
3006 3776 3242 3846 scripsit,
3269 3785 3361 3830 aut
3387 3777 3455 3831 de

1868 3868 2100 3923 adventu
2128 3866 2341 3923 Domini
2369 3875 2613 3933 narrant,
2639 3874 2733 3921 atlt
2756 3868 2821 3920 de
2851 3868 3102 3937 passione
3139 3866 3277 3935 ejus,
3300 3875 3356 3923 et
3387 3868 3456 3923 de

1866 3960 2044 4015 surculi
2074 3959 2201 4025 ﬁne,
2228 3969 2285 4015 et
2308 3960 2375 4015 de
2395 3958 2597 4029 judicio
2630 3974 2746 4015 suo.
2774 3958 3120 4030 Prophetavit
3152 3966 3329 4013 autem
3356 3976 3452 4013 au-

1867 4051 1952 4106 nis
1998 4051 2207 4107 duobus
2232 4051 2378 4106 Darii
2407 4052 2549 4122 regis
2576 4050 2870 4115 Medorum,
2903 4051 3089 4105 iisdem
3121 4053 3451 4121 temporibus

1867 4141 2062 4210 quibus
2081 4139 2324 4211 Aggzeus,
2350 4156 2491 4196 anno
2513 4141 2910 4211 septuagesimo
2933 4141 3296 4198 dissolutionis
3317 4153 3451 4197 tem-

1868 4233 1939 4302 pli
1964 4241 2019 4287 et
2046 4233 2374 4301 captivitatis
2397 4232 2596 4303 populi.

1938 4326 2249 4391 Malachias,
2292 4326 2385 4396 qui
2433 4326 2841 4395 interpretatur,
2869 4326 3094 4396 Angelus
3137 4327 3364 4393 Domini,
3395 4331 3447 4383 in

1866 4416 2132 4486 principio
2159 4414 2445 4470 voluminis
2466 4415 2549 4471 sui
2579 4415 2912 4471 demonstrat
2934 4417 3115 4471 odium
3143 4415 3448 4473 Judzcorum

1870 4508 1921 4562 in
1955 4508 2094 4562 Esau
2121 4515 2175 4562 et
2209 4506 2550 4563 dilectionem
2583 4507 2818 4577 iunioris
2859 4508 3037 4578 populi
3069 4509 3123 4562 in
3152 4507 3337 4565 Jacolf.
3392 4511 3447 4564 In

194 4605 295 4651 tum
324 4595 629 4669 [ﬁnitimos]
656 4597 835 4666 populi
862 4597 978 4663 Dei,
1016 4598 1247 4667 proximi
1279 4597 1559 4663 catholicis
1587 4614 1761 4654 sacra-
1791 4582 1843 4640 ἷ)
1871 4596 2221 4666 sequentibus
2261 4602 2442 4650 autem
2486 4606 2699 4651 veteres
2732 4595 2928 4652 Jndzeaa
2965 4597 3210 4654 victimas
3262 4615 3447 4670 repro-

194 4689 382 4744 nentis
411 4689 650 4745 haeretici
683 4697 1000 4759 arguuntur.
1030 4688 1129 4744 llic
1156 4690 1373 4744 tertium
1412 4689 1553 4744 diem
1584 4705 1765 4744 resur-

198 4780 444 4836 rectionis
468 4778 670 4835 Christi
693 4782 1011 4851 prophetat,
1035 4780 1270 4848 atquein
1299 4780 1531 4835 adventu
1562 4779 1765 4835 Christi

197 4871 283 4925 sub
315 4886 423 4924 uno
440 4869 572 4940 jugo
599 4870 808 4924 Domini
840 4878 1011 4924 totum
1040 4870 1297 4925 mundum
1325 4870 1651 4924 serviturum
1676 4884 1766 4922 an-

196 4959 418 5013 nuntiat.
445 4957 793 5028 Prophetavit
819 4958 920 5013 sub
944 4957 1112 5023 Josia,
1140 4966 1200 5012 ut
1230 4958 1513 5013 Jeremias.

252 5051 507 5121 Aggaaus,
533 5051 626 5120 qui
668 5051 1074 5119 interpretatur,
1103 5050 1369 5105 solemnis.
1403 5049 1502 5105 [lic
1529 5050 1582 5104 in
1631 5050 1768 5103 vati-

198 5143 312 5196 cinii
350 5142 437 5196 sui
470 5149 615 5196 textu
641 5142 899 5211 templum
930 5141 1139 5196 Domini
1189 5140 1595 5196 instaurandum
1634 5156 1770 5210 pra:-

196 5236 347 5304 eepit,
374 5234 752 5289 eontritionrm
772 5235 1031 5304 praedicat
1064 5233 1430 5305 gentium,vel
1453 5233 1769 5288 commotio-

196 5341 305 5380 nem
338 5326 508 5388 totius
532 5326 716 5380 mundi
756 5325 1020 5395 praedicit,
1052 5342 1116 5380 ac
1138 5326 1238 5380 sub
1270 5325 1437 5394 ﬁgura
1467 5324 1765 5379 Zorobabcl

191 5415 384 5471 Christi
410 5417 701 5471 adventum
751 5418 1080 5473 vaticinatur
1107 5435 1121 5472 :
1154 5417 1551 5489 septuagesimo
1584 5426 1762 5471 autem

193 5522 323 5561 anno
345 5508 680 5579 captivitatis
704 5508 885 5577 populi
928 5508 1293 5578 prophetarit,
1323 5507 1530 5563 duobus
1560 5514 1765 5561 tantum

192 5600 461 5654 mensibus
481 5599 810 5655 Zachariam
850 5600 1104 5654 vaticinio
1131 5615 1230 5655 suo
1262 5599 1595 5669 praecedens.

248 5688 568 5752 Zacharias,
598 5691 688 5760 qui
722 5690 1047 5751 nominatur,
1079 5692 1329 5744 "tentoria
1359 5690 1601 5755 Domini,
1620 5699 1766 5759 post-

187 5794 341 5847 quam
372 5781 509 5835 iram
540 5780 749 5837 Domini
786 5782 836 5867 in
863 5781 1103 5851 patribus
1131 5781 1471 5851 prophetarit
1501 5800 1512 5836 :
1548 5782 1680 5839 vidit
1709 5793 1763 5837 ct

1869 4687 1983 4750 bat,
2006 4695 2060 4742 et
2081 4687 2406 4742 sacrificium
2441 4687 2720 4744 transferri
2762 4691 2827 4745 ad
2853 4689 3077 4756 Gentes,
3105 4692 3156 4745 in
3188 4691 3295 4746 ﬁne
3323 4709 3453 4749 vero

1868 4779 2157 4834 adventum
2192 4779 2403 4834 Domini
2435 4782 2738 4837 annuntiat.
2790 4783 2940 4839 Diem
2981 4800 3195 4855 quoque
3237 4787 3449 4859 iudicii,

1860 4868 2240 4941 iustorumque
2264 4873 2509 4942 praemia,
2536 4881 2591 4926 et
2620 4873 2906 4943 impiorum
2937 4890 3156 4945 poenas,
3186 4876 3447 4933 Joannem

1868 4960 2026 5014 etiam
2062 4961 2317 5029 prcedicat
2347 4969 2474 5017 ante
2509 4962 2795 5017 adventum
2828 4963 3060 5032 primum
3086 4964 3294 5020 Domini
3322 4968 3450 5020 mis-

1873 5068 2016 5117 sum,
2063 5060 2119 5106 et
2156 5052 2326 5108 Eliam
2358 5063 2484 5109 ante
2514 5053 2809 5108 secundum
2845 5055 3135 5109 adventum
3162 5056 3447 5110 annuntiat

1873 5159 1993 5200 esse
2021 5144 2360 5199 mittendum.
2391 5145 2536 5199 Inter
2563 5145 2681 5200 haec
2706 5147 2958 5200 nonnulla
2994 5146 3216 5200 moralia
3263 5155 3318 5202 et
3363 5147 3442 5201 di»

1872 5234 2112 5304 sciplinis
2138 5235 2486 5304 congruentia
2512 5236 2777 5304 explicat,
2808 5237 2860 5290 in
2888 5238 3081 5306 quibus
3105 5237 3329 5307 corripit
3353 5253 3445 5307 ρο-

1870 5326 2051 5396 pulum
2078 5326 2192 5381 sive
2221 5325 2530 5381 sacerdotes
2549 5327 2903 5397 despicienles
2926 5343 3119 5382 nomen
3147 5328 3261 5393 Dei,
3285 5337 3449 5399 atque

1870 5414 1985 5484 c-jus
2015 5412 2365 5468 Sacramenta
2391 5413 2608 5484 pollutis
2654 5415 3015 5470 oblationibus
3062 5426 3117 5471 et
3164 5416 3446 5472 sacriﬁciis

1868 5504 2150 5569 violantes,
2177 5505 2268 5574 qui
2298 5514 2479 5561 mouet
2505 5507 2667 5560 etiam
2698 5507 2980 5575 episcopos
3017 5507 3203 5562 doctos
3240 5518 3295 5562 et
3329 5509 3448 5565 sine

1870 5595 2078 5650 macula
2099 5609 2218 5650 esse
2246 5595 2461 5660 debere,
2478 5605 2604 5659 etc.,
2633 5611 2984 5665 persvnarum
2996 5599 3113 5654 sine
3135 5599 3445 5670 acceptione

1870 5685 2090 5757 populos
2123 5685 2400 5741 veritatem
2432 5687 2700 5742 instruere
2739 5706 2751 5740 :
2794 5687 3068 5744 discordes
3112 5706 3325 5760 quoque
3362 5708 3441 5745 ar-

1869 5779 2004 5849 guit,
2046 5777 2283 5833 decimas
2310 5788 2365 5833 ct
2393 5777 2655 5848 primitias
2694 5777 2993 5835 reddendas
3018 5780 3229 5851 populis
3254 5780 3440 5837 Eccle-
