4064 6206
344 199 446 254 ιιο

985 191 1045 244 n.
1085 187 1340 243 RABANI
1379 185 1595 242 usum
1634 159 1968 240 AltCHlEP.
1997 183 2308 242 uocum.
2351 177 2638 241 OPER‘UM
2671 185 2850 242 rans
2888 183 2952 240 ιι.

3503 186 3606 242 1Ξο

341 313 438 367 eia:
491 304 776 377 prmcipit:
815 303 1067 374 objurgat
1108 310 1164 356 et
1212 315 1306 356 eos
1342 299 1432 368 qui
1488 297 1746 369 coniuges
1793 311 1919 352 suas
1951 313 1999 370 Α
2027 297 2218 361 menti,
2245 304 2466 366 propter
2513 297 2884 368 septiformem
2931 295 3166 368 Spiritus
3209 299 3384 354 sancti
3432 297 3610 354 efﬁca-

346 399 670 469 despiciunt,
701 403 757 452 et
798 395 1025 450 aliarum
1061 407 1246 448 amore
1273 392 1519 446 nituntur
1548 407 1562 443 :
1597 389 1847 444 similiter
1871 396 1927 443 et

345 491 465 547 illos
483 489 596 560 qui,
617 485 894 545 miseriam
917 499 1072 540 suam
1095 483 1359 546 dolentes,
1373 479 1686 535 felicitatem
1705 477 1928 534 laudent

345 593 538 637 eorum
567 577 660 648 qui
689 573 850 647 hujus
870 573 1057 629 mundi
1083 571 1360 643 prosperis
1393 569 1768 640 perfruuntur.
1792 567 1930 624 Pro-

345 669 588 743 phetavit
611 675 792 724 autem
820 664 1148 722 novissimus
1173 664 1228 718 in
1257 661 1548 733 Babylone,
1568 661 1790 732 quando
1820 659 1932 731 Ag-

346 778 494 834 gaeus
515 769 571 817 et
595 759 907 816 Zacharias.

418 850 622 906 Esdras
655 848 845 905 scribit
876 845 1131 916 populum
1177 845 1300 911 Dei,
1329 843 1546 914 expleto
1597 842 1931 914 captivitatis

348 950 610 1010 tempore,
638 940 936 1010 imperante
969 937 1110 1008 Cyro
1139 950 1266 1006 rege
1313 935 1622 1000 Persarum,
1674 935 1730 988 in
1776 931 1932 990 Jeru-

349 1031 516 1086 salem
544 1030 712 1086 fuisse
735 1043 1010 1085 reversum
1029 1067 1046 1092 ,
1073 1042 1139 1083 ac
1159 1027 1260 1081 sub
1303 1024 1604 1081 Zorobahel
1629 1033 1688 1078 et
1722 1023 1849 1092 Jesu
1878 1029 1934 1078 et

347 1119 782 1186 .losedech,Filio
809 1117 1128 1184 sacerdotis,
1143 1117 1260 1173 sive
1283 1115 1526 1181 Neemia,
1555 1128 1742 1171 muros
1767 1113 1930 1170 Jeru-

349 1213 538 1278 salem,
561 1211 818 1283 templum
847 1218 902 1264 et
920 1209 1089 1264 altare
1109 1217 1386 1272 novatum,
1401 1205 1494 1276 jus
1515 1221 1729 1276 quoque
1753 1220 1933 1262 sacer-

351 1308 536 1363 dotum
566 1305 894 1367 restitutum,
922 1310 976 1358 et
1009 1309 1210 1357 sanctae
1239 1300 1514 1370 religionis
1537 1297 1764 1364 cultum,
1795 1298 1934 1351 mul-

353 1399 533 1469 tisque
587 1395 844 1467 operibus
889 1393 1130 1466 gentium
1179 1391 1596 1462 principumque
1643 1388 1930 1444 Persarum

355 1488 666 1544 muneribus
694 1486 1036 1542 adornatum.

425 1579 853 1637 Machahaeorum
877 1577 1000 1632 libri
1023 1576 1152 1632 licet
1171 1589 1278 1630 non
1305 1572 1610 1628 habeantur
1634 1588 1690 1627 ιιι
1723 1583 1933 1626 canone

2029 391 2191 442 ciam.
2225 387 2455 459 Scripsit
2475 398 2655 444 autem
2684 392 2750 446 ad
2777 389 3070 457 Romanos,
3091 392 3160 448 ad
3183 392 3514 464 Corinthios,
3542 397 3611 452 ad

2028 479 2271 546 Galatas,
2297 479 2364 536 ad
2385 479 2667 550 Ephesios,
2699 481 2767 536 ad
2809 480 3205 552 Philippenses,
3233 483 3299 538 ad
3326 483 3613 562 Thessalo-

2030 572 2302 639 nicenses,
2326 573 2394 628 ad
2413 571 2778 636 Colossenses,
2812 575 2876 628 ad
2906 573 3164 631 liebrteos
3187 593 3202 630 :
3227 575 3463 648 reliquas
3484 593 3614 634 vero

2029 665 2374 734 postmodum
2425 665 2787 738 singularibus
2821 664 2989 722 edidit
3031 666 3300 737 personis,
3340 679 3398 722 ut
3427 685 3617 725 rursus

2031 754 2184 809 illum
2216 756 2582 826 septenarium
2607 769 2888 810 numerum
2911 757 2977 810 ad
3001 753 3412 812 Sacramentum
3433 759 3616 812 unita-

2031 842 2104 898 tis
2131 852 2494 900 converteret.
2524 842 2851 914 Argumenla
2876 852 3054 900 autem
3071 846 3382 900 earumdem
3404 846 3618 918 Episto-

2031 938 2209 993 larum
2242 939 2359 994 haec
2385 950 2529 994 sunt.
2555 936 2824 1008 Imprimis
2844 936 3102 994 Romana:
3122 937 3293 1010 plebis
3315 937 3472 994 fidem
3500 941 3614 996 col-
3643 1013 3648 1018 _

2035 1029 2220 1085 laudat
2250 1049 2262 1082 :
2291 1029 2602 1084 Corinthios
2631 1028 2844 1100 gemina
2899 1029 3149 1084 doctrina
3180 1029 3444 1100 castigat:
3474 1031 3617 1100 apud

2032 1121 2255 1178 Galatas
2275 1136 2372 1193 per
2393 1123 2622 1192 gratiam
2648 1120 2772 1175 fidei
2797 1121 3036 1176 excludit
3055 1135 3216 1190 opera
3239 1119 3373 1191 legis
3399 1138 3412 1174 :
3441 1120 3618 1191 Ephe-

2033 1213 2145 1267 sios
2174 1209 2480 1282 magnificat
2527 1210 2582 1264 in
2633 1207 2756 1275 fide,
2789 1223 2950 1279 quant
2989 1215 3316 1278 acceperunt
3367 1226 3380 1262 :
3433 1207 3619 1264 laudat

2033 1302 2408 1359 Colossenses:
2439 1317 2536 1372 pro
2556 1315 2622 1355 eo
2648 1298 2837 1373 [quod]
2865 1299 2918 1353 in
2950 1297 3052 1352 fide
3082 1305 3382 1365 steterunt;
3410 1297 3616 1368 Philip-

2033 1409 2248 1464 pcnses,
2277 1391 2624 1464 Evangelium
2666 1391 2967 1446 custodisse
3015 1387 3352 1460 gratulatur:
3384 1389 3619 1446 Thessa-

1978 1502 1982 1506 ·
2033 1482 2402 1539 louicensesin
2421 1481 2593 1552 prima
2623 1480 2847 1552 epistola
2880 1479 2984 1536 fide
3004 1479 3240 1535 crevisse
3263 1487 3318 1534 et
3335 1481 3616 1550 operibus,
3646 1508 3650 1513 -

2035 1575 2090 1628 in
2121 1572 2354 1628 secunda
2370 1572 2774 1642 persecutiones
2809 1571 3070 1626 tolerasse
3102 1568 3314 1625 fortiter
3331 1570 3614 1642 gloriatur.

354 1671 699 1727 Hebraeorum
741 1687 758 1726 :
798 1676 980 1724 tamen
1025 1667 1094 1722 ab
1149 1665 1390 1722 Ecclesia
1434 1665 1580 1720 inter
1621 1663 1928 1718 divinorum
1961 1660 2006 1719 B
2034 1661 2257 1716 Instruit
2283 1677 2383 1732 per
2403 1660 2746 1716 Timotheum
2795 1671 2852 1715 et
2891 1659 3070 1714 Titum
3101 1659 3371 1716 Ecclesias
3397 1674 3412 1714 :
3439 1659 3620 1716 Phile-

357 1763 685 1820 voluminum
711 1759 971 1816 historias
1003 1765 1448 1814 annumerantur.
1493 1754 1808 1810 Pramotant
1835 1767 1933 1806 au-

357 1865 464 1909 tem
488 1851 672 1924 prtelia
696 1851 836 1906 inter
861 1849 1208 1906 Hebraeorum
1243 1846 1438 1910 duces,
1473 1855 1769 1916 gentesque
1795 1842 1932 1898 Per-

356 1961 560 2011 sarum,
591 1957 932 2016 pugnamque
958 1942 1329 2004 sabbatorum,
1354 1947 1418 1994 et
1456 1935 1665 1993 nobiles
1717 1935 1935 1990 Macha-

357 2041 595 2095 bzeorum
619 2037 941 2106 triumphos,
969 2033 1148 2088 ftedus
1179 2045 1396 2100 quoque
1418 2029 1784 2086 amicitiarum
1809 2041 1934 2082 cum

358 2129 553 2202 populo
577 2128 946 2184 Romanorum
967 2133 1129 2194 atque
1153 2122 1500 2192 legationum.

431 2221 566 2276 Item
617 2217 954 2292 pmfationis
977 2215 1113 2271 Novi
1157 2213 1492 2272 Testamenti
1521 2207 1935 2282 Evangeliorum

358 2312 690 2388 praedicatio,
715 2311 961 2383 quamvis
980 2309 1313 2380 quadrifaria
1344 2308 1432 2372 sit,
1464 2322 1568 2362 una
1603 2315 1688 2360 est
1718 2314 1933 2359 tamen:

360 2405 487 2476 quia
510 2419 578 2459 ex
606 2417 716 2458 uno
750 2401 1050 2472 eodemque
1075 2415 1171 2456 ore
1201 2399 1486 2454 Trinitatis
1513 2397 1793 2467 processit.
1814 2395 1941 2450 Haec

361 2503 488 2552 sunt
510 2495 656 2551 enim
668 2500 900 2563 quatuor
920 2491 1136 2546 flumina
1165 2491 1232 2546 de
1257 2505 1370 2548 uno
1395 2491 1540 2546 fonte
1559 2489 1795 2559 paradisi
1827 2504 1942 2542 ma-

365 2591 574 2653 nantia,
600 2601 828 2657 quteque
856 2585 1144 2656 dupliciter
1171 2599 1279 2640 uno
1299 2599 1395 2640 ore
1423 2585 1720 2638 decurrunt
1745 2597 1811 2636 ac
1844 2597 1943 2652 per

365 2689 539 2734 totum
566 2677 828 2733 mundum
856 2658 1094 2732 cmlestis
1123 2673 1494 2729 ministrantes
1531 2669 1729 2727 ﬂuenta
1755 2671 1943 2742 gratia:

367 2786 434 2826 ac
457 2769 580 2824 fidei
604 2767 783 2824 verbis
813 2765 1116 2822 infundunt.
1167 2763 1292 2819 Haec
1333 2771 1417 2819 est
1465 2763 1556 2818 illa
1583 2762 1638 2816 in
1681 2761 1943 2817 Zacharia

366 2860 628 2931 quadriga
659 2859 894 2923 Domini,
920 2859 976 2913 in
1006 2873 1113 2928 qua
1143 2871 1244 2926 per
1276 2869 1492 2910 omnem
1521 2861 1743 2910 evectus
1781 2868 1944 2908 mun-

367 2952 493 3006 dum
527 2951 633 3005 leni
651 2950 780 3021 jugo
805 2948 940 3004 colla
965 2949 1066 3004 sibi
1098 2955 1417 3003 cunctarum
1451 2944 1696 3016 gentium
1722 2943 1940 3012 subigit.

369 3041 432 3097 lli
473 3049 599 3098 sunt
623 3041 808 3106 etiam,
842 3054 979 3109 quos
1004 3037 1103 3092 sub
1127 3045 1363 3108 quatuor
1400 3035 1715 3092 animalium
1767 3035 1949 3106 specie

372 3132 506 3188 visio
530 3130 872 3202 Prophetalis
899 3129 1106 3194 scribit,
1134 3129 1188 3184 id
1227 3133 1337 3193 est,
1365 3127 1622 3193 hominis,
1645 3127 1838 3190 leonis,
1868 3127 1950 3180 vi-

371 3224 467 3280 tuli
511 3231 568 3280 et
593 3223 807 3292 aquila}.
855 3221 1101 3292 Namque
1131 3221 1375 3290 'primus,
1407 3228 1468 3274 ut
1494 3220 1680 3284 homo,
1703 3219 1947 3273 ordinem

373 3317 622 3370 bumaua‘:
665 3312 966 3368 nativitatis
1017 3312 1282 3382 designat.
1337 3310 1618 3366 Secundus
1659 3310 1725 3364 ad
1780 3310 1952 3363 instar

377 3405 636 3477 rugientis
659 3403 832 3460 leonis
859 3403 1042 3458 statim
1067 3402 1121 3456 in
1147 3402 1415 3472 principio
1446 3403 1527 3456 sui
1558 3400 1827 3457 sermonis
1869 3401 1952 3454 di—

376 3497 510 3551 vinae
542 3495 828 3564 potestatis
863 3495 1233 3550 fortitudinem
1275 3494 1510 3548 intimat.
1543 3493 1760 3548 Tertius
1791 3493 1950 3547 victi-

378 3603 521 3642 mam
550 3587 848 3643 sacerdotis
873 3586 1228 3656 praemittens,
1255 3585 1407 3654 quasi
1441 3584 1594 3639 vituli
1619 3592 1846 3639 mortem
1875 3584 1954 3638 in-

373 3679 571 3734 sinuat.
601 3678 839 3746 Quartus
865 3668 1036 3733 ‘more
1083 3676 1276 3747 aquilae
1326 3684 1607 3732 assectans
1655 3676 1850 3732 coelum
1899 3683 1954 3730 et

375 3779 578 3825 terram
606 3769 798 3825 avidus
847 3769 1166 3834 transvolat,
1195 3776 1358 3838 atque
1403 3769 1742 3822 nativitatem
1789 3765 1954 3822 Verbi

375 3859 587 3916 occulta
637 3859 897 3930 mysteria
953 3857 1242 3932 [mysterii]
1285 3859 1637 3927 intelligentia
1681 3865 1950 3928 penetrat.

378 3949 486 4006 Sed
509 3965 576 4006 ex
603 3950 689 4006 his
715 3951 818 4006 tria
849 3950 940 4006 illa
983 3949 1260 4014 animalia,
1288 3964 1408 4020 quae
1437 3949 1492 4004 in
1526 3957 1671 4004 terra
1699 3948 1958 4018 gradiun-

377 4049 485 4105 tur,
515 4039 784 4094 actualem
808 4039 973 4094 vitam
1000 4047 1314 4108 sequentes,
1345 4053 1410 4093 ea
1435 4039 1811 4094 tantummodo
1832 4052 1957 4107 pro-

293 4114 304 4124 ’
379 4131 550 4188 secuti
577 4140 721 4197 sunt,
753 4147 874 4202 qua:
903 4131 1065 4186 homo
1089 4130 1336 4186 Christus
1363 4132 1418 4187 in
1453 4132 1614 4186 terris
1643 4129 1957 4201 temporali-

383 4235 466 4278 Icr
514 4224 702 4292 gessit.
749 4223 1010 4290 Quartum
1067 4223 1267 4278 animal
1323 4223 1794 4294 contemplationis
1842 4223 1960 4278 acie

2035 1768 2250 1810 monem
2279 1754 2346 1809 de
2370 1753 2664 1810 emendato
2697 1768 2854 1808 servo
2900 1749 3152 1806 Onesimo
3181 1761 3356 1824 rogat.
3385 1751 3466 1808 Ad
3495 1753 3620 1809 ulti-

2035 1861 2182 1901 mum
2233 1841 2521 1910 Hebraeos,
2578 1844 2670 1916 qui
2725 1844 2781 1899 in
2840 1843 3060 1900 Christo
3125 1844 3504 1912 crediderunt,
3563 1854 3622 1900 et

2033 1934 2377 2004 postmodum
2417 1933 2884 2004 persecutionibus
2925 1931 3166 1988 Judaicis
3215 1934 3388 1989 territi
3437 1951 3468 1990 a
3513 1935 3620 1991 fide

2036 2034 2394 2092 recesserant,
2454 2025 2727 2081 confortat
2765 2035 2928 2096 atque
2969 2027 3035 2082 ad
3077 2026 3306 2098 gratiam
3343 2028 3620 2100 Evangelii

2038 2124 2274 2171 revocat.

2108 2207 2304 2263 Petrus
2325 2209 2543 2280 scripsit
2567 2209 2702 2265 duas
2721 2209 2998 2282 epistolas,
3022 2229 3144 2284 qua:
3170 2215 3462 2272 Catholica:
3481 2233 3622 2274 nun-

2039 2309 2327 2370 cupantur.
2383 2302 2616 2372 Scripsit
2655 2313 2835 2359 autem
2863 2321 2956 2362 eas
2990 2307 3076 2364 his
3121 2309 3212 2378 qui
3269 2325 3335 2364 ex
3387 2309 3621 2367 circum-

2039 2391 2245 2448 cisione
2267 2393 2550 2450 credentes
2579 2396 2632 2451 in
2659 2397 2994 2468 dispersione
3025 2400 3262 2470 gentium
3291 2409 3478 2455 erant:
3498 2417 3622 2470 qua:

2041 2484 2255 2552 quidem
2279 2486 2604 2556 quibusdam
2625 2489 2876 2544 videntur
2899 2505 3020 2548 esse
3046 2491 3336 2561 planiores,
3357 2493 3484 2547 dum
3509 2503 3621 2548 tam

2040 2571 2321 2643 profundis
2343 2575 2514 2646 plena:
2533 2578 2643 2632 sint
2663 2578 2930 2646 sensibus,
2956 2569 3023 2634 ut
3043 2597 3142 2652 per
3167 2597 3281 2648 eas,
3303 2583 3398 2652 qui
3415 2583 3628 2654 possint

2042 2665 2372 2734 perscrutari
2397 2667 2594 2722 divinae
2624 2669 2866 2724 scientiae
2889 2686 3110 2726 sensum
3150 2673 3306 2744 quasi
3331 2689 3430 2745 per
3457 2675 3626 2730 breve

2043 2756 2314 2824 quoddam
2330 2758 2751 2829 receptaculum,
2774 2777 2964 2833 magna
2989 2763 3088 2818 sibi
3113 2765 3369 2836 mysteria
3393 2765 3624 2828 revelari

2043 2853 2422 2901 contueantur.

2075 2964 2078 2967 -
2115 2933 2346 2990 Jacobus
2376 2935 2544 2992 frater
2573 2937 2791 2995 Domini
2814 2939 3031 3010 scripsit
3057 2959 3216 2998 unam
3241 2943 3532 3016 Epistolam
3553 2947 3625 3002 ad

1975 3011 2020 3074 Ο
2051 3026 2460 3084 aedificationem
2483 3030 2737 3085 Ecclesia:
2762 3033 3115 3101 perti:.entem
3141 3053 3153 3088 :
3178 3011 3331 3107 cujus
3357 3041 3626 3094 sententia

2051 3118 2370 3174 immensam
2427 3122 2666 3176 scientiae
2710 3123 3012 3179 claritatem
3061 3125 3362 3199 legentibus
3419 3129 3626 3187 videtur

2051 3208 2356 3265 infundere.

2120 3299 2358 3357 Joannes
2384 3301 2672 3372 Apostolus
2695 3307 2911 3376 scripsit
2933 3307 3188 3378 epistolas
3213 3319 3325 3367 tres
3355 3329 3369 3365 :
3397 3327 3628 3382 quarum

2051 3393 2225 3462 prima
2249 3391 2482 3449 olIicium
2497 3397 2780 3452 charitatis
2802 3399 3204 3467 commendans,
3233 3410 3341 3456 tota
3367 3402 3419 3456 in
3441 3417 3634 3458 amore

2053 3485 2148 3540 Dei
2178 3493 2234 3539 et
2255 3485 2496 3540 fraterna
2526 3487 2814 3544 dilectione
2832 3499 3098 3546 versatur.
3124 3491 3366 3547 Secunda
3391 3509 3631 3564 quoque,

2052 3589 2174 3642 quae
2199 3574 2394 3630 Elecue
2422 3576 2696 3643 scribitur,
2725 3579 3028 3636 dilectionis
3075 3581 3320 3636 hortatur
3366 3583 3628 3646 studium,

2055 3669 2276 3724 denotat
2300 3670 2462 3724 etiam
2489 3671 2820 3740 seductores,
2849 3682 2904 3728 et
2942 3673 3011 3728 ab
3059 3675 3330 3731 ltmreticis
3375 3677 3635 3732 admonet

2055 3759 2454 3815 declinandum.
2489 3761 2726 3818 Tertiam
2777 3773 2952 3818 autem
2991 3763 3128 3820 Gaio
3170 3765 3409 3836 scripsit,
3437 3765 3632 3837 inqua

2055 3851 2325 3905 collaudat
2351 3866 2472 3907 eum
2497 3853 2550 3907 in
2581 3855 2758 3910 studio
2789 3855 3032 3909 veritatis
3055 3863 3105 3910 et
3135 3871 3298 3927 opere
3325 3857 3635 3912 misericor-

2056 3940 2158 3995 dia:
2188 3958 2202 3994 :
2234 3942 2426 3996 deinde
2445 3942 2664 3998 denotat
2681 3945 3008 4014 proterviam
3031 3945 3310 4017 cujusdam
3336 3947 3631 4019 Diotrepis,

2057 4043 2113 4088 et
2138 4033 2410 4090 Demetrio
2436 4037 2805 4093 testimonium
2831 4039 3078 4110 perbibet
3107 4041 3368 4097 veritatis.

2126 4124 2278 4184 Judte
2314 4127 2554 4199 Epistola
2595 4129 2839 4200 increpat
2874 4131 3314 4201 blasphemantcs
3339 4134 3393 4188 in
3415 4134 3635 4192 Christo

2058 4224 2113 4296 et
2137 4219 2396 4288 quosdam
2429 4217 2727 4290 impudicos
2753 4221 2854 4276 sub
2895 4223 3143 4293 exemplo
3186 4224 3496 4294 impiorum,
3536 4227 3630 4296 qui

379 4314 620 4368 cmlestia
661 4315 898 4384 inspicit,
921 4322 977 4370 et
1002 4315 1258 4384 paulatim
1284 4329 1509 4386 operum
1548 4315 1780 4386 plurima
1822 4315 1958 4370 divi-
1985 4351 2030 4410 Β
2062 4307 2176 4381 [ob]
2205 4311 2510 4380 superbiam
2543 4319 2598 4366 et
2639 4311 2906 4367 luxuriam
2951 4315 3294 4384 sempiternis
3347 4317 3635 4374 ardoribus

381 4404 568 4458 uitatis
593 4403 943 4460 Sacramenta
973 4405 1214 4476 digessit.
1243 4407 1322 4460 Ex
1359 4407 1444 4462 his
1479 4407 1686 4476 primus
1729 4416 1786 4462 et
1830 4407 1956 4461 ulti-

382 4508 503 4548 mus
533 4507 595 4546 ea
620 4494 1071 4562 praedicaverunt,
1103 4513 1224 4565 quae
1262 4511 1330 4552 ex
1377 4512 1474 4552 ore
1512 4496 1712 4552 Christi
1765 4499 1953 4553 audie-

383 4593 509 4639 runt
539 4603 553 4638 :
581 4585 668 4640 vel
693 4587 905 4654 quatab
933 4586 1024 4642 illo
1056 4589 1199 4643 facta
1232 4588 1316 4644 vel
1343 4598 1496 4660 gesta
1540 4589 1812 4654 viderunt,
1841 4590 1957 4644 reli-

383 4677 476 4747 qui
507 4677 669 4732 medii
701 4678 806 4733 duo
850 4693 917 4734 ea
967 4683 1354 4747 tantummodo,
1400 4696 1519 4750 quae
1565 4682 1632 4736 ab
1685 4681 1957 4752 Apostolis

383 4776 770 4840 cognoverunt.
793 4767 1032 4836 Quorum
1059 4771 1276 4841 quidem
1304 4772 1586 4828 Matthzeus
1609 4773 1955 4844 Evangelium

387 4863 450 4916 iu’
483 4859 668 4917 ludam
701 4861 919 4930 scripsit
946 4879 960 4916 :
991 4861 1186 4917 deinde
1240 4861 1452 4918 Marcus
1475 4863 1530 4918 in
1565 4862 1738 4928 Italia,
1769 4862 1960 4917 tertius

387 4954 560 5009 Lucas
579 4953 635 5008 in
661 4950 868 5008 Achaia
895 4971 910 5006 :
939 4953 1162 5009 ultimus
1187 4952 1424 5010 Joannes
1447 4954 1500 5009 in
1521 4954 1649 5010 Asia
1681 4973 1693 5007 :
1729 4969 1796 5010 ex
1835 4955 1958 5024 qui-

387 5045 488 5100 bus
515 5045 660 5101 solus
694 5055 902 5101 tantum
937 5045 1223 5102 Matthatus
1246 5049 1646 5123 praedicationis
1677 5048 1959 5103 historiam

390 5133 654 5190 liebraico
680 5135 999 5205 perstrinxit
1026 5137 1191 5208 style,
1217 5137 1409 5208 reliqui
1457 5153 1588 5193 vero
1631 5135 1807 5192 (ἔιωοί
1852 5153 1963 5193 ser-

390 5225 564 5278 monis
585 5223 799 5293 eloquio
821 5225 1125 5281 ediderunt.
1631 5219 1641 5229 ”
1673 5231 1676 5236 ’

459 5312 726 5382 Epistolas
756 5315 954 5372 Paulus
973 5319 1382 5387 quatuordecim
1423 5319 1821 5388 praedicationis
1849 5335 1960 5374 suae

392 5402 704 5472 perstrinxit
733 5405 890 5474 stylo,
918 5422 984 5461 ex
1027 5408 1223 5476 quibus
1272 5407 1481 5478 aliquas
1531 5417 1750 5478 propter
1779 5418 1959 5478 typum

391 5491 717 5561 septiformis
743 5497 985 5552 ecclesim
1037 5509 1244 5569 septem
1290 5499 1510 5569 scripsit
1534 5499 1802 5561 ecclesiis,
1833 5513 1961 5552 con-

393 5598 612 5636 servans
658 5585 854 5652 potius,
907 5604 1070 5655 quam
1117 5591 1382 5645 excedens
1433 5604 1714 5644 numerum
1766 5587 1960 5644 Sacra-

2063 4400 2241 4454 traditi
2267 4411 2410 4468 sunt,
2448 4418 2546 4472 pro
2585 4404 2780 4474 quibus
2804 4403 3059 4461 admonet
3089 4407 3408 4478 Ecclesiam,
3436 4419 3498 4467 ut
3537 4425 3636 4468 eos

2061 4501 2251 4562 arguat
2279 4503 2335 4548 et
2361 4495 2426 4548 ad
2451 4497 2820 4565 paenitentiam
2845 4498 3174 4554 cohortetur.

2128 4584 2357 4640 Actuum
2413 4588 2772 4657 apostolorum
2812 4589 3036 4646 historia
3085 4594 3354 4650 nascentis
3380 4593 3638 4651 Ecclesiae

2061 4674 2219 4730 fidem
2243 4692 2484 4748 opusque
2509 4679 2954 4751 describit,cujus
2973 4682 3189 4752 quidem
3209 4683 3439 4753 scriptor
3459 4683 3636 4740 Lucas

2060 4767 2402 4838 Evangelista
2433 4780 2550 4826 est:
2575 4773 2818 4828 continet
2846 4783 3028 4828 autem
3083 4790 3144 4830 ea
3183 4789 3304 4846 qua:
3347 4774 3403 4830 in
3447 4773 3633 4830 Judata

2063 4857 2146 4912 vel
2175 4859 2229 4912 in
2277 4857 2542 4916 Gentibus
2570 4877 2668 4931 per
2692 4863 2922 4933 gratiam
2963 4861 3197 4932 Spiritus
3235 4865 3410 4920 sancti
3451 4875 3562 4920 tam
3600 4879 3631 4918 a

2063 4947 2220 5004 Petro
2249 4966 2408 5020 quam
2435 4951 2504 5004 ab
2523 4951 2644 5006 aliis
2665 4951 2936 5022 Apostolis
2965 4963 3114 5024 gesta
3135 4961 3278 5010 sunt.

2131 5039 2479 5111 Apocalypsis
2537 5040 2760 5097 Joannis
2805 5052 3088 5114 postquam
3138 5044 3378 5099 scribere
3425 5053 3634 5114 septem

2055 5131 2210 5201 jubet
2254 5132 2508 5186 Ecclesiis
2536 5132 2729 5203 aspicit
2779 5133 2970 5188 Filium
3015 5134 3250 5190 hominis
3271 5135 3546 5190 sedentem
3577 5133 3635 5188 in

2065 5224 2279 5287 throno,
2313 5233 2368 5278 et
2409 5223 2480 5278 24
2525 5225 2786 5290 seniores,
2816 5233 2870 5279 et
2915 5234 3148 5296 quatuor
3175 5224 3427 5280 animalia
3454 5223 3640 5295 proci:

2059 5315 2236 5368 dentia
2285 5324 2408 5371 ante
2459 5318 2708 5371 thronum
2737 5337 2750 5370 :
2779 5319 2832 5372 in
2863 5317 3084 5373 dextera
3133 5333 3348 5388 quoque
3395 5316 3639 5374 sedentis

2057 5408 2254 5460 librtun
2300 5417 2505 5476 septem
2536 5407 2726 5478 sigillis
2760 5409 3050 5478 signatum,
3089 5409 3145 5463 in
3185 5424 3292 5478 quo
3341 5407 3538 5464 bellum
3579 5416 3640 5463 et

2058 5505 2290 5567 egestas,
2338 5512 2503 5563 mors,
2561 5497 2763 5552 clamor
2804 5499 3230 5562 interfectorum.
3265 5499 3388 5554 ﬁnis
3415 5511 3636 5568 quoque

2059 5589 2242 5642 Illlllltli
2275 5596 2507 5643 notatur.
2539 5585 2741 5643 Scribit
2767 5589 2956 5643 deinde
2983 5590 3225 5644 duodena
3251 5589 3417 5644 millia
3439 5602 3631 5644 servo.
