4064 6206
304 250 402 307 Ιέῑ

1299 259 1389 314 DE
1430 259 1775 321 UNlVERSO
1813 267 1993 324 LIBRI
2032 269 2194 327 XXII.
2235 304 2307 316 —
2344 274 2471 329 LIB.
2514 276 2577 331 V.

3467 293 3573 348 129.

293 377 418 473 tum
439 361 563 473 Dei,
581 361 673 431 qui
695 361 983 432 signantur
1003 362 1059 418 lu
1088 365 1357 421 frontibus
1372 385 1401 473 ,ε
1430 370 1503 424 ibi
1538 384 1742 443 septem
1768 376 1879 431 An-
1910 387 1961 444 Α
1985 386 2166 439 omnia
2208 404 2305 457 per
2354 389 2615 460 Spiritum
2655 403 2902 450 sanctum
2952 398 3289 469 interpretati
3335 414 3484 473 sunt,
3510 419 3571 466 ut

291 452 402 523 geli
450 450 596 508 tubis
634 459 861 517 canunt,
909 464 1171 523 sequente
1216 459 1479 527 grandine
1523 471 1580 517 et
1613 464 1733 535 igne
1760 484 1882 523 cum

287 545 560 616 sanguine
600 545 654 599 in
696 556 943 600 terram:
983 548 1143 602 tertia
1194 565 1410 621 quoque
1453 570 1582 624 pars
1622 565 1781 613 terra:
1808 559 1883 616 ibi

288 634 420 709 igne
443 636 823 692 comburitur:
853 638 1013 692 tertia
1044 654 1173 708 pars
1193 643 1363 697 maris
1388 645 1606 715 sanguis
1620 645 1880 705 elIicitur:

291 740 553 800 astraque
574 729 689 798 ipsa
710 729 987 785 rutilantia
1010 733 1224 788 tertiam
1252 732 1476 807 fulgoris
1499 749 1707 807 partem
1728 743 1891 815 omit-1

291 829 416 877 tunt
444 821 556 876 :ibi
587 821 652 877 de
671 822 820 892 putei
844 821 994 878 fumo
1016 823 1237 880 locustae
1280 827 1649 897 producuntur
1683 831 1883 887 dmmo-

287 913 528 976 nierum,
566 912 896 982 accipientes
925 923 1249 984 potestatem
1278 916 1505 973 laedendi
1530 934 1624 974 eos
1653 923 1744 990 qui
1773 938 1877 978 non

286 1010 416 1055 sunt
447 1001 573 1071 agni
591 1016 785 1058 cruore
811 1003 1035 1073 signati.
1059 1004 1326 1061 Praeterea
1373 1011 1608 1064 comedit
1633 1012 1875 1083 Evange-

288 1093 412 1149 lista
446 1095 643 1150 librum
671 1098 998 1163 testamenti,
1027 1099 1140 1154 oris
1186 1099 1571 1170 praedicatione
1619 1109 1876 1164 suavissi-

289 1201 460 1250 mum,
479 1195 538 1240 et
553 1186 737 1256 operis
758 1186 1067 1243 difﬁcultate
1088 1206 1333 1247 amarum
1359 1211 1371 1247 :
1405 1196 1627 1251 metitur
1655 1199 1875 1256 caeleste

290 1276 549 1345 templum
573 1275 973 1360 :describitque
998 1280 1160 1334 verba
1181 1281 1251 1336 Ἃ
1269 1284 1562 1352 seniorum,
1592 1296 1647 1341 et
1687 1305 1871 1345 arcam

289 1367 622 1432 testamenti,
651 1382 717 1422 ac
741 1368 1023 1423 mulierem
1062 1372 1315 1427 amictam
1364 1373 1495 1439 sole,
1531 1393 1870 1449 pugnamque

289 1454 567 1511 Michaelis
586 1471 710 1510 cum
738 1456 997 1524 dracone,
1026 1460 1235 1516 ruinam
1289 1465 1563 1522 draconis.
1595 1468 1871 1540 Conspicit

285 1555 544 1614 praeterea
574 1546 803 1618 figuram
836 1550 1165 1618 antichristi,
1193 1553 1479 1610 habentem
1513 1560 1689 1629 capita
1717 1563 1868 1631 regni

285 1644 593 1705 septumo!
619 1651 827 1692 cornua
856 1642 1160 1710 potestatis,
1187 1650 1243 1696 et
1287 1660 1571 1700 numerum
1603 1646 1858 1702 hominis.

282 1724 476 1781 Narrat
503 1728 652 1782 inter
674 1725 794 1784 haec
813 1727 1097 1785 Canticum
1127 1736 1435 1788 testamenti
1489 1752 1707 1802 novum,
1738 1754 1864 1809 spe-
1895 1741 1941 1800 B
1970 1739 2103 1794 rior.

283 1817 599 1888 calamique
639 1816 877 1890 Angelos
941 1829 1212 1892 gestantes
1265 1832 1532 1891 stateras,
1580 1830 1862 1900 ceruitquc

282 1908 525 1965 similiter
567 1908 849 1965 interitum
895 1911 1101 1979 bestiae,
1137 1922 1193 1969 et
1233 1916 1621 1974 beatitudinem
1672 1937 1857 1978 eorum

281 2000 366 2071 qui
393 1999 718 2056 vestimenta
741 2001 824 2056 sui
849 2003 1109 2072 corporis,
1138 2004 1241 2060 hoc
1282 2014 1386 2071 est,
1433 2006 1633 2078 absque
1682 2013 1861 2068 carnis

283 2091 546 2163 voluptate
583 2102 981 2146 servaverunt:
1011 2096 1326 2163 exsequitur
1366 2097 1560 2153 deinde
1590 2109 1643 2153 et
1672 2101 1859 2157 interi-

283 2189 385 2236 tum
408 2181 721 2237 meretricis
743 2182 1071 2254 Babylonia,
1096 2194 1152 2240 et
1169 2188 1384 2257 nuptias
1412 2190 1556 2261 agni,
1583 2199 1638 2245 et
1658 2192 1857 2249 adven-

283 2283 382 2328 tum
417 2273 631 2345 judicii,
685 2282 741 2331 et
791 2275 1068 2332 interitum
1109 2278 1451 2348 Antichristi,
1499 2293 1554 2339 et
1596 2295 1853 2343 :eternam

280 2366 599 2434 punitionem
656 2366 884 2433 diaboli,
949 2377 1005 2424 et
1064 2369 1307 2425 ultimam
1361 2384 1625 2430 memorat
1675 2392 1854 2433 resur-

281 2457 555 2511 rectionem
586 2467 960 2525 mortuorum,
1005 2461 1234 2532 eteliquc
1272 2464 1562 2521 novitatem
1588 2474 1641 2521 et
1670 2477 1847 2535 terrm,

279 2545 793 2616 descriptionemque
817 2547 1118 2605 Jerusalem
1149 2570 1163 2604 :
1187 2550 1384 2609 flumen
1405 2555 1569 2610 etiam
1591 2557 1847 2627 Baptismi

280 2642 542 2707 mundum,
575 2652 634 2698 et
664 2642 874 2713 lignum
904 2643 1029 2699 vita:
1054 2645 1341 2702 Dominum
1387 2658 1631 2705 nostrum
1664 2649 1848 2708 Jesum

260 2731 547 2788 Christum.
676 2726 692 2745 “

876 2825 1104 2885 CAPUT
1152 2829 1240 2886 lV.

827 2919 905 2973 De
956 2921 1280 2978 bibliotheca.

337 3004 658 3063 Bibliotheca
688 3023 720 3063 a
746 3007 941 3065 Grzeco
967 3027 1159 3068 nomen
1208 3017 1416 3086 accepit
1443 3036 1456 3072 :
1486 3034 1551 3074 eo
1597 3022 1739 3090 quod
1770 3023 1839 3080 ibi

1991 474 2125 528 nihil
2156 476 2209 531 in
2231 478 2459 548 alicujus
2480 496 2667 537 eorum
2694 486 2880 542 codice
2926 488 3203 553 inventum
3229 503 3396 561 esset,
3423 499 3568 566 quod

1986 566 2040 621 in
2073 566 2149 639 [a]
2198 572 2409 626 caeteris
2449 572 2535 628 vel
2584 575 2640 630 in
2687 578 2976 634 verborum
2995 582 3186 637 ordine
3213 585 3564 655 discreparet.

1985 656 2229 713 Fuerunt
2255 669 2311 714 et
2337 661 2428 715 alii
2450 661 2796 735 interpretes,
2823 669 2917 737 qui
2949 684 3017 724 ex
3042 670 3272 727 Hebraea
3299 674 3481 746 lingua
3509 678 3563 732 in

1984 746 2227 805 Graecam
2260 767 2417 808 sacra
2444 755 2658 826 eloquia
2702 761 3115 829 transtulerunt,
3164 766 3305 819 sicut
3348 766 3563 835 Aquila,

1985 836 2344 909 Symmachus
2381 852 2435 898 et
2462 845 2799 904 Theodotion
2824 869 2838 904 :
2869 852 3011 907 sicut
3034 855 3198 910 etiam
3221 863 3306 911 est
3326 857 3565 929 vulgaris

1983 928 2070 981 illa
2102 929 2479 1001 interpretatio
2505 936 2659 1007 cujus
2683 948 2872 995 auctor
2897 957 3003 996 non
3031 954 3274 1014 apparet,
3295 955 3352 1001 et
3371 928 3440 1002 ob
3461 948 3565 1005 hoc

1981 1019 2098 1074 sine
2147 1024 2365 1078 nomine
2421 1026 2732 1097 interpretis
2768 1032 2955 1100 quinta
3004 1035 3171 1089 editio
3201 1046 3559 1107 nuncupatur.

1980 1106 2250 1166 Praeterea
2276 1121 2484 1169 sextam
2517 1124 2574 1171 et
2619 1119 2903 1189 septimam
2954 1122 3247 1178 editionem
3294 1106 3556 1196 Origenes

1978 1200 2116 1255 miro
2141 1201 2325 1258 labore
2348 1206 2568 1274 reperit,
2597 1216 2652 1263 et
2678 1224 2800 1262 eum
2827 1212 3035 1265 caeteris
3054 1213 3381 1271 editionibus
3404 1231 3555 1272 eom-

1977 1291 2207 1359 paravit.
2232 1292 2633 1367 Presbyterque
2663 1297 3024 1371 Hieronymus
3064 1304 3225 1357 trium
3254 1304 3559 1376 linguarum

1976 1381 2184 1448 pariter
2222 1396 2286 1437 ex
2332 1382 2562 1441 llebrzeo
2614 1387 2669 1441 in
2728 1387 2978 1445 Latinum
3026 1392 3301 1462 eloquium
3340 1396 3558 1451 easdem

1975 1469 2275 1539 scripturas
2296 1475 2583 1542 convertit,
2612 1477 3034 1551 eloquenterque
3058 1482 3367 1539 transfodit.
3392 1484 3558 1556 Cujus

1974 1560 2351 1630 interpretatio
2378 1566 2574 1622 merito
2614 1569 2826 1623 ueteris
2861 1570 3164 1626 antefertur
3195 1590 3209 1625 :
3237 1588 3360 1627 nam
3387 1583 3473 1629 est
3498 1583 3556 1629 et

1973 1650 2262 1708 verborum
2292 1654 2556 1722 tenacior,
2601 1666 2656 1713 et
2690 1660 3075 1729 perspicuitate
3116 1665 3400 1720 sententia:
3442 1666 3553 1720 cla-

2599 1837 2825 1896 CAPUT
2865 1842 2930 1896 V.

2345 1926 2423 1981 De
2453 1930 2823 1999 opusculorum
2844 1933 3163 1991 diversitate.

2033 2013 2427 2084 Opusculorum
2477 2029 2692 2075 constat
2745 2038 2866 2078 esse
2897 2025 2999 2079 tria
3036 2043 3257 2096 genera.
3306 2012 3542 2084 Primum

1960 2118 2130 2168 genus
2149 2105 2413 2178 Excerpta
2433 2117 2577 2173 sunt,
2605 2125 2726 2179 quae
2767 2110 2955 2167 Gratce
2995 2115 3196 2169 scholia
3232 2132 3546 2185 nuncupan-
3586 2140 3599 2150 -

1960 2200 2066 2259 tur,
2095 2195 2148 2248 in
2180 2197 2375 2265 quibus
2392 2213 2476 2262 ea,
2508 2214 2627 2281 qua:
2646 2200 2897 2255 viderunt
2921 2204 3150 2259 obscura
3167 2207 3252 2262 vel
3281 2207 3538 2271 diﬂicilia,

1956 2286 2265 2340 summatim
2318 2302 2383 2342 ac
2435 2289 2671 2344 breviter
2719 2292 3174 2362 perstringuntur.
3232 2296 3539 2355 Secundum

1955 2389 2125 2444 genus
2164 2372 2409 2433 Homiliw
2436 2389 2581 2447 sunt,
2607 2395 2742 2450 quas
2769 2381 2947 2436 Latini
2981 2385 3189 2438 verbum
3237 2388 3530 2457 appellant,

1953 2480 2073 2534 qua:
2097 2466 2445 2535 proferuntur
2470 2471 2523 2525 in
2548 2471 2779 2540 populis.
2800 2472 3047 2528 Tertium
3080 2473 3250 2541 Tomi,
3274 2492 3409 2545 quos
3435 2493 3535 2531 nos

1951 2557 2112 2614 libros
2134 2560 2221 2615 vel
2260 2561 2522 2617 volumina
2549 2580 2939 2634 nuncupamus.
2984 2565 3230 2621 Homilite
3250 2577 3431 2622 autem
3468 2570 3537 2623 ad

1950 2651 2166 2722 vulgum
2193 2652 2485 2722 loquuntur
2515 2672 2528 2710 :
2572 2654 2726 2709 Tomi
2752 2671 2901 2720 vero,
2928 2656 2977 2710 id
3013 2665 3118 2722 est,
3149 2656 3274 2712 libri
3312 2656 3536 2726 majoris

1949 2750 2075 2796 sunt
2096 2743 2495 2813 disputationis.
2532 2745 2785 2816 Dialogus
2809 2754 2893 2802 est
2935 2748 3155 2803 collatio
3182 2748 3415 2804 duorum
3444 2751 3533 2806 vel

1946 2832 2323 2901 plurimorum,
2349 2851 2509 2907 quem
2534 2836 2708 2892 Latini
2734 2854 2996 2893 sermones
3011 2838 3214 2894 dicunt.
3238 2837 3371 2894 Nam
3395 2855 3533 2909 quos

1946 2922 2118 2980 Graeci
2147 2926 2381 2997 dialogos
2417 2935 2632 2993 vocant,
2667 2943 2766 2982 nos
2792 2945 3052 2983 sermones
3090 2943 3370 2985 vocamus.
3397 2929 3529 2985 Ser-

1946 3030 2037 3069 mo
2061 3024 2239 3070 autem
2270 3017 2464 3081 dictus,
2494 3017 2617 3087 quia
2646 3018 2788 3072 inter
2806 3025 3095 3088 utrumque
3123 3019 3342 3074 seritur.
3376 3019 3530 3075 Unde

278 3100 621 3153 recondantur
646 3098 800 3153 libri.
824 3100 959 3155 Nam
981 3101 1178 3158 biblion
1202 3104 1479 3172 librorum,
1516 3111 1667 3167 theca
1691 3129 1846 3184 rcpo-
1871 3091 1914 3150 (ἶ
1948 3107 2000 3161 iu
2030 3106 2252 3177 Virgilio
2283 3126 2298 3163 :
2333 3109 2503 3163 Multa
2530 3111 2666 3163 inter
2691 3127 2745 3164 se
2793 3111 3051 3165 serebant.
3105 3111 3390 3169 Tractatus
3441 3120 3527 3170 est

275 3189 383 3247 sitio
405 3193 816 3264 interpretatur.
865 3193 1252 3252 Bibliothecam
1277 3198 1489 3256 Veteris
1508 3195 1841 3260 Tesiameuti

278 3280 457 3337 Esdras
474 3283 658 3337 scriba
685 3293 810 3351 post
837 3283 1113 3339 incensam
1140 3285 1310 3357 legem
1337 3304 1366 3344 a
1394 3289 1683 3358 Chaldaeis,
1713 3297 1839 3352 dum

273 3369 426 3429 .ludzei
455 3376 696 3445 regressi
727 3374 954 3431 fuissent
998 3378 1049 3431 in
1075 3376 1392 3446 Jerusalem,
1424 3384 1607 3441 divino
1631 3387 1841 3447 amatus

224 3454 237 3467 ’
276 3466 461 3532 Spiritu
512 3468 813 3536 reparavit,
855 3477 1154 3539 cunctaque
1198 3470 1329 3542 legis
1364 3489 1427 3529 ac
1457 3474 1839 3546 prophetarum

273 3557 547 3625 volumina,
567 3577 689 3630 qnte
708 3560 923 3617 fuerant
944 3579 973 3616 a
997 3563 1258 3621 Gentibus
1284 3579 1555 3638 corrupta.
1580 3573 1836 3637 correxit,

275 3657 536 3722 totumque
559 3650 733 3706 Vetus
764 3651 1164 3709 Testamentum
1205 3657 1258 3710 in
1286 3659 1473 3728 viginti
1512 3663 1644 3717 duos
1673 3662 1840 3720 libros

274 3743 538 3796 constituit
568 3761 581 3796 :
616 3753 679 3797 ut
705 3752 786 3797 tot
810 3743 931 3799 libri
959 3754 1138 3800 essent
1160 3748 1212 3801 in
1233 3748 1369 3819 lege,
1410 3760 1537 3820 quot
1566 3752 1839 3809 habeban-

276 3842 353 3889 tur
392 3844 447 3890 et
504 3835 725 3891 ιίιιεπῐξ.
773 3836 926 3906 Apud
976 3837 1190 3894 Grzecos
1217 3850 1396 3895 autem
1452 3843 1835 3900 bibliothecam

273 3925 464 3994 primus
518 3926 823 3981 instituisse
878 3926 1195 3984 Pisistratus
1247 3932 1488 3986 creditur
1536 3942 1833 4005 tyrannus,

274 4029 416 4082 quam
458 4015 718 4085 deinceps
769 4018 838 4071 ab
890 4016 1305 4075 Atheniensibus
1359 4030 1572 4076 auctam
1629 4022 1836 4081 Xerxes

274 4103 491 4161 incensis
532 4107 763 4162 Athenis
811 4108 987 4161 evexit
1034 4108 1087 4162 in
1129 4109 1349 4175 Persas,
1397 4112 1664 4183 longoque
1714 4125 1837 4184 post

274 4201 496 4265 tempore
515 4194 779 4250 Seleucus
806 4194 1036 4251 Nicanor
1057 4213 1246 4253 rursus
1267 4200 1319 4253 in
1341 4199 1603 4256 Graeciam
1626 4204 1831 4259 retulit.

273 4283 391 4341 Hinc
408 4287 645 4342 studium
679 4288 893 4358 regibus
923 4288 1251 4358 urbibusque
1288 4293 1497 4346 cmteris
1544 4301 1727 4347 natum
1751 4301 1834 4348 est

272 4375 602 4445 comparandi
647 4375 923 4430 volumina
974 4377 1306 4432 diversarum
1353 4381 1621 4450 gentium,
1655 4390 1709 4438 et
1734 4400 1833 4452 per

1944 3198 2101 3253 unius
2125 3199 2197 3251 rei
2229 3199 2504 3269 multiplex
2529 3200 2815 3269 expositio,
2834 3214 2900 3254 eo
2925 3201 3065 3269 quod
3089 3208 3526 3259 tractatsensum

1940 3288 1992 3342 in
2026 3289 2189 3343 multa
2217 3291 2481 3345 sentiendi
2496 3290 2881 3345 contrectanth
2904 3305 3105 3346 secum.
3125 3291 3314 3346 Dill'ert
3336 3301 3518 3348 autem

1939 3394 2139 3445 sermo,
2165 3390 2423 3436 tractatus
2450 3390 2506 3436 et
2534 3383 2780 3435 verbum.
2815 3380 2999 3436 Sermo
3021 3382 3167 3436 enim
3206 3382 3373 3437 altera
3403 3392 3525 3451 eget

1938 3484 2191 3537 persona.
2226 3469 2501 3523 Tractatus
2546 3470 2852 3540 specialiter
2891 3468 2959 3523 ad
2996 3470 3229 3540 seipsum
3266 3480 3370 3525 est.
3398 3468 3523 3523 Ver-

1939 3559 2059 3612 bum
2083 3568 2261 3613 autem
2289 3561 2355 3614 ad
2380 3574 2589 3614 omnes.
2617 3558 2771 3613 Unde
2804 3566 2861 3615 et
2887 3558 3119 3614 dicitur:
3157 3557 3376 3613 Verbum
3399 3559 3520 3628 fecit

1938 3650 2007 3702 ad
2036 3650 2303 3721 populum.
2353 3650 2752 3707 Commentaria
2803 3653 2945 3707 dicta
2998 3652 3153 3721 quasi
3191 3662 3514 3708 commenta.

1938 3740 2075 3795 Sunt
2097 3742 2239 3796 enim
2272 3742 2761 3812 interpretationes,
2777 3751 2838 3797 ut
2858 3752 3159 3798 commenta
3181 3742 3342 3812 juris,
3365 3759 3514 3798 com-

1936 3842 2119 3886 menta
2159 3833 2443 3902 evangelii.
2476 3833 2854 3904 Apologeticus
2882 3842 2965 3889 est
2997 3834 3297 3896 excusatio,
3329 3834 3380 3886 in
3409 3848 3516 3901 quo

1936 3923 2112 3977 solent
2133 3924 2352 3994 quidam
2375 3925 2753 3980 accusantibus
2768 3925 3112 3997 respondere,
3130 3924 3182 3977 in
3208 3923 3514 3977 defensioue

1934 4011 2078 4065 enim
2111 4020 2205 4066 aut
2243 4013 2528 4084 negatione
2566 4013 2678 4067 sola
2721 4013 2928 4084 positus
2969 4021 3073 4076 est,
3103 4021 3158 4065 et
3193 4019 3277 4065 est
3316 4025 3512 4065 nomen

1933 4102 2199 4157 Graecum.
2229 4102 2616 4174 Panegyricum
2632 4110 2713 4158 est
2729 4090 3064 4159 licentiosum
3091 4112 3147 4158 et
3170 4102 3512 4157 lasciviosum

1933 4207 2103 4264 genus
2132 4194 2343 4248 dicendi
2377 4194 2432 4248 in
2458 4194 2705 4249 laudibus
2731 4209 2917 4264 regum
2942 4215 2956 4259 ;
2982 4196 3034 4248 in
3061 4192 3214 4261 cujus
3246 4190 3514 4259 composi-

1934 4285 2079 4338 tione
2099 4284 2345 4339 homines
2371 4284 2551 4338 multis
2573 4284 2864 4339 mendaciis
2888 4285 3191 4338 adulantur.
3215 4284 3368 4350 Quod
3392 4299 3509 4336 ma-

1935 4375 2043 4429 lum
2068 4390 2099 4429 a
2125 4374 2328 4430 Graecis
2355 4383 2604 4430 exortum
2626 4385 2743 4442 est;
2773 4391 3002 4445 quorum
3030 4375 3220 4430 levitas
3248 4376 3510 4429 instructa

270 4464 575 4535 interpretes
626 4468 681 4521 in
735 4465 975 4521 Graecam
1025 4467 1260 4536 linguam
1315 4448 1579 4526 vertendi.
1629 4448 1834 4530 Dehinc
1860 4448 1910 4507 D
1936 4466 2147 4521 dicendi
2184 4466 2440 4522 facultate
2464 4475 2519 4521 et
2555 4467 2710 4537 copia
2738 4466 3037 4529 incredibili
3071 4466 3269 4521 multas
3292 4463 3513 4520 menda-

274 4551 475 4626 Iagnus
501 4556 833 4619 Alexander,
862 4557 946 4610 vel
978 4573 1321 4615 successores
1345 4577 1531 4616 eorum
1559 4564 1834 4620 instruen-

272 4645 342 4699 dis
362 4647 605 4701 oninium
634 4647 897 4701 librorum
945 4647 1285 4704 bibliothecis
1314 4652 1553 4707 animum
1590 4653 1835 4710 intende-

274 4745 401 4802 runt,
421 4737 653 4792 maxime
679 4736 1023 4804 Ptolomteus,
1056 4748 1410 4811 cognomento
1430 4741 1826 4814 Philadelphus,

271 4829 429 4885 omnis
444 4829 763 4885 litteratum
776 4831 1180 4901 sagacissimus,
1200 4848 1322 4886 cum
1343 4835 1520 4888 studio
1538 4835 1827 4892 bibliothe-

271 4930 438 4974 carum
458 4919 805 4975 Pisistratum
840 4916 1214 4988 tumultuetur;
1245 4938 1350 4978 non
1380 4923 1550 4978 solum
1573 4923 1824 4981 Gentium

272 5012 567 5083 scripturas,
599 5014 694 5069 sed
723 5014 889 5067 etiam
914 5021 968 5068 et
993 5012 1201 5068 divinas
1225 5013 1435 5070 litteras
1457 5014 1509 5068 in
1547 5015 1828 5072 bibliothe-

274 5113 374 5153 cam
400 5115 546 5155 suam
570 5101 816 5156 contulit.
844 5100 978 5157 Nam
1006 5104 1344 5174 septuaginta
1374 5104 1535 5159 millia
1568 5106 1825 5163 librorum

1930 4557 2139 4612 ciorum
2173 4559 2399 4613 nebulas
2426 4558 2730 4613 suscitavit.

1999 4648 2284 4704 Fastorum
2320 4648 2439 4702 libri
2469 4656 2618 4713 sunt,
2669 4648 2723 4702 in
2750 4648 2947 4719 quibus
2988 4662 3145 4719 reges
3171 4663 3237 4702 ac
3261 4647 3511 4702 consules

1931 4741 2259 4803 scribuntur,
2299 4753 2329 4792 a
2377 4738 2613 4793 fascibus
2632 4738 2781 4802 dicti,
2813 4738 2865 4792 id
2910 4747 3017 4802 est,
3066 4753 3097 4791 a
3126 4737 3506 4806 potestatibus.

1933 4830 2087 4886 Unde
2117 4838 2171 4885 et
2208 4830 2381 4887 Ovidii
2432 4830 2555 4885 libri
2607 4829 2888 4886 Fastorum
2937 4830 3212 4897 dicuntur,
3261 4828 3387 4898 quia
3440 4827 3508 4881 de

1933 4924 2147 4992 regibus
2170 4932 2226 4977 et
2245 4922 2556 4978 consulibus
2581 4923 2711 4977 editi
2738 4931 2883 4977 sunt.

2002 5011 2326 5066 l’rommiutn
2353 5020 2437 5066 est
2472 5012 2683 5066 initium
2713 5012 2946 5067 dicendi.
2998 5012 3134 5065 Sunt
3160 5010 3302 5065 enim
3329 5021 3506 5077 prote-

1932 5102 2037 5154 mia
2062 5102 2322 5170 principia
2339 5102 2621 5177 libmrum,
2640 5117 2759 5172 qum
2787 5112 2912 5156 ante
2938 5117 3115 5156 causa:
3138 5098 3502 5153 narrationem

1929 5193 1997 5246 ad
2029 5192 2367 5246 instruendas
2389 5191 2721 5247 audientium
2772 5208 2932 5247 aures
2972 5200 3309 5262 coaptantur.
3339 5188 3505 5257 Cujus

270 5278 403 5333 etab
446 5279 702 5335 Eleazaro
749 5281 1005 5351 pontiﬁce
1029 5292 1237 5351 petens,
1287 5283 1584 5353 scripturas
1618 5286 1827 5341 Veteris
1929 5298 2122 5337 nomen
2174 5281 2415 5350 plerique
2463 5282 2745 5336 latinitatis
2771 5283 2930 5351 periti
2985 5282 3103 5337 sine
3151 5280 3502 5337 translatione

270 5365 575 5427 Tcstamenti
604 5374 657 5427 in
682 5372 931 5428 Grzrcam
954 5390 1137 5429 vocem
1160 5389 1227 5429 ex
1255 5375 1477 5429 Hebraea
1526 5375 1704 5445 lingua
1734 5393 1829 5448 per
1926 5382 2239 5442 posuerunt.
2277 5373 2389 5428 lloc
2416 5382 2593 5427 autem
2648 5374 2963 5429 vocabulum
2994 5373 3136 5442 apud
3181 5388 3279 5428 nos
3328 5372 3501 5428 inter-

269 5463 578 5533 septuaginta
630 5465 966 5533 interpretes
1013 5465 1305 5519 transferre
1358 5468 1585 5531 curavit,
1613 5483 1747 5536 quas
1774 5467 1824 5521 in
1926 5471 2191 5533 prolatum
2221 5462 2461 5533 praefatio
2491 5472 2847 5532 nuncupatur,
2880 5464 3032 5533 quasi
3062 5461 3393 5533 prtelocutio.

269 5552 600 5612 Alexandrina
632 5558 963 5612 bibliotheca
993 5558 1196 5611 habuit.
1228 5559 1503 5627 Siquidem
1550 5558 1738 5628 singuli
1773 5559 1825 5612 in
1996 5553 2267 5620 Ρτωείτριτι
2288 5562 2434 5618 sum.
2457 5569 2598 5622 qum.
2620 5560 2714 5605 ειη
2737 5550 2865 5620 quid
2902 5551 3227 5616 fi‘Cicndllmr
3256 5559 3351 5606 aut
3375 5552 3499 5621 (Ιυίδ

270 5647 471 5717 singulis
495 5651 700 5706 cellulis
746 5648 831 5723 (ut
882 5649 1099 5717 quidam
1150 5648 1419 5719 asserunt)
1470 5650 1699 5719 separati
1749 5650 1823 5702 ita
1926 5663 2031 5700 non
2081 5643 2382 5701 faciendum
2430 5648 2518 5711 sit,
2567 5646 2763 5700 docent
2811 5660 2824 5698 :
2868 5645 2996 5715 quid
3041 5644 3367 5708 faciendum,
3399 5651 3497 5696 ut.

272 5186 413 5257 hujus
428 5190 757 5260 temporibus
781 5190 1121 5247 Alexandria:
1144 5194 1356 5248 inventa
1382 5204 1526 5249 sunt.
1544 5194 1643 5251 llic
1661 5198 1824 5252 etiam
