4064 6206
265 302 366 358 125

891 291 951 348 Β.
993 286 1244 346 RABANI
1282 284 1500 342 MAURI
1539 281 1856 338 ARCHIEP.
1897 278 2205 336 MOGUNT.
2246 276 2529 336 OPERUM
2565 273 2742 330 PARS
2777 274 2840 330 ll.

3409 275 3511 328 lii

259 419 430 488 Dilige
455 413 734 469 Dominum
782 409 944 463 Deum
989 418 1136 460 tuum
1161 405 1339 476 (Deut.
1359 403 1466 473 v1);
1493 411 1546 456 et
1571 417 1584 453 :
1616 398 1832 452 Honora
1861 394 1909 452 Α
1938 392 2137 446 hebant
2169 390 2398 461 antiqui,
2439 365 2578 446 sicut
2603 397 2790 445 aratur
2827 398 2991 443 terra.
3021 385 3068 441 A
3097 386 3323 442 Sinistra
3366 389 3510 442 enim

257 516 622 582 patremtunm
646 513 692 557 et
717 510 936 555 matrem
973 507 1116 552 tuam
1140 495 1339 568 (Exod.
1388 493 1514 563 xx);
1556 491 1684 560 quid
1729 503 1836 542 non

259 576 586 656 faciendum,
611 599 708 646 ut:
736 589 857 644 Non
903 584 1272 646 tnmchaberis;
1321 579 1646 649 nonfurtum
1674 576 1836 646 [acies

259 685 470 761 (Ibid.).
501 683 764 740 Similiter
787 689 846 736 et
887 677 1164 750 gentilium
1215 679 1479 761 praecepta
1521 668 1606 726 vel
1647 667 1839 738 iubent

263 759 346 833 vel
369 781 549 830 vetant
577 791 591 826 :
617 770 810 840 iubent
843 765 1170 828 faciendum,
1198 771 1260 816 ut
1285 777 1303 816 :
1346 759 1538 815 Nudus
1562 774 1706 823 aras,
1727 773 1839 810 sere

263 869 432 923 nudus
457 882 476 920 :
500 872 704 928 vetant,
725 869 806 925 ut,
831 859 972 914 Neve
991 859 1128 911 inter
1155 855 1280 909 vites
1303 851 1523 906 corilum
1549 865 1680 914 sere,
1709 862 1832 901 neve

261 955 470 1029 ﬂagella
517 953 736 1010 Summa
761 957 894 1022 pete.
937 947 1151 1004 Primus
1192 953 1372 998 autem
1417 940 1557 1011 apud
1583 939 1838 994 Hebraeos

263 1053 525 1118 praecepta
579 1043 790 1114 Moyses
837 1039 1051 1109 scripsit
1085 1054 1100 1091 :
1147 1034 1288 1107 apud
1327 1033 1548 1088 Latinos
1604 1029 1838 1084 Marcius

263 1147 409 1194 vates
451 1137 658 1207 primus
707 1141 973 1205 praecepta
1023 1125 1344 1196 composuit,
1403 1137 1472 1177 ex
1517 1122 1713 1192 quibus
1752 1126 1838 1174 est

259 1229 387 1284 illud
414 1244 428 1282 :
461 1223 762 1280 Postremus
805 1221 976 1282 dicas,
1006 1219 1204 1288 primus
1253 1224 1422 1270 tactas
1450 1211 1646 1286 [ngas].
1670 1211 1837 1264 Para-

259 1319 382 1376 hola
414 1327 471 1374 et
489 1315 822 1387 problemata
845 1309 1152 1366 nominibus
1173 1307 1284 1364 suis
1313 1305 1570 1368 indicant,
1596 1303 1760 1358 altius
1778 1315 1838 1357 se

259 1406 594 1480 perscrutari
623 1411 892 1474 oportere.
941 1397 1206 1454 Parabola
1244 1396 1441 1466 quippe
1477 1391 1702 1462 alicujus
1756 1391 1835 1447 rei

259 1496 662 1552 similitudinem
686 1508 786 1565 per
809 1489 964 1565 [pra]
988 1505 1046 1545 se
1069 1489 1226 1562 gerit.
1252 1487 1402 1554 Quod
1429 1485 1555 1540 licet
1580 1484 1652 1538 sit
1673 1497 1835 1538 voca-

258 1585 442 1640 bulum
467 1583 735 1647 Graecum,
753 1579 862 1650 iam
894 1587 1072 1634 tamen
1096 1592 1193 1649 pro
1214 1575 1408 1631 Latino
1429 1579 1721 1643 usurpatur
1745 1588 1757 1624 :
1782 1577 1838 1624 et

1938 485 2005 539 ad
2057 484 2334 538 dexteram
2371 481 2607 552 primum
2660 479 2996 536 deducebant
3046 479 3263 551 stylum,
3315 479 3510 536 deinde

1937 571 2388 629 convertebantur
2422 571 2490 626 ab
2527 569 2786 634 inferiori,
2826 577 2880 625 et
2918 584 3105 624 rursus
3136 569 3204 624 ad
3232 569 3512 625 dexteram

1935 681 2145 730 versus,
2168 679 2302 734 quos
2331 663 2599 733 hodieque
2627 662 2812 717 rustici
2843 669 3036 716 vocant
3058 675 3268 716 versus.
3297 659 3512 717 Seheda

1935 763 2020 810 est
2039 795 2054 820 ,
2085 755 2227 824 quod
2249 753 2425 808 adhuc
2457 754 2794 816 emendatur,
2821 761 2876 809 et
2908 754 3134 808 necdum
3161 753 3214 808 in
3240 752 3394 809 libtis
3422 769 3506 809 re-

1937 845 2152 901 dactum
2188 852 2272 899 est
2301 857 2316 896 :
2343 851 2398 898 et
2425 850 2509 898 est
2545 857 2738 897 nomen
2774 840 3020 898 Gnaeum
3061 843 3202 900 sicut
3226 851 3283 900 et
3312 851 3506 899 tomus.

2535 952 2762 1010 CAPUT
2792 953 2880 1009 Vl.

2297 1021 2375 1076 De
2395 1023 2678 1078 canonibus
2707 1022 3130 1095 Erangeliorum.

2005 1113 2254 1172 Canones
2283 1115 2694 1188 Evangeliorum
2720 1115 3035 1174 Ammonius
3060 1120 3267 1190 primus
3293 1122 3509 1193 excogi-

1937 1205 2070 1260 tavit
2092 1206 2464 1272 Alexandriae,
2494 1223 2630 1278 quos
2659 1217 2842 1277 postea
2868 1208 3129 1266 Eusebius
3155 1210 3507 1268 Caesariensis

1934 1303 2150 1351 secutus
2185 1295 2396 1366 plenius
2433 1298 2752 1367 composuit.
2797 1295 2896 1364 Qui
2941 1299 3062 1354 ideo
3103 1299 3228 1355 facti
3269 1311 3416 1366 sunt,
3447 1309 3507 1355 ut

1933 1400 2034 1456 per
2057 1399 2152 1440 eos
2195 1385 2435 1442 invenire
2463 1395 2518 1442 et
2543 1387 2684 1443 scire
2716 1388 2983 1458 possimus
3007 1430 3021 1454 ,
3054 1391 3144 1459 qui
3177 1390 3507 1462 reliquorum

1936 1476 2395 1547 Evangelistarum
2440 1477 2634 1534 similia
2675 1487 2770 1534 aut
2807 1481 3024 1552 propria
3065 1482 3318 1538 dixerint.
3368 1483 3508 1540 Sunt

1935 1575 2114 1623 autem
2150 1581 2374 1622 numero
2397 1567 2614 1636 decem,
2647 1585 2874 1641 quorum
2901 1573 3110 1642 primus
3140 1575 3380 1631 continet
3401 1593 3506 1630 nu-

260 1685 445 1729 notum
474 1681 578 1739 est,
603 1671 748 1743 quod
774 1671 827 1724 in
851 1666 1146 1740 parabolis,
1199 1679 1322 1734 qua:
1367 1663 1620 1718 dicuntur
1649 1675 1832 1716 rerum
1867 1727 1909 1743 n
1933 1671 2132 1722 meros,
2153 1656 2205 1710 in
2221 1657 2658 1728 quibusquatuor
2672 1659 2864 1715 eadem
2885 1661 3178 1718 dixerunt:
3201 1663 3508 1731 Matthazus,

259 1727 658 1827 έίηιίιίιυάίιξεέ,
694 1727 875 1824 τρι)υεί
906 1759 972 1814 de
1020 1727 1233 1828 quibus
1249 1755 1446 1826 agitur,
1494 1761 1832 1821 comparant.
1865 1727 1910 1786 Β
1935 1745 2168 1826 Marcus,
2196 1746 2388 1813 Lucas,
2429 1727 2682 1806 Joannes.
2711 1750 3010 1821 Secundus,
3056 1755 3332 1826 inquibus
3365 1727 3509 1815 trest

259 1853 597 1909 Problemata
623 1861 824 1917 autem,
853 1864 974 1920 quas
1001 1847 1190 1902 Latine
1242 1843 1578 1914 appellantur
1603 1838 1840 1912 proposi-

262 1945 456 2010 tiones,
472 1943 796 2015 quaestiones
814 1947 956 2002 sunt,
981 1938 1242 1994 habentes
1261 1933 1482 2004 aliquid,
1497 1931 1638 2002 quod
1657 1930 1841 2002 dispu-o

263 2035 465 2090 talione
489 2031 799 2088 solvendum
823 2031 912 2086 sit.
940 2029 1178 2097 Qumstio
1204 2033 1384 2081 autem
1413 2033 1518 2090 cst,
1549 2039 1672 2079 cum
1692 2039 1840 2094 qua:-

260 2124 506 2189 ritur,‘an
541 2121 668 2192 quid
692 2121 782 2186 sit,
812 2127 907 2174 aut
933 2117 1092 2188 quale
1127 2116 1215 2172 sit.
1246 2114 1632 2185 Argumentum
1657 2121 1836 2166 autem

260 2215 486 2278 dictum,
517 2211 673 2282 quasi
707 2216 978 2282 argutum,
1010 2207 1098 2263 vel
1129 2206 1270 2277 quod
1299 2205 1370 2260 sit
1414 2211 1603 2275 argute
1647 2203 1836 2256 inven-

263 2314 373 2362 tum
403 2304 469 2359 ad
491 2301 915 2374 comprobandas
941 2313 1048 2354 res.
1091 2295 1385 2367 Epistolam
1419 2293 1637 2366 proprie
1663 2292 1836 2348 Grazei

260 2402 476 2460 vocant,
505 2407 626 2463 qua:
655 2393 1040 2460 interpretatur
1067 2387 1278 2450 Latine,
1301 2385 1486 2440 missa.
1517 2381 1668 2454 Styla
1691 2381 1837 2437 enim

261 2501 355 2540 seu
395 2483 545 2554 styli,
583 2481 744 2536 missa
791 2477 876 2532 vel
900 2476 1053 2532 missi
1076 2483 1200 2529 ante
1222 2473 1655 2528 membranarum
1679 2485 1837 2526 usum

267 2576 322 2630 in
369 2573 631 2629 dedolatis
677 2569 870 2642 ligneis
913 2565 1186 2623 eodicellis
1213 2563 1562 2636 epistolarum
1607 2561 1838 2631 alloquia

263 2665 636 2721 scribebantur
668 2681 682 2716 :
713 2661 854 2716 unde
879 2657 1166 2730 portitores
1189 2670 1376 2711 carum
1413 2654 1722 2710 tabellarios
1741 2669 1838 2707 vn-

261 2765 540 2816 eaveruut.
565 2754 743 2812 Codex
766 2753 1058 2808 multorum
1087 2750 1349 2804 librorum
1383 2756 1484 2814 est,
1514 2747 1653 2804 liber
1679 2747 1839 2803 unius

261 2846 566 2910 voluminis,
597 2855 654 2902 et
691 2845 868 2900 dictus
913 2843 1080 2899 codex
1123 2855 1220 2910 per
1267 2839 1675 2895 translationem
1697 2855 1728 2893 a
1754 2852 1840 2893 co-

263 2941 475 2996 dicibus
494 2939 745 2995 arborum
773 2952 866 2994 seu
891 2937 1100 2998 vitium,
1131 2933 1286 3003 quasi
1328 2933 1560 2996 caudex,
1590 2930 1733 3002 quod
1767 2945 1836 2984 ex

263 3044 324 3085 se
369 3028 760 3084 multitudinem
789 3027 1070 3089 librorum,
1097 3023 1252 3092 quasi
1300 3021 1686 3084 Romanorum,
1713 3034 1837 3074 eon-

264 3121 455 3177 tineat.
504 3111 763 3176 Voltimen
811 3118 947 3174 liber
987 3124 1070 3170 est
1097 3130 1127 3169 a
1157 3113 1423 3170 volvendo
1451 3113 1646 3176 dictus,
1676 3083 1836 3168 rsicut
1861 3083 1907 3146 Ο

263 3212 404 3282 apud
446 3210 698 3266 Hebraeos
743 3207 1013 3264 volumina
1041 3205 1194 3277 legis,
1231 3203 1500 3258 volumina
1545 3203 1840 3274 Propheta-

267 3295 422 3359 rum.
458 3300 620 3356 Liber
671 3307 756 3354 est
799 3297 1025 3352 interior
1056 3295 1237 3360 tunica
1267 3293 1504 3355 corticis,
1537 3307 1656 3362 quae
1697 3292 1840 3362 ligno

265 3392 522 3455 cohaeret,
540 3391 606 3444 de
619 3403 724 3459 quo
739 3387 1086 3458 Virgiliussic
1106 3403 1118 3439 :
1145 3383 1265 3438 Alta
1281 3382 1412 3437 liber
1425 3383 1582 3436 lueret
1605 3382 1658 3435 in
1676 3381 1838 3435 ulmo.

271 3483 419 3541 Unde
441 3490 496 3538 et
522 3481 656 3536 liber
677 3480 892 3544 dicitur,
936 3479 989 3533 in
1043 3491 1151 3548 quo
1199 3475 1484 3532 scribimus
1515 3491 1527 3526 :
1561 3473 1684 3542 quia
1714 3481 1840 3528 ante

265 3588 423 3628 usum
445 3573 646 3627 charta:
671 3569 752 3625 vel
775 3568 1206 3624 membranarum
1220 3565 1286 3619 de
1310 3563 1460 3617 libris
1484 3562 1734 3615 arborum
1755 3577 1842 3616 vo-

264 3663 467 3718 lumina
497 3661 697 3717 fiebant
724 3667 776 3714 et
801 3657 1336 3728 compaginabantur.
1359 3653 1509 3709 Unde
1537 3659 1592 3708 et
1639 3651 1841 3721 cripto-

267 3772 357 3811 res
387 3770 416 3809 a
452 3754 606 3808 libris
634 3753 885 3807 arborum
916 3749 1168 3804 librarios
1204 3753 1554 3801 vocaverunt.
1608 3743 1840 3799 Librarii

267 3855 425 3902 antea
472 3843 777 3914 bibliopola:
803 3841 949 3896 dicti.
989 3840 1208 3896 Librum
1245 3836 1387 3892 enim
1427 3835 1600 3892 (ἓνωοί
1639 3835 1841 3891 biblum

265 3945 478 3991 vocant.
509 3934 740 3990 Librarii
768 3943 966 3997 autem,
1004 3931 1056 3987 id
1085 3938 1186 3995 est,
1219 3928 1511 3998 antiquarii
1539 3937 1835 3983 vocantur:

268 4029 360 4083 sed
389 4026 598 4082 librarii
647 4035 790 4092 sunt,
827 4024 918 4096 qui
961 4032 1017 4079 ct
1047 4037 1183 4078 nova
1223 4020 1468 4077 scribunt
1508 4027 1562 4074 ct
1595 4027 1776 4074 vetera
1821 4035 1837 4073 :

267 4116 578 4186 antiquarii,
609 4115 700 4186 qui
736 4113 1102 4170 tantummodo
1136 4121 1319 4167 vetera
1350 4129 1362 4164 :
1397 4111 1536 4165 unde
1565 4120 1618 4164 et
1645 4127 1839 4165 nomen

267 4213 629 4278 sumpserunt.
662 4204 992 4260 Ascribendo
1025 4211 1202 4257 autem
1242 4201 1418 4266 scriba
1459 4215 1653 4255 nomen
1681 4215 1838 4254 acce-

265 4297 378 4367 pit,
417 4293 646 4349 cilicium
677 4293 986 4362 exprimens
1025 4291 1268 4346 voeabuli
1311 4289 1588 4360 qualitate.
1629 4287 1836 4343 instru-

1941 1838 2239 1907 Mattbteus,
2279 1839 2514 1908 Marcus,
2554 1841 2749 1900 Lucas.
2787 1844 3026 1912 Tertius,
3055 1847 3109 1902 in
3131 1849 3330 1918 quibus
3348 1859 3460 1907 tres
3492 1871 3510 1906 :

1941 1931 2240 1996 Mattlneus,
2267 1933 2462 1996 Lucas,
2487 1932 2742 1991 Joannes.
2770 1935 3027 2006 Quartus,
3055 1939 3108 1995 in
3139 1941 3336 2012 quibus
3362 1951 3507 1998 tres:

1940 2018 2236 2088 Matthteus,
2266 2021 2494 2083 Marcus.
2525 2021 2778 2081 Joannes.
2805 2025 3034 2093 Quintus
3063 2029 3116 2084 in
3139 2031 3336 2101 quibus
3359 2032 3466 2088 duo
3491 2051 3510 2088 ι

1939 2114 2238 2181 Mattbzeus,
2275 2115 2468 2172 Lucas.
2507 2116 2776 2175 Sextusin
2797 2122 2994 2191 quibus
3015 2123 3119 2178 duo
3149 2142 3163 2178 :
3203 2124 3510 2196 Matthteus,

1939 2205 2170 2262 Marcus.
2209 2205 2506 2277 Septimus,
2536 2207 2589 2264 in
2618 2210 2814 2280 quibus
2839 2211 2944 2267 duo
2977 2231 2990 2268 :
3023 2213 3322 2282 Matthzeus,
3348 2216 3510 2274 Joan—

1939 2301 2054 2352 nes.
2085 2297 2342 2364 Octavus,
2365 2297 2416 2352 in
2438 2299 2634 2370 quibus
2653 2300 2760 2356 duo
2785 2319 2798 2354 :
2828 2301 3020 2369 Lucas,
3047 2303 3276 2360 Marcus.
3303 2305 3509 2375 Nonus,

1940 2388 1992 2442 in
2017 2390 2213 2460 quibus
2239 2389 2345 2445 duo
2379 2408 2392 2444 :
2420 2389 2620 2456 Lucas,
2644 2390 2897 2448 Joannes.
2937 2394 3208 2462 Decimus,
3241 2397 3296 2452 in
3315 2399 3513 2469 quibus

1938 2480 2130 2550 singuli
2165 2497 2353 2537 eorum
2391 2482 2635 2552 quaedam
2681 2483 2899 2555 pr0pria
2947 2485 3215 2542 dixerunt.
3271 2487 3512 2556 Quorum

1937 2569 2206 2640 expositio
2231 2571 2346 2626 hzec
2391 2579 2495 2626 est.
2543 2571 2647 2626 Per
2693 2573 2934 2646 singulos
2968 2575 3112 2630 enim
3141 2577 3512 2650 Evangelistas

1937 2676 2194 2718 numerus
2243 2662 2461 2734 quidam
2506 2663 2756 2734 capitulis
2795 2664 2984 2722 allixus
3024 2665 3234 2735 adiacet
3273 2671 3514 2741 :quibus

1938 2754 2180 2808 numeris
2223 2753 2463 2825 subiecta
2504 2762 2588 2809 est
2629 2770 2757 2810 area
2795 2756 3040 2827 quasdam
3084 2759 3250 2813 minio
3301 2768 3514 2831 notata,

1937 2859 2056 2913 qute
2095 2843 2316 2910 indicat,
2346 2843 2400 2898 in
2425 2852 2590 2914 quoto
2631 2859 2836 2900 canone
2868 2845 3081 2917 positus
3114 2847 3187 2902 sit
3225 2863 3503 2913 numerus,

1937 2935 2022 2989 cui
2047 2933 2283 3004 subiecta
2311 2943 2395 2991 est
2417 2951 2562 2992 arca.
2588 2935 2751 2993 Verbi
2777 2937 2946 3009 gratia
2965 2956 2978 2992 :
2997 2938 3040 2993 si
3062 2946 3146 2994 est
3163 2955 3288 2995 area
3309 2941 3505 3010 prima,

1937 3025 1990 3079 in
2016 3025 2191 3096 primo
2225 3039 2432 3082 canone
2459 3045 2473 3080 :
2507 3027 2551 3083 si
2579 3026 2833 3094 secunda,
2859 3029 2912 3082 in
2945 3029 3180 3084 secundo
3211 3047 3224 3084 :
3255 3031 3300 3086 si
3325 3032 3504 3097 tertia,

1941 3115 1994 3170 in
2026 3117 2204 3172 tertio.
2228 3117 2295 3172 Et
2321 3117 2400 3172 sic
2419 3132 2518 3187 per
2544 3118 2789 3174 ordinem
2817 3134 2987 3188 usque
3010 3121 3078 3174 ad
3098 3120 3364 3178 decimum
3387 3137 3512 3192 per-

1940 3206 2145 3262 venies.
2171 3205 2230 3261 Si
2264 3206 2430 3278 igitur
2455 3214 2640 3277 aperto
2665 3207 2903 3279 quolibet
2926 3209 3214 3282 Evangelio
3244 3211 3511 3281 placuerit

1940 3295 2102 3360 scire,
2129 3295 2220 3366 qui
2256 3295 2583 3365 reliquorum
2628 3296 3091 3369 Evangelistarum
3129 3299 3324 3374 similia
3359 3302 3508 3357 dixe-

1941 3382 2050 3437 rint
2073 3399 2086 3435 :
2111 3397 2354 3438 assumes
2373 3381 2706 3452 adiacentem
2729 3399 3012 3440 numerum
3029 3385 3269 3456 capituli,
3297 3395 3350 3442 et
3369 3403 3511 3458 qua}

1941 3484 2028 3524 rcs
2059 3471 2233 3538 ipsum
2261 3486 2544 3526 numerum
2587 3472 2640 3526 in
2671 3489 2768 3528 suo
2809 3489 3042 3537 canone,
3081 3491 3240 3544 quem
3282 3475 3506 3544 indicat,

1941 3558 2122 3629 ibique
2153 3559 2414 3626 invenies,
2435 3561 2526 3630 qui
2551 3570 2607 3616 et
2633 3561 2760 3632 quid
2782 3563 3036 3618 dixerunt
3069 3583 3082 3618 :
3113 3573 3168 3620 et
3189 3565 3262 3619 ita
3289 3565 3507 3622 demum

1939 3649 1995 3703 in
2026 3664 2252 3720 corpore
2279 3651 2532 3720 inquisita
2576 3651 2690 3707 loca
2709 3693 2723 3718 ,
2753 3669 2872 3724 quae
2897 3669 2963 3709 ex
2999 3655 3128 3724 ipsis
3158 3657 3398 3712 numeris
3426 3658 3509 3712 di-

1941 3747 2150 3804 cantur,
2181 3755 2276 3810 per
2299 3740 2507 3814 singula
2533 3741 2821 3814 Evangelia
2849 3745 2916 3800 de
2945 3745 3149 3802 eisdem
3181 3747 3382 3804 dixisse
3417 3747 3504 3804 in-

1938 3832 2143 3888 venies.

2502 3923 2730 3981 CAPUT
2756 3926 2862 3982 ΥΠ.

2335 4011 2410 4066 De
2435 4016 2719 4070 cauom'bus
2747 4018 3108 4076 conciliorum.

2007 4101 2190 4156 Canon
2225 4113 2405 4158 autem
2440 4103 2645 4170 Gnece,
2693 4105 2883 4164 Latine
2925 4111 3104 4181 regula
3147 4124 3503 4184 nuncupatur.

1941 4197 2140 4267 Regula
2165 4207 2343 4253 autem
2371 4197 2533 4262 dicta,
2562 4201 2702 4270 quod
2737 4211 2882 4256 recte
2903 4203 3064 4267 ducit,
3096 4221 3195 4260 nec
3219 4207 3508 4276 aliquando

1941 4288 2194 4343 aliorsum
2233 4289 2418 4345 trahit.
2452 4289 2556 4344 Alii
2580 4292 2850 4356 dixerunt,
2894 4295 3131 4365 regulam
3173 4297 3391 4361 dictam,
3423 4300 3508 4355 vel

269 4395 446 4443 menta
473 4384 662 4441 scribto
685 4384 922 4438 calamus
949 4392 1004 4438 et
1030 4398 1203 4452 penna
1238 4400 1251 4434 :
1287 4398 1353 4436 ex
1389 4382 1474 4436 his
1502 4382 1644 4436 enim
1675 4381 1836 4434 verba
1865 4422 1915 4480 Β
1943 4378 2082 4448 quod
2114 4387 2282 4450 regat,
2306 4380 2390 4434 vel
2411 4381 2553 4451 quod
2576 4397 2816 4436 normam
2844 4392 2989 4437 recte
3015 4385 3224 4440 vivendi
3249 4387 3508 4456 praebeat,

268 4477 478 4548 paginis
507 4475 799 4546 infiguntur
826 4491 838 4528 :
861 4474 954 4528 sed
990 4472 1230 4528 calamus
1259 4471 1469 4526 arboris
1499 4479 1582 4526 est
1617 4489 1630 4524 :
1662 4487 1834 4540 penna

270 4569 408 4634 avis,
433 4564 585 4636 cuius
617 4579 875 4622 cacumen
899 4565 952 4618 in
977 4564 1082 4618 duo
1103 4563 1377 4627 dividitur,
1410 4563 1463 4616 in
1485 4571 1596 4617 toto
1613 4577 1837 4632 corpore

271 4660 478 4714 unitate
506 4665 716 4712 servata
739 4655 920 4720 credo,
946 4662 1164 4723 propter
1189 4655 1520 4723 mysterium,
1546 4663 1604 4707 ut
1631 4653 1682 4706 in
1709 4654 1838 4708 duo-

270 4753 374 4809 bus
397 4751 636 4822 apicibus
661 4747 824 4802 Vetus
852 4755 906 4801 et
934 4745 1139 4800 Novum
1167 4744 1567 4800 Testamentum
1605 4745 1840 4814 signare-

273 4855 360 4899 tur
387 4862 399 4898 :
428 4842 622 4913 quibus
642 4839 957 4910 exprimitur
972 4837 1118 4892 verbi
1148 4835 1555 4890 Sacramentnm
1581 4835 1840 4905 sanguine

269 4933 537 5004 passionis
575 4929 820 4986 effusum.
857 4928 1042 4983 Dictus
1083 4934 1260 4982 autem
1303 4925 1566 4990 calamus,
1607 4925 1750 4996 quod
1779 4926 1834 4978 li-

271 5038 495 5092 quorem
521 5027 704 5090 ponat.
743 5017 896 5074 Unde
925 5027 981 5072 et
1012 5017 1150 5088 apud
1183 5025 1375 5071 nautas
1413 5015 1608 5081 colare,
1641 5031 1842 5085 ponere

273 5115 487 5170 (elicitur.
519 5112 699 5167 Penna
726 5120 902 5164 autem
943 5127 973 5165 a
1002 5109 1279 5179 pandendo
1311 5115 1530 5172 vocata,
1563 5107 1614 5162 id
1645 5115 1728 5162 est
1748 5121 1842 5160 vo-

273 5207 450 5260 lando.
493 5205 589 5260 Est
611 5203 755 5258 enim
803 5201 882 5274 (ut
916 5200 1168 5270 diximus)
1218 5201 1416 5254 avium.
1467 5198 1618 5254 Folia
1659 5208 1839 5254 autem

273 5293 530 5350 librorum
561 5291 844 5362 appellata,
873 5290 985 5345 sive
1005 5305 1070 5343 ex
1093 5287 1440 5344 similitudine
1470 5285 1718 5341 foliorum
1747 5304 1838 5341 ar-

273 5384 486 5444 borum,
517 5396 610 5435 seu
640 5381 766 5450 quia
787 5395 855 5434 ex
882 5378 1094 5433 follibus
1125 5377 1276 5441 fiunt,
1311 5375 1363 5429 id
1383 5386 1465 5430 est
1491 5389 1558 5429 ex
1586 5374 1837 5444 pellibus,

273 5486 366 5539 qut
393 5469 460 5524 de
481 5468 673 5524 occisis
689 5467 1200 5537 pecudibnsdetrahi
1223 5465 1396 5520 solent
1426 5482 1440 5516 :
1479 5461 1632 5532 cuius
1660 5473 1841 5532 partes

275 5565 481 5636 pagina:
507 5563 759 5618 dicuntur
777 5601 793 5626 ,
818 5576 883 5616 eo
906 5561 1047 5630 quod
1076 5560 1177 5614 sibi
1203 5561 1427 5614 invicem
1457 5557 1839 5628 compaginan-

277 5663 386 5710 tnr.
419 5653 618 5710 Versus
655 5660 834 5708 autem
873 5650 996 5706 inde
1031 5649 1188 5720 vulgo
1220 5649 1414 5712 vocati,
1451 5649 1574 5718 quia
1603 5647 1681 5702 sic
1705 5649 1836 5702 scri-

1940 4467 2022 4521 vel
2050 4468 2190 4536 quod
2220 4469 2528 4534 distortum,
2559 4485 2891 4541 pravumque
2910 4470 3038 4540 quid
3058 4473 3310 4544 corrigat.
3336 4475 3512 4530 Cano-

1941 4574 2038 4613 ncs
2091 4567 2271 4612 autem
2317 4560 2645 4630 generalium
2697 4562 3048 4619 conciliorum
3101 4580 3131 4619 a
3178 4567 3508 4637 temporibus

1942 4647 2275 4703 Constantini
2305 4659 2600 4718 cmperunt.
2633 4650 2688 4704 ln
2713 4653 3134 4722 praecedentibus
3156 4672 3384 4728 namque
3411 4673 3509 4712 an-

1944 4739 2051 4803 nis,
2077 4740 2448 4808 persecutione
2470 4739 2730 4808 fervente,
2759 4744 3118 4800 docendarum
3147 4746 3382 4816 plebium
3405 4751 3508 4804 mi-

1942 4830 2090 4884 nimc
2111 4830 2342 4884 dabatur
2369 4829 2613 4886 facultas.
2644 4829 2771 4886 lndc
2792 4831 3168 4890 Cltristianitas
3190 4836 3241 4890 in
3267 4837 3512 4896 diversas

1940 4920 2171 4974 hatreses
2196 4921 2362 4975 scissa
2393 4927 2474 4974 est
2512 4937 2526 4974 :
2560 4921 2684 4990 quia
2715 4937 2821 4977 non
2849 4933 2969 4978 erat
2991 4925 3210 4982 licentia
3240 4929 3510 5001 episcopis

1941 5006 1994 5060 in
2013 5023 2176 5062 unum
2204 5007 2621 5072 convenire,nisi
2644 5017 2883 5080 tempore
2909 5013 3144 5081 praedicti
3168 5017 3510 5088 imperatoris

1941 5112 2102 5166 supra
2133 5097 2280 5152 dicti.
2307 5096 2424 5166 Ipse
2447 5098 2589 5151 enim
2607 5099 2753 5154 dedit
2772 5099 3080 5157 facultatem
3104 5103 3426 5163 Christianis
3445 5109 3513 5162 li-

1940 5188 2069 5244 bere
2083 5186 2537 5258 congregari.Sub
2550 5190 2651 5244 boc
2662 5190 2822 5245 etiam
2838 5193 3007 5247 sancti
3023 5195 3267 5264 patresin
3282 5198 3512 5254 concilio

1943 5277 2158 5334 Nicaeno
2174 5279 2239 5334 de
2258 5281 2404 5335 omni
2425 5280 2559 5335 urbe
2577 5289 2839 5335 terrarum
2859 5285 3259 5350 convenientes,
3276 5283 3430 5354 iuxta
3447 5287 3509 5341 li-

1945 5371 2063 5426 dem
2082 5369 2457 5440 Evangelicam
2479 5379 2532 5425 et
2548 5369 2906 5440 Apostolicam
2923 5373 3222 5442 symbolum
3249 5385 3366 5445 post
3381 5390 3511 5444 ape-

1943 5460 2108 5516 stolos
2119 5461 2473 5515 tradiderunt.
2487 5459 2632 5514 Inter
2643 5468 2834 5516 emtera
2849 5470 3025 5514 autem
3043 5463 3267 5517 concilia
3281 5476 3508 5532 quatuor

1945 5564 2071 5611 sunt
2099 5551 2433 5608 venerabiles
2459 5551 2668 5623 synodi,
2697 5567 2816 5622 qum
2847 5559 3012 5605 totam
3043 5553 3410 5624 principaliter
3452 5555 3504 5608 li-

1946 5645 2066 5702 dem
2091 5643 2538 5714 complectuntur,
2556 5641 2708 5709 quasi
2733 5649 2960 5710 quatuor
2987 5645 3260 5714 evangelia
3281 5643 3362 5699 vel
3388 5643 3501 5698 tnti-
