  <div class='ocr_page' id='page_1' title='image "/cluster/home/n/w/nwhite01/storage/ocr_20150623/111/hvd.32044054759766/068.png"; bbox 0 0 4064 6206; ppageno 0'>
   <div class='ocr_carea' id='block_1_1' title="bbox 190 323 285 378">
    <p class='ocr_par' dir='ltr' id='par_1_1' title="bbox 190 323 285 378">
     <span class='ocr_line' id='line_1_1' title="bbox 190 323 285 378; baseline 0 0"><span class='ocrx_word' id='word_1_1' title='bbox 190 323 285 378; x_wconf 65' lang='grc' dir='ltr'><strong>ηδ</strong></span> 
     </span>
    </p>
   </div>
   <div class='ocr_carea' id='block_1_2' title="bbox 1190 321 2456 381">
    <p class='ocr_par' dir='ltr' id='par_1_2' title="bbox 1190 321 2456 381">
     <span class='ocr_line' id='line_1_2' title="bbox 1190 321 2456 381; baseline -0.003 -1"><span class='ocrx_word' id='word_1_2' title='bbox 1190 324 1280 380; x_wconf 86' lang='lat' dir='ltr'><strong>DE</strong></span> <span class='ocrx_word' id='word_1_3' title='bbox 1318 322 1666 381; x_wconf 79' lang='lat' dir='ltr'><strong>UNIVERSO</strong></span> <span class='ocrx_word' id='word_1_4' title='bbox 1699 322 1876 378; x_wconf 75' lang='lat' dir='ltr'><strong>LIBRI</strong></span> <span class='ocrx_word' id='word_1_5' title='bbox 1915 321 2080 379; x_wconf 81' lang='lat' dir='ltr'><strong>XXII.</strong></span> <span class='ocrx_word' id='word_1_6' title='bbox 2116 353 2187 364; x_wconf 92' lang='lat'>—</span> <span class='ocrx_word' id='word_1_7' title='bbox 2223 321 2351 377; x_wconf 82' lang='lat' dir='ltr'><strong>LIB.</strong></span> <span class='ocrx_word' id='word_1_8' title='bbox 2391 322 2456 376; x_wconf 92' lang='lat' dir='ltr'><strong>V.</strong></span> 
     </span>
    </p>
   </div>
   <div class='ocr_carea' id='block_1_3' title="bbox 3352 317 3453 372">
    <p class='ocr_par' dir='ltr' id='par_1_3' title="bbox 3352 317 3453 372">
     <span class='ocr_line' id='line_1_3' title="bbox 3352 317 3453 372; baseline 0 -1"><span class='ocrx_word' id='word_1_9' title='bbox 3352 317 3453 372; x_wconf 72' lang='grc' dir='ltr'><strong>ιεδ</strong></span> 
     </span>
    </p>
   </div>
   <div class='ocr_carea' id='block_1_4' title="bbox 188 423 3454 507">
    <p class='ocr_par' dir='ltr' id='par_1_4' title="bbox 188 423 3454 507">
     <span class='ocr_line' id='line_1_4' title="bbox 188 423 3454 507; baseline -0.002 -15"><span class='ocrx_word' id='word_1_10' title='bbox 188 439 302 492; x_wconf 62' lang='lat' dir='ltr'><strong>«km</strong></span> <span class='ocrx_word' id='word_1_11' title='bbox 324 434 578 492; x_wconf 71' lang='lat' dir='ltr'><strong>Pandisi</strong></span> <span class='ocrx_word' id='word_1_12' title='bbox 601 434 848 491; x_wconf 82' lang='lat' dir='ltr'><strong>ﬁumina.</strong></span> <span class='ocrx_word' id='word_1_13' title='bbox 870 433 1072 490; x_wconf 80' lang='lat' dir='ltr'><strong>Harum</strong></span> <span class='ocrx_word' id='word_1_14' title='bbox 1093 435 1268 505; x_wconf 90' lang='lat' dir='ltr'><strong>prima</strong></span> <span class='ocrx_word' id='word_1_15' title='bbox 1299 436 1513 490; x_wconf 70' lang='lat' dir='ltr'><strong>Nicaeua</strong></span> <span class='ocrx_word' id='word_1_16' title='bbox 1534 435 1773 507; x_wconf 85' lang='lat' dir='ltr'><strong>synodus</strong></span> <span class='ocrx_word' id='word_1_17' title='bbox 1800 438 1849 497; x_wconf 78' lang='grc' dir='ltr'>Α</span> <span class='ocrx_word' id='word_1_18' title='bbox 1876 448 2084 489; x_wconf 90' lang='lat' dir='ltr'><strong>summa</strong></span> <span class='ocrx_word' id='word_1_19' title='bbox 2106 433 2371 489; x_wconf 86' lang='lat' dir='ltr'><strong>brevitate</strong></span> <span class='ocrx_word' id='word_1_20' title='bbox 2409 430 2635 486; x_wconf 88' lang='lat' dir='ltr'><strong>notavit.</strong></span> <span class='ocrx_word' id='word_1_21' title='bbox 2665 429 2888 501; x_wconf 84' lang='lat' dir='ltr'><strong>Cycium</strong></span> <span class='ocrx_word' id='word_1_22' title='bbox 2912 437 3089 485; x_wconf 89' lang='lat' dir='ltr'><strong>autem</strong></span> <span class='ocrx_word' id='word_1_23' title='bbox 3116 423 3371 486; x_wconf 86' lang='lat' dir='ltr'><strong>vocatum&#39;</strong></span> <span class='ocrx_word' id='word_1_24' title='bbox 3387 445 3454 485; x_wconf 90' lang='lat' dir='ltr'><strong>eo</strong></span> 
     </span>
    </p>
   </div>
   <div class='ocr_carea' id='block_1_5' title="bbox 189 524 1770 594">
    <p class='ocr_par' dir='ltr' id='par_1_5' title="bbox 189 524 1770 594">
     <span class='ocr_line' id='line_1_5' title="bbox 189 524 1770 594; baseline -0.002 -13"><span class='ocrx_word' id='word_1_25' title='bbox 189 533 557 581; x_wconf 82' lang='lat' dir='ltr'><strong>trecenton</strong></span> <span class='ocrx_word' id='word_1_26' title='bbox 570 524 758 580; x_wconf 84' lang='lat' dir='ltr'><strong>decem</strong></span> <span class='ocrx_word' id='word_1_27' title='bbox 773 532 831 579; x_wconf 90' lang='lat' dir='ltr'><strong>et</strong></span> <span class='ocrx_word' id='word_1_28' title='bbox 846 534 970 580; x_wconf 90' lang='lat' dir='ltr'><strong>octo</strong></span> <span class='ocrx_word' id='word_1_29' title='bbox 988 525 1394 594; x_wconf 90' lang='lat' dir='ltr'><strong>Episcoporum,</strong></span> <span class='ocrx_word' id='word_1_30' title='bbox 1418 524 1770 580; x_wconf 87' lang='lat' dir='ltr'><strong>Constantino</strong></span> 
     </span>
    </p>
   </div>
   <div class='ocr_carea' id='block_1_6' title="bbox 184 612 1771 684">
    <p class='ocr_par' dir='ltr' id='par_1_6' title="bbox 184 612 1771 684">
     <span class='ocr_line' id='line_1_6' title="bbox 184 612 1771 684; baseline -0.004 -13"><span class='ocrx_word' id='word_1_31' title='bbox 184 615 428 684; x_wconf 76' lang='lat' dir='ltr'><strong>Augusto</strong></span> <span class='ocrx_word' id='word_1_32' title='bbox 484 614 804 684; x_wconf 88' lang='lat' dir='ltr'><strong>imperante,</strong></span> <span class='ocrx_word' id='word_1_33' title='bbox 838 622 1056 684; x_wconf 89' lang='lat' dir='ltr'><strong>peracta</strong></span> <span class='ocrx_word' id='word_1_34' title='bbox 1104 622 1187 668; x_wconf 88' lang='lat' dir='ltr'><strong>est</strong></span> <span class='ocrx_word' id='word_1_35' title='bbox 1230 628 1245 666; x_wconf 92' lang='lat'><strong>:</strong></span> <span class='ocrx_word' id='word_1_36' title='bbox 1285 614 1340 667; x_wconf 91' lang='lat' dir='ltr'><strong>in</strong></span> <span class='ocrx_word' id='word_1_37' title='bbox 1396 628 1502 681; x_wconf 90' lang='lat' dir='ltr'><strong>qua</strong></span> <span class='ocrx_word' id='word_1_38' title='bbox 1556 612 1771 666; x_wconf 67' lang='lat' dir='ltr'><strong>Arianae</strong></span> 
     </span>
    </p>
   </div>
   <div class='ocr_carea' id='block_1_7' title="bbox 183 700 1771 776">
    <p class='ocr_par' dir='ltr' id='par_1_7' title="bbox 183 700 1771 776">
     <span class='ocr_line' id='line_1_7' title="bbox 183 700 1771 776; baseline -0.002 -16"><span class='ocrx_word' id='word_1_39' title='bbox 183 704 425 776; x_wconf 62' lang='lat' dir='ltr'><strong>perﬁdia!</strong></span> <span class='ocrx_word' id='word_1_40' title='bbox 480 701 839 759; x_wconf 74' lang='lat' dir='ltr'><strong>condemnata</strong></span> <span class='ocrx_word' id='word_1_41' title='bbox 900 702 1232 770; x_wconf 84' lang='lat' dir='ltr'><strong>blasphemia</strong></span> <span class='ocrx_word' id='word_1_42' title='bbox 1289 702 1355 756; x_wconf 91' lang='lat' dir='ltr'><strong>de</strong></span> <span class='ocrx_word' id='word_1_43' title='bbox 1407 700 1771 770; x_wconf 66' lang='lat' dir='ltr'><strong>inarqualiiale</strong></span> 
     </span>
    </p>
   </div>
   <div class='ocr_carea' id='block_1_8' title="bbox 185 792 1767 859">
    <p class='ocr_par' dir='ltr' id='par_1_8' title="bbox 185 792 1767 859">
     <span class='ocr_line' id='line_1_8' title="bbox 185 792 1767 859; baseline -0.005 -8"><span class='ocrx_word' id='word_1_44' title='bbox 185 804 383 851; x_wconf 62' lang='lat' dir='ltr'><strong>sanctae</strong></span> <span class='ocrx_word' id='word_1_45' title='bbox 411 794 719 859; x_wconf 76' lang='lat' dir='ltr'><strong>Trinitatis,</strong></span> <span class='ocrx_word' id='word_1_46' title='bbox 751 793 806 849; x_wconf 89' lang='lat' dir='ltr'><strong>id</strong></span> <span class='ocrx_word' id='word_1_47' title='bbox 836 800 939 857; x_wconf 90' lang='lat' dir='ltr'><strong>est,</strong></span> <span class='ocrx_word' id='word_1_48' title='bbox 969 805 996 834; x_wconf 74' lang='grc' dir='ltr'>ι</span> <span class='ocrx_word' id='word_1_49' title='bbox 1025 792 1185 847; x_wconf 80' lang='lat' dir='ltr'><strong>Arius</strong></span> <span class='ocrx_word' id='word_1_50' title='bbox 1227 793 1503 847; x_wconf 74' lang='lat' dir='ltr'><strong>asserebat</strong></span> <span class='ocrx_word' id='word_1_51' title='bbox 1532 792 1767 846; x_wconf 81' lang='lat' dir='ltr'><strong>consub—</strong></span> 
     </span>
    </p>
   </div>
   <div class='ocr_carea' id='block_1_9' title="bbox 185 883 1770 947">
    <p class='ocr_par' dir='ltr' id='par_1_9' title="bbox 185 883 1770 947">
     <span class='ocr_line' id='line_1_9' title="bbox 185 883 1770 947; baseline -0.004 -4"><span class='ocrx_word' id='word_1_52' title='bbox 185 886 497 943; x_wconf 85' lang='lat' dir='ltr'><strong>stantialem</strong></span> <span class='ocrx_word' id='word_1_53' title='bbox 526 887 639 941; x_wconf 90' lang='lat' dir='ltr'><strong>Deo</strong></span> <span class='ocrx_word' id='word_1_54' title='bbox 678 884 829 939; x_wconf 86' lang='lat' dir='ltr'><strong>Patri</strong></span> <span class='ocrx_word' id='word_1_55' title='bbox 873 883 1041 938; x_wconf 88' lang='lat' dir='ltr'><strong>Deum</strong></span> <span class='ocrx_word' id='word_1_56' title='bbox 1076 884 1291 947; x_wconf 83' lang='lat' dir='ltr'><strong>Filium,</strong></span> <span class='ocrx_word' id='word_1_57' title='bbox 1343 884 1531 938; x_wconf 87' lang='lat' dir='ltr'><strong>eadem</strong></span> <span class='ocrx_word' id='word_1_58' title='bbox 1584 892 1770 937; x_wconf 86' lang='lat' dir='ltr'><strong>sancta</strong></span> 
     </span>
    </p>
   </div>
   <div class='ocr_carea' id='block_1_10' title="bbox 185 970 1770 1046">
    <p class='ocr_par' dir='ltr' id='par_1_10' title="bbox 185 970 1770 1046">
     <span class='ocr_line' id='line_1_10' title="bbox 185 970 1770 1046; baseline -0.003 -16"><span class='ocrx_word' id='word_1_59' title='bbox 185 976 422 1046; x_wconf 80' lang='lat' dir='ltr'><strong>synodus</strong></span> <span class='ocrx_word' id='word_1_60' title='bbox 467 989 570 1045; x_wconf 87' lang='lat' dir='ltr'><strong>per</strong></span> <span class='ocrx_word' id='word_1_61' title='bbox 607 973 911 1046; x_wconf 89' lang='lat' dir='ltr'><strong>symbolum</strong></span> <span class='ocrx_word' id='word_1_62' title='bbox 942 972 1204 1029; x_wconf 86' lang='lat' dir='ltr'><strong>deﬁnivit.</strong></span> <span class='ocrx_word' id='word_1_63' title='bbox 1245 970 1492 1027; x_wconf 84' lang='lat' dir='ltr'><strong>Seeunla</strong></span> <span class='ocrx_word' id='word_1_64' title='bbox 1532 972 1770 1043; x_wconf 86' lang='lat' dir='ltr'><strong>synodus</strong></span> 
     </span>
    </p>
   </div>
   <div class='ocr_carea' id='block_1_11' title="bbox 185 1059 1771 1133">
    <p class='ocr_par' dir='ltr' id='par_1_11' title="bbox 185 1059 1771 1133">
     <span class='ocr_line' id='line_1_11' title="bbox 185 1059 1771 1133; baseline -0.003 -15"><span class='ocrx_word' id='word_1_65' title='bbox 185 1073 400 1119; x_wconf 83' lang='lat' dir='ltr'><strong>centum</strong></span> <span class='ocrx_word' id='word_1_66' title='bbox 426 1062 816 1133; x_wconf 79' lang='lat' dir='ltr'><strong>quinquaginta</strong></span> <span class='ocrx_word' id='word_1_67' title='bbox 855 1070 1066 1130; x_wconf 84' lang='lat' dir='ltr'><strong>patrum</strong></span> <span class='ocrx_word' id='word_1_68' title='bbox 1094 1061 1193 1115; x_wconf 90' lang='lat' dir='ltr'><strong>sub</strong></span> <span class='ocrx_word' id='word_1_69' title='bbox 1230 1059 1534 1118; x_wconf 84' lang='lat' dir='ltr'><strong>Theodosio</strong></span> <span class='ocrx_word' id='word_1_70' title='bbox 1559 1062 1771 1114; x_wconf 90' lang='lat' dir='ltr'><strong>seniore</strong></span> 
     </span>
    </p>
   </div>
   <div class='ocr_carea' id='block_1_12' title="bbox 185 1151 1768 1224">
    <p class='ocr_par' dir='ltr' id='par_1_12' title="bbox 185 1151 1768 1224">
     <span class='ocr_line' id='line_1_12' title="bbox 185 1151 1768 1224; baseline -0.001 -15"><span class='ocrx_word' id='word_1_71' title='bbox 185 1153 707 1224; x_wconf 81' lang='lat' dir='ltr'><strong>Constantinopolim</strong></span> <span class='ocrx_word' id='word_1_72' title='bbox 734 1161 1055 1222; x_wconf 76' lang='lat' dir='ltr'><strong>congregata</strong></span> <span class='ocrx_word' id='word_1_73' title='bbox 1107 1160 1210 1213; x_wconf 88' lang='lat' dir='ltr'><strong>est,</strong></span> <span class='ocrx_word' id='word_1_74' title='bbox 1243 1166 1362 1220; x_wconf 74' lang='lat' dir='ltr'><strong>qua:</strong></span> <span class='ocrx_word' id='word_1_75' title='bbox 1401 1151 1768 1207; x_wconf 79' lang='lat' dir='ltr'><strong>Macedonium</strong></span> 
     </span>
    </p>
   </div>
   <div class='ocr_carea' id='block_1_13' title="bbox 184 1238 1767 1313">
    <p class='ocr_par' dir='ltr' id='par_1_13' title="bbox 184 1238 1767 1313">
     <span class='ocr_line' id='line_1_13' title="bbox 184 1238 1767 1313; baseline -0.003 -16"><span class='ocrx_word' id='word_1_76' title='bbox 184 1244 535 1313; x_wconf 78' lang='lat' dir='ltr'><strong>Episcopum,</strong></span> <span class='ocrx_word' id='word_1_77' title='bbox 560 1250 845 1313; x_wconf 75' lang='lat' dir='ltr'><strong>negantem</strong></span> <span class='ocrx_word' id='word_1_78' title='bbox 874 1241 1041 1294; x_wconf 91' lang='lat' dir='ltr'><strong>Deum</strong></span> <span class='ocrx_word' id='word_1_79' title='bbox 1063 1255 1182 1295; x_wconf 89' lang='lat' dir='ltr'><strong>esse</strong></span> <span class='ocrx_word' id='word_1_80' title='bbox 1212 1238 1471 1310; x_wconf 90' lang='lat' dir='ltr'><strong>Spiritum</strong></span> <span class='ocrx_word' id='word_1_81' title='bbox 1496 1247 1767 1305; x_wconf 88' lang='lat' dir='ltr'><strong>sanctum,</strong></span> 
     </span>
    </p>
   </div>
   <div class='ocr_carea' id='block_1_14' title="bbox 186 1328 1769 1394">
    <p class='ocr_par' dir='ltr' id='par_1_14' title="bbox 186 1328 1769 1394">
     <span class='ocr_line' id='line_1_14' title="bbox 186 1328 1769 1394; baseline -0.003 -5"><span class='ocrx_word' id='word_1_82' title='bbox 186 1334 501 1389; x_wconf 61' lang='lat' dir='ltr'><strong>bereticum</strong></span> <span class='ocrx_word' id='word_1_83' title='bbox 547 1333 932 1394; x_wconf 73' lang='lat' dir='ltr'><strong>condemnatis,</strong></span> <span class='ocrx_word' id='word_1_84' title='bbox 977 1329 1488 1384; x_wconf 82' lang='lat' dir='ltr'><strong>consubstantialem</strong></span> <span class='ocrx_word' id='word_1_85' title='bbox 1528 1328 1673 1383; x_wconf 86' lang='lat' dir='ltr'><strong>Patri</strong></span> <span class='ocrx_word' id='word_1_86' title='bbox 1714 1340 1769 1384; x_wconf 90' lang='lat' dir='ltr'><strong>et</strong></span> 
     </span>
    </p>
   </div>
   <div class='ocr_carea' id='block_1_15' title="bbox 184 1420 1768 1493">
    <p class='ocr_par' dir='ltr' id='par_1_15' title="bbox 184 1420 1768 1493">
     <span class='ocr_line' id='line_1_15' title="bbox 184 1420 1768 1493; baseline -0.002 -14"><span class='ocrx_word' id='word_1_87' title='bbox 184 1422 318 1479; x_wconf 76' lang='lat' dir='ltr'><strong>Filio</strong></span> <span class='ocrx_word' id='word_1_88' title='bbox 344 1423 612 1493; x_wconf 87' lang='lat' dir='ltr'><strong>Spiritum</strong></span> <span class='ocrx_word' id='word_1_89' title='bbox 647 1431 892 1477; x_wconf 89' lang='lat' dir='ltr'><strong>sanctum</strong></span> <span class='ocrx_word' id='word_1_90' title='bbox 924 1420 1312 1476; x_wconf 88' lang='lat' dir='ltr'><strong>demonstravit</strong></span> <span class='ocrx_word' id='word_1_91' title='bbox 1343 1438 1356 1474; x_wconf 90' lang='lat'><strong>:</strong></span> <span class='ocrx_word' id='word_1_92' title='bbox 1385 1421 1519 1476; x_wconf 90' lang='lat' dir='ltr'><strong>dans</strong></span> <span class='ocrx_word' id='word_1_93' title='bbox 1541 1421 1768 1492; x_wconf 88' lang='lat' dir='ltr'><strong>symboli</strong></span> 
     </span>
    </p>
   </div>
   <div class='ocr_carea' id='block_1_16' title="bbox 184 1507 1767 1582">
    <p class='ocr_par' dir='ltr' id='par_1_16' title="bbox 184 1507 1767 1582">
     <span class='ocr_line' id='line_1_16' title="bbox 184 1507 1767 1582; baseline -0.003 -14"><span class='ocrx_word' id='word_1_94' title='bbox 184 1512 435 1575; x_wconf 75' lang='lat' dir='ltr'><strong>formam,</strong></span> <span class='ocrx_word' id='word_1_95' title='bbox 466 1526 630 1582; x_wconf 89' lang='lat' dir='ltr'><strong>quam</strong></span> <span class='ocrx_word' id='word_1_96' title='bbox 653 1520 765 1565; x_wconf 90' lang='lat' dir='ltr'><strong>tota</strong></span> <span class='ocrx_word' id='word_1_97' title='bbox 787 1508 1098 1565; x_wconf 75' lang='lat' dir='ltr'><strong>Grzecornm</strong></span> <span class='ocrx_word' id='word_1_98' title='bbox 1126 1517 1183 1564; x_wconf 89' lang='lat' dir='ltr'><strong>et</strong></span> <span class='ocrx_word' id='word_1_99' title='bbox 1211 1507 1522 1565; x_wconf 88' lang='lat' dir='ltr'><strong>Latinorum</strong></span> <span class='ocrx_word' id='word_1_100' title='bbox 1552 1509 1767 1565; x_wconf 78' lang='lat' dir='ltr'><strong>confes-</strong></span> 
     </span>
    </p>
   </div>
   <div class='ocr_carea' id='block_1_17' title="bbox 185 1597 1766 1671">
    <p class='ocr_par' dir='ltr' id='par_1_17' title="bbox 185 1597 1766 1671">
     <span class='ocr_line' id='line_1_17' title="bbox 185 1597 1766 1671; baseline -0.002 -14"><span class='ocrx_word' id='word_1_101' title='bbox 185 1603 265 1657; x_wconf 87' lang='lat' dir='ltr'><strong>sio</strong></span> <span class='ocrx_word' id='word_1_102' title='bbox 288 1602 344 1656; x_wconf 93' lang='lat' dir='ltr'><strong>in</strong></span> <span class='ocrx_word' id='word_1_103' title='bbox 374 1600 635 1656; x_wconf 83' lang='lat' dir='ltr'><strong>Ecclesiis</strong></span> <span class='ocrx_word' id='word_1_104' title='bbox 665 1600 939 1671; x_wconf 65' lang='lat' dir='ltr'><strong>praedicat.</strong></span> <span class='ocrx_word' id='word_1_105' title='bbox 984 1597 1165 1654; x_wconf 82' lang='lat' dir='ltr'><strong>Tertia</strong></span> <span class='ocrx_word' id='word_1_106' title='bbox 1213 1600 1451 1670; x_wconf 86' lang='lat' dir='ltr'><strong>synodus</strong></span> <span class='ocrx_word' id='word_1_107' title='bbox 1499 1599 1766 1670; x_wconf 87' lang='lat' dir='ltr'><strong>Ephesina</strong></span> 
     </span>
    </p>
   </div>
   <div class='ocr_carea' id='block_1_18' title="bbox 186 1687 1769 1762">
    <p class='ocr_par' dir='ltr' id='par_1_18' title="bbox 186 1687 1769 1762">
     <span class='ocr_line' id='line_1_18' title="bbox 186 1687 1769 1762; baseline -0.001 -18"><span class='ocrx_word' id='word_1_108' title='bbox 186 1691 355 1762; x_wconf 84' lang='lat' dir='ltr'><strong>prima</strong></span> <span class='ocrx_word' id='word_1_109' title='bbox 383 1690 741 1745; x_wconf 84' lang='lat' dir='ltr'><strong>ducentorum</strong></span> <span class='ocrx_word' id='word_1_110' title='bbox 785 1688 1170 1758; x_wconf 82' lang='lat' dir='ltr'><strong>Episcoporum</strong></span> <span class='ocrx_word' id='word_1_111' title='bbox 1220 1690 1319 1744; x_wconf 92' lang='lat' dir='ltr'><strong>sub</strong></span> <span class='ocrx_word' id='word_1_112' title='bbox 1337 1687 1553 1757; x_wconf 91' lang='lat' dir='ltr'><strong>juniore</strong></span> <span class='ocrx_word' id='word_1_113' title='bbox 1591 1689 1769 1744; x_wconf 87' lang='lat' dir='ltr'><strong>Theo-</strong></span> 
     </span>
    </p>
   </div>
   <div class='ocr_carea' id='block_1_19' title="bbox 1868 518 3452 589">
    <p class='ocr_par' dir='ltr' id='par_1_19' title="bbox 1868 518 3452 589">
     <span class='ocr_line' id='line_1_19' title="bbox 1868 518 3452 589; baseline 0.001 -18"><span class='ocrx_word' id='word_1_114' title='bbox 1868 521 2013 589; x_wconf 86' lang='lat' dir='ltr'><strong>quod</strong></span> <span class='ocrx_word' id='word_1_115' title='bbox 2049 520 2102 574; x_wconf 92' lang='lat' dir='ltr'><strong>in</strong></span> <span class='ocrx_word' id='word_1_116' title='bbox 2135 519 2267 574; x_wconf 85' lang='lat' dir='ltr'><strong>orbe</strong></span> <span class='ocrx_word' id='word_1_117' title='bbox 2294 520 2534 589; x_wconf 78' lang='lat' dir='ltr'><strong>digestus</strong></span> <span class='ocrx_word' id='word_1_118' title='bbox 2564 518 2671 584; x_wconf 92' lang='lat' dir='ltr'><strong>sit,</strong></span> <span class='ocrx_word' id='word_1_119' title='bbox 2702 527 2757 572; x_wconf 92' lang='lat' dir='ltr'><strong>et</strong></span> <span class='ocrx_word' id='word_1_120' title='bbox 2775 519 2929 587; x_wconf 91' lang='lat' dir='ltr'><strong>quasi</strong></span> <span class='ocrx_word' id='word_1_121' title='bbox 2954 519 3007 572; x_wconf 93' lang='lat' dir='ltr'><strong>in</strong></span> <span class='ocrx_word' id='word_1_122' title='bbox 3035 518 3239 573; x_wconf 86' lang='lat' dir='ltr'><strong>circulo</strong></span> <span class='ocrx_word' id='word_1_123' title='bbox 3271 519 3452 587; x_wconf 86' lang='lat' dir='ltr'><strong>dispo-</strong></span> 
     </span>
    </p>
   </div>
   <div class='ocr_carea' id='block_1_20' title="bbox 1869 609 3452 678">
    <p class='ocr_par' dir='ltr' id='par_1_20' title="bbox 1869 609 3452 678">
     <span class='ocr_line' id='line_1_20' title="bbox 1869 609 3452 678; baseline -0.001 -14"><span class='ocrx_word' id='word_1_124' title='bbox 1869 611 2030 665; x_wconf 89' lang='lat' dir='ltr'><strong>situm</strong></span> <span class='ocrx_word' id='word_1_125' title='bbox 2061 610 2304 664; x_wconf 87' lang='lat' dir='ltr'><strong>ordinem</strong></span> <span class='ocrx_word' id='word_1_126' title='bbox 2349 610 2581 678; x_wconf 90' lang='lat' dir='ltr'><strong>complet</strong></span> <span class='ocrx_word' id='word_1_127' title='bbox 2627 625 2890 664; x_wconf 86' lang='lat' dir='ltr'><strong>annorum</strong></span> <span class='ocrx_word' id='word_1_128' title='bbox 2937 609 3057 664; x_wconf 89' lang='lat' dir='ltr'><strong>sine</strong></span> <span class='ocrx_word' id='word_1_129' title='bbox 3098 609 3360 665; x_wconf 85' lang='lat' dir='ltr'><strong>varietate</strong></span> <span class='ocrx_word' id='word_1_130' title='bbox 3396 618 3452 664; x_wconf 84' lang='lat' dir='ltr'><strong>et</strong></span> 
     </span>
    </p>
   </div>
   <div class='ocr_carea' id='block_1_21' title="bbox 1868 699 3450 771">
    <p class='ocr_par' dir='ltr' id='par_1_21' title="bbox 1868 699 3450 771">
     <span class='ocr_line' id='line_1_21' title="bbox 1868 699 3450 771; baseline 0.003 -19"><span class='ocrx_word' id='word_1_131' title='bbox 1868 700 1984 754; x_wconf 89' lang='lat' dir='ltr'><strong>sine</strong></span> <span class='ocrx_word' id='word_1_132' title='bbox 2017 699 2121 753; x_wconf 91' lang='lat' dir='ltr'><strong>ulla</strong></span> <span class='ocrx_word' id='word_1_133' title='bbox 2152 708 2286 754; x_wconf 90' lang='lat' dir='ltr'><strong>arte.</strong></span> <span class='ocrx_word' id='word_1_134' title='bbox 2322 700 2474 755; x_wconf 83' lang='lat' dir='ltr'><strong>Unde</strong></span> <span class='ocrx_word' id='word_1_135' title='bbox 2498 699 2698 755; x_wconf 78' lang='lat' dir='ltr'><strong>factum</strong></span> <span class='ocrx_word' id='word_1_136' title='bbox 2725 708 2841 766; x_wconf 88' lang='lat' dir='ltr'><strong>est,</strong></span> <span class='ocrx_word' id='word_1_137' title='bbox 2878 708 2940 754; x_wconf 91' lang='lat' dir='ltr'><strong>ut</strong></span> <span class='ocrx_word' id='word_1_138' title='bbox 2975 700 3170 771; x_wconf 88' lang='lat' dir='ltr'><strong>cuique</strong></span> <span class='ocrx_word' id='word_1_139' title='bbox 3210 700 3450 756; x_wconf 66' lang='lat' dir='ltr'><strong>materiae</strong></span> 
     </span>
    </p>
   </div>
   <div class='ocr_carea' id='block_1_22' title="bbox 1867 789 3451 862">
    <p class='ocr_par' dir='ltr' id='par_1_22' title="bbox 1867 789 3451 862">
     <span class='ocr_line' id='line_1_22' title="bbox 1867 789 3451 862; baseline 0.001 -18"><span class='ocrx_word' id='word_1_140' title='bbox 1867 790 2129 854; x_wconf 84' lang='lat' dir='ltr'><strong>carmina,</strong></span> <span class='ocrx_word' id='word_1_141' title='bbox 2145 789 2371 859; x_wconf 89' lang='lat' dir='ltr'><strong>simplici</strong></span> <span class='ocrx_word' id='word_1_142' title='bbox 2384 789 2656 845; x_wconf 85' lang='lat' dir='ltr'><strong>formitate</strong></span> <span class='ocrx_word' id='word_1_143' title='bbox 2669 789 2785 862; x_wconf 85' lang='lat' dir='ltr'><strong>(sic)</strong></span> <span class='ocrx_word' id='word_1_144' title='bbox 2801 789 2963 856; x_wconf 84' lang='lat' dir='ltr'><strong>facta,</strong></span> <span class='ocrx_word' id='word_1_145' title='bbox 2979 791 3181 861; x_wconf 88' lang='lat' dir='ltr'><strong>cyclica</strong></span> <span class='ocrx_word' id='word_1_146' title='bbox 3196 806 3451 846; x_wconf 82' lang='lat' dir='ltr'><strong>vocaren-</strong></span> 
     </span>
    </p>
   </div>
   <div class='ocr_carea' id='block_1_23' title="bbox 1872 879 3453 953">
    <p class='ocr_par' dir='ltr' id='par_1_23' title="bbox 1872 879 3453 953">
     <span class='ocr_line' id='line_1_23' title="bbox 1872 879 3453 953; baseline 0.004 -19"><span class='ocrx_word' id='word_1_147' title='bbox 1872 889 1977 934; x_wconf 89' lang='lat' dir='ltr'><strong>tur.</strong></span> <span class='ocrx_word' id='word_1_148' title='bbox 2003 879 2140 936; x_wconf 85' lang='lat' dir='ltr'><strong>Hinc</strong></span> <span class='ocrx_word' id='word_1_149' title='bbox 2163 888 2218 936; x_wconf 92' lang='lat' dir='ltr'><strong>et</strong></span> <span class='ocrx_word' id='word_1_150' title='bbox 2241 881 2555 936; x_wconf 89' lang='lat' dir='ltr'><strong>laterculum</strong></span> <span class='ocrx_word' id='word_1_151' title='bbox 2580 882 2804 947; x_wconf 89' lang='lat' dir='ltr'><strong>dictum,</strong></span> <span class='ocrx_word' id='word_1_152' title='bbox 2826 883 2969 953; x_wconf 91' lang='lat' dir='ltr'><strong>quod</strong></span> <span class='ocrx_word' id='word_1_153' title='bbox 2989 884 3233 939; x_wconf 86' lang='lat' dir='ltr'><strong>ordinem</strong></span> <span class='ocrx_word' id='word_1_154' title='bbox 3254 885 3453 940; x_wconf 89' lang='lat' dir='ltr'><strong>haheat</strong></span> 
     </span>
    </p>
   </div>
   <div class='ocr_carea' id='block_1_24' title="bbox 1871 969 3452 1043">
    <p class='ocr_par' dir='ltr' id='par_1_24' title="bbox 1871 969 3452 1043">
     <span class='ocr_line' id='line_1_24' title="bbox 1871 969 3452 1043; baseline 0.001 -20"><span class='ocrx_word' id='word_1_155' title='bbox 1871 978 2135 1024; x_wconf 88' lang='lat' dir='ltr'><strong>tractuum</strong></span> <span class='ocrx_word' id='word_1_156' title='bbox 2167 985 2453 1025; x_wconf 89' lang='lat' dir='ltr'><strong>annorum.</strong></span> <span class='ocrx_word' id='word_1_157' title='bbox 2495 969 2624 1024; x_wconf 89' lang='lat' dir='ltr'><strong>Post</strong></span> <span class='ocrx_word' id='word_1_158' title='bbox 2661 969 2812 1039; x_wconf 89' lang='lat' dir='ltr'><strong>cujus</strong></span> <span class='ocrx_word' id='word_1_159' title='bbox 2842 972 3200 1041; x_wconf 84' lang='lat' dir='ltr'><strong>expletionem</strong></span> <span class='ocrx_word' id='word_1_160' title='bbox 3239 974 3306 1028; x_wconf 88' lang='lat' dir='ltr'><strong>ad</strong></span> <span class='ocrx_word' id='word_1_161' title='bbox 3334 974 3452 1043; x_wconf 89' lang='lat' dir='ltr'><strong>pri-</strong></span> 
     </span>
    </p>
   </div>
   <div class='ocr_carea' id='block_1_25' title="bbox 1869 1057 3446 1129">
    <p class='ocr_par' dir='ltr' id='par_1_25' title="bbox 1869 1057 3446 1129">
     <span class='ocr_line' id='line_1_25' title="bbox 1869 1057 3446 1129; baseline 0.006 -21"><span class='ocrx_word' id='word_1_162' title='bbox 1869 1071 2016 1109; x_wconf 91' lang='lat' dir='ltr'><strong>mum</strong></span> <span class='ocrx_word' id='word_1_163' title='bbox 2068 1057 2348 1110; x_wconf 81' lang='lat' dir='ltr'><strong>exordium</strong></span> <span class='ocrx_word' id='word_1_164' title='bbox 2399 1059 2795 1113; x_wconf 86' lang='lat' dir='ltr'><strong>revertendum.</strong></span> <span class='ocrx_word' id='word_1_165' title='bbox 2849 1060 3159 1129; x_wconf 82' lang='lat' dir='ltr'><strong>Antiquitus</strong></span> <span class='ocrx_word' id='word_1_166' title='bbox 3208 1061 3446 1117; x_wconf 87' lang='lat' dir='ltr'><strong>Ecclesia</strong></span> 
     </span>
    </p>
   </div>
   <div class='ocr_carea' id='block_1_26' title="bbox 1869 1148 3447 1218">
    <p class='ocr_par' dir='ltr' id='par_1_26' title="bbox 1869 1148 3447 1218">
     <span class='ocr_line' id='line_1_26' title="bbox 1869 1148 3447 1218; baseline 0.005 -18"><span class='ocrx_word' id='word_1_167' title='bbox 1869 1148 2066 1218; x_wconf 90' lang='lat' dir='ltr'><strong>pascha</strong></span> <span class='ocrx_word' id='word_1_168' title='bbox 2102 1149 2504 1217; x_wconf 88' lang='lat' dir='ltr'><strong>quartadecima</strong></span> <span class='ocrx_word' id='word_1_169' title='bbox 2552 1149 2679 1203; x_wconf 89' lang='lat' dir='ltr'><strong>luna</strong></span> <span class='ocrx_word' id='word_1_170' title='bbox 2714 1166 2838 1206; x_wconf 91' lang='lat' dir='ltr'><strong>cum</strong></span> <span class='ocrx_word' id='word_1_171' title='bbox 2885 1150 3084 1208; x_wconf 63' lang='lat' dir='ltr'><strong>Iudaeis</strong></span> <span class='ocrx_word' id='word_1_172' title='bbox 3121 1152 3447 1218; x_wconf 83' lang='lat' dir='ltr'><strong>celebrabat,</strong></span> 
     </span>
    </p>
   </div>
   <div class='ocr_carea' id='block_1_27' title="bbox 1869 1238 3449 1311">
    <p class='ocr_par' dir='ltr' id='par_1_27' title="bbox 1869 1238 3449 1311">
     <span class='ocr_line' id='line_1_27' title="bbox 1869 1238 3449 1311; baseline 0.003 -21"><span class='ocrx_word' id='word_1_173' title='bbox 1869 1252 2189 1307; x_wconf 82' lang='lat' dir='ltr'><strong>quocunque</strong></span> <span class='ocrx_word' id='word_1_174' title='bbox 2230 1238 2315 1292; x_wconf 89' lang='lat' dir='ltr'><strong>die</strong></span> <span class='ocrx_word' id='word_1_175' title='bbox 2367 1248 2722 1294; x_wconf 88' lang='lat' dir='ltr'><strong>occurreret:</strong></span> <span class='ocrx_word' id='word_1_176' title='bbox 2755 1254 2915 1309; x_wconf 90' lang='lat' dir='ltr'><strong>quem</strong></span> <span class='ocrx_word' id='word_1_177' title='bbox 2952 1240 3113 1294; x_wconf 89' lang='lat' dir='ltr'><strong>ritum</strong></span> <span class='ocrx_word' id='word_1_178' title='bbox 3141 1242 3313 1296; x_wconf 87' lang='lat' dir='ltr'><strong>sancti</strong></span> <span class='ocrx_word' id='word_1_179' title='bbox 3356 1258 3449 1311; x_wconf 84' lang='lat' dir='ltr'><strong>pa-</strong></span> 
     </span>
    </p>
   </div>
   <div class='ocr_carea' id='block_1_28' title="bbox 1868 1327 3452 1399">
    <p class='ocr_par' dir='ltr' id='par_1_28' title="bbox 1868 1327 3452 1399">
     <span class='ocr_line' id='line_1_28' title="bbox 1868 1327 3452 1399; baseline 0.003 -18"><span class='ocrx_word' id='word_1_180' title='bbox 1868 1336 1978 1381; x_wconf 92' lang='lat' dir='ltr'><strong>tres</strong></span> <span class='ocrx_word' id='word_1_181' title='bbox 2028 1327 2080 1381; x_wconf 91' lang='lat' dir='ltr'><strong>in</strong></span> <span class='ocrx_word' id='word_1_182' title='bbox 2110 1327 2322 1382; x_wconf 63' lang='lat' dir='ltr'><strong>Nicarna</strong></span> <span class='ocrx_word' id='word_1_183' title='bbox 2373 1328 2576 1399; x_wconf 85' lang='lat' dir='ltr'><strong>synodo</strong></span> <span class='ocrx_word' id='word_1_184' title='bbox 2605 1328 3027 1398; x_wconf 89' lang='lat' dir='ltr'><strong>prohibuerunt,</strong></span> <span class='ocrx_word' id='word_1_185' title='bbox 3066 1330 3452 1386; x_wconf 89' lang='lat' dir='ltr'><strong>constituentes</strong></span> 
     </span>
    </p>
   </div>
   <div class='ocr_carea' id='block_1_29' title="bbox 1870 1414 3447 1489">
    <p class='ocr_par' dir='ltr' id='par_1_29' title="bbox 1870 1414 3447 1489">
     <span class='ocr_line' id='line_1_29' title="bbox 1870 1414 3447 1489; baseline 0.002 -19"><span class='ocrx_word' id='word_1_186' title='bbox 1870 1432 1975 1470; x_wconf 88' lang='lat' dir='ltr'><strong>non</strong></span> <span class='ocrx_word' id='word_1_187' title='bbox 2004 1416 2174 1471; x_wconf 91' lang='lat' dir='ltr'><strong>solum</strong></span> <span class='ocrx_word' id='word_1_188' title='bbox 2204 1416 2381 1470; x_wconf 92' lang='lat' dir='ltr'><strong>lunam</strong></span> <span class='ocrx_word' id='word_1_189' title='bbox 2410 1417 2718 1486; x_wconf 84' lang='lat' dir='ltr'><strong>paschalem</strong></span> <span class='ocrx_word' id='word_1_190' title='bbox 2744 1417 2818 1489; x_wconf 89' lang='lat' dir='ltr'><strong>(et</strong></span> <span class='ocrx_word' id='word_1_191' title='bbox 2849 1418 2973 1473; x_wconf 90' lang='lat' dir='ltr'><strong>inde</strong></span> <span class='ocrx_word' id='word_1_192' title='bbox 3002 1414 3244 1488; x_wconf 87' lang='lat' dir='ltr'><strong>sequitur</strong></span> <span class='ocrx_word' id='word_1_193' title='bbox 3271 1420 3447 1489; x_wconf 88' lang='lat' dir='ltr'><strong>inqui-</strong></span> 
     </span>
    </p>
   </div>
   <div class='ocr_carea' id='block_1_30' title="bbox 1868 1505 3447 1576">
    <p class='ocr_par' dir='ltr' id='par_1_30' title="bbox 1868 1505 3447 1576">
     <span class='ocr_line' id='line_1_30' title="bbox 1868 1505 3447 1576; baseline 0.004 -15"><span class='ocrx_word' id='word_1_194' title='bbox 1868 1506 2033 1576; x_wconf 89' lang='lat' dir='ltr'><strong>rere),</strong></span> <span class='ocrx_word' id='word_1_195' title='bbox 2055 1505 2147 1561; x_wconf 90' lang='lat' dir='ltr'><strong>sed</strong></span> <span class='ocrx_word' id='word_1_196' title='bbox 2169 1506 2331 1560; x_wconf 90' lang='lat' dir='ltr'><strong>etiam</strong></span> <span class='ocrx_word' id='word_1_197' title='bbox 2351 1515 2405 1561; x_wconf 89' lang='lat' dir='ltr'><strong>et</strong></span> <span class='ocrx_word' id='word_1_198' title='bbox 2430 1506 2568 1562; x_wconf 89' lang='lat' dir='ltr'><strong>diem</strong></span> <span class='ocrx_word' id='word_1_199' title='bbox 2600 1508 3015 1564; x_wconf 88' lang='lat' dir='ltr'><strong>resurrectionis</strong></span> <span class='ocrx_word' id='word_1_200' title='bbox 3040 1510 3322 1565; x_wconf 73' lang='lat' dir='ltr'><strong>dominicae</strong></span> <span class='ocrx_word' id='word_1_201' title='bbox 3347 1512 3447 1567; x_wconf 89' lang='lat' dir='ltr'><strong>ob-</strong></span> 
     </span>
    </p>
   </div>
   <div class='ocr_carea' id='block_1_31' title="bbox 1866 1597 3447 1668">
    <p class='ocr_par' dir='ltr' id='par_1_31' title="bbox 1866 1597 3447 1668">
     <span class='ocr_line' id='line_1_31' title="bbox 1866 1597 3447 1668; baseline 0.003 -16"><span class='ocrx_word' id='word_1_202' title='bbox 1866 1610 2083 1652; x_wconf 88' lang='lat' dir='ltr'><strong>servare</strong></span> <span class='ocrx_word' id='word_1_203' title='bbox 2111 1615 2123 1650; x_wconf 91' lang='lat'>:</span> <span class='ocrx_word' id='word_1_204' title='bbox 2151 1607 2207 1653; x_wconf 90' lang='lat' dir='ltr'><strong>et</strong></span> <span class='ocrx_word' id='word_1_205' title='bbox 2253 1597 2323 1652; x_wconf 91' lang='lat' dir='ltr'><strong>ob</strong></span> <span class='ocrx_word' id='word_1_206' title='bbox 2370 1598 2472 1653; x_wconf 92' lang='lat' dir='ltr'><strong>hoc</strong></span> <span class='ocrx_word' id='word_1_207' title='bbox 2513 1599 2714 1668; x_wconf 86' lang='lat' dir='ltr'><strong>pascha</strong></span> <span class='ocrx_word' id='word_1_208' title='bbox 2757 1614 2788 1652; x_wconf 91' lang='lat' dir='ltr'><strong>a</strong></span> <span class='ocrx_word' id='word_1_209' title='bbox 2829 1600 3016 1668; x_wconf 91' lang='lat' dir='ltr'><strong>quinta</strong></span> <span class='ocrx_word' id='word_1_210' title='bbox 3061 1599 3269 1656; x_wconf 89' lang='lat' dir='ltr'><strong>decima</strong></span> <span class='ocrx_word' id='word_1_211' title='bbox 3319 1601 3447 1657; x_wconf 89' lang='lat' dir='ltr'><strong>luna</strong></span> 
     </span>
    </p>
   </div>
   <div class='ocr_carea' id='block_1_32' title="bbox 1866 1687 3450 1758">
    <p class='ocr_par' dir='ltr' id='par_1_32' title="bbox 1866 1687 3450 1758">
     <span class='ocr_line' id='line_1_32' title="bbox 1866 1687 3450 1758; baseline 0.005 -17"><span class='ocrx_word' id='word_1_212' title='bbox 1866 1703 2038 1758; x_wconf 91' lang='lat' dir='ltr'><strong>usque</strong></span> <span class='ocrx_word' id='word_1_213' title='bbox 2098 1688 2152 1742; x_wconf 89' lang='lat' dir='ltr'><strong>in</strong></span> <span class='ocrx_word' id='word_1_214' title='bbox 2184 1687 2493 1743; x_wconf 79' lang='lat' dir='ltr'><strong>vicesimam</strong></span> <span class='ocrx_word' id='word_1_215' title='bbox 2523 1689 2754 1758; x_wconf 88' lang='lat' dir='ltr'><strong>primam</strong></span> <span class='ocrx_word' id='word_1_216' title='bbox 2798 1691 3189 1757; x_wconf 83' lang='lat' dir='ltr'><strong>extenderunt,</strong></span> <span class='ocrx_word' id='word_1_217' title='bbox 3230 1699 3292 1746; x_wconf 87' lang='lat' dir='ltr'><strong>ut</strong></span> <span class='ocrx_word' id='word_1_218' title='bbox 3335 1693 3450 1749; x_wconf 85' lang='lat' dir='ltr'><strong>dies</strong></span> 
     </span>
    </p>
   </div>
   <div class='ocr_carea' id='block_1_33' title="bbox 188 1777 3450 1854">
    <p class='ocr_par' dir='ltr' id='par_1_33' title="bbox 188 1777 3450 1854">
     <span class='ocr_line' id='line_1_33' title="bbox 188 1777 3450 1854; baseline -0.001 -16"><span class='ocrx_word' id='word_1_219' title='bbox 188 1784 334 1838; x_wconf 87' lang='lat' dir='ltr'><strong>dosio</strong></span> <span class='ocrx_word' id='word_1_220' title='bbox 358 1782 609 1854; x_wconf 80' lang='lat' dir='ltr'><strong>Augusto</strong></span> <span class='ocrx_word' id='word_1_221' title='bbox 634 1781 799 1846; x_wconf 88' lang='lat' dir='ltr'><strong>edita,</strong></span> <span class='ocrx_word' id='word_1_222' title='bbox 831 1796 951 1851; x_wconf 72' lang='lat' dir='ltr'><strong>qute</strong></span> <span class='ocrx_word' id='word_1_223' title='bbox 992 1778 1295 1835; x_wconf 86' lang='lat' dir='ltr'><strong>Nestorium</strong></span> <span class='ocrx_word' id='word_1_224' title='bbox 1340 1779 1476 1835; x_wconf 90' lang='lat' dir='ltr'><strong>duas</strong></span> <span class='ocrx_word' id='word_1_225' title='bbox 1507 1795 1768 1850; x_wconf 85' lang='lat' dir='ltr'><strong>personas</strong></span> <span class='ocrx_word' id='word_1_226' title='bbox 1798 1781 1843 1840; x_wconf 88' lang='lat' dir='ltr'><strong>B</strong></span> <span class='ocrx_word' id='word_1_227' title='bbox 1873 1777 2182 1832; x_wconf 91' lang='lat' dir='ltr'><strong>Dominicus</strong></span> <span class='ocrx_word' id='word_1_228' title='bbox 2209 1793 2311 1831; x_wconf 91' lang='lat' dir='ltr'><strong>non</strong></span> <span class='ocrx_word' id='word_1_229' title='bbox 2343 1777 2700 1833; x_wconf 89' lang='lat' dir='ltr'><strong>omitteretur.</strong></span> <span class='ocrx_word' id='word_1_230' title='bbox 2744 1778 2951 1834; x_wconf 86' lang='lat' dir='ltr'><strong>Pascha</strong></span> <span class='ocrx_word' id='word_1_231' title='bbox 2993 1788 3172 1836; x_wconf 92' lang='lat' dir='ltr'><strong>autem</strong></span> <span class='ocrx_word' id='word_1_232' title='bbox 3215 1782 3450 1836; x_wconf 87' lang='lat' dir='ltr'><strong>vocabu-</strong></span> 
     </span>
    </p>
   </div>
   <div class='ocr_carea' id='block_1_34' title="bbox 188 1870 1759 1942">
    <p class='ocr_par' dir='ltr' id='par_1_34' title="bbox 188 1870 1759 1942">
     <span class='ocr_line' id='line_1_34' title="bbox 188 1870 1759 1942; baseline -0.004 -13"><span class='ocrx_word' id='word_1_233' title='bbox 188 1876 235 1929; x_wconf 88' lang='lat' dir='ltr'><strong>in</strong></span> <span class='ocrx_word' id='word_1_234' title='bbox 263 1874 487 1929; x_wconf 89' lang='lat' dir='ltr'><strong>Christo</strong></span> <span class='ocrx_word' id='word_1_235' title='bbox 517 1881 872 1936; x_wconf 87' lang='lat' dir='ltr'><strong>asserentem,</strong></span> <span class='ocrx_word' id='word_1_236' title='bbox 892 1871 1039 1942; x_wconf 85' lang='lat' dir='ltr'><strong>justo</strong></span> <span class='ocrx_word' id='word_1_237' title='bbox 1067 1870 1408 1925; x_wconf 88' lang='lat' dir='ltr'><strong>anathemate</strong></span> <span class='ocrx_word' id='word_1_238' title='bbox 1432 1870 1759 1924; x_wconf 90' lang='lat' dir='ltr'><strong>condemna-</strong></span> 
     </span>
    </p>
   </div>
   <div class='ocr_carea' id='block_1_35' title="bbox 186 1960 1760 2027">
    <p class='ocr_par' dir='ltr' id='par_1_35' title="bbox 186 1960 1760 2027">
     <span class='ocr_line' id='line_1_35' title="bbox 186 1960 1760 2027; baseline -0.001 -11"><span class='ocrx_word' id='word_1_239' title='bbox 186 1965 275 2027; x_wconf 80' lang='lat' dir='ltr'><strong>vit,</strong></span> <span class='ocrx_word' id='word_1_240' title='bbox 306 1963 607 2018; x_wconf 82' lang='lat' dir='ltr'><strong>ostendens</strong></span> <span class='ocrx_word' id='word_1_241' title='bbox 649 1976 870 2017; x_wconf 88' lang='lat' dir='ltr'><strong>manere</strong></span> <span class='ocrx_word' id='word_1_242' title='bbox 898 1963 951 2016; x_wconf 91' lang='lat' dir='ltr'><strong>in</strong></span> <span class='ocrx_word' id='word_1_243' title='bbox 983 1962 1190 2016; x_wconf 89' lang='lat' dir='ltr'><strong>duabus</strong></span> <span class='ocrx_word' id='word_1_244' title='bbox 1218 1961 1425 2015; x_wconf 91' lang='lat' dir='ltr'><strong>naturis</strong></span> <span class='ocrx_word' id='word_1_245' title='bbox 1451 1975 1610 2014; x_wconf 89' lang='lat' dir='ltr'><strong>unam</strong></span> <span class='ocrx_word' id='word_1_246' title='bbox 1652 1960 1760 2016; x_wconf 87' lang='lat' dir='ltr'><strong>Do-</strong></span> 
     </span>
    </p>
   </div>
   <div class='ocr_carea' id='block_1_36' title="bbox 188 2050 1759 2124">
    <p class='ocr_par' dir='ltr' id='par_1_36' title="bbox 188 2050 1759 2124">
     <span class='ocr_line' id='line_1_36' title="bbox 188 2050 1759 2124; baseline -0.002 -16"><span class='ocrx_word' id='word_1_247' title='bbox 188 2055 309 2109; x_wconf 85' lang='lat' dir='ltr'><strong>mini</strong></span> <span class='ocrx_word' id='word_1_248' title='bbox 336 2052 471 2109; x_wconf 77' lang='lat' dir='ltr'><strong>Jesu</strong></span> <span class='ocrx_word' id='word_1_249' title='bbox 493 2052 693 2109; x_wconf 87' lang='lat' dir='ltr'><strong>Christi</strong></span> <span class='ocrx_word' id='word_1_250' title='bbox 721 2068 1028 2124; x_wconf 88' lang='lat' dir='ltr'><strong>personam.</strong></span> <span class='ocrx_word' id='word_1_251' title='bbox 1054 2051 1255 2120; x_wconf 86' lang='lat' dir='ltr'><strong>Quarta</strong></span> <span class='ocrx_word' id='word_1_252' title='bbox 1283 2051 1518 2123; x_wconf 87' lang='lat' dir='ltr'><strong>synodus</strong></span> <span class='ocrx_word' id='word_1_253' title='bbox 1539 2050 1759 2106; x_wconf 63' lang='lat' dir='ltr'><strong>Chalceo</strong></span> 
     </span>
    </p>
   </div>
   <div class='ocr_carea' id='block_1_37' title="bbox 187 2140 1763 2212">
    <p class='ocr_par' dir='ltr' id='par_1_37' title="bbox 187 2140 1763 2212">
     <span class='ocr_line' id='line_1_37' title="bbox 187 2140 1763 2212; baseline -0.002 -14"><span class='ocrx_word' id='word_1_254' title='bbox 187 2143 443 2199; x_wconf 85' lang='lat' dir='ltr'><strong>donensis</strong></span> <span class='ocrx_word' id='word_1_255' title='bbox 489 2156 659 2198; x_wconf 73' lang='lat' dir='ltr'><strong>nens</strong></span> <span class='ocrx_word' id='word_1_256' title='bbox 709 2142 1046 2198; x_wconf 83' lang='lat' dir='ltr'><strong>sacerdotum</strong></span> <span class='ocrx_word' id='word_1_257' title='bbox 1092 2141 1192 2197; x_wconf 91' lang='lat' dir='ltr'><strong>sub</strong></span> <span class='ocrx_word' id='word_1_258' title='bbox 1217 2140 1487 2195; x_wconf 87' lang='lat' dir='ltr'><strong>Marciano</strong></span> <span class='ocrx_word' id='word_1_259' title='bbox 1518 2142 1763 2212; x_wconf 85' lang='lat' dir='ltr'><strong>principe</strong></span> 
     </span>
    </p>
   </div>
   <div class='ocr_carea' id='block_1_38' title="bbox 188 2234 1762 2306">
    <p class='ocr_par' dir='ltr' id='par_1_38' title="bbox 188 2234 1762 2306">
     <span class='ocr_line' id='line_1_38' title="bbox 188 2234 1762 2306; baseline -0.001 -16"><span class='ocrx_word' id='word_1_260' title='bbox 188 2235 363 2290; x_wconf 78' lang='lat' dir='ltr'><strong>habita</strong></span> <span class='ocrx_word' id='word_1_261' title='bbox 394 2243 500 2300; x_wconf 88' lang='lat' dir='ltr'><strong>est,</strong></span> <span class='ocrx_word' id='word_1_262' title='bbox 545 2234 601 2289; x_wconf 87' lang='lat' dir='ltr'><strong>in</strong></span> <span class='ocrx_word' id='word_1_263' title='bbox 645 2250 750 2305; x_wconf 90' lang='lat' dir='ltr'><strong>qua</strong></span> <span class='ocrx_word' id='word_1_264' title='bbox 788 2234 1066 2306; x_wconf 83' lang='lat' dir='ltr'><strong>Eutychen</strong></span> <span class='ocrx_word' id='word_1_265' title='bbox 1110 2234 1762 2305; x_wconf 83' lang='lat' dir='ltr'><strong>Constantinopolitanum</strong></span> 
     </span>
    </p>
   </div>
   <div class='ocr_carea' id='block_1_39' title="bbox 188 2326 1761 2397">
    <p class='ocr_par' dir='ltr' id='par_1_39' title="bbox 188 2326 1761 2397">
     <span class='ocr_line' id='line_1_39' title="bbox 188 2326 1761 2397; baseline 0.001 -17"><span class='ocrx_word' id='word_1_266' title='bbox 188 2328 460 2390; x_wconf 85' lang='lat' dir='ltr'><strong>abbatem,</strong></span> <span class='ocrx_word' id='word_1_267' title='bbox 492 2326 655 2381; x_wconf 90' lang='lat' dir='ltr'><strong>Verbi</strong></span> <span class='ocrx_word' id='word_1_268' title='bbox 686 2326 779 2381; x_wconf 89' lang='lat' dir='ltr'><strong>Dei</strong></span> <span class='ocrx_word' id='word_1_269' title='bbox 832 2335 887 2381; x_wconf 89' lang='lat' dir='ltr'><strong>et</strong></span> <span class='ocrx_word' id='word_1_270' title='bbox 915 2327 1093 2381; x_wconf 91' lang='lat' dir='ltr'><strong>carnis</strong></span> <span class='ocrx_word' id='word_1_271' title='bbox 1123 2342 1284 2380; x_wconf 88' lang='lat' dir='ltr'><strong>unam</strong></span> <span class='ocrx_word' id='word_1_272' title='bbox 1338 2335 1586 2380; x_wconf 86' lang='lat' dir='ltr'><strong>naturam</strong></span> <span class='ocrx_word' id='word_1_273' title='bbox 1633 2343 1761 2397; x_wconf 90' lang='lat' dir='ltr'><strong>pro-</strong></span> 
     </span>
    </p>
   </div>
   <div class='ocr_carea' id='block_1_40' title="bbox 188 2415 1762 2486">
    <p class='ocr_par' dir='ltr' id='par_1_40' title="bbox 188 2415 1762 2486">
     <span class='ocr_line' id='line_1_40' title="bbox 188 2415 1762 2486; baseline -0.001 -16"><span class='ocrx_word' id='word_1_274' title='bbox 188 2417 545 2481; x_wconf 76' lang='lat' dir='ltr'><strong>nuntiantem,</strong></span> <span class='ocrx_word' id='word_1_275' title='bbox 586 2424 643 2471; x_wconf 93' lang='lat' dir='ltr'><strong>et</strong></span> <span class='ocrx_word' id='word_1_276' title='bbox 690 2415 805 2485; x_wconf 88' lang='lat' dir='ltr'><strong>ejus</strong></span> <span class='ocrx_word' id='word_1_277' title='bbox 832 2416 1166 2472; x_wconf 82' lang='lat' dir='ltr'><strong>defensorem</strong></span> <span class='ocrx_word' id='word_1_278' title='bbox 1213 2417 1544 2479; x_wconf 87' lang='lat' dir='ltr'><strong>Dioscorum,</strong></span> <span class='ocrx_word' id='word_1_279' title='bbox 1592 2432 1762 2486; x_wconf 78' lang='lat' dir='ltr'><strong>quon-</strong></span> 
     </span>
    </p>
   </div>
   <div class='ocr_carea' id='block_1_41' title="bbox 188 2507 1764 2578">
    <p class='ocr_par' dir='ltr' id='par_1_41' title="bbox 188 2507 1764 2578">
     <span class='ocr_line' id='line_1_41' title="bbox 188 2507 1764 2578; baseline 0.002 -18"><span class='ocrx_word' id='word_1_280' title='bbox 188 2510 303 2561; x_wconf 83' lang='lat' dir='ltr'><strong>dam</strong></span> <span class='ocrx_word' id='word_1_281' title='bbox 330 2507 761 2562; x_wconf 72' lang='lat' dir='ltr'><strong>Alexandrinum</strong></span> <span class='ocrx_word' id='word_1_282' title='bbox 787 2508 1130 2577; x_wconf 88' lang='lat' dir='ltr'><strong>Episcopum,</strong></span> <span class='ocrx_word' id='word_1_283' title='bbox 1161 2516 1215 2562; x_wconf 92' lang='lat' dir='ltr'><strong>et</strong></span> <span class='ocrx_word' id='word_1_284' title='bbox 1245 2507 1416 2578; x_wconf 91' lang='lat' dir='ltr'><strong>ipsum</strong></span> <span class='ocrx_word' id='word_1_285' title='bbox 1444 2524 1631 2563; x_wconf 89' lang='lat' dir='ltr'><strong>rursus</strong></span> <span class='ocrx_word' id='word_1_286' title='bbox 1660 2507 1764 2563; x_wconf 86' lang='lat' dir='ltr'><strong>Ne-</strong></span> 
     </span>
    </p>
   </div>
   <div class='ocr_carea' id='block_1_42' title="bbox 186 2597 1763 2670">
    <p class='ocr_par' dir='ltr' id='par_1_42' title="bbox 186 2597 1763 2670">
     <span class='ocr_line' id='line_1_42' title="bbox 186 2597 1763 2670; baseline 0.002 -19"><span class='ocrx_word' id='word_1_287' title='bbox 186 2598 410 2652; x_wconf 87' lang='lat' dir='ltr'><strong>storium</strong></span> <span class='ocrx_word' id='word_1_288' title='bbox 441 2613 567 2653; x_wconf 90' lang='lat' dir='ltr'><strong>cum</strong></span> <span class='ocrx_word' id='word_1_289' title='bbox 596 2597 819 2668; x_wconf 87' lang='lat' dir='ltr'><strong>reliquis</strong></span> <span class='ocrx_word' id='word_1_290' title='bbox 848 2599 1116 2654; x_wconf 81' lang='lat' dir='ltr'><strong>haereticis</strong></span> <span class='ocrx_word' id='word_1_291' title='bbox 1144 2613 1250 2653; x_wconf 91' lang='lat' dir='ltr'><strong>una</strong></span> <span class='ocrx_word' id='word_1_292' title='bbox 1285 2607 1498 2670; x_wconf 85' lang='lat' dir='ltr'><strong>patrum</strong></span> <span class='ocrx_word' id='word_1_293' title='bbox 1548 2610 1763 2655; x_wconf 89' lang='lat' dir='ltr'><strong>sentcn-</strong></span> 
     </span>
    </p>
   </div>
   <div class='ocr_carea' id='block_1_43' title="bbox 186 2688 1762 2761">
    <p class='ocr_par' dir='ltr' id='par_1_43' title="bbox 186 2688 1762 2761">
     <span class='ocr_line' id='line_1_43' title="bbox 186 2688 1762 2761; baseline 0.003 -20"><span class='ocrx_word' id='word_1_294' title='bbox 186 2689 258 2741; x_wconf 88' lang='lat' dir='ltr'><strong>tia</strong></span> <span class='ocrx_word' id='word_1_295' title='bbox 285 2688 677 2759; x_wconf 74' lang='lat' dir='ltr'><strong>przedamnavit</strong></span> <span class='ocrx_word' id='word_1_296' title='bbox 707 2706 721 2743; x_wconf 91' lang='lat'><strong>:</strong></span> <span class='ocrx_word' id='word_1_297' title='bbox 752 2689 1051 2759; x_wconf 65' lang='lat' dir='ltr'><strong>praedicans</strong></span> <span class='ocrx_word' id='word_1_298' title='bbox 1092 2690 1279 2745; x_wconf 90' lang='lat' dir='ltr'><strong>eadem</strong></span> <span class='ocrx_word' id='word_1_299' title='bbox 1309 2691 1544 2761; x_wconf 84' lang='lat' dir='ltr'><strong>synodus</strong></span> <span class='ocrx_word' id='word_1_300' title='bbox 1563 2731 1577 2755; x_wconf 93' lang='lat'><strong>,</strong></span> <span class='ocrx_word' id='word_1_301' title='bbox 1607 2690 1762 2745; x_wconf 91' lang='lat' dir='ltr'><strong>Chri-</strong></span> 
     </span>
    </p>
   </div>
   <div class='ocr_carea' id='block_1_44' title="bbox 186 2779 1763 2852">
    <p class='ocr_par' dir='ltr' id='par_1_44' title="bbox 186 2779 1763 2852">
     <span class='ocr_line' id='line_1_44' title="bbox 186 2779 1763 2852; baseline 0.001 -18"><span class='ocrx_word' id='word_1_302' title='bbox 186 2791 324 2834; x_wconf 82' lang='lat' dir='ltr'><strong>stum</strong></span> <span class='ocrx_word' id='word_1_303' title='bbox 356 2779 527 2835; x_wconf 84' lang='lat' dir='ltr'><strong>Deum</strong></span> <span class='ocrx_word' id='word_1_304' title='bbox 547 2779 629 2835; x_wconf 90' lang='lat' dir='ltr'><strong>sic</strong></span> <span class='ocrx_word' id='word_1_305' title='bbox 656 2787 842 2834; x_wconf 91' lang='lat' dir='ltr'><strong>natum</strong></span> <span class='ocrx_word' id='word_1_306' title='bbox 869 2781 933 2835; x_wconf 90' lang='lat' dir='ltr'><strong>de</strong></span> <span class='ocrx_word' id='word_1_307' title='bbox 963 2779 1200 2852; x_wconf 80' lang='lat' dir='ltr'><strong>Virgine,</strong></span> <span class='ocrx_word' id='word_1_308' title='bbox 1231 2790 1291 2836; x_wconf 94' lang='lat' dir='ltr'><strong>ut</strong></span> <span class='ocrx_word' id='word_1_309' title='bbox 1317 2782 1374 2836; x_wconf 92' lang='lat' dir='ltr'><strong>in</strong></span> <span class='ocrx_word' id='word_1_310' title='bbox 1419 2796 1483 2837; x_wconf 90' lang='lat' dir='ltr'><strong>eo</strong></span> <span class='ocrx_word' id='word_1_311' title='bbox 1512 2783 1763 2837; x_wconf 87' lang='lat' dir='ltr'><strong>substan-</strong></span> 
     </span>
    </p>
   </div>
   <div class='ocr_carea' id='block_1_45' title="bbox 186 2871 1762 2928">
    <p class='ocr_par' dir='ltr' id='par_1_45' title="bbox 186 2871 1762 2928">
     <span class='ocr_line' id='line_1_45' title="bbox 186 2871 1762 2928; baseline 0.001 -2"><span class='ocrx_word' id='word_1_312' title='bbox 186 2872 312 2926; x_wconf 80' lang='lat' dir='ltr'><strong>tiam</strong></span> <span class='ocrx_word' id='word_1_313' title='bbox 359 2871 560 2925; x_wconf 66' lang='lat' dir='ltr'><strong>divina:</strong></span> <span class='ocrx_word' id='word_1_314' title='bbox 597 2878 652 2926; x_wconf 92' lang='lat' dir='ltr'><strong>et</strong></span> <span class='ocrx_word' id='word_1_315' title='bbox 700 2872 946 2926; x_wconf 71' lang='lat' dir='ltr'><strong>humana:</strong></span> <span class='ocrx_word' id='word_1_316' title='bbox 995 2872 1353 2928; x_wconf 88' lang='lat' dir='ltr'><strong>conﬁteamur</strong></span> <span class='ocrx_word' id='word_1_317' title='bbox 1400 2880 1624 2927; x_wconf 61' lang='lat' dir='ltr'><strong>naturai.</strong></span> <span class='ocrx_word' id='word_1_318' title='bbox 1669 2872 1762 2928; x_wconf 63' lang='lat' dir='ltr'><strong>Ila:</strong></span> 
     </span>
    </p>
   </div>
   <div class='ocr_carea' id='block_1_46' title="bbox 185 2959 1762 3032">
    <p class='ocr_par' dir='ltr' id='par_1_46' title="bbox 185 2959 1762 3032">
     <span class='ocr_line' id='line_1_46' title="bbox 185 2959 1762 3032; baseline 0.003 -20"><span class='ocrx_word' id='word_1_319' title='bbox 185 2967 309 3013; x_wconf 89' lang='lat' dir='ltr'><strong>sunt</strong></span> <span class='ocrx_word' id='word_1_320' title='bbox 335 2966 575 3029; x_wconf 88' lang='lat' dir='ltr'><strong>quatuor</strong></span> <span class='ocrx_word' id='word_1_321' title='bbox 601 2960 789 3029; x_wconf 86' lang='lat' dir='ltr'><strong>synodi</strong></span> <span class='ocrx_word' id='word_1_322' title='bbox 819 2959 1141 3030; x_wconf 90' lang='lat' dir='ltr'><strong>principales</strong></span> <span class='ocrx_word' id='word_1_323' title='bbox 1171 2961 1293 3015; x_wconf 89' lang='lat' dir='ltr'><strong>ﬁdei</strong></span> <span class='ocrx_word' id='word_1_324' title='bbox 1321 2960 1619 3016; x_wconf 89' lang='lat' dir='ltr'><strong>doctrinam</strong></span> <span class='ocrx_word' id='word_1_325' title='bbox 1648 2962 1762 3032; x_wconf 92' lang='lat' dir='ltr'><strong>ple-</strong></span> 
     </span>
    </p>
   </div>
   <div class='ocr_carea' id='block_1_47' title="bbox 184 3048 1760 3120">
    <p class='ocr_par' dir='ltr' id='par_1_47' title="bbox 184 3048 1760 3120">
     <span class='ocr_line' id='line_1_47' title="bbox 184 3048 1760 3120; baseline 0.003 -18"><span class='ocrx_word' id='word_1_326' title='bbox 184 3049 404 3103; x_wconf 84' lang='lat' dir='ltr'><strong>nissime</strong></span> <span class='ocrx_word' id='word_1_327' title='bbox 427 3048 803 3118; x_wconf 67' lang='lat' dir='ltr'><strong>prazdicantes.</strong></span> <span class='ocrx_word' id='word_1_328' title='bbox 837 3048 942 3104; x_wconf 88' lang='lat' dir='ltr'><strong>Sed</strong></span> <span class='ocrx_word' id='word_1_329' title='bbox 969 3058 1023 3105; x_wconf 90' lang='lat' dir='ltr'><strong>et</strong></span> <span class='ocrx_word' id='word_1_330' title='bbox 1050 3051 1094 3105; x_wconf 95' lang='lat' dir='ltr'><strong>si</strong></span> <span class='ocrx_word' id='word_1_331' title='bbox 1121 3065 1226 3120; x_wconf 89' lang='lat' dir='ltr'><strong>qua</strong></span> <span class='ocrx_word' id='word_1_332' title='bbox 1271 3059 1396 3106; x_wconf 78' lang='lat' dir='ltr'><strong>sunt</strong></span> <span class='ocrx_word' id='word_1_333' title='bbox 1427 3051 1533 3105; x_wconf 90' lang='lat' dir='ltr'><strong>alia</strong></span> <span class='ocrx_word' id='word_1_334' title='bbox 1581 3052 1760 3107; x_wconf 88' lang='lat' dir='ltr'><strong>conci-</strong></span> 
     </span>
    </p>
   </div>
   <div class='ocr_carea' id='block_1_48' title="bbox 1864 1865 3449 1941">
    <p class='ocr_par' dir='ltr' id='par_1_48' title="bbox 1864 1865 3449 1941">
     <span class='ocr_line' id='line_1_48' title="bbox 1864 1865 3449 1941; baseline 0.006 -23"><span class='ocrx_word' id='word_1_335' title='bbox 1864 1865 1972 1920; x_wconf 89' lang='lat' dir='ltr'><strong>lum</strong></span> <span class='ocrx_word' id='word_1_336' title='bbox 2002 1881 2108 1921; x_wconf 90' lang='lat' dir='ltr'><strong>nou</strong></span> <span class='ocrx_word' id='word_1_337' title='bbox 2138 1866 2407 1932; x_wconf 63' lang='lat' dir='ltr'><strong>Graecum,</strong></span> <span class='ocrx_word' id='word_1_338' title='bbox 2433 1867 2526 1922; x_wconf 89' lang='lat' dir='ltr'><strong>sed</strong></span> <span class='ocrx_word' id='word_1_339' title='bbox 2557 1866 2837 1924; x_wconf 81' lang='lat' dir='ltr'><strong>Hebraeum</strong></span> <span class='ocrx_word' id='word_1_340' title='bbox 2863 1878 2984 1925; x_wconf 91' lang='lat' dir='ltr'><strong>est:</strong></span> <span class='ocrx_word' id='word_1_341' title='bbox 3009 1884 3110 1926; x_wconf 90' lang='lat' dir='ltr'><strong>nec</strong></span> <span class='ocrx_word' id='word_1_342' title='bbox 3142 1886 3173 1924; x_wconf 88' lang='lat' dir='ltr'><strong>a</strong></span> <span class='ocrx_word' id='word_1_343' title='bbox 3198 1871 3449 1941; x_wconf 88' lang='lat' dir='ltr'><strong>passione</strong></span> 
     </span>
    </p>
   </div>
   <div class='ocr_carea' id='block_1_49' title="bbox 1865 1957 3448 2034">
    <p class='ocr_par' dir='ltr' id='par_1_49' title="bbox 1865 1957 3448 2034">
     <span class='ocr_line' id='line_1_49' title="bbox 1865 1957 3448 2034; baseline 0.007 -25"><span class='ocrx_word' id='word_1_344' title='bbox 1865 1957 2138 2028; x_wconf 85' lang='lat' dir='ltr'><strong>(quoniam</strong></span> <span class='ocrx_word' id='word_1_345' title='bbox 2165 1958 2430 2027; x_wconf 90' lang='lat' dir='ltr'><strong>pascimin</strong></span> <span class='ocrx_word' id='word_1_346' title='bbox 2455 1957 2727 2031; x_wconf 89' lang='lat' dir='ltr'><strong>[Paschin]</strong></span> <span class='ocrx_word' id='word_1_347' title='bbox 2752 1960 2938 2017; x_wconf 69' lang='lat' dir='ltr'><strong>Graece</strong></span> <span class='ocrx_word' id='word_1_348' title='bbox 2961 1962 3157 2017; x_wconf 90' lang='lat' dir='ltr'><strong>dicitur</strong></span> <span class='ocrx_word' id='word_1_349' title='bbox 3169 1964 3326 2034; x_wconf 91' lang='lat' dir='ltr'><strong>pati),</strong></span> <span class='ocrx_word' id='word_1_350' title='bbox 3353 1965 3448 2021; x_wconf 91' lang='lat' dir='ltr'><strong>sed</strong></span> 
     </span>
    </p>
   </div>
   <div class='ocr_carea' id='block_1_50' title="bbox 1863 2048 3448 2123">
    <p class='ocr_par' dir='ltr' id='par_1_50' title="bbox 1863 2048 3448 2123">
     <span class='ocr_line' id='line_1_50' title="bbox 1863 2048 3448 2123; baseline 0.006 -20"><span class='ocrx_word' id='word_1_351' title='bbox 1863 2064 1894 2103; x_wconf 93' lang='lat' dir='ltr'><strong>a</strong></span> <span class='ocrx_word' id='word_1_352' title='bbox 1943 2049 2174 2104; x_wconf 89' lang='lat' dir='ltr'><strong>transitu</strong></span> <span class='ocrx_word' id='word_1_353' title='bbox 2212 2048 2438 2104; x_wconf 83' lang='lat' dir='ltr'><strong>Hebraeo</strong></span> <span class='ocrx_word' id='word_1_354' title='bbox 2469 2048 2634 2104; x_wconf 89' lang='lat' dir='ltr'><strong>verbo</strong></span> <span class='ocrx_word' id='word_1_355' title='bbox 2680 2052 2882 2120; x_wconf 89' lang='lat' dir='ltr'><strong>pascha</strong></span> <span class='ocrx_word' id='word_1_356' title='bbox 2922 2054 3184 2123; x_wconf 90' lang='lat' dir='ltr'><strong>appellata</strong></span> <span class='ocrx_word' id='word_1_357' title='bbox 3229 2066 3311 2111; x_wconf 90' lang='lat' dir='ltr'><strong>est</strong></span> <span class='ocrx_word' id='word_1_358' title='bbox 3339 2076 3352 2112; x_wconf 90' lang='lat'><strong>:</strong></span> <span class='ocrx_word' id='word_1_359' title='bbox 3382 2073 3448 2113; x_wconf 87' lang='lat' dir='ltr'><strong>eo</strong></span> 
     </span>
    </p>
   </div>
   <div class='ocr_carea' id='block_1_51' title="bbox 1862 2140 3447 2213">
    <p class='ocr_par' dir='ltr' id='par_1_51' title="bbox 1862 2140 3447 2213">
     <span class='ocr_line' id='line_1_51' title="bbox 1862 2140 3447 2213; baseline 0.006 -19"><span class='ocrx_word' id='word_1_360' title='bbox 1862 2141 2005 2211; x_wconf 88' lang='lat' dir='ltr'><strong>quod</strong></span> <span class='ocrx_word' id='word_1_361' title='bbox 2032 2150 2158 2195; x_wconf 91' lang='lat' dir='ltr'><strong>tunc</strong></span> <span class='ocrx_word' id='word_1_362' title='bbox 2184 2142 2412 2211; x_wconf 91' lang='lat' dir='ltr'><strong>populus</strong></span> <span class='ocrx_word' id='word_1_363' title='bbox 2437 2140 2527 2194; x_wconf 85' lang='lat' dir='ltr'><strong>Dei</strong></span> <span class='ocrx_word' id='word_1_364' title='bbox 2552 2156 2618 2196; x_wconf 79' lang='lat' dir='ltr'><strong>ex</strong></span> <span class='ocrx_word' id='word_1_365' title='bbox 2638 2141 2871 2213; x_wconf 63' lang='lat' dir='ltr'><strong>.Egypto</strong></span> <span class='ocrx_word' id='word_1_366' title='bbox 2896 2145 3190 2199; x_wconf 89' lang='lat' dir='ltr'><strong>transierit.</strong></span> <span class='ocrx_word' id='word_1_367' title='bbox 3218 2147 3369 2203; x_wconf 88' lang='lat' dir='ltr'><strong>Unde</strong></span> <span class='ocrx_word' id='word_1_368' title='bbox 3392 2157 3447 2203; x_wconf 88' lang='lat' dir='ltr'><strong>et</strong></span> 
     </span>
    </p>
   </div>
   <div class='ocr_carea' id='block_1_52' title="bbox 1863 2230 3448 2304">
    <p class='ocr_par' dir='ltr' id='par_1_52' title="bbox 1863 2230 3448 2304">
     <span class='ocr_line' id='line_1_52' title="bbox 1863 2230 3448 2304; baseline 0.005 -18"><span class='ocrx_word' id='word_1_369' title='bbox 1863 2230 1918 2286; x_wconf 90' lang='lat' dir='ltr'><strong>in</strong></span> <span class='ocrx_word' id='word_1_370' title='bbox 1946 2231 2237 2300; x_wconf 87' lang='lat' dir='ltr'><strong>Evangelio</strong></span> <span class='ocrx_word' id='word_1_371' title='bbox 2263 2230 2444 2303; x_wconf 82' lang='lat' dir='ltr'><strong>(Joan.</strong></span> <span class='ocrx_word' id='word_1_372' title='bbox 2477 2230 2621 2303; x_wconf 81' lang='lat' dir='ltr'><strong>xm),</strong></span> <span class='ocrx_word' id='word_1_373' title='bbox 2645 2248 2757 2285; x_wconf 86' lang='lat' dir='ltr'><strong>cum</strong></span> <span class='ocrx_word' id='word_1_374' title='bbox 2786 2232 3027 2299; x_wconf 78' lang='lat' dir='ltr'><strong>vidisset,</strong></span> <span class='ocrx_word' id='word_1_375' title='bbox 3047 2235 3251 2304; x_wconf 90' lang='lat' dir='ltr'><strong>inquit,</strong></span> <span class='ocrx_word' id='word_1_376' title='bbox 3293 2238 3448 2294; x_wconf 72' lang='lat' dir='ltr'><strong>Iesus</strong></span> 
     </span>
    </p>
   </div>
   <div class='ocr_carea' id='block_1_53' title="bbox 1861 2324 3445 2396">
    <p class='ocr_par' dir='ltr' id='par_1_53' title="bbox 1861 2324 3445 2396">
     <span class='ocr_line' id='line_1_53' title="bbox 1861 2324 3445 2396; baseline 0.006 -19"><span class='ocrx_word' id='word_1_377' title='bbox 1861 2325 1985 2396; x_wconf 83' lang='lat' dir='ltr'><strong>quia</strong></span> <span class='ocrx_word' id='word_1_378' title='bbox 2008 2326 2140 2378; x_wconf 76' lang='lat' dir='ltr'><strong>venit</strong></span> <span class='ocrx_word' id='word_1_379' title='bbox 2167 2324 2300 2378; x_wconf 88' lang='lat' dir='ltr'><strong>hora</strong></span> <span class='ocrx_word' id='word_1_380' title='bbox 2323 2324 2459 2394; x_wconf 85' lang='lat' dir='ltr'><strong>ejus,</strong></span> <span class='ocrx_word' id='word_1_381' title='bbox 2481 2334 2537 2377; x_wconf 90' lang='lat' dir='ltr'><strong>ut</strong></span> <span class='ocrx_word' id='word_1_382' title='bbox 2561 2325 2803 2380; x_wconf 83' lang='lat' dir='ltr'><strong>transiret</strong></span> <span class='ocrx_word' id='word_1_383' title='bbox 2825 2326 2888 2381; x_wconf 86' lang='lat' dir='ltr'><strong>de</strong></span> <span class='ocrx_word' id='word_1_384' title='bbox 2908 2328 3102 2383; x_wconf 83' lang='lat' dir='ltr'><strong>mundo</strong></span> <span class='ocrx_word' id='word_1_385' title='bbox 3129 2330 3197 2383; x_wconf 86' lang='lat' dir='ltr'><strong>ad</strong></span> <span class='ocrx_word' id='word_1_386' title='bbox 3215 2326 3445 2386; x_wconf 73' lang='lat' dir='ltr'><strong>Patrem.</strong></span> 
     </span>
    </p>
   </div>
   <div class='ocr_carea' id='block_1_54' title="bbox 1862 2414 3443 2489">
    <p class='ocr_par' dir='ltr' id='par_1_54' title="bbox 1862 2414 3443 2489">
     <span class='ocr_line' id='line_1_54' title="bbox 1862 2414 3443 2489; baseline 0.004 -18"><span class='ocrx_word' id='word_1_387' title='bbox 1862 2414 2026 2483; x_wconf 83' lang='lat' dir='ltr'><strong>Cujus</strong></span> <span class='ocrx_word' id='word_1_388' title='bbox 2054 2431 2160 2470; x_wconf 83' lang='lat' dir='ltr'><strong>nox</strong></span> <span class='ocrx_word' id='word_1_389' title='bbox 2192 2415 2312 2470; x_wconf 78' lang='lat' dir='ltr'><strong>ideo</strong></span> <span class='ocrx_word' id='word_1_390' title='bbox 2351 2415 2575 2486; x_wconf 76' lang='lat' dir='ltr'><strong>pervigil</strong></span> <span class='ocrx_word' id='word_1_391' title='bbox 2612 2416 2860 2483; x_wconf 86' lang='lat' dir='ltr'><strong>ducitur,</strong></span> <span class='ocrx_word' id='word_1_392' title='bbox 2898 2430 3119 2489; x_wconf 91' lang='lat' dir='ltr'><strong>propter</strong></span> <span class='ocrx_word' id='word_1_393' title='bbox 3155 2420 3443 2478; x_wconf 83' lang='lat' dir='ltr'><strong>adventum</strong></span> 
     </span>
    </p>
   </div>
   <div class='ocr_carea' id='block_1_55' title="bbox 1862 2505 3448 2581">
    <p class='ocr_par' dir='ltr' id='par_1_55' title="bbox 1862 2505 3448 2581">
     <span class='ocr_line' id='line_1_55' title="bbox 1862 2505 3448 2581; baseline 0.005 -22"><span class='ocrx_word' id='word_1_394' title='bbox 1862 2506 2005 2576; x_wconf 81' lang='lat' dir='ltr'><strong>regis</strong></span> <span class='ocrx_word' id='word_1_395' title='bbox 2045 2521 2109 2561; x_wconf 92' lang='lat' dir='ltr'><strong>ac</strong></span> <span class='ocrx_word' id='word_1_396' title='bbox 2151 2505 2247 2559; x_wconf 86' lang='lat' dir='ltr'><strong>Dei</strong></span> <span class='ocrx_word' id='word_1_397' title='bbox 2283 2505 2452 2560; x_wconf 90' lang='lat' dir='ltr'><strong>nostri</strong></span> <span class='ocrx_word' id='word_1_398' title='bbox 2478 2523 2492 2559; x_wconf 92' lang='lat'>:</span> <span class='ocrx_word' id='word_1_399' title='bbox 2516 2514 2577 2560; x_wconf 90' lang='lat' dir='ltr'><strong>ut</strong></span> <span class='ocrx_word' id='word_1_400' title='bbox 2621 2515 2831 2578; x_wconf 87' lang='lat' dir='ltr'><strong>tempus</strong></span> <span class='ocrx_word' id='word_1_401' title='bbox 2875 2510 3290 2566; x_wconf 87' lang='lat' dir='ltr'><strong>resurrectionis</strong></span> <span class='ocrx_word' id='word_1_402' title='bbox 3331 2512 3448 2581; x_wconf 89' lang='lat' dir='ltr'><strong>ejus</strong></span> 
     </span>
    </p>
   </div>
   <div class='ocr_carea' id='block_1_56' title="bbox 1862 2593 3448 2670">
    <p class='ocr_par' dir='ltr' id='par_1_56' title="bbox 1862 2593 3448 2670">
     <span class='ocr_line' id='line_1_56' title="bbox 1862 2593 3448 2670; baseline 0.004 -21"><span class='ocrx_word' id='word_1_403' title='bbox 1862 2610 1968 2649; x_wconf 92' lang='lat' dir='ltr'><strong>non</strong></span> <span class='ocrx_word' id='word_1_404' title='bbox 2008 2609 2107 2649; x_wconf 91' lang='lat' dir='ltr'><strong>nos</strong></span> <span class='ocrx_word' id='word_1_405' title='bbox 2135 2593 2486 2661; x_wconf 89' lang='lat' dir='ltr'><strong>dormientes,</strong></span> <span class='ocrx_word' id='word_1_406' title='bbox 2518 2595 2614 2650; x_wconf 89' lang='lat' dir='ltr'><strong>sed</strong></span> <span class='ocrx_word' id='word_1_407' title='bbox 2655 2595 2945 2666; x_wconf 86' lang='lat' dir='ltr'><strong>vigilantes</strong></span> <span class='ocrx_word' id='word_1_408' title='bbox 2990 2597 3248 2653; x_wconf 87' lang='lat' dir='ltr'><strong>inveniat.</strong></span> <span class='ocrx_word' id='word_1_409' title='bbox 3281 2598 3448 2670; x_wconf 80' lang='lat' dir='ltr'><strong>Cujus</strong></span> 
     </span>
    </p>
   </div>
   <div class='ocr_carea' id='block_1_57' title="bbox 1862 2686 3446 2758">
    <p class='ocr_par' dir='ltr' id='par_1_57' title="bbox 1862 2686 3446 2758">
     <span class='ocr_line' id='line_1_57' title="bbox 1862 2686 3446 2758; baseline 0.002 -16"><span class='ocrx_word' id='word_1_410' title='bbox 1862 2687 2036 2742; x_wconf 86' lang='lat' dir='ltr'><strong>noctis</strong></span> <span class='ocrx_word' id='word_1_411' title='bbox 2069 2686 2264 2757; x_wconf 81' lang='lat' dir='ltr'><strong>duplex</strong></span> <span class='ocrx_word' id='word_1_412' title='bbox 2289 2686 2427 2741; x_wconf 88' lang='lat' dir='ltr'><strong>ratio</strong></span> <span class='ocrx_word' id='word_1_413' title='bbox 2450 2695 2534 2742; x_wconf 91' lang='lat' dir='ltr'><strong>est</strong></span> <span class='ocrx_word' id='word_1_414' title='bbox 2558 2704 2574 2734; x_wconf 69' lang='grc' dir='ltr'>τ</span> <span class='ocrx_word' id='word_1_415' title='bbox 2603 2688 2716 2743; x_wconf 91' lang='lat' dir='ltr'><strong>sive</strong></span> <span class='ocrx_word' id='word_1_416' title='bbox 2742 2689 2885 2758; x_wconf 83' lang='lat' dir='ltr'><strong>quod</strong></span> <span class='ocrx_word' id='word_1_417' title='bbox 2914 2689 2968 2744; x_wconf 92' lang='lat' dir='ltr'><strong>in</strong></span> <span class='ocrx_word' id='word_1_418' title='bbox 2994 2690 3181 2744; x_wconf 88' lang='lat' dir='ltr'><strong>eadem</strong></span> <span class='ocrx_word' id='word_1_419' title='bbox 3208 2698 3335 2745; x_wconf 92' lang='lat' dir='ltr'><strong>tunc</strong></span> <span class='ocrx_word' id='word_1_420' title='bbox 3364 2692 3446 2745; x_wconf 87' lang='lat' dir='ltr'><strong>vi-</strong></span> 
     </span>
    </p>
   </div>
   <div class='ocr_carea' id='block_1_58' title="bbox 1863 2779 3443 2851">
    <p class='ocr_par' dir='ltr' id='par_1_58' title="bbox 1863 2779 3443 2851">
     <span class='ocr_line' id='line_1_58' title="bbox 1863 2779 3443 2851; baseline 0.003 -18"><span class='ocrx_word' id='word_1_421' title='bbox 1863 2788 1972 2833; x_wconf 88' lang='lat' dir='ltr'><strong>tam</strong></span> <span class='ocrx_word' id='word_1_422' title='bbox 1996 2779 2217 2848; x_wconf 88' lang='lat' dir='ltr'><strong>recepit,</strong></span> <span class='ocrx_word' id='word_1_423' title='bbox 2245 2792 2367 2833; x_wconf 91' lang='lat' dir='ltr'><strong>cum</strong></span> <span class='ocrx_word' id='word_1_424' title='bbox 2397 2793 2590 2848; x_wconf 87' lang='lat' dir='ltr'><strong>passus</strong></span> <span class='ocrx_word' id='word_1_425' title='bbox 2612 2787 2695 2834; x_wconf 90' lang='lat' dir='ltr'><strong>est</strong></span> <span class='ocrx_word' id='word_1_426' title='bbox 2720 2796 2732 2832; x_wconf 89' lang='lat'>:</span> <span class='ocrx_word' id='word_1_427' title='bbox 2763 2780 2876 2834; x_wconf 89' lang='lat' dir='ltr'><strong>sive</strong></span> <span class='ocrx_word' id='word_1_428' title='bbox 2905 2780 3046 2851; x_wconf 89' lang='lat' dir='ltr'><strong>quod</strong></span> <span class='ocrx_word' id='word_1_429' title='bbox 3075 2791 3259 2851; x_wconf 83' lang='lat' dir='ltr'><strong>postea</strong></span> <span class='ocrx_word' id='word_1_430' title='bbox 3288 2784 3443 2848; x_wconf 90' lang='lat' dir='ltr'><strong>hora,</strong></span> 
     </span>
    </p>
   </div>
   <div class='ocr_carea' id='block_1_59' title="bbox 1860 2866 3446 2939">
    <p class='ocr_par' dir='ltr' id='par_1_59' title="bbox 1860 2866 3446 2939">
     <span class='ocr_line' id='line_1_59' title="bbox 1860 2866 3446 2939; baseline 0.003 -18"><span class='ocrx_word' id='word_1_431' title='bbox 1860 2884 1968 2939; x_wconf 90' lang='lat' dir='ltr'><strong>qua</strong></span> <span class='ocrx_word' id='word_1_432' title='bbox 2001 2869 2317 2931; x_wconf 83' lang='lat' dir='ltr'><strong>resurrexit,</strong></span> <span class='ocrx_word' id='word_1_433' title='bbox 2355 2868 2421 2922; x_wconf 92' lang='lat' dir='ltr'><strong>ad</strong></span> <span class='ocrx_word' id='word_1_434' title='bbox 2445 2866 2797 2937; x_wconf 90' lang='lat' dir='ltr'><strong>judicandum</strong></span> <span class='ocrx_word' id='word_1_435' title='bbox 2817 2878 3076 2924; x_wconf 87' lang='lat' dir='ltr'><strong>venturus</strong></span> <span class='ocrx_word' id='word_1_436' title='bbox 3098 2879 3200 2925; x_wconf 89' lang='lat' dir='ltr'><strong>est.</strong></span> <span class='ocrx_word' id='word_1_437' title='bbox 3226 2871 3301 2926; x_wconf 87' lang='lat' dir='ltr'><strong>Eo</strong></span> <span class='ocrx_word' id='word_1_438' title='bbox 3350 2890 3446 2926; x_wconf 87' lang='lat' dir='ltr'><strong>au-</strong></span> 
     </span>
    </p>
   </div>
   <div class='ocr_carea' id='block_1_60' title="bbox 1862 2957 3442 3028">
    <p class='ocr_par' dir='ltr' id='par_1_60' title="bbox 1862 2957 3442 3028">
     <span class='ocr_line' id='line_1_60' title="bbox 1862 2957 3442 3028; baseline 0.002 -15"><span class='ocrx_word' id='word_1_439' title='bbox 1862 2968 1969 3013; x_wconf 91' lang='lat' dir='ltr'><strong>tem</strong></span> <span class='ocrx_word' id='word_1_440' title='bbox 2002 2957 2160 3013; x_wconf 88' lang='lat' dir='ltr'><strong>modo</strong></span> <span class='ocrx_word' id='word_1_441' title='bbox 2187 2958 2395 3028; x_wconf 79' lang='lat' dir='ltr'><strong>agimus</strong></span> <span class='ocrx_word' id='word_1_442' title='bbox 2418 2958 2639 3027; x_wconf 85' lang='lat' dir='ltr'><strong>pascha,</strong></span> <span class='ocrx_word' id='word_1_443' title='bbox 2670 2966 2730 3012; x_wconf 92' lang='lat' dir='ltr'><strong>ut</strong></span> <span class='ocrx_word' id='word_1_444' title='bbox 2757 2973 2863 3012; x_wconf 92' lang='lat' dir='ltr'><strong>non</strong></span> <span class='ocrx_word' id='word_1_445' title='bbox 2906 2958 3078 3014; x_wconf 91' lang='lat' dir='ltr'><strong>solum</strong></span> <span class='ocrx_word' id='word_1_446' title='bbox 3115 2969 3343 3014; x_wconf 82' lang='lat' dir='ltr'><strong>mortem</strong></span> <span class='ocrx_word' id='word_1_447' title='bbox 3387 2971 3442 3016; x_wconf 77' lang='lat' dir='ltr'><strong>et</strong></span> 
     </span>
    </p>
   </div>
   <div class='ocr_carea' id='block_1_61' title="bbox 1861 3046 3443 3112">
    <p class='ocr_par' dir='ltr' id='par_1_61' title="bbox 1861 3046 3443 3112">
     <span class='ocr_line' id='line_1_61' title="bbox 1861 3046 3443 3112; baseline 0.001 -9"><span class='ocrx_word' id='word_1_448' title='bbox 1861 3049 2313 3104; x_wconf 87' lang='lat' dir='ltr'><strong>resurrectionem</strong></span> <span class='ocrx_word' id='word_1_449' title='bbox 2335 3046 2535 3104; x_wconf 90' lang='lat' dir='ltr'><strong>Christi</strong></span> <span class='ocrx_word' id='word_1_450' title='bbox 2559 3048 2612 3102; x_wconf 93' lang='lat' dir='ltr'><strong>in</strong></span> <span class='ocrx_word' id='word_1_451' title='bbox 2638 3048 2949 3102; x_wconf 89' lang='lat' dir='ltr'><strong>memoriam</strong></span> <span class='ocrx_word' id='word_1_452' title='bbox 2980 3063 3322 3112; x_wconf 84' lang='lat' dir='ltr'><strong>revoccmus,</strong></span> <span class='ocrx_word' id='word_1_453' title='bbox 3350 3050 3443 3105; x_wconf 50' lang='grc' dir='ltr'><strong>δοκι</strong></span> 
     </span>
    </p>
   </div>
   <div class='ocr_carea' id='block_1_62' title="bbox 186 3125 3443 3213">
    <p class='ocr_par' dir='ltr' id='par_1_62' title="bbox 186 3125 3443 3213">
     <span class='ocr_line' id='line_1_62' title="bbox 186 3125 3443 3213; baseline 0 -23"><span class='ocrx_word' id='word_1_454' title='bbox 186 3139 273 3203; x_wconf 83' lang='lat' dir='ltr'><strong>lia,</strong></span> <span class='ocrx_word' id='word_1_455' title='bbox 304 3156 427 3210; x_wconf 67' lang='grc' dir='ltr'><strong>(ιιιεε</strong></span> <span class='ocrx_word' id='word_1_456' title='bbox 455 3141 628 3196; x_wconf 85' lang='lat' dir='ltr'><strong>sancti</strong></span> <span class='ocrx_word' id='word_1_457' title='bbox 666 3139 853 3197; x_wconf 79' lang='lat' dir='ltr'><strong>Patres</strong></span> <span class='ocrx_word' id='word_1_458' title='bbox 883 3140 1086 3211; x_wconf 73' lang='lat' dir='ltr'><strong>Spiritu</strong></span> <span class='ocrx_word' id='word_1_459' title='bbox 1114 3143 1207 3197; x_wconf 88' lang='lat' dir='ltr'><strong>Dei</strong></span> <span class='ocrx_word' id='word_1_460' title='bbox 1236 3143 1380 3213; x_wconf 78' lang='lat' dir='ltr'><strong>pleni</strong></span> <span class='ocrx_word' id='word_1_461' title='bbox 1423 3154 1718 3198; x_wconf 62' lang='lat' dir='ltr'><strong>sanxerunt</strong></span> <span class='ocrx_word' id='word_1_462' title='bbox 1740 3185 1754 3210; x_wconf 73' lang='grc'><em>,</em></span> <span class='ocrx_word' id='word_1_463' title='bbox 1785 3125 1830 3188; x_wconf 89' lang='lat' dir='ltr'><strong>C</strong></span> <span class='ocrx_word' id='word_1_464' title='bbox 1861 3139 2024 3193; x_wconf 88' lang='lat' dir='ltr'><strong>etiam</strong></span> <span class='ocrx_word' id='word_1_465' title='bbox 2063 3146 2257 3193; x_wconf 68' lang='lat' dir='ltr'><strong>cmtera</strong></span> <span class='ocrx_word' id='word_1_466' title='bbox 2277 3178 2291 3202; x_wconf 93' lang='lat'><strong>,</strong></span> <span class='ocrx_word' id='word_1_467' title='bbox 2320 3151 2438 3206; x_wconf 62' lang='lat' dir='ltr'><strong>quae</strong></span> <span class='ocrx_word' id='word_1_468' title='bbox 2466 3136 2610 3190; x_wconf 84' lang='lat' dir='ltr'><strong>circa</strong></span> <span class='ocrx_word' id='word_1_469' title='bbox 2650 3151 2772 3189; x_wconf 89' lang='lat' dir='ltr'><strong>eum</strong></span> <span class='ocrx_word' id='word_1_470' title='bbox 2811 3144 3134 3190; x_wconf 86' lang='lat' dir='ltr'><strong>attestantur</strong></span> <span class='ocrx_word' id='word_1_471' title='bbox 3166 3136 3231 3190; x_wconf 88' lang='lat' dir='ltr'><strong>ad</strong></span> <span class='ocrx_word' id='word_1_472' title='bbox 3262 3152 3443 3191; x_wconf 89' lang='lat' dir='ltr'><strong>sacra-</strong></span> 
     </span>
    </p>
   </div>
   <div class='ocr_carea' id='block_1_63' title="bbox 186 3230 1764 3300">
    <p class='ocr_par' dir='ltr' id='par_1_63' title="bbox 186 3230 1764 3300">
     <span class='ocr_line' id='line_1_63' title="bbox 186 3230 1764 3300; baseline 0.003 -17"><span class='ocrx_word' id='word_1_473' title='bbox 186 3239 303 3298; x_wconf 86' lang='lat' dir='ltr'><strong>post</strong></span> <span class='ocrx_word' id='word_1_474' title='bbox 347 3230 578 3285; x_wconf 86' lang='lat' dir='ltr'><strong>istorum</strong></span> <span class='ocrx_word' id='word_1_475' title='bbox 607 3240 836 3300; x_wconf 89' lang='lat' dir='ltr'><strong>quatuor</strong></span> <span class='ocrx_word' id='word_1_476' title='bbox 862 3232 1256 3297; x_wconf 90' lang='lat' dir='ltr'><strong>auctoritatem,</strong></span> <span class='ocrx_word' id='word_1_477' title='bbox 1281 3231 1518 3286; x_wconf 90' lang='lat' dir='ltr'><strong>omnium</strong></span> <span class='ocrx_word' id='word_1_478' title='bbox 1546 3241 1764 3287; x_wconf 88' lang='lat' dir='ltr'><strong>manent</strong></span> 
     </span>
    </p>
   </div>
   <div class='ocr_carea' id='block_1_64' title="bbox 188 3320 1761 3393">
    <p class='ocr_par' dir='ltr' id='par_1_64' title="bbox 188 3320 1761 3393">
     <span class='ocr_line' id='line_1_64' title="bbox 188 3320 1761 3393; baseline 0.003 -20"><span class='ocrx_word' id='word_1_479' title='bbox 188 3320 418 3375; x_wconf 82' lang='lat' dir='ltr'><strong>stabilita</strong></span> <span class='ocrx_word' id='word_1_480' title='bbox 442 3321 628 3392; x_wconf 83' lang='lat' dir='ltr'><strong>vigore</strong></span> <span class='ocrx_word' id='word_1_481' title='bbox 653 3339 667 3375; x_wconf 85' lang='lat'><strong>:</strong></span> <span class='ocrx_word' id='word_1_482' title='bbox 700 3337 925 3390; x_wconf 88' lang='lat' dir='ltr'><strong>quorum</strong></span> <span class='ocrx_word' id='word_1_483' title='bbox 954 3331 1104 3393; x_wconf 87' lang='lat' dir='ltr'><strong>gesta</strong></span> <span class='ocrx_word' id='word_1_484' title='bbox 1132 3323 1185 3376; x_wconf 92' lang='lat' dir='ltr'><strong>in</strong></span> <span class='ocrx_word' id='word_1_485' title='bbox 1213 3323 1315 3378; x_wconf 90' lang='lat' dir='ltr'><strong>hoc</strong></span> <span class='ocrx_word' id='word_1_486' title='bbox 1344 3336 1509 3393; x_wconf 89' lang='lat' dir='ltr'><strong>opere</strong></span> <span class='ocrx_word' id='word_1_487' title='bbox 1548 3324 1761 3378; x_wconf 90' lang='lat' dir='ltr'><strong>condita</strong></span> 
     </span>
    </p>
   </div>
   <div class='ocr_carea' id='block_1_65' title="bbox 188 3409 1763 3481">
    <p class='ocr_par' dir='ltr' id='par_1_65' title="bbox 188 3409 1763 3481">
     <span class='ocr_line' id='line_1_65' title="bbox 188 3409 1763 3481; baseline 0.001 -17"><span class='ocrx_word' id='word_1_488' title='bbox 188 3411 553 3465; x_wconf 83' lang='lat' dir='ltr'><strong>continentur.</strong></span> <span class='ocrx_word' id='word_1_489' title='bbox 587 3409 864 3481; x_wconf 87' lang='lat' dir='ltr'><strong>Synodum</strong></span> <span class='ocrx_word' id='word_1_490' title='bbox 901 3412 1148 3467; x_wconf 90' lang='lat' dir='ltr'><strong>novimus</strong></span> <span class='ocrx_word' id='word_1_491' title='bbox 1179 3426 1244 3466; x_wconf 81' lang='lat' dir='ltr'><strong>ex</strong></span> <span class='ocrx_word' id='word_1_492' title='bbox 1271 3409 1460 3466; x_wconf 75' lang='lat' dir='ltr'><strong>Grmco</strong></span> <span class='ocrx_word' id='word_1_493' title='bbox 1499 3411 1763 3479; x_wconf 83' lang='lat' dir='ltr'><strong>interpre-</strong></span> 
     </span>
    </p>
   </div>
   <div class='ocr_carea' id='block_1_66' title="bbox 189 3500 1760 3557">
    <p class='ocr_par' dir='ltr' id='par_1_66' title="bbox 189 3500 1760 3557">
     <span class='ocr_line' id='line_1_66' title="bbox 189 3500 1760 3557; baseline 0.003 -4"><span class='ocrx_word' id='word_1_494' title='bbox 189 3500 286 3554; x_wconf 85' lang='lat' dir='ltr'><strong>tari</strong></span> <span class='ocrx_word' id='word_1_495' title='bbox 315 3502 623 3554; x_wconf 85' lang='lat' dir='ltr'><strong>comitatum</strong></span> <span class='ocrx_word' id='word_1_496' title='bbox 642 3501 725 3555; x_wconf 87' lang='lat' dir='ltr'><strong>vel</strong></span> <span class='ocrx_word' id='word_1_497' title='bbox 751 3510 956 3555; x_wconf 76' lang='lat' dir='ltr'><strong>coetum.</strong></span> <span class='ocrx_word' id='word_1_498' title='bbox 987 3501 1211 3557; x_wconf 84' lang='lat' dir='ltr'><strong>Concilii</strong></span> <span class='ocrx_word' id='word_1_499' title='bbox 1239 3517 1370 3556; x_wconf 89' lang='lat' dir='ltr'><strong>vero</strong></span> <span class='ocrx_word' id='word_1_500' title='bbox 1409 3518 1604 3557; x_wconf 90' lang='lat' dir='ltr'><strong>nomen</strong></span> <span class='ocrx_word' id='word_1_501' title='bbox 1646 3511 1760 3557; x_wconf 91' lang='lat' dir='ltr'><strong>tra-</strong></span> 
     </span>
    </p>
   </div>
   <div class='ocr_carea' id='block_1_67' title="bbox 189 3592 1761 3663">
    <p class='ocr_par' dir='ltr' id='par_1_67' title="bbox 189 3592 1761 3663">
     <span class='ocr_line' id='line_1_67' title="bbox 189 3592 1761 3663; baseline 0.003 -18"><span class='ocrx_word' id='word_1_502' title='bbox 189 3599 330 3645; x_wconf 86' lang='lat' dir='ltr'><strong>ctum</strong></span> <span class='ocrx_word' id='word_1_503' title='bbox 351 3608 421 3646; x_wconf 77' lang='lat' dir='ltr'><strong>es</strong></span> <span class='ocrx_word' id='word_1_504' title='bbox 453 3606 607 3647; x_wconf 89' lang='lat' dir='ltr'><strong>more</strong></span> <span class='ocrx_word' id='word_1_505' title='bbox 658 3592 919 3648; x_wconf 86' lang='lat' dir='ltr'><strong>Romano.</strong></span> <span class='ocrx_word' id='word_1_506' title='bbox 965 3593 1230 3663; x_wconf 89' lang='lat' dir='ltr'><strong>Tempore</strong></span> <span class='ocrx_word' id='word_1_507' title='bbox 1277 3594 1423 3649; x_wconf 92' lang='lat' dir='ltr'><strong>enim</strong></span> <span class='ocrx_word' id='word_1_508' title='bbox 1448 3609 1554 3663; x_wconf 88' lang='lat' dir='ltr'><strong>quo</strong></span> <span class='ocrx_word' id='word_1_509' title='bbox 1584 3610 1761 3649; x_wconf 69' lang='lat' dir='ltr'><strong>causae</strong></span> 
     </span>
    </p>
   </div>
   <div class='ocr_carea' id='block_1_68' title="bbox 189 3679 1753 3750">
    <p class='ocr_par' dir='ltr' id='par_1_68' title="bbox 189 3679 1753 3750">
     <span class='ocr_line' id='line_1_68' title="bbox 189 3679 1753 3750; baseline 0.003 -18"><span class='ocrx_word' id='word_1_510' title='bbox 189 3679 503 3750; x_wconf 76' lang='lat' dir='ltr'><strong>agebantur,</strong></span> <span class='ocrx_word' id='word_1_511' title='bbox 536 3681 929 3735; x_wconf 89' lang='lat' dir='ltr'><strong>conveniebant</strong></span> <span class='ocrx_word' id='word_1_512' title='bbox 953 3695 1141 3736; x_wconf 90' lang='lat' dir='ltr'><strong>omnes</strong></span> <span class='ocrx_word' id='word_1_513' title='bbox 1171 3682 1225 3735; x_wconf 91' lang='lat' dir='ltr'><strong>in</strong></span> <span class='ocrx_word' id='word_1_514' title='bbox 1273 3697 1460 3748; x_wconf 89' lang='lat' dir='ltr'><strong>unum,</strong></span> <span class='ocrx_word' id='word_1_515' title='bbox 1514 3698 1753 3737; x_wconf 88' lang='lat' dir='ltr'><strong>commu-</strong></span> 
     </span>
    </p>
   </div>
   <div class='ocr_carea' id='block_1_69' title="bbox 191 3770 1756 3839">
    <p class='ocr_par' dir='ltr' id='par_1_69' title="bbox 191 3770 1756 3839">
     <span class='ocr_line' id='line_1_69' title="bbox 191 3770 1756 3839; baseline 0.003 -16"><span class='ocrx_word' id='word_1_516' title='bbox 191 3771 347 3839; x_wconf 89' lang='lat' dir='ltr'><strong>nique</strong></span> <span class='ocrx_word' id='word_1_517' title='bbox 393 3770 694 3826; x_wconf 88' lang='lat' dir='ltr'><strong>intentione</strong></span> <span class='ocrx_word' id='word_1_518' title='bbox 739 3772 1062 3825; x_wconf 84' lang='lat' dir='ltr'><strong>tractabant.</strong></span> <span class='ocrx_word' id='word_1_519' title='bbox 1112 3770 1265 3827; x_wconf 87' lang='lat' dir='ltr'><strong>Unde</strong></span> <span class='ocrx_word' id='word_1_520' title='bbox 1306 3781 1363 3827; x_wconf 90' lang='lat' dir='ltr'><strong>et</strong></span> <span class='ocrx_word' id='word_1_521' title='bbox 1388 3772 1675 3827; x_wconf 89' lang='lat' dir='ltr'><strong>concilium</strong></span> <span class='ocrx_word' id='word_1_522' title='bbox 1727 3789 1756 3827; x_wconf 90' lang='lat' dir='ltr'><strong>a</strong></span> 
     </span>
    </p>
   </div>
   <div class='ocr_carea' id='block_1_70' title="bbox 189 3855 1756 3931">
    <p class='ocr_par' dir='ltr' id='par_1_70' title="bbox 189 3855 1756 3931">
     <span class='ocr_line' id='line_1_70' title="bbox 189 3855 1756 3931; baseline 0.001 -22"><span class='ocrx_word' id='word_1_523' title='bbox 189 3855 458 3910; x_wconf 79' lang='lat' dir='ltr'><strong>communi</strong></span> <span class='ocrx_word' id='word_1_524' title='bbox 511 3855 807 3911; x_wconf 88' lang='lat' dir='ltr'><strong>intentione</strong></span> <span class='ocrx_word' id='word_1_525' title='bbox 844 3857 1070 3921; x_wconf 90' lang='lat' dir='ltr'><strong>dictum,</strong></span> <span class='ocrx_word' id='word_1_526' title='bbox 1098 3856 1252 3931; x_wconf 87' lang='lat' dir='ltr'><strong>quasi</strong></span> <span class='ocrx_word' id='word_1_527' title='bbox 1297 3858 1756 3911; x_wconf 86' lang='lat' dir='ltr'><strong>communicilium.</strong></span> 
     </span>
    </p>
   </div>
   <div class='ocr_carea' id='block_1_71' title="bbox 190 3947 1753 4004">
    <p class='ocr_par' dir='ltr' id='par_1_71' title="bbox 190 3947 1753 4004">
     <span class='ocr_line' id='line_1_71' title="bbox 190 3947 1753 4004; baseline 0.001 -2"><span class='ocrx_word' id='word_1_528' title='bbox 190 3947 319 4002; x_wconf 76' lang='lat' dir='ltr'><strong>Nam</strong></span> <span class='ocrx_word' id='word_1_529' title='bbox 367 3948 493 4003; x_wconf 78' lang='lat' dir='ltr'><strong>cilia</strong></span> <span class='ocrx_word' id='word_1_530' title='bbox 515 3949 791 4004; x_wconf 90' lang='lat' dir='ltr'><strong>oculorum</strong></span> <span class='ocrx_word' id='word_1_531' title='bbox 815 3960 961 4004; x_wconf 89' lang='lat' dir='ltr'><strong>sunt.</strong></span> <span class='ocrx_word' id='word_1_532' title='bbox 994 3948 1145 4004; x_wconf 90' lang='lat' dir='ltr'><strong>Unde</strong></span> <span class='ocrx_word' id='word_1_533' title='bbox 1173 3957 1228 4003; x_wconf 93' lang='lat' dir='ltr'><strong>et</strong></span> <span class='ocrx_word' id='word_1_534' title='bbox 1254 3948 1551 4004; x_wconf 89' lang='lat' dir='ltr'><strong>considium</strong></span> <span class='ocrx_word' id='word_1_535' title='bbox 1578 3949 1753 4003; x_wconf 85' lang='lat' dir='ltr'><strong>consi-</strong></span> 
     </span>
    </p>
   </div>
   <div class='ocr_carea' id='block_1_72' title="bbox 190 4038 1760 4104">
    <p class='ocr_par' dir='ltr' id='par_1_72' title="bbox 190 4038 1760 4104">
     <span class='ocr_line' id='line_1_72' title="bbox 190 4038 1760 4104; baseline 0.003 -12"><span class='ocrx_word' id='word_1_536' title='bbox 190 4038 317 4093; x_wconf 87' lang='lat' dir='ltr'><strong>lium</strong></span> <span class='ocrx_word' id='word_1_537' title='bbox 364 4039 584 4104; x_wconf 89' lang='lat' dir='ltr'><strong>dicitur,</strong></span> <span class='ocrx_word' id='word_1_538' title='bbox 642 4039 697 4094; x_wconf 93' lang='lat' dir='ltr'><strong>d.</strong></span> <span class='ocrx_word' id='word_1_539' title='bbox 748 4039 824 4094; x_wconf 91' lang='lat' dir='ltr'><strong>in.</strong></span> <span class='ocrx_word' id='word_1_540' title='bbox 856 4039 893 4093; x_wconf 93' lang='lat' dir='ltr'><strong>l.</strong></span> <span class='ocrx_word' id='word_1_541' title='bbox 920 4040 1153 4094; x_wconf 91' lang='lat' dir='ltr'><strong>litteram</strong></span> <span class='ocrx_word' id='word_1_542' title='bbox 1205 4049 1535 4095; x_wconf 89' lang='lat' dir='ltr'><strong>transeunte.</strong></span> <span class='ocrx_word' id='word_1_543' title='bbox 1577 4040 1760 4097; x_wconf 82' lang='lat' dir='ltr'><strong>Coetus</strong></span> 
     </span>
    </p>
   </div>
   <div class='ocr_carea' id='block_1_73' title="bbox 189 4130 1757 4202">
    <p class='ocr_par' dir='ltr' id='par_1_73' title="bbox 189 4130 1757 4202">
     <span class='ocr_line' id='line_1_73' title="bbox 189 4130 1757 4202; baseline 0.002 -19"><span class='ocrx_word' id='word_1_544' title='bbox 189 4144 315 4184; x_wconf 79' lang='lat' dir='ltr'><strong>vero</strong></span> <span class='ocrx_word' id='word_1_545' title='bbox 341 4137 645 4184; x_wconf 90' lang='lat' dir='ltr'><strong>conventus</strong></span> <span class='ocrx_word' id='word_1_546' title='bbox 669 4139 752 4185; x_wconf 90' lang='lat' dir='ltr'><strong>est</strong></span> <span class='ocrx_word' id='word_1_547' title='bbox 772 4130 855 4184; x_wconf 90' lang='lat' dir='ltr'><strong>vel</strong></span> <span class='ocrx_word' id='word_1_548' title='bbox 880 4132 1220 4202; x_wconf 76' lang='lat' dir='ltr'><strong>congregatio</strong></span> <span class='ocrx_word' id='word_1_549' title='bbox 1240 4147 1269 4186; x_wconf 92' lang='lat' dir='ltr'><strong>a</strong></span> <span class='ocrx_word' id='word_1_550' title='bbox 1285 4133 1544 4199; x_wconf 91' lang='lat' dir='ltr'><strong>coeundo,</strong></span> <span class='ocrx_word' id='word_1_551' title='bbox 1577 4133 1629 4187; x_wconf 91' lang='lat' dir='ltr'><strong>id</strong></span> <span class='ocrx_word' id='word_1_552' title='bbox 1653 4140 1757 4197; x_wconf 90' lang='lat' dir='ltr'><strong>est,</strong></span> 
     </span>
    </p>
   </div>
   <div class='ocr_carea' id='block_1_74' title="bbox 188 4220 1759 4279">
    <p class='ocr_par' dir='ltr' id='par_1_74' title="bbox 188 4220 1759 4279">
     <span class='ocr_line' id='line_1_74' title="bbox 188 4220 1759 4279; baseline 0.003 -6"><span class='ocrx_word' id='word_1_553' title='bbox 188 4220 557 4274; x_wconf 88' lang='lat' dir='ltr'><strong>eonveniendo</strong></span> <span class='ocrx_word' id='word_1_554' title='bbox 585 4221 639 4275; x_wconf 93' lang='lat' dir='ltr'><strong>in</strong></span> <span class='ocrx_word' id='word_1_555' title='bbox 668 4235 854 4275; x_wconf 91' lang='lat' dir='ltr'><strong>unum.</strong></span> <span class='ocrx_word' id='word_1_556' title='bbox 883 4221 1034 4277; x_wconf 89' lang='lat' dir='ltr'><strong>Unde</strong></span> <span class='ocrx_word' id='word_1_557' title='bbox 1071 4230 1127 4277; x_wconf 90' lang='lat' dir='ltr'><strong>et</strong></span> <span class='ocrx_word' id='word_1_558' title='bbox 1172 4234 1466 4279; x_wconf 90' lang='lat' dir='ltr'><strong>conventus</strong></span> <span class='ocrx_word' id='word_1_559' title='bbox 1492 4231 1577 4279; x_wconf 90' lang='lat' dir='ltr'><strong>est</strong></span> <span class='ocrx_word' id='word_1_560' title='bbox 1619 4241 1759 4279; x_wconf 87' lang='lat' dir='ltr'><strong>nun-</strong></span> 
     </span>
    </p>
   </div>
   <div class='ocr_carea' id='block_1_75' title="bbox 187 4311 1758 4379">
    <p class='ocr_par' dir='ltr' id='par_1_75' title="bbox 187 4311 1758 4379">
     <span class='ocr_line' id='line_1_75' title="bbox 187 4311 1758 4379; baseline 0.004 -14"><span class='ocrx_word' id='word_1_561' title='bbox 187 4319 438 4379; x_wconf 85' lang='lat' dir='ltr'><strong>cupatus,</strong></span> <span class='ocrx_word' id='word_1_562' title='bbox 466 4311 609 4366; x_wconf 89' lang='lat' dir='ltr'><strong>sicut</strong></span> <span class='ocrx_word' id='word_1_563' title='bbox 639 4320 935 4367; x_wconf 90' lang='lat' dir='ltr'><strong>conventus</strong></span> <span class='ocrx_word' id='word_1_564' title='bbox 963 4320 1136 4369; x_wconf 60' lang='lat' dir='ltr'><strong>coetus</strong></span> <span class='ocrx_word' id='word_1_565' title='bbox 1167 4314 1252 4370; x_wconf 88' lang='lat' dir='ltr'><strong>vel</strong></span> <span class='ocrx_word' id='word_1_566' title='bbox 1288 4315 1574 4371; x_wconf 89' lang='lat' dir='ltr'><strong>concilium</strong></span> <span class='ocrx_word' id='word_1_567' title='bbox 1610 4331 1642 4371; x_wconf 92' lang='lat' dir='ltr'><strong>a</strong></span> <span class='ocrx_word' id='word_1_568' title='bbox 1670 4332 1758 4372; x_wconf 87' lang='lat' dir='ltr'><strong>so-</strong></span> 
     </span>
    </p>
   </div>
   <div class='ocr_carea' id='block_1_76' title="bbox 188 4399 986 4456">
    <p class='ocr_par' dir='ltr' id='par_1_76' title="bbox 188 4399 986 4456">
     <span class='ocr_line' id='line_1_76' title="bbox 188 4399 986 4456; baseline 0.003 -3"><span class='ocrx_word' id='word_1_569' title='bbox 188 4399 381 4456; x_wconf 85' lang='lat' dir='ltr'><strong>cietate</strong></span> <span class='ocrx_word' id='word_1_570' title='bbox 399 4399 692 4455; x_wconf 88' lang='lat' dir='ltr'><strong>multorum</strong></span> <span class='ocrx_word' id='word_1_571' title='bbox 720 4401 774 4455; x_wconf 92' lang='lat' dir='ltr'><strong>in</strong></span> <span class='ocrx_word' id='word_1_572' title='bbox 802 4416 986 4455; x_wconf 91' lang='lat' dir='ltr'><strong>unum.</strong></span> 
     </span>
    </p>
   </div>
   <div class='ocr_carea' id='block_1_77' title="bbox 184 4492 1171 4551">
    <p class='ocr_par' dir='ltr' id='par_1_77' title="bbox 184 4492 1171 4551">
     <span class='ocr_line' id='line_1_77' title="bbox 184 4492 1171 4551; baseline 0.013 -13"><span class='ocrx_word' id='word_1_573' title='bbox 184 4494 185 4497; x_wconf 74' lang='lat'>‘</span> <span class='ocrx_word' id='word_1_574' title='bbox 777 4492 1003 4550; x_wconf 84' lang='lat' dir='ltr'><strong>CAPUT</strong></span> <span class='ocrx_word' id='word_1_575' title='bbox 1041 4493 1171 4551; x_wconf 84' lang='lat' dir='ltr'><strong>VIII.</strong></span> 
     </span>
    </p>
   </div>
   <div class='ocr_carea' id='block_1_78' title="bbox 148 4583 1239 4669">
    <p class='ocr_par' dir='ltr' id='par_1_78' title="bbox 148 4583 1239 4669">
     <span class='ocr_line' id='line_1_78' title="bbox 148 4583 1239 4669; baseline 0.003 -33"><span class='ocrx_word' id='word_1_576' title='bbox 148 4654 165 4669; x_wconf 31' lang='grc' dir='ltr'>θ</span> <span class='ocrx_word' id='word_1_577' title='bbox 707 4583 785 4638; x_wconf 82' lang='lat' dir='ltr'><strong>De</strong></span> <span class='ocrx_word' id='word_1_578' title='bbox 811 4584 952 4654; x_wconf 82' lang='lat' dir='ltr'><strong>cyclo</strong></span> <span class='ocrx_word' id='word_1_579' title='bbox 980 4587 1239 4655; x_wconf 79' lang='lat' dir='ltr'><strong>paschali.</strong></span> 
     </span>
    </p>
   </div>
   <div class='ocr_carea' id='block_1_79' title="bbox 251 4672 1758 4751">
    <p class='ocr_par' dir='ltr' id='par_1_79' title="bbox 251 4672 1758 4751">
     <span class='ocr_line' id='line_1_79' title="bbox 251 4672 1758 4751; baseline 0.004 -21"><span class='ocrx_word' id='word_1_580' title='bbox 251 4672 567 4730; x_wconf 79' lang='lat' dir='ltr'><strong>Paschalcm</strong></span> <span class='ocrx_word' id='word_1_581' title='bbox 588 4673 797 4744; x_wconf 84' lang='lat' dir='ltr'><strong>cyclum</strong></span> <span class='ocrx_word' id='word_1_582' title='bbox 841 4675 1155 4746; x_wconf 79' lang='lat' dir='ltr'><strong>Hippolytus</strong></span> <span class='ocrx_word' id='word_1_583' title='bbox 1192 4676 1475 4747; x_wconf 88' lang='lat' dir='ltr'><strong>episcopus</strong></span> <span class='ocrx_word' id='word_1_584' title='bbox 1503 4682 1758 4751; x_wconf 88' lang='lat' dir='ltr'><strong>tempori-</strong></span> 
     </span>
    </p>
   </div>
   <div class='ocr_carea' id='block_1_80' title="bbox 189 4764 1763 4842">
    <p class='ocr_par' dir='ltr' id='par_1_80' title="bbox 189 4764 1763 4842">
     <span class='ocr_line' id='line_1_80' title="bbox 189 4764 1763 4842; baseline 0.003 -21"><span class='ocrx_word' id='word_1_585' title='bbox 189 4764 289 4821; x_wconf 80' lang='lat' dir='ltr'><strong>bus</strong></span> <span class='ocrx_word' id='word_1_586' title='bbox 325 4764 616 4819; x_wconf 77' lang='lat' dir='ltr'><strong>Alexandri</strong></span> <span class='ocrx_word' id='word_1_587' title='bbox 647 4765 987 4833; x_wconf 87' lang='lat' dir='ltr'><strong>imperatoris</strong></span> <span class='ocrx_word' id='word_1_588' title='bbox 1024 4767 1233 4836; x_wconf 88' lang='lat' dir='ltr'><strong>primus</strong></span> <span class='ocrx_word' id='word_1_589' title='bbox 1258 4769 1575 4837; x_wconf 88' lang='lat' dir='ltr'><strong>conscripsit</strong></span> <span class='ocrx_word' id='word_1_590' title='bbox 1601 4788 1613 4824; x_wconf 91' lang='lat'><strong>:</strong></span> <span class='ocrx_word' id='word_1_591' title='bbox 1639 4779 1763 4842; x_wconf 92' lang='lat' dir='ltr'><strong>post</strong></span> 
     </span>
    </p>
   </div>
   <div class='ocr_carea' id='block_1_81' title="bbox 189 4854 1757 4926">
    <p class='ocr_par' dir='ltr' id='par_1_81' title="bbox 189 4854 1757 4926">
     <span class='ocr_line' id='line_1_81' title="bbox 189 4854 1757 4926; baseline 0.004 -18"><span class='ocrx_word' id='word_1_592' title='bbox 189 4870 349 4924; x_wconf 83' lang='lat' dir='ltr'><strong>quem</strong></span> <span class='ocrx_word' id='word_1_593' title='bbox 389 4854 755 4923; x_wconf 82' lang='lat' dir='ltr'><strong>probatissimi</strong></span> <span class='ocrx_word' id='word_1_594' title='bbox 795 4864 1042 4909; x_wconf 88' lang='lat' dir='ltr'><strong>auctores</strong></span> <span class='ocrx_word' id='word_1_595' title='bbox 1081 4855 1342 4911; x_wconf 88' lang='lat' dir='ltr'><strong>Eusebius</strong></span> <span class='ocrx_word' id='word_1_596' title='bbox 1379 4856 1757 4926; x_wconf 81' lang='lat' dir='ltr'><strong>Caesariensis,</strong></span> 
     </span>
    </p>
   </div>
   <div class='ocr_carea' id='block_1_82' title="bbox 189 4942 1763 5016">
    <p class='ocr_par' dir='ltr' id='par_1_82' title="bbox 189 4942 1763 5016">
     <span class='ocr_line' id='line_1_82' title="bbox 189 4942 1763 5016; baseline 0.003 -18"><span class='ocrx_word' id='word_1_597' title='bbox 189 4942 522 5015; x_wconf 85' lang='lat' dir='ltr'><strong>Theophilus</strong></span> <span class='ocrx_word' id='word_1_598' title='bbox 560 4943 976 5009; x_wconf 79' lang='lat' dir='ltr'><strong>Alexandrinus,</strong></span> <span class='ocrx_word' id='word_1_599' title='bbox 1005 4943 1241 5014; x_wconf 87' lang='lat' dir='ltr'><strong>Prosper</strong></span> <span class='ocrx_word' id='word_1_600' title='bbox 1277 4960 1491 5016; x_wconf 86' lang='lat' dir='ltr'><strong>quoque</strong></span> <span class='ocrx_word' id='word_1_601' title='bbox 1542 4948 1763 5004; x_wconf 92' lang='lat' dir='ltr'><strong>natione</strong></span> 
     </span>
    </p>
   </div>
   <div class='ocr_carea' id='block_1_83' title="bbox 188 5034 1762 5105">
    <p class='ocr_par' dir='ltr' id='par_1_83' title="bbox 188 5034 1762 5105">
     <span class='ocr_line' id='line_1_83' title="bbox 188 5034 1762 5105; baseline 0.004 -18"><span class='ocrx_word' id='word_1_602' title='bbox 188 5034 494 5103; x_wconf 81' lang='lat' dir='ltr'><strong>Aquitanus</strong></span> <span class='ocrx_word' id='word_1_603' title='bbox 538 5044 701 5104; x_wconf 88' lang='lat' dir='ltr'><strong>atque</strong></span> <span class='ocrx_word' id='word_1_604' title='bbox 746 5034 1089 5098; x_wconf 78' lang='lat' dir='ltr'><strong>Victorinus,</strong></span> <span class='ocrx_word' id='word_1_605' title='bbox 1138 5034 1477 5104; x_wconf 88' lang='lat' dir='ltr'><strong>ampliﬁcatis</strong></span> <span class='ocrx_word' id='word_1_606' title='bbox 1522 5035 1762 5105; x_wconf 85' lang='lat' dir='ltr'><strong>ejusdem</strong></span> 
     </span>
    </p>
   </div>
   <div class='ocr_carea' id='block_1_84' title="bbox 190 5123 1758 5194">
    <p class='ocr_par' dir='ltr' id='par_1_84' title="bbox 190 5123 1758 5194">
     <span class='ocr_line' id='line_1_84' title="bbox 190 5123 1758 5194; baseline 0.003 -17"><span class='ocrx_word' id='word_1_607' title='bbox 190 5124 502 5179; x_wconf 76' lang='lat' dir='ltr'><strong>festivitatis</strong></span> <span class='ocrx_word' id='word_1_608' title='bbox 522 5123 841 5188; x_wconf 89' lang='lat' dir='ltr'><strong>rationibus,</strong></span> <span class='ocrx_word' id='word_1_609' title='bbox 866 5123 1188 5194; x_wconf 91' lang='lat' dir='ltr'><strong>multiplices</strong></span> <span class='ocrx_word' id='word_1_610' title='bbox 1205 5124 1437 5180; x_wconf 90' lang='lat' dir='ltr'><strong>circulos</strong></span> <span class='ocrx_word' id='word_1_611' title='bbox 1456 5127 1758 5182; x_wconf 90' lang='lat' dir='ltr'><strong>ediderunt.</strong></span> 
     </span>
    </p>
   </div>
   <div class='ocr_carea' id='block_1_85' title="bbox 187 5212 1764 5286">
    <p class='ocr_par' dir='ltr' id='par_1_85' title="bbox 187 5212 1764 5286">
     <span class='ocr_line' id='line_1_85' title="bbox 187 5212 1764 5286; baseline 0 -16"><span class='ocrx_word' id='word_1_612' title='bbox 187 5214 351 5283; x_wconf 87' lang='lat' dir='ltr'><strong>Cujus</strong></span> <span class='ocrx_word' id='word_1_613' title='bbox 373 5215 590 5284; x_wconf 85' lang='lat' dir='ltr'><strong>quidem</strong></span> <span class='ocrx_word' id='word_1_614' title='bbox 622 5214 887 5268; x_wconf 87' lang='lat' dir='ltr'><strong>rationem</strong></span> <span class='ocrx_word' id='word_1_615' title='bbox 912 5213 1256 5270; x_wconf 86' lang='lat' dir='ltr'><strong>beatissimus</strong></span> <span class='ocrx_word' id='word_1_616' title='bbox 1275 5212 1506 5286; x_wconf 89' lang='lat' dir='ltr'><strong>Cyrillus</strong></span> <span class='ocrx_word' id='word_1_617' title='bbox 1532 5215 1764 5270; x_wconf 78' lang='lat' dir='ltr'><strong>Alexan-</strong></span> 
     </span>
    </p>
   </div>
   <div class='ocr_carea' id='block_1_86' title="bbox 188 5301 1761 5375">
    <p class='ocr_par' dir='ltr' id='par_1_86' title="bbox 188 5301 1761 5375">
     <span class='ocr_line' id='line_1_86' title="bbox 188 5301 1761 5375; baseline 0.001 -17"><span class='ocrx_word' id='word_1_618' title='bbox 188 5304 355 5359; x_wconf 65' lang='lat' dir='ltr'><strong>drinae</strong></span> <span class='ocrx_word' id='word_1_619' title='bbox 382 5303 533 5359; x_wconf 87' lang='lat' dir='ltr'><strong>urbis</strong></span> <span class='ocrx_word' id='word_1_620' title='bbox 581 5304 868 5375; x_wconf 88' lang='lat' dir='ltr'><strong>episcopus</strong></span> <span class='ocrx_word' id='word_1_621' title='bbox 901 5301 957 5355; x_wconf 92' lang='lat' dir='ltr'><strong>in</strong></span> <span class='ocrx_word' id='word_1_622' title='bbox 994 5303 1281 5374; x_wconf 77' lang='lat' dir='ltr'><strong>nonaginta</strong></span> <span class='ocrx_word' id='word_1_623' title='bbox 1318 5304 1555 5373; x_wconf 81' lang='lat' dir='ltr'><strong>quinque</strong></span> <span class='ocrx_word' id='word_1_624' title='bbox 1590 5318 1761 5359; x_wconf 89' lang='lat' dir='ltr'><strong>annos</strong></span> 
     </span>
    </p>
   </div>
   <div class='ocr_carea' id='block_1_87' title="bbox 188 5394 1761 5467">
    <p class='ocr_par' dir='ltr' id='par_1_87' title="bbox 188 5394 1761 5467">
     <span class='ocr_line' id='line_1_87' title="bbox 188 5394 1761 5467; baseline 0 -17"><span class='ocrx_word' id='word_1_625' title='bbox 188 5409 277 5464; x_wconf 86' lang='lat' dir='ltr'><strong>per</strong></span> <span class='ocrx_word' id='word_1_626' title='bbox 295 5395 586 5467; x_wconf 84' lang='lat' dir='ltr'><strong>quinquies</strong></span> <span class='ocrx_word' id='word_1_627' title='bbox 621 5396 812 5452; x_wconf 86' lang='lat' dir='ltr'><strong>decem</strong></span> <span class='ocrx_word' id='word_1_628' title='bbox 853 5397 1038 5452; x_wconf 84' lang='lat' dir='ltr'><strong>novies</strong></span> <span class='ocrx_word' id='word_1_629' title='bbox 1071 5395 1364 5458; x_wconf 87' lang='lat' dir='ltr'><strong>calculans,</strong></span> <span class='ocrx_word' id='word_1_630' title='bbox 1390 5404 1553 5464; x_wconf 90' lang='lat' dir='ltr'><strong>quoto</strong></span> <span class='ocrx_word' id='word_1_631' title='bbox 1577 5394 1761 5451; x_wconf 79' lang='lat' dir='ltr'><strong>kalen-</strong></span> 
     </span>
    </p>
   </div>
   <div class='ocr_carea' id='block_1_88' title="bbox 189 5486 1754 5561">
    <p class='ocr_par' dir='ltr' id='par_1_88' title="bbox 189 5486 1754 5561">
     <span class='ocr_line' id='line_1_88' title="bbox 189 5486 1754 5561; baseline -0.001 -20"><span class='ocrx_word' id='word_1_632' title='bbox 189 5487 337 5543; x_wconf 70' lang='lat' dir='ltr'><strong>daria</strong></span> <span class='ocrx_word' id='word_1_633' title='bbox 364 5488 452 5561; x_wconf 83' lang='lat' dir='ltr'><strong>vel</strong></span> <span class='ocrx_word' id='word_1_634' title='bbox 479 5487 604 5543; x_wconf 86' lang='lat' dir='ltr'><strong>luna</strong></span> <span class='ocrx_word' id='word_1_635' title='bbox 632 5488 827 5545; x_wconf 86' lang='lat' dir='ltr'><strong>debeat</strong></span> <span class='ocrx_word' id='word_1_636' title='bbox 852 5487 1119 5556; x_wconf 85' lang='lat' dir='ltr'><strong>paschalis</strong></span> <span class='ocrx_word' id='word_1_637' title='bbox 1142 5487 1456 5543; x_wconf 86' lang='lat' dir='ltr'><strong>solemnitas</strong></span> <span class='ocrx_word' id='word_1_638' title='bbox 1474 5486 1754 5551; x_wconf 88' lang='lat' dir='ltr'><strong>celebrari,</strong></span> 
     </span>
    </p>
   </div>
   <div class='ocr_carea' id='block_1_89' title="bbox 250 5599 1755 5673">
    <p class='ocr_par' dir='ltr' id='par_1_89' title="bbox 250 5599 1755 5673">
     <span class='ocr_line' id='line_1_89' title="bbox 250 5599 1755 5673; baseline -0.001 -15"><span class='ocrx_word' id='word_1_639' title='bbox 250 5615 276 5642; x_wconf 78' lang='grc' dir='ltr'>ι</span> <span class='ocrx_word' id='word_1_640' title='bbox 304 5600 482 5658; x_wconf 84' lang='lat' dir='ltr'><strong>Locus</strong></span> <span class='ocrx_word' id='word_1_641' title='bbox 510 5600 955 5673; x_wconf 87' lang='lat' dir='ltr'><strong>corruptissimus</strong></span> <span class='ocrx_word' id='word_1_642' title='bbox 979 5600 1313 5673; x_wconf 88' lang='lat' dir='ltr'><strong>sic_vide_tur</strong></span> <span class='ocrx_word' id='word_1_643' title='bbox 1340 5599 1702 5673; x_wconf 76' lang='lat' dir='ltr'><strong>restituendus</strong></span> <span class='ocrx_word' id='word_1_644' title='bbox 1740 5617 1755 5656; x_wconf 91' lang='lat'><strong>:</strong></span> 
     </span>
    </p>
   </div>
   <div class='ocr_carea' id='block_1_90' title="bbox 191 5668 1757 5728">
    <p class='ocr_par' dir='ltr' id='par_1_90' title="bbox 191 5668 1757 5728">
     <span class='ocr_line' id='line_1_90' title="bbox 191 5668 1757 5728; baseline 0.001 -5"><span class='ocrx_word' id='word_1_645' title='bbox 191 5674 340 5726; x_wconf 72' lang='lat' dir='ltr'><strong>Arius</strong></span> <span class='ocrx_word' id='word_1_646' title='bbox 372 5673 636 5728; x_wconf 73' lang='lat' dir='ltr'><strong>asserebat</strong></span> <span class='ocrx_word' id='word_1_647' title='bbox 666 5668 1165 5727; x_wconf 63' lang='lat' dir='ltr'><strong>consubstantialem</strong></span> <span class='ocrx_word' id='word_1_648' title='bbox 1193 5670 1303 5725; x_wconf 83' lang='lat' dir='ltr'><strong>Deo</strong></span> <span class='ocrx_word' id='word_1_649' title='bbox 1342 5668 1494 5725; x_wconf 83' lang='lat' dir='ltr'><strong>Patri</strong></span> <span class='ocrx_word' id='word_1_650' title='bbox 1518 5687 1620 5724; x_wconf 84' lang='lat' dir='ltr'><strong>non</strong></span> <span class='ocrx_word' id='word_1_651' title='bbox 1646 5688 1757 5725; x_wconf 78' lang='lat' dir='ltr'><strong>esse</strong></span> 
     </span>
    </p>
   </div>
   <div class='ocr_carea' id='block_1_91' title="bbox 1783 4465 1837 4524">
    <p class='ocr_par' dir='ltr' id='par_1_91' title="bbox 1783 4465 1837 4524">
     <span class='ocr_line' id='line_1_91' title="bbox 1783 4465 1837 4524; baseline 0 0"><span class='ocrx_word' id='word_1_652' title='bbox 1783 4465 1837 4524; x_wconf 89' lang='lat' dir='ltr'><strong>D</strong></span> 
     </span>
    </p>
   </div>
   <div class='ocr_carea' id='block_1_92' title="bbox 1862 3226 3440 3299">
    <p class='ocr_par' dir='ltr' id='par_1_92' title="bbox 1862 3226 3440 3299">
     <span class='ocr_line' id='line_1_92' title="bbox 1862 3226 3440 3299; baseline -0.004 -14"><span class='ocrx_word' id='word_1_653' title='bbox 1862 3239 2164 3285; x_wconf 86' lang='lat' dir='ltr'><strong>mentorum</strong></span> <span class='ocrx_word' id='word_1_654' title='bbox 2188 3226 2656 3299; x_wconf 71' lang='lat' dir='ltr'><strong>signiﬁcationcm,</strong></span> <span class='ocrx_word' id='word_1_655' title='bbox 2682 3226 3046 3296; x_wconf 88' lang='lat' dir='ltr'><strong>inspiciamus.</strong></span> <span class='ocrx_word' id='word_1_656' title='bbox 3082 3226 3307 3296; x_wconf 83' lang='lat' dir='ltr'><strong>Propter</strong></span> <span class='ocrx_word' id='word_1_657' title='bbox 3332 3227 3440 3281; x_wconf 90' lang='lat' dir='ltr'><strong>ini-</strong></span> 
     </span>
    </p>
   </div>
   <div class='ocr_carea' id='block_1_93' title="bbox 1861 3318 3439 3389">
    <p class='ocr_par' dir='ltr' id='par_1_93' title="bbox 1861 3318 3439 3389">
     <span class='ocr_line' id='line_1_93' title="bbox 1861 3318 3439 3389; baseline -0.003 -13"><span class='ocrx_word' id='word_1_658' title='bbox 1861 3322 1994 3377; x_wconf 90' lang='lat' dir='ltr'><strong>tium</strong></span> <span class='ocrx_word' id='word_1_659' title='bbox 2028 3321 2173 3375; x_wconf 91' lang='lat' dir='ltr'><strong>enim</strong></span> <span class='ocrx_word' id='word_1_660' title='bbox 2212 3335 2363 3375; x_wconf 86' lang='lat' dir='ltr'><strong>novae</strong></span> <span class='ocrx_word' id='word_1_661' title='bbox 2398 3318 2551 3383; x_wconf 65' lang='lat' dir='ltr'><strong>vitae,</strong></span> <span class='ocrx_word' id='word_1_662' title='bbox 2591 3326 2646 3373; x_wconf 90' lang='lat' dir='ltr'><strong>et</strong></span> <span class='ocrx_word' id='word_1_663' title='bbox 2674 3327 2893 3389; x_wconf 88' lang='lat' dir='ltr'><strong>propter</strong></span> <span class='ocrx_word' id='word_1_664' title='bbox 2921 3334 3116 3374; x_wconf 92' lang='lat' dir='ltr'><strong>novum</strong></span> <span class='ocrx_word' id='word_1_665' title='bbox 3146 3318 3439 3385; x_wconf 89' lang='lat' dir='ltr'><strong>hominem,</strong></span> 
     </span>
    </p>
   </div>
   <div class='ocr_carea' id='block_1_94' title="bbox 1859 3409 3443 3481">
    <p class='ocr_par' dir='ltr' id='par_1_94' title="bbox 1859 3409 3443 3481">
     <span class='ocr_line' id='line_1_94' title="bbox 1859 3409 3443 3481; baseline 0 -18"><span class='ocrx_word' id='word_1_666' title='bbox 1859 3426 2018 3481; x_wconf 83' lang='lat' dir='ltr'><strong>quem</strong></span> <span class='ocrx_word' id='word_1_667' title='bbox 2055 3409 2311 3480; x_wconf 89' lang='lat' dir='ltr'><strong>jubemur</strong></span> <span class='ocrx_word' id='word_1_668' title='bbox 2350 3409 2571 3463; x_wconf 82' lang='lat' dir='ltr'><strong>induere</strong></span> <span class='ocrx_word' id='word_1_669' title='bbox 2591 3450 2606 3475; x_wconf 92' lang='lat'><strong>,</strong></span> <span class='ocrx_word' id='word_1_670' title='bbox 2638 3417 2693 3463; x_wconf 90' lang='lat' dir='ltr'><strong>et</strong></span> <span class='ocrx_word' id='word_1_671' title='bbox 2720 3423 2917 3464; x_wconf 82' lang='lat' dir='ltr'><strong>exuere</strong></span> <span class='ocrx_word' id='word_1_672' title='bbox 2943 3416 3178 3464; x_wconf 86' lang='lat' dir='ltr'><strong>veterem</strong></span> <span class='ocrx_word' id='word_1_673' title='bbox 3199 3450 3213 3475; x_wconf 92' lang='lat'><strong>,</strong></span> <span class='ocrx_word' id='word_1_674' title='bbox 3252 3426 3443 3479; x_wconf 72' lang='lat' dir='ltr'><strong>expur-</strong></span> 
     </span>
    </p>
   </div>
   <div class='ocr_carea' id='block_1_95' title="bbox 1859 3498 3439 3569">
    <p class='ocr_par' dir='ltr' id='par_1_95' title="bbox 1859 3498 3439 3569">
     <span class='ocr_line' id='line_1_95' title="bbox 1859 3498 3439 3569; baseline -0.002 -17"><span class='ocrx_word' id='word_1_675' title='bbox 1859 3508 2036 3569; x_wconf 82' lang='lat' dir='ltr'><strong>ganles</strong></span> <span class='ocrx_word' id='word_1_676' title='bbox 2075 3508 2218 3552; x_wconf 73' lang='lat' dir='ltr'><strong>uetus</strong></span> <span class='ocrx_word' id='word_1_677' title='bbox 2254 3498 2596 3568; x_wconf 83' lang='lat' dir='ltr'><strong>fermentum,</strong></span> <span class='ocrx_word' id='word_1_678' title='bbox 2640 3507 2695 3551; x_wconf 90' lang='lat' dir='ltr'><strong>ut</strong></span> <span class='ocrx_word' id='word_1_679' title='bbox 2726 3499 2889 3552; x_wconf 84' lang='lat' dir='ltr'><strong>simus</strong></span> <span class='ocrx_word' id='word_1_680' title='bbox 2929 3514 3058 3552; x_wconf 87' lang='lat' dir='ltr'><strong>nova</strong></span> <span class='ocrx_word' id='word_1_681' title='bbox 3097 3500 3439 3568; x_wconf 81' lang='lat' dir='ltr'><strong>conspersio:</strong></span> 
     </span>
    </p>
   </div>
   <div class='ocr_carea' id='block_1_96' title="bbox 1857 3586 3436 3661">
    <p class='ocr_par' dir='ltr' id='par_1_96' title="bbox 1857 3586 3436 3661">
     <span class='ocr_line' id='line_1_96' title="bbox 1857 3586 3436 3661; baseline 0 -18"><span class='ocrx_word' id='word_1_682' title='bbox 1857 3591 2106 3661; x_wconf 82' lang='lat' dir='ltr'><strong>quoniam</strong></span> <span class='ocrx_word' id='word_1_683' title='bbox 2162 3589 2359 3661; x_wconf 79' lang='lat' dir='ltr'><strong>pascha</strong></span> <span class='ocrx_word' id='word_1_684' title='bbox 2419 3598 2654 3643; x_wconf 83' lang='lat' dir='ltr'><strong>nostrum</strong></span> <span class='ocrx_word' id='word_1_685' title='bbox 2708 3587 3007 3641; x_wconf 82' lang='lat' dir='ltr'><strong>immolatus</strong></span> <span class='ocrx_word' id='word_1_686' title='bbox 3062 3597 3135 3641; x_wconf 85' lang='lat' dir='ltr'><strong>est</strong></span> <span class='ocrx_word' id='word_1_687' title='bbox 3195 3586 3436 3643; x_wconf 82' lang='lat' dir='ltr'><strong>Christus</strong></span> 
     </span>
    </p>
   </div>
   <div class='ocr_carea' id='block_1_97' title="bbox 1861 3678 3438 3751">
    <p class='ocr_par' dir='ltr' id='par_1_97' title="bbox 1861 3678 3438 3751">
     <span class='ocr_line' id='line_1_97' title="bbox 1861 3678 3438 3751; baseline -0.001 -18"><span class='ocrx_word' id='word_1_688' title='bbox 1861 3680 1912 3751; x_wconf 91' lang='lat' dir='ltr'><strong>(I</strong></span> <span class='ocrx_word' id='word_1_689' title='bbox 1944 3679 2066 3735; x_wconf 90' lang='lat' dir='ltr'><strong>Cor.</strong></span> <span class='ocrx_word' id='word_1_690' title='bbox 2089 3680 2143 3751; x_wconf 88' lang='lat' dir='ltr'><strong>v)</strong></span> <span class='ocrx_word' id='word_1_691' title='bbox 2167 3697 2182 3745; x_wconf 87' lang='lat'><strong>;</strong></span> <span class='ocrx_word' id='word_1_692' title='bbox 2212 3689 2430 3750; x_wconf 86' lang='lat' dir='ltr'><strong>propter</strong></span> <span class='ocrx_word' id='word_1_693' title='bbox 2452 3680 2593 3734; x_wconf 90' lang='lat' dir='ltr'><strong>hanc</strong></span> <span class='ocrx_word' id='word_1_694' title='bbox 2618 3693 2745 3750; x_wconf 84' lang='lat' dir='ltr'><strong>ergo</strong></span> <span class='ocrx_word' id='word_1_695' title='bbox 2767 3679 2891 3732; x_wconf 68' lang='lat' dir='ltr'><strong>vitae</strong></span> <span class='ocrx_word' id='word_1_696' title='bbox 2916 3678 3204 3733; x_wconf 89' lang='lat' dir='ltr'><strong>novitatem</strong></span> <span class='ocrx_word' id='word_1_697' title='bbox 3231 3678 3438 3749; x_wconf 89' lang='lat' dir='ltr'><strong>primus</strong></span> 
     </span>
    </p>
   </div>
   <div class='ocr_carea' id='block_1_98' title="bbox 1859 3768 3438 3839">
    <p class='ocr_par' dir='ltr' id='par_1_98' title="bbox 1859 3768 3438 3839">
     <span class='ocr_line' id='line_1_98' title="bbox 1859 3768 3438 3839; baseline -0.001 -14"><span class='ocrx_word' id='word_1_698' title='bbox 1859 3771 2062 3825; x_wconf 82' lang='lat' dir='ltr'><strong>mensis</strong></span> <span class='ocrx_word' id='word_1_699' title='bbox 2091 3786 2348 3824; x_wconf 88' lang='lat' dir='ltr'><strong>novorum</strong></span> <span class='ocrx_word' id='word_1_700' title='bbox 2379 3770 2430 3823; x_wconf 93' lang='lat' dir='ltr'><strong>in</strong></span> <span class='ocrx_word' id='word_1_701' title='bbox 2467 3770 2592 3823; x_wconf 88' lang='lat' dir='ltr'><strong>anni</strong></span> <span class='ocrx_word' id='word_1_702' title='bbox 2636 3769 2909 3823; x_wconf 86' lang='lat' dir='ltr'><strong>mensibus</strong></span> <span class='ocrx_word' id='word_1_703' title='bbox 2941 3768 3284 3823; x_wconf 84' lang='lat' dir='ltr'><strong>celebrationi</strong></span> <span class='ocrx_word' id='word_1_704' title='bbox 3319 3785 3438 3839; x_wconf 84' lang='lat' dir='ltr'><strong>pas-</strong></span> 
     </span>
    </p>
   </div>
   <div class='ocr_carea' id='block_1_99' title="bbox 1859 3860 3439 3933">
    <p class='ocr_par' dir='ltr' id='par_1_99' title="bbox 1859 3860 3439 3933">
     <span class='ocr_line' id='line_1_99' title="bbox 1859 3860 3439 3933; baseline -0.003 -15"><span class='ocrx_word' id='word_1_705' title='bbox 1859 3863 2000 3918; x_wconf 83' lang='lat' dir='ltr'><strong>chali</strong></span> <span class='ocrx_word' id='word_1_706' title='bbox 2028 3862 2252 3933; x_wconf 89' lang='lat' dir='ltr'><strong>mystice</strong></span> <span class='ocrx_word' id='word_1_707' title='bbox 2274 3863 2565 3916; x_wconf 88' lang='lat' dir='ltr'><strong>attributus</strong></span> <span class='ocrx_word' id='word_1_708' title='bbox 2585 3870 2685 3917; x_wconf 89' lang='lat' dir='ltr'><strong>est.</strong></span> <span class='ocrx_word' id='word_1_709' title='bbox 2711 3860 2862 3928; x_wconf 85' lang='lat' dir='ltr'><strong>Quod</strong></span> <span class='ocrx_word' id='word_1_710' title='bbox 2886 3876 3012 3916; x_wconf 90' lang='lat' dir='ltr'><strong>vero</strong></span> <span class='ocrx_word' id='word_1_711' title='bbox 3040 3860 3212 3915; x_wconf 79' lang='lat' dir='ltr'><strong>tertia:</strong></span> <span class='ocrx_word' id='word_1_712' title='bbox 3238 3861 3439 3914; x_wconf 79' lang='lat' dir='ltr'><strong>hebdo-</strong></span> 
     </span>
    </p>
   </div>
   <div class='ocr_carea' id='block_1_100' title="bbox 1859 3949 3434 4022">
    <p class='ocr_par' dir='ltr' id='par_1_100' title="bbox 1859 3949 3434 4022">
     <span class='ocr_line' id='line_1_100' title="bbox 1859 3949 3434 4022; baseline -0.002 -17"><span class='ocrx_word' id='word_1_713' title='bbox 1859 3952 2028 4018; x_wconf 65' lang='lat' dir='ltr'><strong>madzp</strong></span> <span class='ocrx_word' id='word_1_714' title='bbox 2052 3952 2139 4006; x_wconf 89' lang='lat' dir='ltr'><strong>die</strong></span> <span class='ocrx_word' id='word_1_715' title='bbox 2163 3952 2362 4022; x_wconf 86' lang='lat' dir='ltr'><strong>pascha</strong></span> <span class='ocrx_word' id='word_1_716' title='bbox 2388 3951 2712 4016; x_wconf 88' lang='lat' dir='ltr'><strong>celebratur,</strong></span> <span class='ocrx_word' id='word_1_717' title='bbox 2750 3949 2801 4004; x_wconf 91' lang='lat' dir='ltr'><strong>id</strong></span> <span class='ocrx_word' id='word_1_718' title='bbox 2831 3958 2940 4013; x_wconf 93' lang='lat' dir='ltr'><strong>est,</strong></span> <span class='ocrx_word' id='word_1_719' title='bbox 2972 3949 3061 4019; x_wconf 89' lang='lat' dir='ltr'><strong>qui</strong></span> <span class='ocrx_word' id='word_1_720' title='bbox 3104 3950 3217 4004; x_wconf 85' lang='lat' dir='ltr'><strong>dies</strong></span> <span class='ocrx_word' id='word_1_721' title='bbox 3244 3965 3434 4004; x_wconf 91' lang='lat' dir='ltr'><strong>oecur-</strong></span> 
     </span>
    </p>
   </div>
   <div class='ocr_carea' id='block_1_101' title="bbox 1860 4042 3437 4114">
    <p class='ocr_par' dir='ltr' id='par_1_101' title="bbox 1860 4042 3437 4114">
     <span class='ocr_line' id='line_1_101' title="bbox 1860 4042 3437 4114; baseline 0.001 -18"><span class='ocrx_word' id='word_1_722' title='bbox 1860 4043 1980 4096; x_wconf 87' lang='lat' dir='ltr'><strong>rita</strong></span> <span class='ocrx_word' id='word_1_723' title='bbox 2002 4043 2185 4112; x_wconf 86' lang='lat' dir='ltr'><strong>quinta</strong></span> <span class='ocrx_word' id='word_1_724' title='bbox 2211 4044 2416 4098; x_wconf 88' lang='lat' dir='ltr'><strong>decima</strong></span> <span class='ocrx_word' id='word_1_725' title='bbox 2439 4059 2608 4114; x_wconf 87' lang='lat' dir='ltr'><strong>usque</strong></span> <span class='ocrx_word' id='word_1_726' title='bbox 2631 4044 2682 4096; x_wconf 92' lang='lat' dir='ltr'><strong>in</strong></span> <span class='ocrx_word' id='word_1_727' title='bbox 2705 4042 3013 4096; x_wconf 87' lang='lat' dir='ltr'><strong>vicesimam</strong></span> <span class='ocrx_word' id='word_1_728' title='bbox 3041 4043 3266 4111; x_wconf 89' lang='lat' dir='ltr'><strong>primam</strong></span> <span class='ocrx_word' id='word_1_729' title='bbox 3294 4060 3306 4093; x_wconf 92' lang='lat'><strong>:</strong></span> <span class='ocrx_word' id='word_1_730' title='bbox 3336 4043 3437 4097; x_wconf 87' lang='lat' dir='ltr'><strong>hoe</strong></span> 
     </span>
    </p>
   </div>
   <div class='ocr_carea' id='block_1_102' title="bbox 1859 4128 3435 4203">
    <p class='ocr_par' dir='ltr' id='par_1_102' title="bbox 1859 4128 3435 4203">
     <span class='ocr_line' id='line_1_102' title="bbox 1859 4128 3435 4203; baseline -0.002 -17"><span class='ocrx_word' id='word_1_731' title='bbox 1859 4133 2127 4203; x_wconf 79' lang='lat' dir='ltr'><strong>signiﬁcat</strong></span> <span class='ocrx_word' id='word_1_732' title='bbox 2156 4151 2168 4186; x_wconf 91' lang='lat'>:</span> <span class='ocrx_word' id='word_1_733' title='bbox 2202 4134 2325 4202; x_wconf 90' lang='lat' dir='ltr'><strong>quia</strong></span> <span class='ocrx_word' id='word_1_734' title='bbox 2354 4133 2406 4186; x_wconf 95' lang='lat' dir='ltr'><strong>in</strong></span> <span class='ocrx_word' id='word_1_735' title='bbox 2435 4140 2546 4187; x_wconf 90' lang='lat' dir='ltr'><strong>toto</strong></span> <span class='ocrx_word' id='word_1_736' title='bbox 2572 4140 2811 4199; x_wconf 88' lang='lat' dir='ltr'><strong>tempore</strong></span> <span class='ocrx_word' id='word_1_737' title='bbox 2843 4128 3042 4195; x_wconf 75' lang='lat' dir='ltr'><strong>smculi,</strong></span> <span class='ocrx_word' id='word_1_738' title='bbox 3069 4130 3158 4199; x_wconf 90' lang='lat' dir='ltr'><strong>qui</strong></span> <span class='ocrx_word' id='word_1_739' title='bbox 3183 4138 3435 4198; x_wconf 88' lang='lat' dir='ltr'><strong>septena-</strong></span> 
     </span>
    </p>
   </div>
   <div class='ocr_carea' id='block_1_103' title="bbox 1862 4220 3436 4293">
    <p class='ocr_par' dir='ltr' id='par_1_103' title="bbox 1862 4220 3436 4293">
     <span class='ocr_line' id='line_1_103' title="bbox 1862 4220 3436 4293; baseline 0.001 -18"><span class='ocrx_word' id='word_1_740' title='bbox 1862 4223 1942 4276; x_wconf 89' lang='lat' dir='ltr'><strong>rio</strong></span> <span class='ocrx_word' id='word_1_741' title='bbox 1968 4223 2172 4276; x_wconf 89' lang='lat' dir='ltr'><strong>dierum</strong></span> <span class='ocrx_word' id='word_1_742' title='bbox 2204 4238 2429 4277; x_wconf 89' lang='lat' dir='ltr'><strong>numero</strong></span> <span class='ocrx_word' id='word_1_743' title='bbox 2457 4223 2650 4293; x_wconf 79' lang='lat' dir='ltr'><strong>agitur,</strong></span> <span class='ocrx_word' id='word_1_744' title='bbox 2677 4236 2817 4275; x_wconf 89' lang='lat' dir='ltr'><strong>nunc</strong></span> <span class='ocrx_word' id='word_1_745' title='bbox 2852 4220 3065 4274; x_wconf 87' lang='lat' dir='ltr'><strong>tertium</strong></span> <span class='ocrx_word' id='word_1_746' title='bbox 3098 4230 3306 4290; x_wconf 89' lang='lat' dir='ltr'><strong>tempus</strong></span> <span class='ocrx_word' id='word_1_747' title='bbox 3333 4221 3436 4276; x_wconf 89' lang='lat' dir='ltr'><strong>hoc</strong></span> 
     </span>
    </p>
   </div>
   <div class='ocr_carea' id='block_1_104' title="bbox 1860 4311 3435 4382">
    <p class='ocr_par' dir='ltr' id='par_1_104' title="bbox 1860 4311 3435 4382">
     <span class='ocr_line' id='line_1_104' title="bbox 1860 4311 3435 4382; baseline 0.001 -16"><span class='ocrx_word' id='word_1_748' title='bbox 1860 4321 2252 4367; x_wconf 79' lang='lat' dir='ltr'><strong>sacramentum</strong></span> <span class='ocrx_word' id='word_1_749' title='bbox 2285 4313 2510 4382; x_wconf 85' lang='lat' dir='ltr'><strong>aperuit.</strong></span> <span class='ocrx_word' id='word_1_750' title='bbox 2539 4311 2776 4365; x_wconf 87' lang='lat' dir='ltr'><strong>Primum</strong></span> <span class='ocrx_word' id='word_1_751' title='bbox 2804 4312 2945 4365; x_wconf 88' lang='lat' dir='ltr'><strong>enim</strong></span> <span class='ocrx_word' id='word_1_752' title='bbox 2978 4319 3186 4382; x_wconf 89' lang='lat' dir='ltr'><strong>tempus</strong></span> <span class='ocrx_word' id='word_1_753' title='bbox 3211 4321 3293 4367; x_wconf 89' lang='lat' dir='ltr'><strong>est</strong></span> <span class='ocrx_word' id='word_1_754' title='bbox 3312 4322 3435 4368; x_wconf 88' lang='lat' dir='ltr'><strong>ante</strong></span> 
     </span>
    </p>
   </div>
   <div class='ocr_carea' id='block_1_105' title="bbox 1860 4401 3433 4474">
    <p class='ocr_par' dir='ltr' id='par_1_105' title="bbox 1860 4401 3433 4474">
     <span class='ocr_line' id='line_1_105' title="bbox 1860 4401 3433 4474; baseline 0.001 -18"><span class='ocrx_word' id='word_1_755' title='bbox 1860 4404 2030 4474; x_wconf 82' lang='lat' dir='ltr'><strong>legem</strong></span> <span class='ocrx_word' id='word_1_756' title='bbox 2067 4421 2080 4457; x_wconf 90' lang='lat'><strong>:</strong></span> <span class='ocrx_word' id='word_1_757' title='bbox 2112 4406 2401 4457; x_wconf 85' lang='lat' dir='ltr'><strong>secundum</strong></span> <span class='ocrx_word' id='word_1_758' title='bbox 2430 4402 2529 4456; x_wconf 88' lang='lat' dir='ltr'><strong>sub</strong></span> <span class='ocrx_word' id='word_1_759' title='bbox 2554 4401 2672 4473; x_wconf 84' lang='lat' dir='ltr'><strong>iege</strong></span> <span class='ocrx_word' id='word_1_760' title='bbox 2698 4419 2711 4454; x_wconf 91' lang='lat'>:</span> <span class='ocrx_word' id='word_1_761' title='bbox 2746 4402 2961 4456; x_wconf 89' lang='lat' dir='ltr'><strong>tertium</strong></span> <span class='ocrx_word' id='word_1_762' title='bbox 2993 4401 3091 4456; x_wconf 88' lang='lat' dir='ltr'><strong>sub</strong></span> <span class='ocrx_word' id='word_1_763' title='bbox 3125 4403 3317 4472; x_wconf 81' lang='lat' dir='ltr'><strong>gratia,</strong></span> <span class='ocrx_word' id='word_1_764' title='bbox 3344 4403 3433 4457; x_wconf 79' lang='lat' dir='ltr'><strong>ubi</strong></span> 
     </span>
    </p>
   </div>
   <div class='ocr_carea' id='block_1_106' title="bbox 1854 4494 3434 4565">
    <p class='ocr_par' dir='ltr' id='par_1_106' title="bbox 1854 4494 3434 4565">
     <span class='ocr_line' id='line_1_106' title="bbox 1854 4494 3434 4565; baseline 0.002 -17"><span class='ocrx_word' id='word_1_765' title='bbox 1854 4496 1966 4564; x_wconf 88' lang='lat' dir='ltr'><strong>jam</strong></span> <span class='ocrx_word' id='word_1_766' title='bbox 2006 4494 2404 4549; x_wconf 82' lang='lat' dir='ltr'><strong>manifestatum</strong></span> <span class='ocrx_word' id='word_1_767' title='bbox 2435 4503 2517 4549; x_wconf 88' lang='lat' dir='ltr'><strong>est</strong></span> <span class='ocrx_word' id='word_1_768' title='bbox 2546 4502 2940 4549; x_wconf 83' lang='lat' dir='ltr'><strong>sacramentum</strong></span> <span class='ocrx_word' id='word_1_769' title='bbox 2969 4495 3116 4565; x_wconf 84' lang='lat' dir='ltr'><strong>prius</strong></span> <span class='ocrx_word' id='word_1_770' title='bbox 3164 4496 3434 4551; x_wconf 88' lang='lat' dir='ltr'><strong>occultum</strong></span> 
     </span>
    </p>
   </div>
   <div class='ocr_carea' id='block_1_107' title="bbox 1862 4586 3437 4659">
    <p class='ocr_par' dir='ltr' id='par_1_107' title="bbox 1862 4586 3437 4659">
     <span class='ocr_line' id='line_1_107' title="bbox 1862 4586 3437 4659; baseline 0.001 -16"><span class='ocrx_word' id='word_1_771' title='bbox 1862 4590 1915 4643; x_wconf 83' lang='lat' dir='ltr'><strong>in</strong></span> <span class='ocrx_word' id='word_1_772' title='bbox 1940 4589 2249 4658; x_wconf 87' lang='lat' dir='ltr'><strong>prophetico</strong></span> <span class='ocrx_word' id='word_1_773' title='bbox 2270 4589 2571 4659; x_wconf 76' lang='lat' dir='ltr'><strong>:enigmate.</strong></span> <span class='ocrx_word' id='word_1_774' title='bbox 2602 4586 2723 4641; x_wconf 87' lang='lat' dir='ltr'><strong>Ideo</strong></span> <span class='ocrx_word' id='word_1_775' title='bbox 2753 4595 2804 4642; x_wconf 88' lang='lat' dir='ltr'><strong>et</strong></span> <span class='ocrx_word' id='word_1_776' title='bbox 2832 4596 3047 4656; x_wconf 89' lang='lat' dir='ltr'><strong>propter</strong></span> <span class='ocrx_word' id='word_1_777' title='bbox 3073 4589 3186 4644; x_wconf 82' lang='lat' dir='ltr'><strong>hace</strong></span> <span class='ocrx_word' id='word_1_778' title='bbox 3212 4589 3314 4644; x_wconf 89' lang='lat' dir='ltr'><strong>tria</strong></span> <span class='ocrx_word' id='word_1_779' title='bbox 3343 4606 3437 4644; x_wconf 82' lang='lat' dir='ltr'><strong>sac-</strong></span> 
     </span>
    </p>
   </div>
   <div class='ocr_carea' id='block_1_108' title="bbox 1863 4677 3436 4749">
    <p class='ocr_par' dir='ltr' id='par_1_108' title="bbox 1863 4677 3436 4749">
     <span class='ocr_line' id='line_1_108' title="bbox 1863 4677 3436 4749; baseline 0.001 -16"><span class='ocrx_word' id='word_1_780' title='bbox 1863 4679 1966 4733; x_wconf 87' lang='lat' dir='ltr'><strong>culi</strong></span> <span class='ocrx_word' id='word_1_781' title='bbox 1998 4688 2236 4749; x_wconf 84' lang='lat' dir='ltr'><strong>tempora</strong></span> <span class='ocrx_word' id='word_1_782' title='bbox 2267 4679 2591 4733; x_wconf 83' lang='lat' dir='ltr'><strong>resurrectio</strong></span> <span class='ocrx_word' id='word_1_783' title='bbox 2621 4677 2830 4733; x_wconf 90' lang='lat' dir='ltr'><strong>Domini</strong></span> <span class='ocrx_word' id='word_1_784' title='bbox 2869 4679 3113 4734; x_wconf 87' lang='lat' dir='ltr'><strong>triduana</strong></span> <span class='ocrx_word' id='word_1_785' title='bbox 3145 4689 3244 4735; x_wconf 89' lang='lat' dir='ltr'><strong>est.</strong></span> <span class='ocrx_word' id='word_1_786' title='bbox 3282 4680 3436 4749; x_wconf 83' lang='lat' dir='ltr'><strong>Quod</strong></span> 
     </span>
    </p>
   </div>
   <div class='ocr_carea' id='block_1_109' title="bbox 1863 4768 3436 4841">
    <p class='ocr_par' dir='ltr' id='par_1_109' title="bbox 1863 4768 3436 4841">
     <span class='ocr_line' id='line_1_109' title="bbox 1863 4768 3436 4841; baseline 0.001 -17"><span class='ocrx_word' id='word_1_787' title='bbox 1863 4786 1994 4824; x_wconf 88' lang='lat' dir='ltr'><strong>vero</strong></span> <span class='ocrx_word' id='word_1_788' title='bbox 2016 4787 2042 4823; x_wconf 88' lang='lat' dir='ltr'><strong>a</strong></span> <span class='ocrx_word' id='word_1_789' title='bbox 2066 4771 2254 4838; x_wconf 74' lang='lat' dir='ltr'><strong>q-tinta</strong></span> <span class='ocrx_word' id='word_1_790' title='bbox 2285 4768 2488 4823; x_wconf 86' lang='lat' dir='ltr'><strong>decima</strong></span> <span class='ocrx_word' id='word_1_791' title='bbox 2517 4768 2640 4823; x_wconf 87' lang='lat' dir='ltr'><strong>luna</strong></span> <span class='ocrx_word' id='word_1_792' title='bbox 2687 4785 2856 4839; x_wconf 83' lang='lat' dir='ltr'><strong>usque</strong></span> <span class='ocrx_word' id='word_1_793' title='bbox 2900 4771 2966 4824; x_wconf 91' lang='lat' dir='ltr'><strong>ad</strong></span> <span class='ocrx_word' id='word_1_794' title='bbox 2995 4770 3297 4825; x_wconf 82' lang='lat' dir='ltr'><strong>vicesimam</strong></span> <span class='ocrx_word' id='word_1_795' title='bbox 3326 4774 3436 4841; x_wconf 88' lang='lat' dir='ltr'><strong>pri-</strong></span> 
     </span>
    </p>
   </div>
   <div class='ocr_carea' id='block_1_110' title="bbox 1867 4859 3429 4933">
    <p class='ocr_par' dir='ltr' id='par_1_110' title="bbox 1867 4859 3429 4933">
     <span class='ocr_line' id='line_1_110' title="bbox 1867 4859 3429 4933; baseline 0 -17"><span class='ocrx_word' id='word_1_796' title='bbox 1867 4877 2007 4916; x_wconf 91' lang='lat' dir='ltr'><strong>mam</strong></span> <span class='ocrx_word' id='word_1_797' title='bbox 2036 4875 2133 4929; x_wconf 89' lang='lat' dir='ltr'><strong>per</strong></span> <span class='ocrx_word' id='word_1_798' title='bbox 2162 4860 2276 4914; x_wconf 90' lang='lat' dir='ltr'><strong>dies</strong></span> <span class='ocrx_word' id='word_1_799' title='bbox 2304 4870 2505 4930; x_wconf 84' lang='lat' dir='ltr'><strong>septem</strong></span> <span class='ocrx_word' id='word_1_800' title='bbox 2540 4859 2808 4930; x_wconf 87' lang='lat' dir='ltr'><strong>paschalis</strong></span> <span class='ocrx_word' id='word_1_801' title='bbox 2846 4860 2961 4915; x_wconf 89' lang='lat' dir='ltr'><strong>dies</strong></span> <span class='ocrx_word' id='word_1_802' title='bbox 2995 4862 3254 4930; x_wconf 60' lang='lat' dir='ltr'><strong>qua‘ritur</strong></span> <span class='ocrx_word' id='word_1_803' title='bbox 3285 4860 3388 4933; x_wconf 87' lang='lat' dir='ltr'><strong>[ﬁt]</strong></span> <span class='ocrx_word' id='word_1_804' title='bbox 3416 4881 3429 4916; x_wconf 85' lang='lat'><strong>:</strong></span> 
     </span>
    </p>
   </div>
   <div class='ocr_carea' id='block_1_111' title="bbox 1863 4951 3434 5022">
    <p class='ocr_par' dir='ltr' id='par_1_111' title="bbox 1863 4951 3434 5022">
     <span class='ocr_line' id='line_1_111' title="bbox 1863 4951 3434 5022; baseline 0.001 -18"><span class='ocrx_word' id='word_1_805' title='bbox 1863 4958 2084 5020; x_wconf 88' lang='lat' dir='ltr'><strong>propter</strong></span> <span class='ocrx_word' id='word_1_806' title='bbox 2106 4951 2275 5019; x_wconf 89' lang='lat' dir='ltr'><strong>ipsum</strong></span> <span class='ocrx_word' id='word_1_807' title='bbox 2306 4966 2591 5005; x_wconf 89' lang='lat' dir='ltr'><strong>numerum</strong></span> <span class='ocrx_word' id='word_1_808' title='bbox 2618 4952 2978 5022; x_wconf 87' lang='lat' dir='ltr'><strong>septenarium</strong></span> <span class='ocrx_word' id='word_1_809' title='bbox 2995 4992 3009 5016; x_wconf 94' lang='lat'><strong>,</strong></span> <span class='ocrx_word' id='word_1_810' title='bbox 3037 4967 3142 5020; x_wconf 88' lang='lat' dir='ltr'><strong>quo</strong></span> <span class='ocrx_word' id='word_1_811' title='bbox 3169 4953 3434 5007; x_wconf 82' lang='lat' dir='ltr'><strong>universi-</strong></span> 
     </span>
    </p>
   </div>
   <div class='ocr_carea' id='block_1_112' title="bbox 1863 5038 3431 5110">
    <p class='ocr_par' dir='ltr' id='par_1_112' title="bbox 1863 5038 3431 5110">
     <span class='ocr_line' id='line_1_112' title="bbox 1863 5038 3431 5110; baseline 0.001 -18"><span class='ocrx_word' id='word_1_812' title='bbox 1863 5040 1992 5094; x_wconf 89' lang='lat' dir='ltr'><strong>tatis</strong></span> <span class='ocrx_word' id='word_1_813' title='bbox 2035 5040 2356 5110; x_wconf 81' lang='lat' dir='ltr'><strong>signiiicatio</strong></span> <span class='ocrx_word' id='word_1_814' title='bbox 2400 5053 2539 5108; x_wconf 61' lang='lat' dir='ltr'><strong>saepe</strong></span> <span class='ocrx_word' id='word_1_815' title='bbox 2570 5038 2859 5110; x_wconf 86' lang='lat' dir='ltr'><strong>ﬁguratur,</strong></span> <span class='ocrx_word' id='word_1_816' title='bbox 2889 5040 2979 5109; x_wconf 84' lang='lat' dir='ltr'><strong>qui</strong></span> <span class='ocrx_word' id='word_1_817' title='bbox 3010 5041 3172 5094; x_wconf 90' lang='lat' dir='ltr'><strong>etiam</strong></span> <span class='ocrx_word' id='word_1_818' title='bbox 3203 5040 3301 5109; x_wconf 89' lang='lat' dir='ltr'><strong>ipsi</strong></span> <span class='ocrx_word' id='word_1_819' title='bbox 3332 5040 3431 5095; x_wconf 83' lang='lat' dir='ltr'><strong>Ec-</strong></span> 
     </span>
    </p>
   </div>
   <div class='ocr_carea' id='block_1_113' title="bbox 1862 5129 3433 5199">
    <p class='ocr_par' dir='ltr' id='par_1_113' title="bbox 1862 5129 3433 5199">
     <span class='ocr_line' id='line_1_113' title="bbox 1862 5129 3433 5199; baseline 0 -14"><span class='ocrx_word' id='word_1_820' title='bbox 1862 5129 2040 5185; x_wconf 67' lang='lat' dir='ltr'><strong>clesia:</strong></span> <span class='ocrx_word' id='word_1_821' title='bbox 2076 5131 2328 5184; x_wconf 83' lang='lat' dir='ltr'><strong>tribuitur</strong></span> <span class='ocrx_word' id='word_1_822' title='bbox 2349 5139 2565 5199; x_wconf 90' lang='lat' dir='ltr'><strong>propter</strong></span> <span class='ocrx_word' id='word_1_823' title='bbox 2587 5131 2757 5185; x_wconf 90' lang='lat' dir='ltr'><strong>instar</strong></span> <span class='ocrx_word' id='word_1_824' title='bbox 2781 5130 3168 5185; x_wconf 87' lang='lat' dir='ltr'><strong>universitatis.</strong></span> <span class='ocrx_word' id='word_1_825' title='bbox 3203 5130 3351 5185; x_wconf 91' lang='lat' dir='ltr'><strong>Unde</strong></span> <span class='ocrx_word' id='word_1_826' title='bbox 3377 5141 3433 5185; x_wconf 89' lang='lat' dir='ltr'><strong>et</strong></span> 
     </span>
    </p>
   </div>
   <div class='ocr_carea' id='block_1_114' title="bbox 1812 5218 3429 5289">
    <p class='ocr_par' dir='ltr' id='par_1_114' title="bbox 1812 5218 3429 5289">
     <span class='ocr_line' id='line_1_114' title="bbox 1812 5218 3429 5289; baseline -0.003 -14"><span class='ocrx_word' id='word_1_827' title='bbox 1812 5274 1817 5275; x_wconf 63' lang='lat'><strong><em>,</em></strong></span> <span class='ocrx_word' id='word_1_828' title='bbox 1862 5220 2096 5276; x_wconf 77' lang='lat' dir='ltr'><strong>Ioannes</strong></span> <span class='ocrx_word' id='word_1_829' title='bbox 2125 5219 2395 5289; x_wconf 86' lang='lat' dir='ltr'><strong>apostolus</strong></span> <span class='ocrx_word' id='word_1_830' title='bbox 2425 5220 2476 5272; x_wconf 92' lang='lat' dir='ltr'><strong>in</strong></span> <span class='ocrx_word' id='word_1_831' title='bbox 2511 5218 2827 5289; x_wconf 80' lang='lat' dir='ltr'><strong>Apocalypsi</strong></span> <span class='ocrx_word' id='word_1_832' title='bbox 2860 5219 3040 5289; x_wconf 75' lang='lat' dir='ltr'><strong>(Apoc.</strong></span> <span class='ocrx_word' id='word_1_833' title='bbox 3072 5220 3112 5288; x_wconf 87' lang='grc' dir='ltr'><strong>ι)</strong></span> <span class='ocrx_word' id='word_1_834' title='bbox 3135 5219 3200 5273; x_wconf 89' lang='lat' dir='ltr'><strong>ad</strong></span> <span class='ocrx_word' id='word_1_835' title='bbox 3226 5227 3429 5287; x_wconf 88' lang='lat' dir='ltr'><strong>septem</strong></span> 
     </span>
    </p>
   </div>
   <div class='ocr_carea' id='block_1_115' title="bbox 1864 5305 3430 5379">
    <p class='ocr_par' dir='ltr' id='par_1_115' title="bbox 1864 5305 3430 5379">
     <span class='ocr_line' id='line_1_115' title="bbox 1864 5305 3430 5379; baseline -0.003 -16"><span class='ocrx_word' id='word_1_836' title='bbox 1864 5309 2080 5379; x_wconf 89' lang='lat' dir='ltr'><strong>scripsit</strong></span> <span class='ocrx_word' id='word_1_837' title='bbox 2103 5308 2380 5364; x_wconf 86' lang='lat' dir='ltr'><strong>ecclesias.</strong></span> <span class='ocrx_word' id='word_1_838' title='bbox 2416 5307 2650 5362; x_wconf 86' lang='lat' dir='ltr'><strong>Ecclesia</strong></span> <span class='ocrx_word' id='word_1_839' title='bbox 2680 5323 2807 5362; x_wconf 85' lang='lat' dir='ltr'><strong>vero</strong></span> <span class='ocrx_word' id='word_1_840' title='bbox 2836 5307 3008 5361; x_wconf 83' lang='lat' dir='ltr'><strong>adhuc</strong></span> <span class='ocrx_word' id='word_1_841' title='bbox 3029 5305 3081 5359; x_wconf 90' lang='lat' dir='ltr'><strong>in</strong></span> <span class='ocrx_word' id='word_1_842' title='bbox 3105 5306 3430 5361; x_wconf 75' lang='lat' dir='ltr'><strong>istamorta-</strong></span> 
     </span>
    </p>
   </div>
   <div class='ocr_carea' id='block_1_116' title="bbox 1863 5395 3431 5466">
    <p class='ocr_par' dir='ltr' id='par_1_116' title="bbox 1863 5395 3431 5466">
     <span class='ocr_line' id='line_1_116' title="bbox 1863 5395 3431 5466; baseline -0.001 -15"><span class='ocrx_word' id='word_1_843' title='bbox 1863 5399 2011 5452; x_wconf 90' lang='lat' dir='ltr'><strong>litate</strong></span> <span class='ocrx_word' id='word_1_844' title='bbox 2046 5398 2225 5453; x_wconf 89' lang='lat' dir='ltr'><strong>carnis</strong></span> <span class='ocrx_word' id='word_1_845' title='bbox 2257 5397 2579 5462; x_wconf 85' lang='lat' dir='ltr'><strong>constituta,</strong></span> <span class='ocrx_word' id='word_1_846' title='bbox 2627 5407 2848 5466; x_wconf 83' lang='lat' dir='ltr'><strong>propter</strong></span> <span class='ocrx_word' id='word_1_847' title='bbox 2885 5396 3056 5465; x_wconf 90' lang='lat' dir='ltr'><strong>ipsam</strong></span> <span class='ocrx_word' id='word_1_848' title='bbox 3102 5395 3431 5450; x_wconf 86' lang='lat' dir='ltr'><strong>mutabilita-</strong></span> 
     </span>
    </p>
   </div>
   <div class='ocr_carea' id='block_1_117' title="bbox 1866 5486 3429 5557">
    <p class='ocr_par' dir='ltr' id='par_1_117' title="bbox 1866 5486 3429 5557">
     <span class='ocr_line' id='line_1_117' title="bbox 1866 5486 3429 5557; baseline 0.001 -14"><span class='ocrx_word' id='word_1_849' title='bbox 1866 5499 1994 5552; x_wconf 90' lang='lat' dir='ltr'><strong>tem,</strong></span> <span class='ocrx_word' id='word_1_850' title='bbox 2030 5489 2168 5542; x_wconf 68' lang='lat' dir='ltr'><strong>lunte</strong></span> <span class='ocrx_word' id='word_1_851' title='bbox 2196 5488 2449 5551; x_wconf 72' lang='lat' dir='ltr'><strong>nomine,</strong></span> <span class='ocrx_word' id='word_1_852' title='bbox 2487 5487 2540 5542; x_wconf 92' lang='lat' dir='ltr'><strong>in</strong></span> <span class='ocrx_word' id='word_1_853' title='bbox 2583 5487 2863 5557; x_wconf 89' lang='lat' dir='ltr'><strong>scripturis</strong></span> <span class='ocrx_word' id='word_1_854' title='bbox 2891 5486 3236 5556; x_wconf 88' lang='lat' dir='ltr'><strong>signiﬁcatur.</strong></span> <span class='ocrx_word' id='word_1_855' title='bbox 3270 5487 3429 5545; x_wconf 80' lang='lat' dir='ltr'><strong>Varia</strong></span> 
     </span>
    </p>
   </div>
   <div class='ocr_carea' id='block_1_118' title="bbox 1867 5598 3432 5673">
    <p class='ocr_par' dir='ltr' id='par_1_118' title="bbox 1867 5598 3432 5673">
     <span class='ocr_line' id='line_1_118' title="bbox 1867 5598 3432 5673; baseline 0.001 -20"><span class='ocrx_word' id='word_1_856' title='bbox 1867 5601 2028 5673; x_wconf 70' lang='lat' dir='ltr'><strong>Deum</strong></span> <span class='ocrx_word' id='word_1_857' title='bbox 2053 5598 2305 5673; x_wconf 45' lang='lat' dir='ltr'><strong>Filium;</strong></span> <span class='ocrx_word' id='word_1_858' title='bbox 2326 5600 2490 5673; x_wconf 57' lang='lat' dir='ltr'><strong>cujus</strong></span> <span class='ocrx_word' id='word_1_859' title='bbox 2515 5599 2837 5654; x_wconf 80' lang='lat' dir='ltr'><strong>contrarium</strong></span> <span class='ocrx_word' id='word_1_860' title='bbox 2862 5606 3041 5652; x_wconf 85' lang='lat' dir='ltr'><strong>sancta</strong></span> <span class='ocrx_word' id='word_1_861' title='bbox 3077 5598 3306 5671; x_wconf 76' lang='lat' dir='ltr'><strong>synodus</strong></span> <span class='ocrx_word' id='word_1_862' title='bbox 3341 5616 3432 5673; x_wconf 75' lang='lat' dir='ltr'><strong>per</strong></span> 
     </span>
    </p>
   </div>
   <div class='ocr_carea' id='block_1_119' title="bbox 1864 5668 2428 5739">
    <p class='ocr_par' dir='ltr' id='par_1_119' title="bbox 1864 5668 2428 5739">
     <span class='ocr_line' id='line_1_119' title="bbox 1864 5668 2428 5739; baseline -0.009 -15"><span class='ocrx_word' id='word_1_863' title='bbox 1864 5668 2153 5739; x_wconf 81' lang='lat' dir='ltr'><strong>symbolum</strong></span> <span class='ocrx_word' id='word_1_864' title='bbox 2180 5668 2428 5737; x_wconf 74' lang='lat' dir='ltr'><strong>deﬁnivit.</strong></span> 
     </span>
    </p>
   </div>
  </div>
