4064 6206
394 357 494 412 127

1025 349 1086 404 Β.
1129 347 1378 404 RABANI
1419 345 1634 402 MAURI
1674 338 2316 402 ARCHIERMOGUNT.
2357 338 2642 396 OPERUM
2685 339 2866 396 PARS
2905 341 2966 395 ll.

3552 338 3654 393 iis

391 477 571 522 autem
604 461 950 520 observantia
992 460 1304 530 opinionum
1352 457 1622 528 paschalis
1665 453 1972 511 festivitatis
2003 454 2046 512 Α
2076 449 2311 505 circulus
2340 465 2516 504 nonus
2545 450 2788 506 decimus
2815 469 2828 504 ε
2855 451 2968 520 iam
2995 452 3240 520 sequenti
3267 465 3408 506 anno
3437 465 3542 504 non
3567 451 3656 504 ad.

389 558 660 614 interdum
706 567 944 610 errorem
1001 549 1190 620 gignit.
1239 547 1414 602 Latini
1461 561 1690 616 namque
1735 560 1764 598 a
1811 544 1970 598 tertio

389 649 572 705 Nonas
599 645 775 702 Martii
799 658 969 712 usque
1026 645 1078 696 in
1113 640 1328 696 tertium
1360 638 1540 694 Nonas
1571 637 1774 706 Aprilis
1809 635 1968 705 primi

389 737 594 795 mensis
623 735 807 792 lunam
838 733 1118 804 inquirunt
1147 749 1161 785 :
1191 737 1248 786 et
1285 731 1330 785 si
1368 731 1555 800 quinta
1597 729 1804 784 decima
1845 727 1968 782 luna

390 831 478 887 die
506 828 784 884 Dominico
810 825 1136 898 pervenerit,
1159 825 1211 880 in
1231 826 1336 880 alio
1354 825 1440 880 die
1464 824 1740 879 Dominico
1763 824 1967 894 pascha

389 929 729 999 protrahunt.
773 924 950 981 Crteci
994 923 1153 995 primi
1198 921 1400 976 mensis
1439 919 1619 973 lunam
1667 917 1735 971 ab
1775 923 1970 970 octavo

391 1018 513 1073 ldus
541 1015 716 1070 Martii
745 1029 914 1084 usque
981 1013 1037 1068 in
1076 1012 1218 1067 diem
1258 1009 1532 1066 Nonarum
1558 1007 1758 1078 Aprilis
1782 1005 1968 1060 obser-

391 1117 550 1164 vant:
572 1115 628 1163 et
655 1107 700 1162 si
727 1105 912 1176 quinta
939 1103 1145 1160 decima
1169 1103 1293 1158 luna
1320 1103 1407 1157 die
1429 1099 1706 1156 Dominico
1728 1103 1970 1153 incurre~

318 1201 326 1208 ’
389 1201 488 1267 rit,
525 1206 772 1255 sanctum
795 1197 995 1266 pascha
1032 1194 1326 1252 celebrant.
1362 1190 1676 1260 Huiusmodi
1703 1190 1969 1262 ergodis-

387 1293 565 1349 sensio
589 1291 733 1346 inter
756 1301 1013 1360 utrosque
1064 1287 1374 1360 paschalem
1401 1285 1641 1356 regulam
1671 1285 1872 1339 turbat.

455 1379 768 1437 Communis
807 1393 980 1435 annus
1015 1376 1249 1443 dicitur,
1289 1376 1379 1446 qui
1420 1374 1700 1430 duodecim
1759 1379 1965 1426 tantum

384 1469 562 1536 lunas,
587 1470 691 1526 hoc
714 1479 816 1536 est,
861 1470 975 1525 dies
1005 1475 1276 1524 trecentos
1301 1465 1687 1538 quinquaginta
1733 1471 1968 1534 quatuor

385 1561 566 1616 habet.
596 1560 783 1616 Dictus
820 1567 1000 1614 autem
1031 1557 1367 1622 communis,
1403 1555 1528 1624 quia
1565 1567 1707 1624 saepe
1747 1553 1852 1608 duo
1890 1552 1962 1605 ita

381 1648 653 1718 conjuncti
681 1649 955 1712 incedunt,
995 1655 1053 1702 ut
1083 1647 1314 1702 invicem
1341 1659 1400 1700 se
1423 1645 1474 1699 in
1506 1639 1742 1715 paschali
1773 1641 1968 1700 solem-

383 1740 550 1794 nitate
578 1747 894 1808 sequantur.
927 1727 1062 1792 Nam
1101 1734 1488 1814 embolismalis
1533 1749 1710 1788 annus
1751 1747 1965 1802 semper

381 1832 528 1888 solus
552 1839 654 1886 est.

449 1921 814 1977 Embolismus
855 1935 1028 1976 anuus
1066 1927 1152 1975 est
1173 1959 1190 1986 ,
1220 1917 1312 1988 qui
1344 1915 1600 1973 tredecim
1636 1928 1852 1974 menses
1880 1911 1962 1966 lu-

383 2029 570 2077 nares,
601 2012 656 2068 id
697 2021 813 2078 est,
852 2025 1150 2071 cccuxxtv
1195 2011 1314 2065 dies
1353 2009 1554 2064 habere
1605 2013 1957 2060 monstratur.

381 2106 498 2176 Ipse
531 2111 616 2160 est
643 2119 817 2159 annus
865 2115 1052 2159 sancto
1086 2101 1255 2172 Moysi
1287 2099 1542 2155 divinitus
1581 2096 1872 2159 revelatus,
1906 2094 1960 2150 in

378 2192 764 2264 quoiubentur
790 2193 876 2256 hi,
907 2191 999 2262 qui
1030 2191 1240 2260 longius
1269 2189 1614 2252 habitabant,
1643 2187 1695 2240 in
1726 2186 1962 2242 secundo

380 2299 566 2340 mense
592 2283 792 2354 pascha
827 2281 1123 2337 celebrare.
1162 2278 1520 2334 Embo'lismus
1549 2284 1729 2330 autem
1763 2289 1962 2329 nomen

377 2389 614 2446 ganeum
630 2383 715 2428 est
734 2372 875 2442 quod
904 2371 1293 2442 interpretatur
1337 2367 1520 2429 latine,
1544 2379 1963 2436 supcraugmea-

379 2473 624 2521 tumzeo
668 2463 810 2534 quod
839 2460 1056 2532 expleat
1099 2474 1383 2516 numerum
1414 2472 1676 2512 annorum
1724 2471 1962 2510 commu-

376 2555 558 2620 nium,
583 2555 778 2625 quibus
810 2553 1058 2608 undecim
1113 2553 1331 2605 lunares
1363 2550 1480 2604 dies
1509 2549 1698 2604 deesse
1727 2564 1961 2604 cernun-

377 2653 487 2704 tur.
527 2644 838 2702 Embolismi
883 2651 1063 2698 autem
1103 2642 1230 2696 anni
1263 2648 1318 2695 et
1359 2652 1672 2695 communes
1703 2638 1784 2692 sic
1813 2638 1961 2692 inve-

379 2741 618 2795 niuntur.
652 2737 710 2793 Si
741 2737 884 2792 enim
924 2753 953 2790 a
985 2733 1388 2807 quartadecima
1419 2731 1543 2785 luna
1574 2731 1786 2800 paschae
1818 2745 1957 2800 prm-

376 2829 622 2887 cedentis
674 2844 843 2899 usque
924 2829 992 2882 ad
1061 2834 1309 2896 quartam
1361 2823 1626 2878 decimam
1681 2822 1958 2892 sequentis

377 2935 678 2977 cccuxxnt
727 2920 842 2975 dies
883 2915 1495 2972 fuerintzentbolismus
1538 2927 1711 2968 annus
1753 2922 1837 2968 est
1867 2931 1880 2968 :
1911 2915 1957 2970 si

377 3029 560 3070 cccuv
585 3011 906 3069 communis.

447 3107 722 3162 Bissextus
760 3115 842 3160 cst
870 3120 970 3174 per
998 3119 1166 3158 annos
1193 3112 1448 3173 quatuor,
1475 3119 1616 3157 unus
1656 3101 1771 3158 dics
1811 3099 1957 3170 adie-
1987 3168 2027 3185 η

377 3199 752 3254 ctus:crcscit
790 3197 932 3252 enim
983 3211 1081 3265 per
1117 3193 1354 3266 singulos
1397 3208 1568 3248 annos
1609 3201 1798 3263 quarta
1831 3208 1958 3262 pars
1985 3171 2029 3227 (λ

375 3289 533 3344 assis.
573 3288 643 3343 At
687 3288 778 3343 ubi
821 3293 1016 3357 quarto
1061 3303 1202 3340 anno
1229 3301 1404 3340 assem
1448 3283 1816 3356 compleverit,
1846 3284 1959 3338 bis-

374 3387 585 3433 sextum
621 3393 820 3432 annum
865 3375 1012 3432 facit.
1059 3377 1244 3431 Dictus
1272 3383 1451 3430 autem
1485 3374 1785 3439 bissextus,
1817 3374 1961 3443 quod

375 3468 459 3523 bis
485 3467 662 3523 sexies
686 3466 878 3520 ductus
909 3480 1084 3520 assem
1132 3464 1284 3530 facit,
1327 3463 1471 3534 quod
1513 3474 1596 3518 est
1639 3478 1782 3518 unus
1821 3463 1958 3528 dies,

374 3558 518 3613 sicut
557 3566 612 3612 et
647 3557 921 3627 quadrans
976 3564 1196 3626 propter
1245 3564 1479 3626 quatuor
1529 3556 1769 3620 ductum,
1819 3556 1961 3626 quod

373 3657 460 3704 est
485 3648 779 3710 bissextus,
812 3663 972 3718 quem
1001 3649 1100 3702 sub
1136 3648 1344 3702 dierum
1373 3663 1533 3702 cursu
1567 3648 1619 3701 in
1649 3662 1847 3700 annum
1879 3646 1960 3702 sol

376 3735 527 3792 facit.
555 3737 906 3792 Interealares
931 3745 1111 3791 autem
1140 3738 1255 3792 dies
1279 3737 1482 3791 idcirco
1506 3744 1764 3804 vocantur
1780 3777 1794 3800 ,
1817 3736 1962 3805 quod

375 3828 827 3898 interponuntur,
869 3835 928 3882 ut
963 3827 1100 3882 ratio
1149 3827 1288 3881 luna:
1334 3826 1571 3895 solisque
1649 3825 1956 3880 conveniat.

374 3919 564 3975 Calare
584 3919 727 3974 enim
755 3935 956 3991 ponere
991 3920 1206 3974 dicitur.
1239 3919 1586 3984 lutercalare,
1620 3919 1964 3987 interponere

373 4011 489 4066 sive
513 4009 593 4083 (ut
617 4010 709 4065 alii
733 4009 939 4082 volunt)
963 4010 1175 4076 calare,
1200 4025 1394 4064 vocare
1423 4010 1641 4062 dicitur.
1673 4007 1806 4062 Nam
1840 4023 1964 4062 ver-

375 4105 500 4160 bum
521 4104 638 4160 calo
651 4104 898 4162 Crtecum
924 4112 1024 4168 est,
1052 4104 1104 4158 id
1134 4114 1238 4167 est,
1261 4118 1411 4157 voco.
1436 4102 1635 4156 Dicunt
1653 4101 1798 4156 enim
1821 4101 1965 4170 quod

375 4194 636 4264 pontifex,
666 4195 876 4260 Kalata,
922 4197 974 4252 id
1003 4205 1108 4260 est,
1145 4203 1332 4249 vocata
1365 4195 1416 4248 iu
1445 4193 1767 4264 Capitolium
1809 4193 1964 4262 plebe

375 4285 522 4356 iuxta
547 4287 752 4342 curiam
773 4287 1148 4349 calabrariam,
1176 4303 1294 4356 qnte
1315 4301 1453 4342 casce
1481 4285 1694 4340 Romuli
1719 4286 1962 4356 proxima

375 4391 480 4446 est,
506 4389 640 4450 quot
659 4381 775 4436 dies
794 4397 825 4435 a
851 4380 1105 4435 Kalendis
1135 4381 1202 4434 ad
1233 4379 1414 4434 Nonas
1447 4387 1814 4448 superessent,
1841 4393 1964 4449 pro-

380 4469 690 4523 nuntiabat:
709 4477 761 4522 et
781 4469 1070 4537 quintanas
1090 4469 1308 4538 quidem
1329 4469 1472 4524 dicto
1491 4469 1778 4540 quinquies
1797 4467 1962 4523 verbo
1985 4507 2038 4566 D

376 4559 534 4624 Kalo,
549 4561 876 4630 septimanas
894 4561 1124 4631 repetito
1145 4561 1344 4635 septies
1361 4561 1710 4631 praedicabat.
1727 4561 1960 4631 Epactas

378 4651 553 4706 Grmci
595 4659 828 4715 vocant,
860 4649 1038 4706 Latini
1091 4650 1423 4720 adiectiones
1465 4666 1671 4706 annuas
1725 4651 1960 4716 lunares,

379 4756 501 4811 quae
539 4755 638 4812 per
685 4740 1042 4796 undenarium
1078 4757 1362 4796 numerum
1402 4757 1576 4812 usque
1627 4742 1695 4796 ad
1730 4741 1962 4796 tricena-

380 4833 518 4888 rium
547 4832 600 4888 in
627 4849 685 4890 se
706 4832 1074 4899 revolvuntur,
1099 4848 1235 4904 quas
1261 4833 1382 4889 ideo
1407 4833 1646 4905 [Egyptii
1673 4833 1982 4902 adjiciunt,‘

379 4934 439 4981 ut
468 4925 674 4981 lunaris
697 4925 938 4980 emensio
966 4926 1158 4980 rationi
1193 4925 1322 4980 solis
1339 4934 1602 4995 minetur.
1636 4925 1786 4980 Luna
1813 4927 1959 4982 enim

374 5017 527 5090 iuxta
557 5033 774 5074 cursum
795 5033 953 5073 suum
983 5018 1169 5090 viginti
1197 5034 1389 5073 novem
1429 5017 1592 5074 semis
1619 5019 1734 5074 dies
1779 5019 1960 5075 lucere

381 5109 735 5180 dignoscitur,
758 5117 812 5164 et
834 5108 1036 5164 ﬁuntin
1063 5109 1394 5166 annolunari
1419 5111 1534 5167 dies
1555 5125 1765 5176 cccuv,
1783 5125 1957 5164 rema-

381 5208 515 5256 nent
545 5199 616 5255 ad
661 5217 878 5258 cursum
927 5203 1052 5258 anni
1103 5203 1294 5258 solaris
1339 5204 1455 5260 dies
1496 5203 1777 5267 undecim,
1823 5218 1959 5273 quos

381 5293 618 5365 JEgyptil
671 5293 931 5364 adjiciunt
981 5293 1148 5350 unde
1179 5302 1236 5350 et
1287 5293 1618 5363 adiectiones
1673 5301 1953 5350 vocantur.

380 5383 597 5452 Absque
620 5384 704 5440 his
730 5401 836 5440 non
865 5385 1104 5441 invenies
1126 5386 1329 5450 lunam,
1355 5395 1516 5456 quota
1547 5387 1618 5440 sit
1643 5386 1696 5440 in
1719 5385 1962 5456 quolibet

382 5491 522 5530 anno
548 5485 602 5531 et
631 5494 812 5534 mense
843 5487 898 5535 et
921 5479 1026 5534 die.
1054 5480 1174 5535 ista:
1203 5488 1406 5549 epacta:
1433 5495 1648 5550 semper
1673 5479 1959 5534 undecimo

385 5567 501 5621 Kal.
529 5567 728 5636 Aprilis
745 5570 1087 5640 reperiuntur
1109 5571 1160 5625 in
1182 5572 1370 5626 eadem
1394 5571 1539 5636 luna,
1565 5585 1684 5638 quae
1705 5569 1866 5626 fuerit
1894 5583 1960 5624 eo

383 5658 490 5711 die.
523 5654 880 5712 Continentnr
915 5667 1096 5714 autem
1131 5659 1334 5714 circulo
1366 5659 1781 5714 dcccnnovcnali
1821 5677 1832 5714 :
1865 5659 1958 5713 scd

385 5761 508 5804 cum
538 5746 600 5802 ad
631 5746 816 5818 viginti
843 5763 1033 5805 novem
1080 5757 1299 5819 cpactas
1341 5749 1714 5819 pervenerint,
1756 5749 1845 5818 qui
1879 5756 1960 5803 est

2075 539 2170 594 des
2209 553 2372 608 super
2411 539 2602 608 viginti
2639 553 2830 593 novem
2865 538 3112 594 undecim
3141 549 3200 593 ut
3228 539 3416 593 decem
3447 554 3660 592 annun-

2074 630 2195 695 ties,
2223 631 2316 685 sed
2337 630 2593 686 detractis
2613 631 2831 700 triginta
2857 631 2981 686 inde
3005 631 3316 692 revertaris.
3339 639 3402 689 ut
3412 630 3660 688 undecim

2069 721 2408 791 pronunties.

2676 811 2904 868 CAPUT
2941 809 3034 867 IX.

2071 923 2150 978 De
2192 923 2370 996 oﬁiciis
2411 922 2710 986 canonicis,
2747 931 2797 977 et
2837 922 2901 976 de
2937 923 3018 977 his
3059 939 3176 992 quw
3205 923 3261 977 in
3307 921 3543 980 Ecclesia
3583 924 3659 981 (e-

2505 1001 2702 1064 guntur
2729 1003 2884 1066 atque
2911 1005 3192 1048 canuntur.

2138 1101 2446 1162 Otllciorum
2474 1105 2703 1175 plurima
2733 1120 2932 1174 genera
2966 1120 3086 1160 esse
3111 1114 3322 1160 constat
3353 1108 3492 1161 :lsed
3519 1122 3659 1176 prte-

2069 1195 2270 1266 cipium
2311 1194 2462 1261 illud,
2505 1195 2648 1264 quod
2684 1195 2738 1249 in
2767 1195 2937 1250 sacris
2965 1195 3270 1265 divinisque
3299 1196 3458 1254 rebus
3489 1197 3658 1252 habe-

2070 1297 2176 1344 tur.
2194 1287 2436 1346 Ollicium
2460 1288 2528 1344 ab
2541 1286 2822 1343 efﬁciendo
2841 1287 3067 1355 dictum,
3082 1288 3236 1358 quasi
3252 1287 3512 1355 cilicium;
3535 1306 3657 1362 pro-

2067 1390 2188 1450 pter
2213 1379 2462 1435 decorem
2491 1378 2778 1442 sermonis,
2807 1393 2910 1432 una
2937 1387 3143 1432 mutata
3165 1377 3370 1444 littera,
3389 1379 3471 1432 vel
3503 1389 3658 1436 cer-te

2068 1478 2126 1523 ut
2147 1469 2374 1540 quisque
2413 1469 2500 1522 illa
2533 1477 2686 1539 agat,
2721 1483 2841 1538 qua:
2866 1466 2996 1523 nulli
3021 1465 3288 1534 ofﬁciant,
3329 1468 3421 1524 sed
3441 1469 3656 1537 prosint

2065 1561 2334 1617 omnibus.
2352 1558 2730 1629 Vcspertinum
2745 1555 2980 1613 ofﬁcium
2999 1565 3083 1613 εει
3098 1559 3150 1612 in
3174 1557 3326 1613 initio
3344 1558 3542 1623 noctis,
3557 1575 3653 1613 vo-

2066 1659 2247 1707 catum
2270 1649 2338 1705 ab
2355 1649 2510 1705 stella
2530 1646 2790 1719 Vespere,
2804 1663 2924 1717 qua:
2944 1647 3116 1720 surgit
3135 1647 3347 1702 oriente
3371 1656 3550 1704 nocte.
3573 1647 3654 1704 De

2066 1755 2175 1811 quo
2205 1739 2380 1796 oﬁicio
2398 1739 2686 1797 Psalmista
2721 1749 3111 1795 mtnmemorat
3146 1739 3332 1794 dicens
3363 1757 3377 1794 :
3413 1739 3654 1796 Elevatio

2058 1849 2312 1888 incultum
2333 1849 2568 1888 mearum
2587 1831 2906 1900 sacriﬁcium
2925 1831 3270 1902 vespertinum
3295 1828 3470 1900 (Psal.
3497 1827 3648 1905 CXL).

2059 1923 2300 1978 Elevatio
2321 1938 2577 1978 manuum
2597 1937 2818 1991 operam
2843 1921 3008 1992 piam,
3031 1935 3152 1990 quae
3171 1929 3266 1976 aut
3289 1920 3652 1991 eleemosynis

2057 2021 2374 2076 exercetur,
2397 2021 2488 2066 aut
2519 2013 2572 2068 in
2603 2012 2780 2082 aliqua
2799 2009 3064 2082 probabili
3089 2010 3503 2066 conversatione
3525 2025 3648 2078 per-

2060 2101 2258 2171 agitur.
2299 2100 2636 2157 Sacriﬁcium
2666 2115 2794 2156 vero
2821 2100 3188 2171 vespertinum
3224 2099 3368 2154 illam
3405 2101 3646 2155 oblatio-

2059 2208 2182 2248 nem
2206 2193 2437 2248 fortasse
2461 2191 2750 2263 signiﬁcat,
2769 2207 2930 2264 quam
2954 2191 3008 2247 in
3032 2191 3137 2248 ﬁne
3158 2193 3282 2248 vita:
3305 2191 3536 2247 Domino
3557 2208 3648 2248 so-

2059 2284 2134 2342 let
2154 2283 2351 2340 otl'erre
2404 2283 2655 2353 religiosa
2682 2282 2916 2348 devotio,
2947 2297 3070 2338 cum
3097 2281 3473 2352 plenitentiam
3501 2283 3647 2354 geri-

2061 2387 2202 2438 mus,
2229 2381 2284 2427 et
2326 2372 2517 2427 humili
2557 2388 2657 2428 nos
2698 2371 3088 2442 supplicatione
3137 2387 3469 2443 purgamus:
3503 2373 3646 2426 sicut

2060 2463 2114 2518 in
2153 2465 2600 2536 quinquagesimo
2644 2466 2854 2537 psalmo
2899 2467 3100 2522 dictum
3145 2476 3230 2524 est
3261 2485 3274 2520 :
3309 2464 3642 2535 Sacri/icium

2059 2556 2169 2612 Deo
2185 2554 2412 2626 Spiritus
2425 2557 2829 2616 contribulatus.
2855 2560 3092 2637 vespera
3108 2568 3290 2616 nostra
3303 2568 3406 2624 est,
3427 2560 3646 2629 quando

2061 2650 2221 2705 istam
2243 2650 2416 2705 lucem
2440 2657 2614 2705 morte
2633 2651 2884 2706 veniente
2899 2651 3218 2707 deserimus.
3243 2651 3398 2708 Unde
3419 2664 3644 2706 necesse

2057 2748 2162 2806 est,
2210 2747 2270 2794 ut
2327 2739 2636 2809 frequenter
2687 2741 3073 2796 admoneamus
3125 2741 3394 2796 neminem
3441 2739 3643 2795 debere

2058 2830 2345 2900 desperare
2373 2847 2388 2884 :
2417 2831 2510 2884 sed
2539 2829 2726 2888 ultima
2765 2847 2859 2886 sua
2891 2831 3073 2902 potius
3101 2831 3465 2902 lacrymartun
3494 2831 3645 2887 fonte

2057 2919 2322 2992 dctergat.
2351 2920 2668 2976 Matutinum
2699 2937 2826 2976 vero
2853 2921 3087 2978 cilicium
3116 2929 3200 2978 est
3227 2921 3282 2976 in
3327 2921 3462 2978 lucis
3489 2922 3643 2978 initio

2059 3011 2126 3066 ab
2155 3011 2308 3068 stella
2335 3010 2587 3066 Lucifero
2624 3011 2972 3081 appellatum,
2995 3027 3116 3081 qum
3151 3011 3324 3066 oritur
3353 3010 3642 3066 inchoante

2062 3118 2238 3168 mane,
2268 3101 2334 3157 de
2363 3119 2470 3174 quo
2491 3102 2774 3158 Psalmista
2803 3103 2880 3157 ait
2907 3121 2922 3156 :
2955 3102 3022 3157 In
3051 3104 3323 3158 matutinis
3353 3103 3646 3157 meditabor

2061 3196 2116 3250 in
2141 3204 2189 3250 te
2214 3192 2384 3267 (Psal.
2414 3193 2908 3266 Lxu).Reditenim
2931 3195 2998 3249 ad
3043 3195 3172 3250 illud
3212 3195 3356 3266 quod
3399 3195 3649 3266 superius

2059 3285 2196 3342 dixit
2227 3303 2241 3340 :
2273 3285 2352 3340 Ad
2390 3296 2438 3340 te
2469 3285 2533 3339 de
2563 3285 2676 3339 luce
2722 3285 2874 3356 vigilo
2928 3285 3142 3359 (Ibid.).
3167 3286 3336 3342 Recte
3379 3287 3646 3356 siquidem

2061 3377 2234 3432 ﬁdelis
2257 3377 2310 3430 in
2338 3376 2616 3430 matutinis
2659 3375 2868 3446 vigilat,
2896 3376 3152 3446 quoniam
3203 3391 3303 3430 nec
3333 3375 3473 3430 inter
3517 3393 3650 3446 pro-

2061 3484 2219 3538 spera
2257 3485 2367 3522 sua
2429 3468 2676 3524 oblivisci
2727 3477 2940 3538 poterat
2995 3467 3134 3522 lucis
3195 3479 3494 3523 auctorem.
3547 3467 3648 3524 llis

2060 3559 2349 3629 Apostolus
2375 3559 2546 3616 dicit:
2585 3557 2689 3613 Vos
2716 3560 2837 3612 estis
2872 3558 2970 3628 ﬁlii
3007 3558 3142 3614 lucis
3196 3569 3246 3614 et
3293 3559 3392 3628 ﬁlii
3441 3559 3546 3613 diei
3591 3559 3642 3628 (1

2065 3650 2243 3704 Thess.
2274 3650 2350 3721 v).
2375 3649 2610 3717 Quorum
2640 3650 2868 3704 duorum
2897 3661 3199 3720 temporum
3244 3649 3647 3721 signiﬁcatione

2061 3741 2384 3804 ostenditur,
2409 3749 2467 3796 ut
2499 3741 2585 3796 die
2619 3756 2684 3796 ac
2712 3748 2870 3796 nocte
2920 3755 3134 3812 semper
3183 3741 3326 3796 Deus
3369 3739 3644 3795 laudetur.

2065 3833 2225 3904 Missa
2285 3841 2524 3902 tempore
2575 3831 2826 3888 sacriﬁcii
2883 3840 2986 3895 est,
3025 3831 3242 3900 quando
3269 3831 3652 3886 catechumcni

2061 3924 2210 3980 foras
2236 3925 2544 3989 mittuntur,
2572 3923 2842 3979 clamante
2889 3923 3074 3978 Levita
3103 3965 3116 3978 .
3148 3921 3208 3978 Si
3243 3925 3358 3994 quis
3395 3923 3643 3978 catechu-

2062 4034 2243 4072 menus
2274 4017 2540 4080 remansit,
2568 4025 2718 4070 exeat
2739 4017 2909 4086 foras,
2933 4025 2992 4070 et
3018 4015 3144 4071 inde
3169 4015 3356 4080 missa,
3387 4015 3512 4085 quia
3535 4014 3645 4072 Sa-

2061 4107 2358 4162 cramentis
2381 4105 2568 4160 altaris
2596 4105 2859 4160 interesse
2880 4119 2986 4158 non
3015 4113 3260 4174 possunt,
3283 4104 3376 4174 qni
3403 4105 3650 4162 nondum

2063 4196 2368 4268 regenerati
2414 4202 2734 4252 noscuntur.
2765 4194 2976 4253 Chorus
3004 4203 3089 4250 est
3140 4194 3426 4252 multitudo
3467 4209 3522 4250 tn
3563 4211 3652 4250 sa-

2063 4289 2173 4344 cris
2213 4287 2458 4354 collecta,
2490 4295 2545 4342 et
2599 4287 2778 4342 dictus
2831 4286 3051 4354 chorus,
3080 4285 3224 4355 quod
3275 4285 3331 4340 in
3386 4285 3539 4342 initio
3589 4285 3646 4342 in

2063 4381 2279 4435 modum
2309 4394 2526 4435 corona:
2575 4378 2781 4434 circum
2820 4393 2946 4433 aras
2993 4385 3220 4432 starent.
3264 4375 3370 4432 Alii
3417 4377 3650 4434 chorum

2063 4471 2371 4526 dixerunta
2421 4471 2729 4534 concordia,
2756 4485 2876 4542 qua:
2925 4469 2980 4524 in
3034 4469 3304 4524 charitate
3347 4469 3645 4524 consistit:

2063 4563 2190 4633 quia
2215 4563 2260 4618 si
2305 4563 2625 4618 charitatem
2678 4576 2786 4618 non
2817 4561 3031 4625 haheat,
3071 4561 3398 4630 respondere
3442 4576 3645 4618 conve-

2062 4655 2278 4710 nienter
2307 4669 2414 4710 non
2443 4661 2640 4725 potest.
2667 4653 2802 4710 Cum
2853 4662 3034 4708 autem
3094 4669 3234 4710 unus
3279 4653 3426 4710 canit
3449 4652 3659 4710 Graece

2062 4749 2337 4815 monodia,
2388 4749 2554 4804 latine
2603 4748 2855 4804 sicinium
2909 4747 3151 4802 dicitur:
3191 4759 3315 4801 cum
3361 4759 3492 4800 vero
3539 4745 3652 4801 duo

2063 4847 2287 4904 canunt,
2349 4839 2608 4895 bicinium
2653 4837 2996 4909 appellatur:
3027 4853 3150 4893 cum
3192 4835 3367 4900 multi,
3422 4835 3648 4891 chorus.

2059 4928 2266 4984 Chorus
2294 4937 2377 4984 est
2401 4928 2753 5000 plurimarum
2784 4943 2976 4984 vocum
3006 4927 3073 4984 ad
3105 4925 3392 4983 suavitatis
3419 4925 3646 4981 modum

2063 5028 2362 5090 temperata
2395 5018 2640 5076 collectio
2664 5019 2730 5074 de
2768 5033 2877 5088 quo
2903 5025 2959 5073 et
3005 5016 3292 5074 Psalmista
3340 5007 3420 5070 ai't
3449 5033 3463 5068 :
3495 5014 3650 5068 Latt-

2063 5110 2186 5163 dent
2213 5125 2400 5163 nomen
2449 5107 2566 5178 ejus
2607 5109 2663 5162 in
2707 5107 2888 5172 choro,
2915 5109 2970 5162 in
3021 5117 3266 5176 tympano
3299 5114 3351 5160 et
3393 5103 3657 5176 psalterio

2063 5199 2290 5269 psallunt
2322 5199 2369 5253 ei
2418 5197 2592 5267 (l’sal.
2616 5199 2820 5274 esus).
2862 5197 3016 5253 Nunc
3059 5195 3212 5260 dicit,
3239 5195 3294 5250 in
3333 5193 3502 5251 choro
3549 5210 3652 5248 no.

2064 5304 2189 5344 men
2219 5288 2428 5344 Domini
2448 5303 2570 5343 esse
2611 5286 2960 5342 laudandum.
2987 5285 3048 5340 in
3099 5285 3267 5340 choro
3315 5283 3520 5352 utique,
3550 5284 3650 5352 qui

2059 5380 2171 5452 iam
2224 5380 2424 5435 nullam
2470 5379 2677 5449 patitur
2703 5378 3117 5448 dispersionem,
3149 5375 3355 5430 nullum
3401 5374 3649 5437 taedium,

2066 5472 2271 5526 nullum
2295 5471 2607 5526 scandalum
2627 5488 2639 5524 :
2658 5469 2751 5525 sed
2772 5467 3090 5524 meritorum
3101 5465 3372 5536 probitate
3387 5463 3652 5520 collectus

2064 5563 2381 5620 charissima
2412 5566 2623 5634 semper
2644 5561 2849 5618 unitate
2873 5559 3137 5615 consistit.
3155 5557 3262 5614 Sed
3274 5557 3450 5628 qualis
3474 5572 3652 5626 quau-

2068 5664 2260 5723 tusque
2297 5655 2368 5710 sit
2424 5654 2526 5709 iste
2580 5653 2802 5717 chorus,
2837 5651 2977 5706 alius
3013 5648 3254 5720 psalmus
3299 5648 3522 5718 exponit
3553 5667 3566 5699 :
3602 5650 3645 5698 Λ

2068 5746 2192 5800 solis
2220 5755 2334 5800 ortu
2389 5761 2547 5814 usque
2573 5744 2640 5798 ad
2673 5759 2913 5796 occasum
2945 5741 3403 5798 laudabileuonten
3431 5736 3646 5792 Domini
