4064 6206
987 172 1035 214 ο

386 323 485 378 129

1380 320 1465 375 DE
1505 320 1852 378 UNIVERSO
1892 319 2068 375 LIBRI
2107 319 2269 373 XXII.
2312 349 2379 359 --
2421 317 2547 372 LIB.
2591 319 2651 371 Υ.

3538 328 3641 384 150

346 454 353 459 ί
383 435 557 505 [Ρεαι.
585 432 743 503 exn).
772 433 1080 503 Antiphona
1107 445 1172 485 ex
1212 408 1402 487 Graeco
1425 433 1833 503 interpretatur,
1859 448 1957 486 vos:
1991 442 2037 496 Λ
2070 432 2180 486 ι·ἰιιε
2220 432 2411 501 linguae
2436 432 2879 501 interpretatione
2908 432 2960 488 in
2993 442 3103 490 toto
3129 439 3361 494 transire
3405 455 3509 495 non
3550 457 3638 512 po-

381 524 671 599 resiproca‘,
702 520 912 577 duobus
938 521 1144 576 scilicet
1169 522 1349 577 choris
1385 522 1691 578 alternatim
1721 523 1960 592 psallen-

378 611 529 667 tibus
562 611 758 667 ordine
814 621 1166 678 commutato,
1206 613 1321 668 sive
1375 613 1442 669 de
1482 626 1589 668 uno
1636 612 1705 667 ad
1752 628 1960 668 unum:

378 701 526 772 quod
578 716 748 771 genus
805 701 1068 772 psallendi
1115 701 1334 758 Gnaeos
1394 703 1661 758 invenisse
1721 705 1959 758 tradunt.

382 791 745 862 Responsoria
803 791 920 846 Itali
970 792 1337 857 tradiderunt,
1392 806 1511 861 quae
1569 793 1692 847 inde
1743 808 1964 861 respon-

377 884 529 936 εει-ιιι
582 892 843 937 canentes
869 890 1084 947 vocant,
1112 883 1253 951 quod
1276 881 1385 936 alio
1415 881 1715 945 desinente,
1742 881 1793 935 id
1828 881 1965 936 alter

380 972 729 1042 respondeat.
758 971 906 1025 Inter
928 971 1272 1042 responsoria
1303 980 1485 1026 autem
1538 981 1592 1027 et
1641 970 1963 1041 antiphonas

380 1062 488 1116 hoc
542 1061 742 1128 dill'ert,
808 1061 954 1132 quod
1014 1062 1068 1116 in
1126 1061 1489 1133 responsoriis
1546 1077 1685 1116 unus
1744 1076 1969 1117 versum.

376 1154 514 1210 dicit
574 1173 587 1208 :
653 1155 707 1209 in
768 1155 1078 1225 antiphouis
1137 1162 1321 1209 autem
1391 1154 1639 1209 versibus
1692 1153 1964 1207 alternant

375 1244 553 1301 chori.
604 1243 794 1299 Lectio
851 1245 1071 1310 dicitur,
1104 1244 1230 1313 quia
1292 1260 1399 1300 non
1448 1243 1681 1308 canitur,
1710 1250 1770 1295 ut
1821 1241 1963 1311 psal-

376 1351 502 1391 mus
530 1335 615 1390 vel
645 1335 880 1406 hymnus
903 1353 917 1389 :
939 1334 1033 1389 sed
1061 1334 1260 1404 legitur
1284 1340 1513 1387 tantum.
1536 1332 1648 1388 Illic
1675 1331 1818 1386 enim
1844 1345 1960 1384 mo-

375 1424 603 1490 dulatio,
626 1424 715 1479 bic
737 1422 848 1479 sola
877 1423 1243 1493 pronuntiatio
1270 1421 1548 1491 qumritur.
1578 1419 1859 1475 Canticum
1880 1428 1963 1473 est

374 1530 479 1570 vox
515 1514 784 1570 cantantis
821 1512 877 1567 in
903 1513 1107 1568 laetitia.
1140 1512 1386 1568 Psalmus
1408 1519 1588 1567 autem
1613 1511 1840 1577 dicitur,
1868 1510 1960 1580 qui

372 1614 632 1661 cantatur
667 1605 735 1659 ad
762 1604 1119 1674 psalterium,
1155 1619 1264 1674 quo
1301 1619 1457 1657 usum
1486 1618 1605 1658 esse
1641 1603 1960 1672 David'pro-

374 1697 597 1766 phetam
614 1696 666 1751 in
689 1711 885 1768 magno
903 1697 1158 1769 mysterio
1179 1698 1356 1768 prodit
1371 1697 1615 1752 historia.
1636 1695 1760 1750 [lare
1779 1704 1959 1749 autem

2066 531 2188 577 test.
2215 521 2309 576 Osi
2333 524 2477 577 enim
2504 522 2739 592 salvi/ica
2768 524 3157 594 interpretatur
3180 548 3195 581 :
3223 546 3363 584 anna
3387 531 3641 602 intcrjec-

2064 613 2140 667 tio
2195 622 2279 668 est
2327 622 2532 668 motum
2582 614 2746 669 animi
2790 614 3102 684 signiﬁcans
3160 620 3263 674 sub
3302 622 3643 691 deprecantis

2063 705 2276 760 aﬁ‘ectu.
2321 704 2414 758 Osi
2457 722 2597 759 anna
2639 714 2818 760 autem
2862 708 3070 778 integre
3105 709 3326 776 dicitur,
3362 715 3505 782 quod
3543 732 3644 772 nos

2064 807 2314 868 corrupta
2337 798 2509 853 media
2527 798 2696 853 vocali
2720 798 2898 854 littera
2917 810 2972 854 et
2992 802 3125 856 elisa
3148 803 3377 860 dicimus
3404 821 3603 862 osanna
3620 824 3640 863 :

2065 890 2204 946 sicut
2225 890 2282 944 ﬁt
2304 890 2359 943 iu
2383 889 2648 954 versibus,
2666 905 2787 943 cum
2812 890 3139 953 seandimus.
3155 892 3357 950 Littera
3370 896 3512 951 enim
3534 898 3644 967 pri-

2064 997 2149 1035 ma
2177 979 2450 1048 sequentis
2469 979 2618 1032 verbi
2636 988 2932 1034 extremam
2946 982 3144 1050 prioris
3154 983 3302 1036 verbi
3317 986 3536 1039 veniens
3550 1002 3644 1040 ex-

2063 1069 2251 1133 cludit,
2275 1077 2330 1122 et
2353 1054 2552 1121 dicitur
2583 1066 2845 1123 Ilebraice
2872 1085 3074 1123 osanna
3097 1110 3110 1133 ,
3142 1072 3285 1140 quod
3312 1073 3640 1144 interpreta-

2065 1170 2151 1213 tur
2171 1158 2426 1226 salviﬁca,
2461 1158 2827 1213 subaudiendo
2851 1158 2935 1214 vel
2961 1160 3213 1230 populum
3245 1167 3395 1216 tuum
3441 1163 3527 1219 vel
3557 1173 3644 1218 to-

2065 1261 2176 1304 tum
2206 1250 2486 1304 mundum.

2132 1341 2477 1398 Oﬁ‘ertorium
2498 1339 2589 1393 tali
2613 1355 2677 1395 ex
2699 1354 2863 1395 causa
2888 1340 3120 1409 sumpsit
3142 1342 3479 1398 vocabulum.
3506 1343 3642 1401 Fer-

2065 1445 2177 1490 tum
2198 1435 2342 1490 enim
2360 1434 2553 1493 dicitur
2577 1432 2802 1497 oblatio,
2824 1447 2944 1501 qua:
2966 1432 3125 1487 altari
3161 1434 3387 1488 oll'crtur
3407 1443 3463 1490 et
3479 1437 3645 1491 sacri-

2065 1525 2255 1581 ﬁcatur
2284 1540 2313 1578 a
2354 1522 2719 1592 pontiﬁcibus.
2763 1522 2808 1575 Α
2831 1537 2938 1591 quo
2960 1521 3292 1578 offertorium
3315 1525 3641 1590 nominatur,

2063 1615 2214 1685 quasi
2243 1621 2461 1683 propter
2504 1611 2692 1667 fertur.
2729 1610 2940 1666 Oblatio
2969 1619 3191 1665 vocatur
3212 1653 3226 1675 ,
3251 1613 3373 1681 quia
3398 1611 3642 1668 oﬂ‘ertur.

2064 1706 2210 1759 Dona
2234 1702 2448 1772 proprie
2474 1701 2728 1756 dicuntur
2743 1700 2927 1754 divina
2952 1690 3197 1765 munera,
3220 1701 3496 1757 hominum
3522 1718 3642 1755 mu-

372 1788 483 1842 duo
518 1788 572 1842 in
600 1787 921 1857 quibusdam
951 1787 1281 1858 psalmorum
1310 1789 1478 1844 titulis
1507 1790 1660 1859 juxta
1694 1784 1953 1842 musicam
1986 1789 2032 1847 B
2060 1811 2209 1851 nera.
2234 1795 2367 1848 Nam
2395 1792 2938 1860 dieunturobsequia,
2963 1808 3083 1861 quae
3106 1808 3370 1863 pauperes
3388 1793 3645 1848 divitibus

369 1885 548 1931 artem
604 1876 910 1932 alternatim
960 1878 1060 1934 sibi
1111 1887 1471 1948 Opponuntur.
1524 1878 1659 1933 Nam
1688 1877 1956 1933 canticum

370 1967 570 2036 psalmi
611 1976 717 2033 est,
746 1982 872 2023 cum
908 1968 987 2032 id;
1020 1968 1163 2038 quod
1188 1983 1447 2039 organum
1492 1968 1822 2033 modulatur,
1855 1983 1958 2023 vos

368 2069 560 2129 postea
600 2052 872 2115 cantantis
907 2060 1197 2130 eloquitur.
1238 2060 1437 2115 Psalmi
1478 2075 1607 2114 vero
1646 2059 1915 2114 canticum
1944 2099 1957 2124 ,

366 2152 517 2220 quod
552 2153 786 2206 humana
817 2167 919 2206 vox
946 2152 1315 2222 przeloquitur,
1348 2166 1437 2204 ars
1463 2150 1648 2218 organi
1677 2148 1959 2203 modulan-

375 2244 444 2297 tis
512 2243 776 2298 imitatur.
820 2241 1072 2297 Psalmus
1108 2249 1287 2296 autem
1333 2256 1399 2296 ex
1447 2240 1703 2310 psalterio
1740 2239 1954 2295 dicitur.

378 2333 528 2388 Unde
552 2348 653 2387 nec
680 2348 798 2387 mos
822 2341 928 2397 est,
963 2333 1170 2410 ex.alio
1197 2347 1359 2402 opere
1383 2346 1506 2385 eum
1528 2330 1795 2399 componi.
1825 2329 1960 2383 Tres

369 2433 555 2478 autem
583 2423 780 2494 gradus
811 2423 1015 2478 suntin
1048 2423 1335 2477 cantando.
1364 2421 1575 2476 Primus
1598 2420 1954 2475 succentoris.

372 2519 665 2574 Secundus
687 2517 1000 2575 incentoris.
1037 2516 1252 2571 Tertius
1287 2515 1609 2571 acceutoris.
1648 2512 1957 2583 Diapsalma

360 2598 591 2680 quidam
620 2611 906 2666 Hebraeum
936 2611 1157 2665 verbum
1182 2620 1302 2663 esse
1326 2607 1533 2672 volunt,
1557 2621 1663 2677 quo
1688 2592 1957 2676 signiﬁca-

374 2712 463 2756 tur
487 2716 705 2770 semper
732 2701 873 2755 idem
900 2718 914 2754 :
941 2699 1082 2769 quod
1113 2696 1430 2767 illa,quibus
1452 2695 1557 2750 hoc
1577 2694 1956 2763 interponitur,

371 2792 705 2862 sempiterna
752 2806 875 2845 esse
923 2788 1226 2843 conﬁrmet.
1271 2786 1499 2854 Quidam
1546 2799 1674 2839 vero
1706 2783 1956 2839 Graacum

374 2884 600 2937 verbum
624 2881 957 2945 existimant,
979 2894 1086 2949 quo
1107 2875 1795 2949 signiﬁcaturintcrvallum
1817 2873 1960 2944 psal-

373 2975 519 3030 lendi
539 2993 554 3027 :
571 2981 630 3027 ut
651 2971 853 3043 psalma
875 2972 964 3033 sit,
982 2970 1124 3040 quod
1144 2968 1409 3040 psallitur,
1428 2965 1720 3037 diapsalma
1743 2980 1871 3018 vero
1885 2965 1960 3018 in-

375 3064 694 3136 terpositum
719 3062 771 3116 in
792 3060 1069 3130 psallendo
1093 3056 1367 3112 silentium
1391 3069 1406 3109 :
1429 3051 1955 3124 utquemadmodum

2062 1886 2179 1940 loco
2205 1898 2488 1939 munerum
2525 1883 2757 1936 solvunt.
2801 1881 2986 1951 Itaque
3037 1898 3234 1951 munus
3285 1883 3491 1938 homini
3549 1885 3645 1937 da-

2063 1985 2169 2038 tur,
2200 1975 2398 2030 donum
2431 1973 2558 2029 Deo.
2592 1972 2743 2027 Unde
2764 1949 2926 2025 etiam
2956 1972 3008 2025 in
3031 1949 3246 2042 templis
3265 1973 3485 2027 donaria
3514 1971 3647 2027 dici-

2060 2083 2200 2122 mus.
2241 2066 2457 2131 Munera
2492 2072 2670 2118 autem
2699 2072 2994 2128 vocantur,
3025 2079 3145 2133 quae
3184 2065 3464 2119 animabus
3497 2064 3644 2120 acci—

2060 2158 2281 2226 piuntur
2308 2155 2391 2209 vel
2424 2156 2639 2209 dantur.
2678 2154 2792 2208 Duo
2827 2162 2952 2208 sunt
2975 2194 2990 2218 ,
3032 2168 3152 2221 qua:
3180 2153 3516 2208 offeruntur:
3543 2155 3641 2210 do-

2060 2264 2188 2303 num
2226 2256 2281 2302 ct
2315 2245 2664 2301 sacriﬁcimn.
2708 2245 2916 2298 Donum
2966 2243 3192 2306 dicitur,
3218 2244 3475 2313 quidquid
3509 2260 3642 2301 auro

2060 2351 2392 2412 argentoque
2420 2347 2513 2393 aut
2539 2338 2779 2408 qualibet
2807 2338 2907 2391 alia
2936 2338 3117 2407 specie
3143 2336 3394 2391 efﬁcitur.
3423 2336 3643 2391 Sacriﬁ-

2060 2432 2200 2487 cium
2231 2439 2412 2485 autem
2449 2436 2529 2485 est
2567 2429 2808 2493 victima,
2839 2437 2893 2483 et
2933 2442 3264 2497 quaecunque
3303 2428 3356 2482 in
3384 2443 3477 2482 ara
3513 2443 3640 2483 cre-

2061 2528 2279 2574 mantur
2302 2534 2396 2573 seu
2420 2527 2711 2588 ponuntur.
2745 2517 2917 2572 Omne
2951 2525 3131 2571 autem
3156 2518 3297 2586 quod
3324 2518 3435 2572 Deo
3462 2519 3642 2583 datur,

2059 2619 2154 2666 aut
2189 2612 2467 2667 dedicatur
2502 2620 2596 2665 aut
2636 2617 3004 2665 consecratur.
3048 2607 3202 2674 Quod
3228 2608 3537 2673 dedicatur,
3564 2608 3646 2662 di-

2059 2704 2230 2759 cendo
2267 2703 2444 2767 datur,
2466 2701 2609 2755 unde
2634 2710 2689 2755 et
2739 2700 3058 2769 appellatur.
3087 2698 3500 2754 Undeetcrrant
3525 2711 3647 2769 qum

2059 2794 2520 2850 consecrationem
2539 2792 2878 2847 dedicatione
2897 2799 3088 2860 putant
3109 2790 3421 2860 signiﬁcari.
3444 2791 3642 2845 Immo-

2060 2882 2189 2966 latio
2220 2881 2289 2935 ab
2313 2880 2551 2951 antiquis
2579 2880 2725 2934 dicta
2771 2895 2838 2935 eo
2869 2880 3010 2948 quod
3058 2879 3112 2934 in
3153 2879 3294 2934 mole
3331 2878 3516 2934 altaris
3542 2894 3644 2949 po-

2059 2976 2162 3031 sita
2191 2975 2409 3030 victima
2432 2973 2749 3028 caederetur.
2780 2971 2930 3026 Unde
2947 2977 3003 3024 et
3026 2970 3282 3024 mactatio
3302 2979 3423 3039 post
3451 2969 3646 3023 immo-

2060 3061 2313 3122 lationem
2342 3072 2425 3121 est
2449 3083 2461 3117 :
2484 3078 2631 3118 nunc
2654 3070 2833 3117 autem
2873 3060 3170 3115 immolatio
3196 3060 3352 3129 panis
3377 3067 3432 3112 et
3455 3058 3643 3113 caliris

376 3159 431 3211 in
473 3156 684 3225 psalmo
707 3154 922 3208 ducitur
952 3158 1154 3205 vocum'
1171 3146 1438 3218 copulatio
1464 3145 1515 3200 in
1543 3145 1814 3201 cantando
1839 3163 1852 3198 :
1884 3144 1957 3197 ita

2063 3158 2331 3214 convenit.
2375 3156 2586 3211 Libatio
2610 3163 2788 3208 autem
2824 3127 3415 3206 tantummoddcalicis
3441 3150 3647 3205 oblatio

373 3246 677 3317 diapsalma
701 3243 992 3315 disiunctio
1019 3255 1225 3303 earum,
1250 3238 1341 3293 ubi
1369 3236 1611 3307 quredam
1636 3236 1850 3306 requies
1880 3234 1962 3288 di-

372 3338 590 3391 stincta:
609 3331 1032 3389 continuationis
1052 3328 1379 3384 ostenditur.
1408 3324 1561 3381 Unde
1589 3333 1644 3381 et
1674 3324 1804 3378 illud
1832 3324 1959 3393 pro-

372 3428 555 3486 babile
575 3435 680 3493 est,
709 3442 815 3484 non
841 3424 1241 3496 coniungendas
1263 3421 1560 3477 sententias
1586 3421 1638 3474 in
1662 3416 1958 3488 psallendo,

372 3521 466 3577 ubi
507 3518 804 3589 diapsalma
832 3515 1210 3586 interpositum
1246 3512 1408 3566 fuerit
1441 3529 1454 3565 ;
1488 3512 1612 3581 quia
1646 3510 1765 3564 idco
1790 3509 1959 3563 inter-

372 3613 616 3681 ponitur,
649 3617 708 3664 ut
745 3607 1026 3663 conversio
1055 3620 1310 3661 sensuum
1338 3603 1421 3658 vel
1447 3617 1801 3673 personarum
1842 3615 1963 3655 esse

373 3713 652 3758 noscatur.
685 3699 931 3772 Hymnus
964 3706 1046 3753 est
1084 3696 1357 3753 canticum
1400 3693 1775 3757 laudantium,
1819 3692 1963 3762 quod

371 3793 441 3847 de
473 3791 668 3847 Caeco
693 3790 749 3844 in
777 3789 1025 3843 Latinum
1050 3789 1169 3843 laus
1185 3788 1592 3856 interpretatur,
1616 3799 1713 3854 pro
1734 3797 1799 3838 eo
1818 3782 1962 3853 quod

372 3882 448 3938 sit
476 3896 696 3936 carmen
738 3880 938 3935 Iretitiie
977 3888 1026 3934 et
1066 3877 1256 3933 laudis.
1293 3876 1520 3946 Proprie
1554 3886 1732 3931 autem
1779 3874 1961 3947 hymni

371 3982 502 4030 sunt
527 3973 868 4028 continentes
891 3971 1101 4026 laudem
1127 3970 1242 4025 Dei.
1275 3969 1333 4024 Si
1358 3982 1488 4039 ergo
1519 3966 1592 4021 sit
1616 3968 1752 4031 laus,
1779 3974 1959 4021 etnon

372 4065 447 4121 sit
468 4063 593 4118 Dei:
612 4077 718 4118 non
736 4069 827 4117 est
854 4061 1088 4132 hymnus
1111 4074 1126 4113 :
1152 4060 1196 4114 si
1222 4074 1352 4128 ergo
1374 4056 1549 4132 [vero]
1571 4067 1672 4123 est,
1691 4068 1743 4113 et
1770 4058 1822 4112 in
1846 4057 1964 4111 lau-

372 4158 499 4212 dem
532 4155 624 4210 Dei
662 4155 863 4209 dicitur
884 4161 938 4208 et
972 4161 1222 4207 cantatur
1263 4169 1276 4205 :
1318 4160 1445 4207 tunc
1472 4162 1555 4207 est
1582 4152 1835 4221 hymnus.
1864 4148 1960 4204 Cui

370 4248 710 4306 contrarium
755 4254 840 4302 est
873 4247 1149 4311 thronum,
1180 4245 1321 4314 quod
1361 4260 1579 4300 carmen
1627 4252 1710 4298 est
1736 4242 1960 4296 lamenti

371 4350 429 4398 et
460 4338 686 4395 funeris.
719 4335 951 4391 Alleluia
973 4334 1200 4390 duorum
1226 4336 1517 4389 verborum
1540 4340 1546 4345 '
1569 4332 1959 4405 interpretatio,

372 4434 480 4487 hoc
508 4438 626 4491 est,
661 4428 776 4482 laus
811 4426 904 4481 Dei
935 4441 950 4479 :
983 4435 1037 4480 et
1063 4435 1145 4481 est
1173 4421 1472 4481 Ilebrmum.
1503 4424 1567 4479 Ia
1589 4440 1756 4479 unum
1778 4432 1860 4478 est
1896 4423 1963 4476 de

374 4528 566 4579 decem
600 4518 935 4581 nominibus,
959 4517 1153 4587 quibus
1181 4518 1320 4588 apud
1354 4517 1605 4573 Ilebrtcos
1635 4517 1777 4571 Deus
1800 4529 1960 4568 voca-

375 4626 483 4670 tur.
518 4614 683 4666 Amen
711 4609 984 4681 signiﬁcat
1008 4623 1137 4663 vere
1164 4608 1278 4664 sive
1308 4608 1574 4665 ﬁdeliter:
1605 4607 1748 4679 quod
1781 4615 1837 4661 et
1880 4605 1961 4676 ip-

372 4725 495 4765 sum
524 4707 811 4762 Hebraeum
834 4711 936 4757 est.
965 4702 1098 4769 Quae
1121 4702 1224 4756 duo
1238 4703 1593 4766 verba,mnen
1627 4707 1682 4755 et
1727 4697 1963 4762 alleluia,

372 4789 477 4854 néc
499 4796 706 4852 Grzecis
729 4835 745 4859 ,
771 4811 871 4850 nec
892 4796 1120 4860 Latinis,
1158 4810 1259 4855 nec
1288 4793 1534 4850 barbaris
1556 4792 1680 4847 licet
1723 4791 1774 4846 in
1812 4805 1966 4845 suam

373 4890 616 4959 linguam
645 4887 867 4942 omnino
893 4886 1221 4950 transferre,
1261 4884 1349 4939 vel
1390 4882 1492 4937 alia
1538 4884 1715 4953 lingua
1763 4896 1969 4934 annuu-

372 4983 535 5036 tiare.
592 4977 726 5033 Nam
766 4977 1017 5048 quamvis
1061 4974 1404 5045 interpretari
1452 4974 1697 5043 possint,
1743 4981 1963 5042 propter

372 5073 706 5128 sanctiorem
740 5079 920 5125 tamen
944 5068 1321 5123 auctoritatem
1364 5072 1575 5120 servata
1617 5073 1699 5117 est
1727 5063 1795 5117 ab
1823 5061 1960 5133 Apo-

374 5166 532 5220 stnlis
556 5164 608 5217 in
635 5163 720 5217 his
753 5150 986 5232 propria:
1028 5159 1224 5229 lingua:
1256 5135 1785 5223 antiquitasf'l‘anto
1819 5152 1961 5206 enim

368 5272 537 5313 sacra
573 5264 701 5310 sunt
732 5253 949 5308 nomina
974 5293 989 5317 ,
1020 5249 1267 5305 utetiam
1295 5245 1531 5301 Joannes
1567 5245 1619 5296 in
1648 5243 1965 5313 Apocalypsi

367 5364 473 5405 sua
514 5345 718 5402 referat
757 5360 817 5399 se
852 5343 1053 5412 Spiritu
1095 5337 1608 5396 rcvclantc-vidisse
1657 5343 1712 5389 et
1752 5334 1967 5388 audisse

374 5455 566 5495 vocem
598 5438 839 5493 cmlestis
868 5437 1163 5497 exercitus,
1200 5441 1454 5502 tanquam
1490 5442 1672 5484 vocem
1703 5441 1965 5496 aquarum

376 5533 675 5587 multarum
699 5540 755 5584 et
776 5528 1071 5583 tonitruum
1096 5524 1393 5581 validorum
1417 5522 1717 5587 dicentium
1739 5536 1890 5572 amen
1913 5516 1966 5571 et

374 5624 597 5678 alleluia
628 5621 813 5697 (Apoc.
847 5617 963 5691 xix)
984 5657 1002 5683 ,
1029 5633 1093 5674 ae
1123 5633 1217 5687 per
1246 5617 1349 5671 hoc
1375 5615 1452 5670 sic
1482 5619 1694 5684 Oportet
1724 5612 1775 5666 in
1809 5610 1969 5665 terris

382 5728 616 5786 utraque
644 5718 775 5785 dici,
804 5716 945 5771 sicut
980 5713 1032 5768 in
1073 5712 1210 5767 coelo
1256 5717 1489 5766 resonat.
1526 5707 1737 5763 Osanna
1761 5706 1812 5762 in
1839 5705 1967 5761 alte-

2058 3261 2163 3308 cst.
2209 3252 2346 3306 llinc
2392 3257 2476 3305 est
2515 3247 2644 3303 illud
2699 3264 2715 3301 :
2768 3244 2839 3299 Et
2885 3244 3067 3298 libabit
3108 3243 3172 3296 de
3223 3242 3478 3312 sanguine
3528 3258 3640 3295 ara:

2062 3343 2217 3416 (Gen.
2266 3340 2438 3411 ms).
2478 3338 2572 3395 Sic
2595 3345 2651 3393 et
2684 3335 3025 3391 smcularium
3068 3333 3286 3403 quidam
3334 3339 3641 3401 puetarum,

2062 3449 2223 3497 nunc,
2251 3432 2448 3500 inquit,
2470 3438 2679 3501 pateras
2701 3426 2861 3480 libate
2883 3424 3022 3479 lavi.
3052 3424 3249 3478 Libare
3269 3437 3398 3491 ergo
3428 3419 3645 3491 proprie

2062 3523 2286 3579 fundere
2315 3530 2402 3578 cst
2430 3540 2443 3575 :
2476 3528 2859 3589 sumptumque
2884 3529 3081 3571 nomen
3104 3529 3135 3568 a
3170 3512 3368 3568 Libero
3388 3510 3646 3580 quodam,

2070 3616 2163 3687 qui
2194 3616 2248 3671 in
2281 3613 2489 3672 Grtccia
2516 3626 2674 3669 usum
2709 3610 2909 3680 reperit
2932 3608 3057 3663 vitis

2684 3719 2913 3777 CAPUT
2952 3717 3019 3772 Χ.

2062 3819 2140 3875 De
2164 3819 2348 3874 hostiis
2370 3815 2688 3871 holocaustis
2720 3822 2874 3883 atque
2897 3809 3192 3883 sacriﬁciis,
3218 3816 3266 3862 et
3293 3806 3434 3880 quod
3458 3821 3638 3861 eorum

2459 3886 2654 3956 species
2674 3879 2896 3952 singula:
2922 3879 3231 3951 signiﬁcent.

2131 3980 2333 4035 Hostiae
2355 3978 2497 4048 apud
2516 3983 2731 4033 veteres
2745 3972 3066 4027 dicebantur
3093 3966 3378 4029 sacriﬁcia,
3393 3980 3515 4035 qua:
3548 3964 3643 4018 ﬁc-

2061 4074 2215 4137 bant,
2248 4081 2539 4140 antequam
2571 4067 2636 4121 ad
2682 4067 2868 4121 hostes
2903 4065 3209 4132 pergerent.
3244 4055 3490 4111 Victima!
3518 4070 3648 4110 vero

2061 4160 2351 4224 sacriﬁcia,
2378 4172 2499 4229 quae
2530 4162 2655 4226 post
2672 4152 2956 4209 victoriam
2985 4150 3052 4203 de
3081 4147 3240 4203 victis
3266 4144 3514 4213 hostibus
3542 4144 3649 4198 im-

2064 4252 2356 4312 molabant,
2386 4258 2440 4304 et
2463 4256 2621 4305 erant
2645 4245 2881 4301 victima:
2916 4240 3120 4310 majora
3166 4238 3457 4301 sacriﬁcia,
3481 4253 3644 4308 quam

2065 4343 2274 4399 hostiae.
2306 4340 2412 4394 Alii
2447 4338 2726 4394 victimam
2755 4334 2954 4388 dictam
2981 4336 3324 4401 putaverunt,
3369 4328 3495 4397 quia
3533 4327 3648 4381 ictu

2063 4446 2321 4503 percussa
2349 4428 2577 4484 cadebat
2608 4444 2621 4479 :
2660 4424 2746 4479 vel
2787 4423 2912 4493 quia
2942 4420 3130 4489 juncta
3147 4420 3214 4473 ad
3243 4433 3368 4473 aras
3408 4417 3646 4473 duceLa—

2068 4533 2173 4579 tur.
2220 4521 2602 4578 Ilolocaustum
2650 4516 2779 4571 illud
2819 4522 2921 4579 est,
2952 4512 3042 4567 ubi
3089 4518 3260 4567 totum
3294 4509 3417 4581 igne
3456 4523 3652 4563 consu-

2066 4618 2255 4679 mitur,
2292 4613 2431 4683 quod
2462 4609 2706 4666 offertur.
2750 4607 2968 4677 Antiqui
2996 4607 3140 4661 enim
3176 4618 3299 4659 cum
3328 4617 3523 4672 magna
3567 4616 3654 4654 sa-

2067 4707 2270 4764 criﬁcia
2324 4703 2790 4765 administrarent,
2841 4698 3085 4754 solebant
3144 4703 3286 4751 totas
3332 4694 3540 4749 hostias
3598 4691 3652 4743 in

2067 4813 2345 4855 sacrorum
2368 4807 2690 4850 consumere
2721 4790 2958 4860 ﬂamma,
2985 4795 3041 4842 et
3062 4787 3178 4856 ipsa
3211 4790 3369 4838 erant
3395 4781 3651 4836 holocau-

2069 4899 2321 4948 stomata.
2360 4886 2532 4941 Ilolou
2559 4884 2701 4939 enim
2744 4895 2919 4952 graece
2971 4878 3167 4933 dicitur
3214 4881 3420 4936 totum,
3469 4866 3651 4924 causis

2066 4981 2344 5038 incensio:
2395 4986 2452 5031 et
2485 4975 2855 5031 holocaustum
2888 5011 2903 5036 ,
2936 4976 3105 5024 totum
3154 4966 3451 5020 incensum.
3496 4956 3649 5013 Ceri-

2066 5071 2259 5127 monia:
2282 5067 2423 5138 apud
2447 5066 2669 5119 Latinos
2689 5063 2940 5118 dicuntur
2961 5072 3114 5114 sacra
3139 5052 3338 5117 omnia,
3357 5064 3475 5120 qua:
3499 5047 3643 5117 apud

2066 5161 2283 5219 Graecos
2310 5158 2460 5229 orgia
2515 5163 2796 5210 vocantur.
2842 5150 3067 5220 Proprie
3109 5154 3286 5200 autem
3337 5142 3509 5198 visum
3568 5146 3651 5193 est

2069 5227 2396 5305 doctoribus
2435 5262 2466 5298 a
2512 5241 2746 5299 carendo
2788 5237 3043 5309 appellari
3089 5233 3399 5288 cerimonias
3425 5271 3440 5293 ,
3495 5227 3650 5298 quasi

2071 5337 2411 5399 carimoaias,
2438 5348 2503 5388 eo
2528 5331 2668 5402 quod
2706 5343 2790 5393 ea,
2826 5341 2947 5396 qua:
2992 5326 3045 5378 in
3075 5322 3245 5377 sacris
3287 5318 3486 5373 divinis
3514 5314 3648 5370 offe-

2072 5436 2267 5483 runtur
2283 5466 2299 5489 ,
2322 5426 2374 5478 in
2394 5437 2492 5478 suo
2514 5436 2613 5474 usu
2643 5420 2694 5473 id
2709 5424 2964 5473 carerent
2990 5414 3255 5468 homines.
3281 5409 3431 5475 Quod
3455 5420 3649 5461 nomen

2071 5519 2233 5573 etiam
2261 5516 2313 5570 in
2339 5528 2436 5568 usu
2467 5520 2552 5566 est
2580 5510 2880 5563 litterarum
2907 5513 3234 5559 sanctaruzn.
3273 5499 3375 5553 Alii
3413 5496 3649 5554 cerimo-

2072 5609 2191 5663 nias
2218 5604 2433 5675 propric
2461 5603 2514 5655 in
2547 5595 3017 5653 observationibus
3053 5592 3363 5647 ludi-orum
3400 5588 3650 5648 credunt,

2073 5695 2456 5756 abstinentiam
2478 5691 2685 5747 scilicet
2705 5688 3058 5759 quarumdam
3084 5698 3330 5740 escarum
3359 5679 3652 5736 secundum
