4064 6206
491 323 578 380 ιδι
1121 311 1178 366 Β.
1219 306 1471 364 RABANI
1510 302 1728 361 MAURI
1768 298 2083 357 ARClllEP.
2126 299 2432 357 MOGUNT.
2472 295 2759 355 OPERUM
2797 290 2977 350 PARS
3010 292 3071 345 H.

3635 283 3741 337 152

484 444 724 491 veterem
746 429 938 499 legem,
1062 421 1205 492 quod
1241 419 1596 475 observantes
1623 430 1688 470 ea
1719 421 1942 469 careant
1971 412 2058 468 his
2086 419 2135 477 Α
2163 421 2438 480 ςειιειηιιηι
2492 410 2681 466 salutis
2728 422 2840 499 suae
2863 405 3160 499 percipitur
3182 422 3196 457 :
3216 401 3312 499 vel
3356 400 3612 499 Ecclesia:
3636 399 3742 456 Ca-

485 529 670 591 rebus,
702 522 899 592 quibus
932 533 992 574 se
1019 516 1413 571 abstinuerunt.
1446 508 1785 565 Sacriﬁcium
1837 506 2061 569 dictum,

487 616 642 687 quasi
693 608 1160 667 sacrumfactum:
1208 604 1333 673 quia
1382 616 1545 671 prece
1597 598 1825 687 mystica
1871 608 2063 687 conse-

487 685 674 761 cratur
696 702 749 756 in
780 697 1098 754 memoriam
1134 708 1234 763 pro
1262 692 1416 745 nobis
1441 688 1733 743 Dominicze
1770 685 2060 740 Passionis.

490 795 643 851 Unde
682 791 805 852 hoc,
833 804 897 843 eo
913 786 1158 856 iubente,
1187 795 1384 850 corpus
1417 777 1618 833 Christi
1658 783 1712 830 et
1749 775 2065 845 sanguinem

488 882 736 938 dicimus.
770 877 923 944 Quod
957 876 1083 929 dum
1109 872 1169 925 ﬁt
1194 887 1261 925 ex
1298 868 1565 922 fructibus
1595 874 1773 928 terrm,
1826 861 2067 918 sanctiﬁ-

490 982 645 1029 catur
698 977 753 1024 et
799 967 861 1021 iit
913 965 1360 1023 Sacramentum,
1410 963 1671 1026 operante
1723 950 2069 1006 invisibiliter

492 1060 694 1130 Spiritu
734 1057 849 1110 Dei.
886 1052 1052 1121 Cujus
1106 1035 1260 1119 panis
1309 1055 1365 1102 et
1413 1045 1601 1100 calicis
1655 1042 2067 1097 Sacramentum

490 1151 663 1207 Graeci
691 1144 1090 1202 Eucharistiam
1116 1142 1322 1203 dicunt,
1350 1137 1494 1206 quod
1518 1136 1684 1189 latine
1713 1134 1855 1187 bona
1896 1130 2067 1200 gratia

492 1242 899 1308 interpretatur.
940 1234 1006 1287 Et
1053 1231 1181 1300 quid
1224 1229 1418 1284 melius
1457 1240 1686 1296 corpore
1712 1233 1767 1278 et
1807 1222 2068 1292 sanguine

492 1328 728 1387 Christi?
756 1325 1001 1393 Quinque
1036 1328 1216 1375 autem
1270 1317 1476 1387 species
1504 1315 1836 1370 oblationum
1873 1314 1927 1367 in
1954 1312 2070 1381 lege

495 1421 565 1475 ad
598 1414 986 1473 immolandum
1004 1410 1332 1478 iubebantur
1357 1405 1572 1461 aﬁ‘erri:
1608 1405 1712 1458 hoc
1749 1411 1851 1466 est,
1879 1404 2067 1466 boum,

494 1509 699 1571 ovium,
727 1516 1035 1574 caprarum,
1064 1499 1267 1562 avium,
1311 1496 1501 1551 simila:
1529 1502 1584 1548 et
1626 1493 2064 1548 libamentorum.

496 1598 587 1653 Sic
610 1607 666 1652 et
702 1595 776 1650 ibi
802 1592 1021 1656 hostiae,
1052 1590 1306 1652 victimis,
1345 1585 1682 1648 holocausta,
1722 1581 1993 1661 sacriﬁcia
2017 1587 2073 1634 et

494 1688 751 1745 libamina
766 1685 947 1741 oblata
964 1688 1477 1740 commemorantur.
1502 1677 1674 1731 Boves
1700 1683 1879 1729 autem
1894 1688 1955 1726 va
1963 1686 2070 1726 cca:

2166 501 2396 566 tholicae,
2449 516 2569 570 qua:
2597 498 3075 571 mystice'corpus
3102 492 3303 548 Christi
3351 500 3456 557 est,
3513 491 3740 563 ﬁguram

2163 592 2438 663 exprimit,
2467 600 2521 645 et
2557 590 2729 661 gratia
2774 587 3012 642 abundat
3060 582 3309 653 spiritali.
3356 582 3483 638 Haec
3517 597 3585 637 ex
3610 595 3746 638 con-

2167 682 2505 737 venientibus
2535 680 2791 734 membris
2816 677 2969 748 quasi
3011 675 3186 730 simila
3213 689 3280 730 ex
3311 673 3494 730 multis
3516 674 3747 731 creden-

2167 773 2299 825 tium
2347 768 2530 841 granis
2570 766 2793 821 collecta
2834 774 3001 820 estet
3044 764 3179 835 legis
3215 773 3272 819 et
3327 762 3743 834 Evangelioram

2166 859 2307 915 mola
2343 859 2484 911 inter
2512 857 2746 911 litteram
2784 864 3053 924 separata,
3083 869 3180 924 per
3205 867 3403 923 aquam
3431 853 3593 909 etiam
3616 854 3751 926 hap-

2168 948 2398 1002 tismatis
2434 948 2690 1010 adunata,
2744 944 3054 999 chrismatis
3098 944 3216 998 oleo
3240 953 3523 1014 peruncta,
3571 945 3748 1000 sancti

2168 1037 2401 1107 Spiritus
2429 1037 2550 1108 igne
2574 1034 2822 1101 solidata,
2852 1050 2949 1104 per
2976 1033 3333 1089 humilitatem
3377 1032 3614 1104 Spiritus
3634 1036 3749 1090 Deo

2169 1131 2342 1185 hostia
2368 1130 2588 1200 placens
2628 1128 2818 1184 effecta
2852 1136 2954 1183 est.
2992 1126 3254 1182 Similiter
3287 1126 3474 1181 eadem
3503 1141 3570 1181 ex
3601 1126 3748 1182 mul-

2171 1224 2238 1277 tis
2263 1222 2531 1292 personis,
2559 1221 2705 1274 velut
2735 1220 2904 1275 acinis
2935 1216 3107 1282 botri,
3135 1216 3458 1282 coadunata,
3496 1225 3553 1272 et
3577 1217 3749 1286 praalo

2170 1314 2436 1384 passionis
2475 1322 2638 1381 atque
2694 1310 3053 1365 tentationum
3104 1318 3494 1379 conquassata,
3558 1309 3745 1364 vinum

2170 1406 2397 1460 eli‘nndit
2423 1403 2684 1475 Spiritale.
2718 1402 2942 1474 Legitur
2973 1403 3121 1458 enim
3160 1402 3216 1457 in
3260 1401 3543 1472 scripturis
3568 1401 3753 1456 Domi-

2172 1514 2300 1553 num
2325 1498 2572 1552 victimas
2590 1497 2853 1567 pecudum
2873 1505 2929 1550 et
2950 1496 3154 1552 hostias
3181 1494 3379 1565 legales
3408 1496 3749 1563 reprobasse,

2172 1598 2227 1643 et
2241 1587 2564 1643 sacriﬁcium
2587 1587 2828 1657 Spiritale
2849 1588 3137 1656 expetisse.
3160 1586 3311 1642 Unde
3332 1594 3419 1641 est
3443 1585 3571 1640 illud
3589 1604 3603 1639 ;
3625 1584 3749 1639 Non

2176 1679 2452 1745 accipiam,
2487 1678 2680 1747 inquit,
2704 1677 2768 1731 de
2805 1676 2959 1731 domo
2990 1688 3081 1731 tua
3109 1676 3326 1743 vitulos,
3354 1693 3515 1747 neque
3538 1674 3604 1730 de
3626 1693 3748 1748 gre-

494 1794 551 1835 et
573 1778 723 1834 vituli
746 1785 836 1831 aut
866 1774 1158 1831 Dominica:
1181 1768 1571 1825 Incarnationis
1592 1767 1934 1836 operationes
1958 1764 2070 1818 sive
2099 1755 2145 1814 Β
2173 1770 2321 1841 gibus
2347 1770 2447 1824 tuis
2461 1771 2634 1825 hircos
2660 1768 2833 1842 (Psal.
2864 1769 3035 1839 χιιι).
3051 1769 3118 1823 Ει
3144 1770 3305 1823 item:
3332 1768 3585 1839 Nunquid
3598 1784 3752 1822 man—

494 1868 609 1938 agri
636 1863 896 1933 Dominici
931 1861 1186 1925 cultores,
1219 1859 1321 1914 hoc
1348 1865 1453 1922 est,
1492 1856 1762 1920 doctores,
1806 1861 1898 1907 aut
1925 1853 2071 1924 lega-

493 1958 624 2012 lium
651 1940 1028 2010 mandatorum
1043 1958 1356 2020 operatores
1374 1946 1699 2016 signiﬁcant.
1730 1945 1870 2000 Oves
1892 1953 2072 1998 autem

495 2058 550 2104 et
600 2046 758 2117 agni,
809 2052 902 2099 aut
956 2043 1132 2112 ipsum
1175 2039 1534 2104 salvatorem,
1590 2036 1722 2105 qui,
1778 2034 2072 2090 secundum

495 2138 707 2202 Isaiam,
761 2143 1009 2203 tauquam
1052 2130 1180 2193 oris,
1211 2129 1281 2182 ad
1322 2129 1584 2181 victimam
1610 2126 1798 2178 ductus
1833 2134 1906 2178 est
1936 2123 2070 2194 (Isa.

497 2226 640 2298 LIII),
668 2233 725 2280 et
750 2240 782 2278 a
808 2221 1015 2277 Joanne
1041 2222 1220 2289 Agnus
1243 2217 1361 2281 Dei,
1381 2216 1473 2287 qui
1494 2215 1625 2270 tollit
1650 2225 1862 2286 peccata
1892 2215 2074 2268 mundi

495 2319 676 2391 (Joan.
694 2317 732 2388 ι)
758 2314 1007 2371 omnibus
1028 2313 1431 2367 demonstratur
1454 2326 1467 2361 :
1489 2322 1584 2362 aut
1610 2308 1883 2376 simplices
1912 2322 2075 2377 quos-

494 2424 637 2479 que;
681 2416 737 2462 et
777 2405 1093 2459 innocentes
1140 2401 1195 2455 in
1239 2399 1479 2454 Ecclesia
1517 2398 1839 2469 signiﬁcant.
1887 2398 2077 2466 Caprze

495 2508 677 2555 autem
720 2496 803 2553 vel
845 2496 983 2550 htedi
1013 2494 1068 2547 in
1098 2492 1332 2547 hostiam
1358 2490 1523 2546 oblati
1571 2498 1664 2544 aut
1698 2505 1916 2544 carnem
1959 2489 2078 2543 Sal-

496 2588 701 2644 vatoris
729 2627 745 2652 ,
798 2600 919 2656 quae
968 2586 1172 2652 absque
1220 2592 1441 2652 peccato
1478 2590 1629 2644 erat,
1659 2588 1714 2635 et
1756 2589 1934 2635 tamen
1977 2594 2076 2649 pio

499 2678 738 2751 peccatis
789 2674 1012 2731 humani
1059 2674 1274 2743 generis
1320 2671 1430 2725 Deo
1454 2670 1603 2724 Patri
1647 2670 1825 2725 oblata
1861 2678 1945 2724 est
1976 2689 1988 2723 :
2018 2679 2077 2723 ut

503 2784 603 2840 per
629 2765 744 2835 eius
757 2772 989 2820 mortem
1011 2770 1201 2817 auctor
1221 2760 1426 2831 peccati
1444 2758 1695 2813 Diabolus
1704 2758 2072 2828 iugularetur;

496 2866 592 2913 aut
612 2855 939 2928 pmnitentes
972 2867 1070 2922 pro
1117 2850 1355 2922 peccatis
1399 2849 1512 2904 suis
1546 2848 1869 2918 signiﬁcant,
1896 2847 1986 2915 qui
2017 2861 2077 2900 se

498 2964 593 3020 per
647 2946 989 3001 alllictionem
1025 2944 1205 2998 carnis
1251 2948 1491 2996 mactant
1535 2940 1667 2994 Deo.
1710 2940 1851 2993 Aves
1894 2947 2076 2993 autem

497 3049 592 3094 aut
623 3037 825 3094 Christi
861 3034 1255 3091 humanitatem
1292 3032 1596 3104 signiﬁcant
1625 3050 1637 3085 :
1671 3032 1810 3087 sicut
1839 3046 1935 3101 per
1958 3039 2071 3085 tur-

2171 1863 2396 1929 ducabo,
2419 1863 2513 1929 ait,
2543 1878 2724 1917 carnes
2753 1872 3025 1916 taurorum
3053 1870 3142 1914 aut
3166 1861 3471 1931 sanguinem
3483 1860 3752 1915 hircorum

2170 1956 2381 2026 potabo.
2406 1954 2631 2008 lmmola
2653 1953 2763 2007 Deo
2791 1953 3115 2022 sacri/icium
3143 1952 3339 2020 laudis,
3374 1964 3422 2008 et
3456 1954 3615 2008 redde
3650 1955 3749 2006 AI-

2172 2043 2369 2097 tissimo
2397 2053 2512 2097 vota
2549 2052 2640 2096 tua
2671 2041 2883 2114 (Ibid.).
2914 2041 3251 2098 Sacriﬁcium
3283 2043 3455 2099 laudis
3486 2044 3748 2100 honoriﬁ-

2173 2135 2320 2190 cabit
2348 2148 2434 2189 me
2462 2153 2473 2187 :
2507 2143 2563 2190 et
2589 2135 2697 2189 illic
2728 2144 2853 2190 tunc
2880 2143 2982 2201 est,
3008 2135 3064 2189 in
3104 2149 3212 2205 quo
3231 2137 3513 2191 ostendam
3555 2136 3629 2191 illi
3659 2152 3751 2193 sa-

2173 2224 2349 2281 lutare
2375 2226 2491 2281 Dei.
2535 2227 2603 2281 Et
2632 2226 2799 2281 alibi:
2832 2226 3076 2281 Οἰνοαὲὁο
3097 2236 3145 2281 et
3178 2228 3457 2282 immolabo
3500 2229 3556 2283 in
3581 2229 3752 2283 taber-

2174 2316 2361 2372 nacan
2400 2334 2513 2387 eius
2547 2318 2769 2383 hostiam
2786 2317 3140 2388 jabilationis,
3176 2321 3396 2374 cantabo
3421 2329 3468 2373 et
3494 2317 3752 2389 psalmum

2174 2409 2349 2462 dicam
2375 2409 2599 2462 Domino
2653 2406 3009 2481 (Psal.xxvn).
3026 2409 3177 2465 Unde
3227 2410 3280 2464 in
3317 2408 3524 2480 psalmo
3566 2419 3753 2465 sancta

2175 2499 2416 2554 Ecclesia
2467 2508 2636 2554 totam
2665 2514 2725 2554 se
2767 2498 2880 2554 Deo
2926 2500 3179 2556 dedicans
3205 2500 3375 2555 dicit:
3428 2499 3753 2555 Holocausta

2174 2590 2460 2646 medullata
2511 2591 2729 2661 oﬂ‘eram
2774 2590 2866 2645 tibi
2912 2609 3030 2646 cum
3079 2593 3294 2647 incensa
3325 2590 3497 2665 (Psal.
3525 2593 3672 2663 va),
3699 2601 3754 2649 et

2175 2681 2400 2751 reliqua.
2434 2682 2587 2748 Quod
2628 2691 2807 2737 autem
2837 2681 3041 2752 absque
3087 2681 3352 2738 fermento
3389 2683 3612 2755 iubetur
3656 2683 3751 2737 Dei

2175 2787 2297 2828 esse
2315 2771 2533 2838 oblatio,
2567 2780 2622 2826 et
2646 2772 2763 2828 sine
2787 2772 2945 2827 melle
2976 2790 2990 2826 :
3021 2773 3225 2827 indicat
3266 2773 3407 2843 apud
3427 2773 3596 2828 Deum
3618 2774 3753 2828 nihil

2175 2861 2574 2933 voluptuosum,
2599 2862 2732 2917 nihil
2759 2877 2922 2918 suave
2945 2862 3104 2933 hujus
3125 2863 3306 2917 mundi
3327 2863 3562 2932 placere,
3592 2862 3754 2917 nihil-

2175 2969 2301 3023 que,
2336 2954 2479 3023 quod
2517 2967 2626 3007 non
2672 2952 2869 3008 habeat
2916 2951 3187 3006 mordacis
3230 2951 3430 3021 aliquid
3485 2952 3751 3007 veritatis.

2180 3041 2333 3097 Unde
2371 3052 2427 3096 et
2476 3042 2679 3111 pascha
2722 3057 2846 3097 cum
2890 3041 3341 3096 amaritudinibus
3374 3042 3750 3096 manducatnr.

499 3140 676 3185 turem
711 3136 769 3183 et
791 3125 1094 3182 columbam
1121 3123 1323 3178 Christi
1353 3137 1482 3177 caro
1512 3122 1723 3193 spiritui
1751 3122 1954 3176 sociata
1985 3121 2071 3176 de-
2102 3105 2146 3165 Ο
2180 3105 2510 3185 Εοοηιιιειιαίξ)
2532 3130 2747 3185 misceri
2766 3130 2817 3185 in
2833 3130 3084 3186 omnibus
3104 3129 3386 3186 sacriﬁciis
3414 3128 3753 3199 saliubetur,

499 3226 832 3274 monstratur
882 3216 938 3270 in
985 3214 1245 3286 mysterio
1285 3213 1553 3283 passionis
1608 3226 1705 3281 per
1747 3212 2076 3267 sacriﬁcium

500 3310 611 3365 Deo
652 3308 708 3363 in
754 3306 975 3363 odorem
1026 3305 1311 3361 suavitatis
1358 3304 1538 3360 oblata
1577 3312 1715 3358 :aut
1767 3312 2077 3358 sanctorum

497 3395 848 3468 perfectionis
861 3394 1366 3465 contemplationem
1380 3393 1647 3463 designat.
1665 3391 1916 3448 Volatilia
1932 3392 2075 3446 enim

500 3486 748 3542 homines
778 3494 907 3540 sunt
932 3484 1371 3555 contemplationi
1396 3492 1675 3549 vacantes,
1706 3485 1937 3540 terrenis
1959 3499 2078 3538 om-

502 3579 632 3633 nino
659 3593 718 3633 se
747 3592 852 3633 non
879 3577 1168 3632 miscentes
1199 3576 1446 3646 negotiis.
1474 3574 1630 3642 Quod
1654 3586 1710 3630 et
1732 3575 1776 3630 si
1822 3574 1961 3630 forte
1986 3589 2081 3629 ne-

496 3668 725 3726 cessitas
773 3667 1036 3738 exegerit,
1086 3680 1212 3721 mox
1272 3664 1515 3720 revolant
1571 3665 1640 3719 ad
1692 3665 1939 3720 sublimia
1989 3665 2080 3719 illo

499 3757 778 3828 Evangelii
822 3755 1051 3827 iuvante
1102 3755 1430 3819 testimonio,
1478 3769 1585 3824 quo
1640 3754 1901 3810 Dominus
1961 3754 2076 3809 ait:

500 3847 839 3904 Considerate
864 3843 1100 3901 volatilia
1135 3842 1251 3898 caeli
1272 3883 1288 3909 ,
1316 3844 1442 3914 quia
1488 3859 1591 3898 non
1621 3843 1878 3897 seminam
1921 3860 2082 3915 neque

499 3946 695 3994 metunt
725 3950 744 3990 .'
772 3946 821 3992 et
852 3933 1015 3990 Pater
1029 3942 1185 3989 vester
1207 3932 1425 3988 calestis
1448 3933 1613 4003 pascit
1639 3931 1731 3987 illa
1750 3932 2078 4004 (Μοθώνη).

502 4028 953 4100 Contemplationi
996 4042 1127 4098 ergo
1155 4040 1355 4081 vacans
1389 4033 1445 4080 et
1492 4024 1548 4080 in
1577 4024 1913 4094 superiorum
1953 4040 2081 4080 con-

500 4122 827 4179 sideratione
849 4118 1118 4191 perfectus
1146 4118 1308 4174 homo
1337 4115 1463 4189 (hoc
1495 4115 1645 4172 enim
1669 4131 1789 4186 qua:
1823 4117 2081 4186 praedicta

501 4219 627 4265 sunt
647 4207 990 4279 docuerunt),
1021 4208 1067 4263 si
1094 4207 1560 4263 conversationem
1580 4206 1694 4261 sive
1720 4206 1889 4261 vitam
1928 4221 2082 4262 suam

501 4303 837 4358 oblationem
868 4298 1028 4355 oﬁ‘ert
1050 4299 1117 4355 de
1142 4299 1467 4364 turturibns,
1497 4308 1591 4353 aut
1618 4300 1685 4353 de
1714 4297 1975 4354 columbis
1999 4297 2081 4352 of-

503 4392 643 4448 ferat
668 4406 863 4446 munus
896 4405 1076 4455 suum,
1118 4390 1169 4446 id
1202 4399 1307 4456 est,
1338 4391 1390 4445 in
1427 4390 1658 4445 scientia
1687 4398 1743 4445 et
1771 4401 2079 4445 mansuetu-

505 4483 628 4537 dine
656 4480 908 4551 spiritali.
940 4448 1073 4533 Haae
1093 4479 1236 4534 enim
1268 4448 1406 4549 opus
1433 4480 1596 4535 habet
1619 4488 1678 4533 ut
1718 4494 1823 4534 non
1854 4479 2081 4534 excedat
2103 4448 2156 4506 Β

504 4573 638 4643 legis
680 4569 1039 4627 consideratio
1078 4568 1132 4624 in
1171 4571 1326 4625 vanis
1364 4578 1645 4639 occupata.
1687 4569 1890 4624 'l‘urtur
1915 4569 2084 4639 siqui-

450 4676 455 4683 '
504 4665 625 4720 dem
670 4663 797 4733 quia
827 4662 1187 4732 cognitionem
1240 4660 1442 4716 habet:
1485 4662 1559 4717 ita
1607 4670 1667 4716 ut
1693 4646 1809 4732 eius
1836 4662 2083 4731 exemplo

503 4759 810 4815 Judaeorum
855 4755 1275 4825 exprobraretur
1323 4753 1586 4826 populus,
1651 4751 1918 4809 Jeremias
1960 4768 2085 4822 pro-

505 4851 615 4906 bat.
653 4849 744 4904 Ait
768 4846 953 4902 enim:
987 4843 1183 4898 Turtur
1205 4853 1253 4898 et
1287 4844 1515 4898 hirundo
1559 4853 1618 4898 et
1656 4844 1859 4897 ciconia
1906 4854 2082 4898 custo-

506 4940 713 4994 dierunt
753 4947 951 5006 tempus
1005 4934 1255 4987 adventus
1277 4932 1361 4986 sui
1387 4944 1406 4983 :
1451 4931 1675 5002 populus
1719 4941 1893 4985 autem
1930 4949 2076 4987 meus

509 5046 613 5085 non
651 5028 885 5099 cognovit
922 5025 1180 5094 iudicium
1224 5023 1434 5078 Domini
1470 5024 1607 5096 (Jer.
1637 5023 1778 5096 vni).
1816 5025 2076 5081 Columba

508 5131 688 5176 autem
718 5117 915 5173 munda
950 5125 1004 5171 et
1032 5114 1280 5184 simplex,
1326 5115 1805 5185 annuntiatrixque
1842 5131 2079 5187 praesen-

509 5210 597 5264 tia:
625 5207 795 5263 sancti
831 5206 1065 5277 Spiritus
1088 5214 1209 5262 est:
1239 5206 1428 5277 quales
1452 5216 1666 5277 oportet
1696 5222 1816 5263 esse
1842 5224 1938 5265 eos
1985 5213 2078 5281 qui

506 5301 652 5355 circa
702 5296 1139 5368 contemplandas
1203 5297 1504 5367 scripturas
1558 5298 1758 5352 habent
1820 5299 2075 5355 studium.

508 5386 664 5452 Unde
720 5387 980 5443 Ezechias
1024 5387 1150 5441 ait:
1196 5386 1491 5447 Mcditabor
1546 5398 1603 5441 ut
1658 5388 1897 5443 columba
1935 5390 2073 5462 (Isa.

510 5477 761 5551 xxxvnt).
802 5477 989 5533 Simila
1041 5487 1220 5533 autem
1262 5488 1346 5533 est
1405 5478 1819 5535 libamentorum
1871 5482 2078 5536 sacriﬁ-

509 5571 671 5635 cium,
708 5580 803 5625 aut
836 5579 1230 5627 sacramentum
1270 5570 1512 5641 corporis
1542 5570 1744 5627 Christi
1774 5580 1830 5627 et
1856 5573 2074 5642 sangui-

510 5659 617 5723 nis,
648 5659 789 5729 quod
827 5660 880 5715 in
915 5660 1073 5715 altari
1105 5670 1453 5717 consecratur
1476 5671 1530 5715 et
1560 5676 1588 5713 a
1620 5660 1865 5716 ﬁdelibus
1892 5662 1956 5715 ad
1982 5677 2076 5717 au-

2180 3219 2387 3275 scilicet
2415 3229 2474 3275 ut
2506 3221 2721 3287 omnia,
2751 3236 2872 3291 qua:
2910 3222 2980 3278 ad
3021 3221 3224 3278 Christi
3267 3222 3525 3278 honorem
3570 3221 3757 3279 oﬁ'eri-

2179 3327 2323 3377 mus,
2347 3312 2427 3367 sal
2455 3314 2681 3369 rationis
2735 3329 2802 3370 ac
2839 3315 3181 3371 discretionis
3210 3330 3426 3385 semper
3464 3315 3750 3386 accipiant.

2180 3403 2332 3471 Quod
2366 3419 2495 3459 vero
2532 3406 2583 3458 in
2623 3404 2947 3460 sacriﬁcium
2974 3405 3152 3461 oleum
3194 3405 3537 3469 offerebatur,
3584 3405 3754 3476 signi-

2181 3495 2326 3561 ﬁcat,
2351 3503 2408 3549 ut
2433 3495 2692 3566 quidquid
2731 3496 2800 3552 ad
2842 3495 3046 3551 cultum
3074 3496 3275 3552 Christi
3325 3505 3379 3552 et
3413 3496 3755 3553 devotionem

2180 3597 2493 3643 sanctorum
2534 3588 2897 3659 impendimus
2926 3629 2942 3655 ,
2989 3597 3158 3645 totum
3205 3604 3327 3645 cum
3362 3589 3639 3645 hilaritate
3675 3587 3757 3644 fa-

2181 3680 2389 3733 ciamus
2413 3696 2426 3733 :
2455 3677 2605 3734 Nihil
2630 3679 2710 3751 (ut
2739 3679 2817 3733 ait
2861 3678 3171 3751 Apostolus)
3200 3695 3266 3734 ea:
3315 3678 3528 3734 tristitia
3571 3688 3661 3732 aut
3688 3694 3757 3733 ea:

2182 3770 2484 3823 necessitate
2500 3785 2518 3822 :
2532 3768 2639 3822 hilo
2648 3785 2753 3823 rem
2766 3770 2904 3823 enim
2927 3768 3163 3824 datorem
3180 3768 3349 3840 diligit
3365 3768 3503 3825 Deus
3525 3767 3575 3840 (1
3584 3767 3610 3822 1
3628 3767 3752 3823 Cor.

2182 3857 2283 3930 is).
2318 3857 2473 3914 Unde
2521 3874 2736 3930 quoque
2768 3858 3044 3914 moraliter
3078 3873 3178 3915 nos
3216 3859 3440 3915 vitulum
3478 3857 3757 3914 oﬁ‘erimus

2182 3951 2313 4017 Deo,
2341 3967 2464 4006 cum
2494 3951 2673 4006 carnis
2706 3950 3016 4022 superbiam
3044 3949 3349 4006 vincimus:
3382 3964 3601 4021 agnum,
3632 3963 3765 4003 cum

2182 4039 2581 4095 irrationabiles
2618 4050 2794 4095 motus
2831 4040 3192 4111 corrigimus:
3235 4041 3472 4105 hamum,
3516 4053 3639 4094 cum
3682 4038 3759 4091 ιιι.

2182 4133 2404 4189 sciviam
2441 4146 2795 4201 superamus:
2825 4129 3148 4196 columbam,
3180 4144 3306 4185 cum
3355 4129 3755 4200 simplicitatem

2182 4225 2514 4280 custodimus
2543 4237 2559 4277 :
2587 4230 2871 4286 turturem,
2926 4238 3049 4278 cum
3088 4222 3395 4277 castitatem
3439 4235 3754 4276 servamus:

2183 4317 2287 4372 hoc
2329 4325 2510 4371 autem
2566 4329 2735 4386 genus
2776 4314 2956 4394 avium
3012 4313 3211 4369 dicitur
3244 4327 3408 4367 unum
3446 4320 3502 4367 et
3544 4319 3755 4367 castum

2182 4423 2399 4464 servare
2423 4404 2749 4478 coniugium.
2784 4403 3027 4459 Similam
3055 4412 3110 4457 et
3143 4418 3311 4473 panes
3333 4417 3555 4474 azymos
3578 4400 3761 4459 oll‘eri-

2182 4514 2322 4565 mus,
2350 4513 2473 4553 eum
2510 4498 2641 4552 sine
2656 4496 2857 4551 malitia
2882 4503 2937 4550 et
2976 4495 3212 4564 nequitia
3248 4495 3390 4549 hanc
3417 4495 3582 4550 vitam
3618 4508 3759 4566 pra:-

2181 4601 2387 4648 sentem
2422 4591 2678 4662 gerimus.
2712 4586 2881 4643 Oﬁ‘ert
2918 4585 3090 4659 (verbi
3129 4586 3324 4657 gratia)
3361 4586 3626 4653 similam,
3661 4585 3758 4657 qui

2182 4685 2237 4739 in
2269 4682 2382 4754 agri
2409 4681 2616 4738 cultura
2637 4691 2733 4737 aut
2762 4681 3064 4753 navigando
3092 4689 3185 4735 aut
3214 4680 3269 4735 in
3309 4681 3578 4751 aliquibus
3599 4697 3756 4737 eom-

2184 4778 2363 4831 munis
2406 4777 2529 4832 vitae
2562 4776 2748 4831 usibus
2793 4776 3023 4846 positam
3062 4772 3222 4830 offert
3264 4774 3752 4838 conversationem,

2183 4870 2302 4925 oleo
2349 4878 2526 4923 tamen
2578 4882 2963 4938 consparsam:
3007 4866 3132 4936 quia
3178 4865 3355 4921 omnis
3399 4865 3580 4920 anima
3633 4875 3757 4937 eget

2184 4963 2303 5018 oleo
2351 4962 2546 5017 divinae
2600 4959 3004 5022 misericordiae,
3059 4972 3161 5013 nec
3216 4964 3536 5029 praesentem
3586 4955 3752 5011 vitam

2182 5054 2412 5108 evadere
2441 5052 2705 5122 quispiam
2736 5060 2939 5121 potest,
2967 5050 3071 5105 nisi
3103 5050 3153 5104 ei
3190 5049 3366 5104 oleum
3396 5048 3629 5105 celestis
3656 5048 3757 5102 mi-

2184 5142 2471 5198 serationis
2518 5139 2749 5195 aﬁ'uerit.
2798 5140 2909 5197 Nec
2958 5155 3065 5194 non
3111 5148 3165 5193 et
3214 5138 3344 5193 illud
3375 5139 3753 5203 intimandum,

2183 5233 2325 5304 quod
2348 5231 2503 5300 iuxta
2530 5230 2912 5286 mortalitatem
2952 5240 3052 5301 per
3088 5230 3358 5286 clibanum
3399 5231 3755 5286 tentationum

2183 5324 2395 5394 pondus
2454 5321 2776 5391 exprimitur
2830 5338 2846 5375 :
2902 5336 2999 5390 per
3051 5321 3393 5392 .sartaginem
3450 5323 3753 5378 constantia

2184 5415 2351 5469 animi
2394 5423 2450 5469 et
2488 5414 2654 5470 robur
2696 5415 2893 5470 mentis
2924 5432 2937 5468 :
2964 5429 3063 5484 per
3109 5416 3428 5472 craticulam
3469 5416 3753 5487 multiplex.

2182 5505 2514 5576 impugnatio
2542 5522 2649 5562 non
2678 5506 2971 5575 incongrue
2994 5507 3346 5579 signiﬁcatur.
