  <div class='ocr_page' id='page_1' title='image "/cluster/home/n/w/nwhite01/storage/ocr_20150623/111/hvd.32044054759766/072.png"; bbox 0 0 4064 6206; ppageno 0'>
   <div class='ocr_carea' id='block_1_1' title="bbox 426 282 528 338">
    <p class='ocr_par' dir='ltr' id='par_1_1' title="bbox 426 282 528 338">
     <span class='ocr_line' id='line_1_1' title="bbox 426 282 528 338; baseline 0 -1"><span class='ocrx_word' id='word_1_1' title='bbox 426 282 528 338; x_wconf 67' lang='grc' dir='ltr'><strong>ιπδ</strong></span> 
     </span>
    </p>
   </div>
   <div class='ocr_carea' id='block_1_2' title="bbox 1046 402 1401 461">
    <p class='ocr_par' dir='ltr' id='par_1_2' title="bbox 1046 402 1401 461">
     <span class='ocr_line' id='line_1_2' title="bbox 1046 402 1401 461; baseline 0.011 -7"><span class='ocrx_word' id='word_1_2' title='bbox 1046 402 1274 461; x_wconf 81' lang='lat' dir='ltr'><strong>CAPUT</strong></span> <span class='ocrx_word' id='word_1_3' title='bbox 1312 403 1401 458; x_wconf 80' lang='lat' dir='ltr'><strong>XI.</strong></span> 
     </span>
    </p>
   </div>
   <div class='ocr_carea' id='block_1_3' title="bbox 424 508 2013 586">
    <p class='ocr_par' dir='ltr' id='par_1_3' title="bbox 424 508 2013 586">
     <span class='ocr_line' id='line_1_3' title="bbox 424 508 2013 586; baseline 0.003 -21"><span class='ocrx_word' id='word_1_4' title='bbox 424 508 505 565; x_wconf 73' lang='lat' dir='ltr'><strong>De</strong></span> <span class='ocrx_word' id='word_1_5' title='bbox 524 514 867 566; x_wconf 76' lang='lat' dir='ltr'><strong>sacramentis</strong></span> <span class='ocrx_word' id='word_1_6' title='bbox 886 511 1078 586; x_wconf 79' lang='lat' dir='ltr'><strong>divinis</strong></span> <span class='ocrx_word' id='word_1_7' title='bbox 1100 528 1119 565; x_wconf 88' lang='lat'><strong><em>:</em></strong></span> <span class='ocrx_word' id='word_1_8' title='bbox 1146 514 1233 586; x_wconf 83' lang='lat' dir='ltr'><strong>ubi</strong></span> <span class='ocrx_word' id='word_1_9' title='bbox 1257 515 1385 585; x_wconf 88' lang='lat' dir='ltr'><strong>quid</strong></span> <span class='ocrx_word' id='word_1_10' title='bbox 1416 516 1471 569; x_wconf 91' lang='lat' dir='ltr'><strong>in</strong></span> <span class='ocrx_word' id='word_1_11' title='bbox 1502 515 1581 569; x_wconf 86' lang='lat' dir='ltr'><strong>his</strong></span> <span class='ocrx_word' id='word_1_12' title='bbox 1607 514 1804 569; x_wconf 84' lang='lat' dir='ltr'><strong>homini</strong></span> <span class='ocrx_word' id='word_1_13' title='bbox 1830 531 2013 586; x_wconf 80' lang='lat' dir='ltr'><strong>geren—</strong></span> 
     </span>
    </p>
   </div>
   <div class='ocr_carea' id='block_1_4' title="bbox 871 583 1551 649">
    <p class='ocr_par' dir='ltr' id='par_1_4' title="bbox 871 583 1551 649">
     <span class='ocr_line' id='line_1_4' title="bbox 871 583 1551 649; baseline 0.003 -13"><span class='ocrx_word' id='word_1_14' title='bbox 871 583 998 637; x_wconf 88' lang='lat' dir='ltr'><strong>dum</strong></span> <span class='ocrx_word' id='word_1_15' title='bbox 1024 584 1116 649; x_wconf 90' lang='lat' dir='ltr'><strong>sit,</strong></span> <span class='ocrx_word' id='word_1_16' title='bbox 1144 583 1551 638; x_wconf 85' lang='lat' dir='ltr'><strong>demonstratur.</strong></span> 
     </span>
    </p>
   </div>
   <div class='ocr_carea' id='block_1_5' title="bbox 496 689 2012 761">
    <p class='ocr_par' dir='ltr' id='par_1_5' title="bbox 496 689 2012 761">
     <span class='ocr_line' id='line_1_5' title="bbox 496 689 2012 761; baseline 0.003 -18"><span class='ocrx_word' id='word_1_17' title='bbox 496 689 914 744; x_wconf 86' lang='lat' dir='ltr'><strong>Sacramentum</strong></span> <span class='ocrx_word' id='word_1_18' title='bbox 949 697 1033 745; x_wconf 88' lang='lat' dir='ltr'><strong>est</strong></span> <span class='ocrx_word' id='word_1_19' title='bbox 1067 691 1119 745; x_wconf 92' lang='lat' dir='ltr'><strong>in</strong></span> <span class='ocrx_word' id='word_1_20' title='bbox 1150 690 1325 761; x_wconf 89' lang='lat' dir='ltr'><strong>aliqua</strong></span> <span class='ocrx_word' id='word_1_21' title='bbox 1358 691 1741 759; x_wconf 76' lang='lat' dir='ltr'><strong>celebratione,</strong></span> <span class='ocrx_word' id='word_1_22' title='bbox 1772 708 1895 749; x_wconf 89' lang='lat' dir='ltr'><strong>cum</strong></span> <span class='ocrx_word' id='word_1_23' title='bbox 1926 708 2012 748; x_wconf 85' lang='lat' dir='ltr'><strong>res</strong></span> 
     </span>
    </p>
   </div>
   <div class='ocr_carea' id='block_1_6' title="bbox 423 778 2011 853">
    <p class='ocr_par' dir='ltr' id='par_1_6' title="bbox 423 778 2011 853">
     <span class='ocr_line' id='line_1_6' title="bbox 423 778 2011 853; baseline 0.003 -20"><span class='ocrx_word' id='word_1_24' title='bbox 423 789 578 850; x_wconf 85' lang='lat' dir='ltr'><strong>gesta</strong></span> <span class='ocrx_word' id='word_1_25' title='bbox 614 780 687 833; x_wconf 89' lang='lat' dir='ltr'><strong>ita</strong></span> <span class='ocrx_word' id='word_1_26' title='bbox 719 778 813 844; x_wconf 88' lang='lat' dir='ltr'><strong>ﬁt,</strong></span> <span class='ocrx_word' id='word_1_27' title='bbox 848 787 908 833; x_wconf 91' lang='lat' dir='ltr'><strong>ut</strong></span> <span class='ocrx_word' id='word_1_28' title='bbox 930 779 1130 850; x_wconf 86' lang='lat' dir='ltr'><strong>aliquid</strong></span> <span class='ocrx_word' id='word_1_29' title='bbox 1159 781 1465 852; x_wconf 87' lang='lat' dir='ltr'><strong>signiﬁcare</strong></span> <span class='ocrx_word' id='word_1_30' title='bbox 1492 782 1845 853; x_wconf 66' lang='lat' dir='ltr'><strong>intelligatur,</strong></span> <span class='ocrx_word' id='word_1_31' title='bbox 1866 782 2011 852; x_wconf 91' lang='lat' dir='ltr'><strong>quod</strong></span> 
     </span>
    </p>
   </div>
   <div class='ocr_carea' id='block_1_7' title="bbox 421 867 2008 940">
    <p class='ocr_par' dir='ltr' id='par_1_7' title="bbox 421 867 2008 940">
     <span class='ocr_line' id='line_1_7' title="bbox 421 867 2008 940; baseline 0.003 -17"><span class='ocrx_word' id='word_1_32' title='bbox 421 879 613 923; x_wconf 85' lang='lat' dir='ltr'><strong>sancte</strong></span> <span class='ocrx_word' id='word_1_33' title='bbox 660 867 1031 939; x_wconf 82' lang='lat' dir='ltr'><strong>accipiendum</strong></span> <span class='ocrx_word' id='word_1_34' title='bbox 1074 877 1176 924; x_wconf 90' lang='lat' dir='ltr'><strong>est.</strong></span> <span class='ocrx_word' id='word_1_35' title='bbox 1219 870 1356 925; x_wconf 90' lang='lat' dir='ltr'><strong>Sunt</strong></span> <span class='ocrx_word' id='word_1_36' title='bbox 1406 879 1587 926; x_wconf 89' lang='lat' dir='ltr'><strong>autem</strong></span> <span class='ocrx_word' id='word_1_37' title='bbox 1636 872 2008 940; x_wconf 74' lang='lat' dir='ltr'><strong>Sacramenta,</strong></span> 
     </span>
    </p>
   </div>
   <div class='ocr_carea' id='block_1_8' title="bbox 422 960 2012 1033">
    <p class='ocr_par' dir='ltr' id='par_1_8' title="bbox 422 960 2012 1033">
     <span class='ocr_line' id='line_1_8' title="bbox 422 960 2012 1033; baseline 0.002 -18"><span class='ocrx_word' id='word_1_38' title='bbox 422 960 726 1031; x_wconf 76' lang='lat' dir='ltr'><strong>baptismus</strong></span> <span class='ocrx_word' id='word_1_39' title='bbox 747 970 805 1016; x_wconf 92' lang='lat' dir='ltr'><strong>et</strong></span> <span class='ocrx_word' id='word_1_40' title='bbox 820 960 1077 1027; x_wconf 83' lang='lat' dir='ltr'><strong>chrisma,</strong></span> <span class='ocrx_word' id='word_1_41' title='bbox 1092 976 1290 1031; x_wconf 89' lang='lat' dir='ltr'><strong>corpus</strong></span> <span class='ocrx_word' id='word_1_42' title='bbox 1309 970 1362 1017; x_wconf 90' lang='lat' dir='ltr'><strong>et</strong></span> <span class='ocrx_word' id='word_1_43' title='bbox 1379 964 1598 1031; x_wconf 75' lang='lat' dir='ltr'><strong>sanguis</strong></span> <span class='ocrx_word' id='word_1_44' title='bbox 1624 963 1833 1017; x_wconf 90' lang='lat' dir='ltr'><strong>Domini</strong></span> <span class='ocrx_word' id='word_1_45' title='bbox 1853 980 1867 1029; x_wconf 93' lang='lat'><strong>;</strong></span> <span class='ocrx_word' id='word_1_46' title='bbox 1892 979 2012 1033; x_wconf 72' lang='lat' dir='ltr'><strong>qua:</strong></span> 
     </span>
    </p>
   </div>
   <div class='ocr_carea' id='block_1_9' title="bbox 420 1049 2011 1123">
    <p class='ocr_par' dir='ltr' id='par_1_9' title="bbox 420 1049 2011 1123">
     <span class='ocr_line' id='line_1_9' title="bbox 420 1049 2011 1123; baseline 0.003 -19"><span class='ocrx_word' id='word_1_47' title='bbox 420 1052 495 1105; x_wconf 89' lang='lat' dir='ltr'><strong>ob</strong></span> <span class='ocrx_word' id='word_1_48' title='bbox 539 1050 593 1104; x_wconf 93' lang='lat' dir='ltr'><strong>id</strong></span> <span class='ocrx_word' id='word_1_49' title='bbox 641 1049 995 1105; x_wconf 89' lang='lat' dir='ltr'><strong>Sacramenta</strong></span> <span class='ocrx_word' id='word_1_50' title='bbox 1041 1051 1310 1117; x_wconf 82' lang='lat' dir='ltr'><strong>dicuntur,</strong></span> <span class='ocrx_word' id='word_1_51' title='bbox 1357 1053 1498 1122; x_wconf 86' lang='lat' dir='ltr'><strong>quod</strong></span> <span class='ocrx_word' id='word_1_52' title='bbox 1547 1051 1650 1107; x_wconf 90' lang='lat' dir='ltr'><strong>sub</strong></span> <span class='ocrx_word' id='word_1_53' title='bbox 1699 1060 2011 1123; x_wconf 79' lang='lat' dir='ltr'><strong>legumento</strong></span> 
     </span>
    </p>
   </div>
   <div class='ocr_carea' id='block_1_10' title="bbox 420 1138 2009 1215">
    <p class='ocr_par' dir='ltr' id='par_1_10' title="bbox 420 1138 2009 1215">
     <span class='ocr_line' id='line_1_10' title="bbox 420 1138 2009 1215; baseline 0.002 -22"><span class='ocrx_word' id='word_1_54' title='bbox 420 1138 788 1208; x_wconf 83' lang='lat' dir='ltr'><strong>corporalium</strong></span> <span class='ocrx_word' id='word_1_55' title='bbox 826 1154 1023 1215; x_wconf 79' lang='lat' dir='ltr'><strong>rerum</strong></span> <span class='ocrx_word' id='word_1_56' title='bbox 1045 1140 1218 1195; x_wconf 89' lang='lat' dir='ltr'><strong>virtus</strong></span> <span class='ocrx_word' id='word_1_57' title='bbox 1259 1141 1439 1195; x_wconf 86' lang='lat' dir='ltr'><strong>divina</strong></span> <span class='ocrx_word' id='word_1_58' title='bbox 1476 1142 1739 1197; x_wconf 72' lang='lat' dir='ltr'><strong>secretius</strong></span> <span class='ocrx_word' id='word_1_59' title='bbox 1786 1142 2009 1197; x_wconf 89' lang='lat' dir='ltr'><strong>salutem</strong></span> 
     </span>
    </p>
   </div>
   <div class='ocr_carea' id='block_1_11' title="bbox 422 1227 2011 1302">
    <p class='ocr_par' dir='ltr' id='par_1_11' title="bbox 422 1227 2011 1302">
     <span class='ocr_line' id='line_1_11' title="bbox 422 1227 2011 1302; baseline 0.004 -21"><span class='ocrx_word' id='word_1_60' title='bbox 422 1229 743 1284; x_wconf 88' lang='lat' dir='ltr'><strong>eorumdem</strong></span> <span class='ocrx_word' id='word_1_61' title='bbox 804 1227 1281 1285; x_wconf 88' lang='lat' dir='ltr'><strong>Sacramcutorum</strong></span> <span class='ocrx_word' id='word_1_62' title='bbox 1319 1241 1597 1302; x_wconf 88' lang='lat' dir='ltr'><strong>operatur.</strong></span> <span class='ocrx_word' id='word_1_63' title='bbox 1664 1232 1816 1288; x_wconf 91' lang='lat' dir='ltr'><strong>Unde</strong></span> <span class='ocrx_word' id='word_1_64' title='bbox 1866 1241 1921 1287; x_wconf 89' lang='lat' dir='ltr'><strong>et</strong></span> <span class='ocrx_word' id='word_1_65' title='bbox 1981 1248 2011 1287; x_wconf 91' lang='lat' dir='ltr'><strong>a</strong></span> 
     </span>
    </p>
   </div>
   <div class='ocr_carea' id='block_1_12' title="bbox 423 1320 2007 1379">
    <p class='ocr_par' dir='ltr' id='par_1_12' title="bbox 423 1320 2007 1379">
     <span class='ocr_line' id='line_1_12' title="bbox 423 1320 2007 1379; baseline 0.004 -7"><span class='ocrx_word' id='word_1_66' title='bbox 423 1321 656 1375; x_wconf 85' lang='lat' dir='ltr'><strong>secretis</strong></span> <span class='ocrx_word' id='word_1_67' title='bbox 698 1320 988 1377; x_wconf 74' lang='lat' dir='ltr'><strong>virtutibus</strong></span> <span class='ocrx_word' id='word_1_68' title='bbox 1016 1321 1099 1377; x_wconf 87' lang='lat' dir='ltr'><strong>vel</strong></span> <span class='ocrx_word' id='word_1_69' title='bbox 1147 1324 1317 1379; x_wconf 89' lang='lat' dir='ltr'><strong>sacris</strong></span> <span class='ocrx_word' id='word_1_70' title='bbox 1357 1321 1708 1379; x_wconf 89' lang='lat' dir='ltr'><strong>Sacramenta</strong></span> <span class='ocrx_word' id='word_1_71' title='bbox 1738 1325 2007 1379; x_wconf 90' lang='lat' dir='ltr'><strong>dicuntur.</strong></span> 
     </span>
    </p>
   </div>
   <div class='ocr_carea' id='block_1_13' title="bbox 423 1408 2012 1486">
    <p class='ocr_par' dir='ltr' id='par_1_13' title="bbox 423 1408 2012 1486">
     <span class='ocr_line' id='line_1_13' title="bbox 423 1408 2012 1486; baseline 0.003 -23"><span class='ocrx_word' id='word_1_72' title='bbox 423 1409 560 1476; x_wconf 59' lang='lat' dir='ltr'><strong>Quae</strong></span> <span class='ocrx_word' id='word_1_73' title='bbox 580 1410 702 1466; x_wconf 91' lang='lat' dir='ltr'><strong>ideo</strong></span> <span class='ocrx_word' id='word_1_74' title='bbox 731 1409 1005 1466; x_wconf 87' lang='lat' dir='ltr'><strong>f.uctuosc</strong></span> <span class='ocrx_word' id='word_1_75' title='bbox 1030 1428 1197 1482; x_wconf 86' lang='lat' dir='ltr'><strong>penes</strong></span> <span class='ocrx_word' id='word_1_76' title='bbox 1223 1413 1519 1479; x_wconf 75' lang='lat' dir='ltr'><strong>Ecclesium</strong></span> <span class='ocrx_word' id='word_1_77' title='bbox 1551 1408 1685 1469; x_wconf 84' lang='lat' dir='ltr'><strong>ﬁunt</strong></span> <span class='ocrx_word' id='word_1_78' title='bbox 1706 1433 1717 1467; x_wconf 90' lang='lat'><strong>:</strong></span> <span class='ocrx_word' id='word_1_79' title='bbox 1735 1415 1860 1486; x_wconf 88' lang='lat' dir='ltr'><strong>quia</strong></span> <span class='ocrx_word' id='word_1_80' title='bbox 1889 1430 2012 1469; x_wconf 90' lang='lat' dir='ltr'><strong>san-</strong></span> 
     </span>
    </p>
   </div>
   <div class='ocr_carea' id='block_1_14' title="bbox 422 1487 2011 1572">
    <p class='ocr_par' dir='ltr' id='par_1_14' title="bbox 422 1487 2011 1572">
     <span class='ocr_line' id='line_1_14' title="bbox 422 1487 2011 1572; baseline 0.001 -18"><span class='ocrx_word' id='word_1_81' title='bbox 422 1509 547 1555; x_wconf 88' lang='lat' dir='ltr'><strong>ctus</strong></span> <span class='ocrx_word' id='word_1_82' title='bbox 572 1501 625 1553; x_wconf 88' lang='lat' dir='ltr'><strong>in</strong></span> <span class='ocrx_word' id='word_1_83' title='bbox 648 1515 711 1554; x_wconf 90' lang='lat' dir='ltr'><strong>ea</strong></span> <span class='ocrx_word' id='word_1_84' title='bbox 742 1515 966 1556; x_wconf 89' lang='lat' dir='ltr'><strong>manens</strong></span> <span class='ocrx_word' id='word_1_85' title='bbox 989 1487 1223 1572; x_wconf 86' lang='lat' dir='ltr'><strong>Spiritus</strong></span> <span class='ocrx_word' id='word_1_86' title='bbox 1253 1502 1501 1558; x_wconf 89' lang='lat' dir='ltr'><strong>eumdem</strong></span> <span class='ocrx_word' id='word_1_87' title='bbox 1535 1502 2011 1559; x_wconf 89' lang='lat' dir='ltr'><strong>Sacramentorum</strong></span> 
     </span>
    </p>
   </div>
   <div class='ocr_carea' id='block_1_15' title="bbox 421 1592 2011 1666">
    <p class='ocr_par' dir='ltr' id='par_1_15' title="bbox 421 1592 2011 1666">
     <span class='ocr_line' id='line_1_15' title="bbox 421 1592 2011 1666; baseline 0.001 -19"><span class='ocrx_word' id='word_1_88' title='bbox 421 1592 660 1647; x_wconf 87' lang='lat' dir='ltr'><strong>latenter</strong></span> <span class='ocrx_word' id='word_1_89' title='bbox 685 1604 940 1663; x_wconf 88' lang='lat' dir='ltr'><strong>operatur</strong></span> <span class='ocrx_word' id='word_1_90' title='bbox 968 1594 1237 1650; x_wconf 75' lang='lat' dir='ltr'><strong>elfectum.</strong></span> <span class='ocrx_word' id='word_1_91' title='bbox 1269 1594 1420 1650; x_wconf 87' lang='lat' dir='ltr'><strong>Unde</strong></span> <span class='ocrx_word' id='word_1_92' title='bbox 1455 1610 1549 1649; x_wconf 91' lang='lat' dir='ltr'><strong>seu</strong></span> <span class='ocrx_word' id='word_1_93' title='bbox 1577 1609 1674 1666; x_wconf 92' lang='lat' dir='ltr'><strong>per</strong></span> <span class='ocrx_word' id='word_1_94' title='bbox 1701 1597 1874 1650; x_wconf 90' lang='lat' dir='ltr'><strong>bonos</strong></span> <span class='ocrx_word' id='word_1_95' title='bbox 1916 1609 2011 1648; x_wconf 90' lang='lat' dir='ltr'><strong>seu</strong></span> 
     </span>
    </p>
   </div>
   <div class='ocr_carea' id='block_1_16' title="bbox 421 1682 2012 1755">
    <p class='ocr_par' dir='ltr' id='par_1_16' title="bbox 421 1682 2012 1755">
     <span class='ocr_line' id='line_1_16' title="bbox 421 1682 2012 1755; baseline 0.001 -19"><span class='ocrx_word' id='word_1_96' title='bbox 421 1697 523 1755; x_wconf 87' lang='lat' dir='ltr'><strong>per</strong></span> <span class='ocrx_word' id='word_1_97' title='bbox 552 1682 724 1737; x_wconf 86' lang='lat' dir='ltr'><strong>malos</strong></span> <span class='ocrx_word' id='word_1_98' title='bbox 757 1683 1036 1739; x_wconf 86' lang='lat' dir='ltr'><strong>ministros</strong></span> <span class='ocrx_word' id='word_1_99' title='bbox 1078 1685 1219 1738; x_wconf 88' lang='lat' dir='ltr'><strong>intra</strong></span> <span class='ocrx_word' id='word_1_100' title='bbox 1249 1684 1342 1738; x_wconf 83' lang='lat' dir='ltr'><strong>Dei</strong></span> <span class='ocrx_word' id='word_1_101' title='bbox 1379 1685 1672 1739; x_wconf 80' lang='lat' dir='ltr'><strong>Ecclesium</strong></span> <span class='ocrx_word' id='word_1_102' title='bbox 1699 1686 2012 1755; x_wconf 82' lang='lat' dir='ltr'><strong>dispensen-</strong></span> 
     </span>
    </p>
   </div>
   <div class='ocr_carea' id='block_1_17' title="bbox 1426 290 2697 349">
    <p class='ocr_par' dir='ltr' id='par_1_17' title="bbox 1426 290 2697 349">
     <span class='ocr_line' id='line_1_17' title="bbox 1426 290 2697 349; baseline 0.002 -3"><span class='ocrx_word' id='word_1_103' title='bbox 1426 292 1512 346; x_wconf 84' lang='lat' dir='ltr'><strong>DE</strong></span> <span class='ocrx_word' id='word_1_104' title='bbox 1549 291 1895 349; x_wconf 79' lang='lat' dir='ltr'><strong>UNIVERSO</strong></span> <span class='ocrx_word' id='word_1_105' title='bbox 1931 290 2110 347; x_wconf 71' lang='grc' dir='ltr'>ιιιιξιι</span> <span class='ocrx_word' id='word_1_106' title='bbox 2150 290 2314 345; x_wconf 69' lang='lat' dir='ltr'><strong>XXII.</strong></span> <span class='ocrx_word' id='word_1_107' title='bbox 2354 322 2423 332; x_wconf 91' lang='lat'><em>—</em></span> <span class='ocrx_word' id='word_1_108' title='bbox 2461 293 2587 348; x_wconf 86' lang='lat' dir='ltr'><strong>LIB.</strong></span> <span class='ocrx_word' id='word_1_109' title='bbox 2635 291 2697 349; x_wconf 75' lang='grc' dir='ltr'>ν.</span> 
     </span>
    </p>
   </div>
   <div class='ocr_carea' id='block_1_18' title="bbox 2040 408 3694 481">
    <p class='ocr_par' dir='ltr' id='par_1_18' title="bbox 2040 408 3694 481">
     <span class='ocr_line' id='line_1_18' title="bbox 2040 408 3694 481; baseline 0.006 -17"><span class='ocrx_word' id='word_1_110' title='bbox 2040 409 2083 465; x_wconf 82' lang='grc' dir='ltr'>Α</span> <span class='ocrx_word' id='word_1_111' title='bbox 2117 415 2324 475; x_wconf 78' lang='lat' dir='ltr'><strong>tempus</strong></span> <span class='ocrx_word' id='word_1_112' title='bbox 2355 408 2614 478; x_wconf 90' lang='lat' dir='ltr'><strong>respicit,</strong></span> <span class='ocrx_word' id='word_1_113' title='bbox 2650 408 2867 480; x_wconf 72' lang='lat' dir='ltr'><strong>quando</strong></span> <span class='ocrx_word' id='word_1_114' title='bbox 2909 409 3151 481; x_wconf 81' lang='lat' dir='ltr'><strong>Apostoli</strong></span> <span class='ocrx_word' id='word_1_115' title='bbox 3199 420 3256 467; x_wconf 88' lang='lat' dir='ltr'><strong>et</strong></span> <span class='ocrx_word' id='word_1_116' title='bbox 3278 416 3460 470; x_wconf 67' lang='lat' dir='ltr'><strong>eieteri</strong></span> <span class='ocrx_word' id='word_1_117' title='bbox 3508 415 3694 474; x_wconf 87' lang='lat' dir='ltr'><strong>ﬁdeles</strong></span> 
     </span>
    </p>
   </div>
   <div class='ocr_carea' id='block_1_19' title="bbox 3587 304 3689 359">
    <p class='ocr_par' dir='ltr' id='par_1_19' title="bbox 3587 304 3689 359">
     <span class='ocr_line' id='line_1_19' title="bbox 3587 304 3689 359; baseline 0 -1"><span class='ocrx_word' id='word_1_118' title='bbox 3587 304 3689 359; x_wconf 60' lang='lat'><strong>13$</strong></span> 
     </span>
    </p>
   </div>
   <div class='ocr_carea' id='block_1_20' title="bbox 2115 498 3691 571">
    <p class='ocr_par' dir='ltr' id='par_1_20' title="bbox 2115 498 3691 571">
     <span class='ocr_line' id='line_1_20' title="bbox 2115 498 3691 571; baseline 0.008 -20"><span class='ocrx_word' id='word_1_119' title='bbox 2115 498 2258 554; x_wconf 91' lang='lat' dir='ltr'><strong>illius</strong></span> <span class='ocrx_word' id='word_1_120' title='bbox 2289 501 2546 568; x_wconf 87' lang='lat' dir='ltr'><strong>temporis</strong></span> <span class='ocrx_word' id='word_1_121' title='bbox 2597 500 2858 571; x_wconf 84' lang='lat' dir='ltr'><strong>baptizati</strong></span> <span class='ocrx_word' id='word_1_122' title='bbox 2903 508 3030 555; x_wconf 89' lang='lat' dir='ltr'><strong>sunt</strong></span> <span class='ocrx_word' id='word_1_123' title='bbox 3056 517 3196 571; x_wconf 86' lang='lat' dir='ltr'><strong>aqua</strong></span> <span class='ocrx_word' id='word_1_124' title='bbox 3236 503 3289 557; x_wconf 89' lang='lat' dir='ltr'><strong>in</strong></span> <span class='ocrx_word' id='word_1_125' title='bbox 3321 505 3691 564; x_wconf 72' lang='lat' dir='ltr'><strong>remissionem</strong></span> 
     </span>
    </p>
   </div>
   <div class='ocr_carea' id='block_1_21' title="bbox 2113 590 3692 663">
    <p class='ocr_par' dir='ltr' id='par_1_21' title="bbox 2113 590 3692 663">
     <span class='ocr_line' id='line_1_21' title="bbox 2113 590 3692 663; baseline 0.006 -19"><span class='ocrx_word' id='word_1_126' title='bbox 2113 600 2462 659; x_wconf 73' lang='lat' dir='ltr'><strong>peccatorum</strong></span> <span class='ocrx_word' id='word_1_127' title='bbox 2514 607 2613 662; x_wconf 90' lang='lat' dir='ltr'><strong>per</strong></span> <span class='ocrx_word' id='word_1_128' title='bbox 2658 592 2886 663; x_wconf 76' lang='lat' dir='ltr'><strong>gratiam</strong></span> <span class='ocrx_word' id='word_1_129' title='bbox 2936 590 3173 661; x_wconf 79' lang='lat' dir='ltr'><strong>Spiritus</strong></span> <span class='ocrx_word' id='word_1_130' title='bbox 3214 595 3388 650; x_wconf 90' lang='lat' dir='ltr'><strong>sancti</strong></span> <span class='ocrx_word' id='word_1_131' title='bbox 3436 596 3692 654; x_wconf 86' lang='lat' dir='ltr'><strong>donatam</strong></span> 
     </span>
    </p>
   </div>
   <div class='ocr_carea' id='block_1_22' title="bbox 2113 679 3697 760">
    <p class='ocr_par' dir='ltr' id='par_1_22' title="bbox 2113 679 3697 760">
     <span class='ocr_line' id='line_1_22' title="bbox 2113 679 3697 760; baseline 0.008 -28"><span class='ocrx_word' id='word_1_132' title='bbox 2113 679 2215 733; x_wconf 90' lang='lat' dir='ltr'><strong>sibi</strong></span> <span class='ocrx_word' id='word_1_133' title='bbox 2237 695 2267 733; x_wconf 91' lang='lat' dir='ltr'><strong>a</strong></span> <span class='ocrx_word' id='word_1_134' title='bbox 2304 681 2533 736; x_wconf 84' lang='lat' dir='ltr'><strong>Domino</strong></span> <span class='ocrx_word' id='word_1_135' title='bbox 2563 698 2576 735; x_wconf 91' lang='lat'><strong>:</strong></span> <span class='ocrx_word' id='word_1_136' title='bbox 2610 697 2795 736; x_wconf 83' lang='lat' dir='ltr'><strong>verum</strong></span> <span class='ocrx_word' id='word_1_137' title='bbox 2834 681 2997 736; x_wconf 88' lang='lat' dir='ltr'><strong>etiam</strong></span> <span class='ocrx_word' id='word_1_138' title='bbox 3025 683 3262 750; x_wconf 86' lang='lat' dir='ltr'><strong>quando,</strong></span> <span class='ocrx_word' id='word_1_139' title='bbox 3293 684 3544 742; x_wconf 82' lang='lat' dir='ltr'><strong>mittente</strong></span> <span class='ocrx_word' id='word_1_140' title='bbox 3576 688 3697 760; x_wconf 83' lang='lat' dir='ltr'><strong>ipso</strong></span> 
     </span>
    </p>
   </div>
   <div class='ocr_carea' id='block_1_23' title="bbox 2112 770 3695 847">
    <p class='ocr_par' dir='ltr' id='par_1_23' title="bbox 2112 770 3695 847">
     <span class='ocr_line' id='line_1_23' title="bbox 2112 770 3695 847; baseline 0.006 -24"><span class='ocrx_word' id='word_1_141' title='bbox 2112 770 2373 836; x_wconf 88' lang='lat' dir='ltr'><strong>Domino,</strong></span> <span class='ocrx_word' id='word_1_142' title='bbox 2421 771 2635 840; x_wconf 85' lang='lat' dir='ltr'><strong>plenius</strong></span> <span class='ocrx_word' id='word_1_143' title='bbox 2690 771 2931 836; x_wconf 75' lang='lat' dir='ltr'><strong>ejusdem</strong></span> <span class='ocrx_word' id='word_1_144' title='bbox 2969 772 3108 826; x_wconf 86' lang='lat' dir='ltr'><strong>dona</strong></span> <span class='ocrx_word' id='word_1_145' title='bbox 3160 786 3417 843; x_wconf 87' lang='lat' dir='ltr'><strong>accepere</strong></span> <span class='ocrx_word' id='word_1_146' title='bbox 3458 774 3695 847; x_wconf 85' lang='lat' dir='ltr'><strong>Spiritus</strong></span> 
     </span>
    </p>
   </div>
   <div class='ocr_carea' id='block_1_24' title="bbox 2112 860 3692 935">
    <p class='ocr_par' dir='ltr' id='par_1_24' title="bbox 2112 860 3692 935">
     <span class='ocr_line' id='line_1_24' title="bbox 2112 860 3692 935; baseline 0.004 -21"><span class='ocrx_word' id='word_1_147' title='bbox 2112 861 2285 915; x_wconf 87' lang='lat' dir='ltr'><strong>sancti</strong></span> <span class='ocrx_word' id='word_1_148' title='bbox 2336 861 2403 915; x_wconf 86' lang='lat' dir='ltr'><strong>de</strong></span> <span class='ocrx_word' id='word_1_149' title='bbox 2440 861 2593 917; x_wconf 74' lang='lat' dir='ltr'><strong>C(BIIS</strong></span> <span class='ocrx_word' id='word_1_150' title='bbox 2628 880 2640 914; x_wconf 88' lang='lat'><strong>:</strong></span> <span class='ocrx_word' id='word_1_151' title='bbox 2672 860 2766 916; x_wconf 90' lang='lat' dir='ltr'><strong>sed</strong></span> <span class='ocrx_word' id='word_1_152' title='bbox 2801 868 2857 915; x_wconf 91' lang='lat' dir='ltr'><strong>et</strong></span> <span class='ocrx_word' id='word_1_153' title='bbox 2907 877 3050 917; x_wconf 89' lang='lat' dir='ltr'><strong>nunc</strong></span> <span class='ocrx_word' id='word_1_154' title='bbox 3080 862 3389 932; x_wconf 84' lang='lat' dir='ltr'><strong>quicunque</strong></span> <span class='ocrx_word' id='word_1_155' title='bbox 3418 863 3692 935; x_wconf 88' lang='lat' dir='ltr'><strong>Baptisma</strong></span> 
     </span>
    </p>
   </div>
   <div class='ocr_carea' id='block_1_25' title="bbox 2113 951 3691 1027">
    <p class='ocr_par' dir='ltr' id='par_1_25' title="bbox 2113 951 3691 1027">
     <span class='ocr_line' id='line_1_25' title="bbox 2113 951 3691 1027; baseline 0.007 -23"><span class='ocrx_word' id='word_1_156' title='bbox 2113 951 2166 1005; x_wconf 90' lang='lat' dir='ltr'><strong>in</strong></span> <span class='ocrx_word' id='word_1_157' title='bbox 2231 952 2604 1008; x_wconf 88' lang='lat' dir='ltr'><strong>remissionem</strong></span> <span class='ocrx_word' id='word_1_158' title='bbox 2665 962 3014 1022; x_wconf 87' lang='lat' dir='ltr'><strong>peccatorum</strong></span> <span class='ocrx_word' id='word_1_159' title='bbox 3059 954 3355 1024; x_wconf 90' lang='lat' dir='ltr'><strong>accipiunt,</strong></span> <span class='ocrx_word' id='word_1_160' title='bbox 3404 957 3593 1027; x_wconf 86' lang='lat' dir='ltr'><strong>utique</strong></span> <span class='ocrx_word' id='word_1_161' title='bbox 3637 960 3691 1014; x_wconf 90' lang='lat' dir='ltr'><strong>in</strong></span> 
     </span>
    </p>
   </div>
   <div class='ocr_carea' id='block_1_26' title="bbox 2114 1038 3693 1115">
    <p class='ocr_par' dir='ltr' id='par_1_26' title="bbox 2114 1038 3693 1115">
     <span class='ocr_line' id='line_1_26' title="bbox 2114 1038 3693 1115; baseline 0.009 -23"><span class='ocrx_word' id='word_1_162' title='bbox 2114 1038 2318 1109; x_wconf 88' lang='lat' dir='ltr'><strong>Spiritu</strong></span> <span class='ocrx_word' id='word_1_163' title='bbox 2352 1050 2543 1096; x_wconf 87' lang='lat' dir='ltr'><strong>sancto</strong></span> <span class='ocrx_word' id='word_1_164' title='bbox 2587 1042 2932 1112; x_wconf 82' lang='lat' dir='ltr'><strong>baptizantur</strong></span> <span class='ocrx_word' id='word_1_165' title='bbox 2958 1082 2973 1108; x_wconf 92' lang='lat'><strong>,</strong></span> <span class='ocrx_word' id='word_1_166' title='bbox 3004 1058 3102 1113; x_wconf 89' lang='lat' dir='ltr'><strong>per</strong></span> <span class='ocrx_word' id='word_1_167' title='bbox 3135 1044 3292 1115; x_wconf 86' lang='lat' dir='ltr'><strong>cujus</strong></span> <span class='ocrx_word' id='word_1_168' title='bbox 3340 1047 3542 1102; x_wconf 82' lang='lat' dir='ltr'><strong>donum</strong></span> <span class='ocrx_word' id='word_1_169' title='bbox 3581 1058 3637 1105; x_wconf 90' lang='lat' dir='ltr'><strong>et</strong></span> <span class='ocrx_word' id='word_1_170' title='bbox 3663 1064 3693 1105; x_wconf 85' lang='lat' dir='ltr'><strong>a</strong></span> 
     </span>
    </p>
   </div>
   <div class='ocr_carea' id='block_1_27' title="bbox 2112 1131 3696 1208">
    <p class='ocr_par' dir='ltr' id='par_1_27' title="bbox 2112 1131 3696 1208">
     <span class='ocr_line' id='line_1_27' title="bbox 2112 1131 3696 1208; baseline 0.008 -25"><span class='ocrx_word' id='word_1_171' title='bbox 2112 1131 2349 1198; x_wconf 89' lang='lat' dir='ltr'><strong>peccatis</strong></span> <span class='ocrx_word' id='word_1_172' title='bbox 2375 1131 2667 1185; x_wconf 90' lang='lat' dir='ltr'><strong>abluuntur</strong></span> <span class='ocrx_word' id='word_1_173' title='bbox 2699 1133 2969 1198; x_wconf 91' lang='lat' dir='ltr'><strong>omnibus,</strong></span> <span class='ocrx_word' id='word_1_174' title='bbox 3006 1142 3062 1188; x_wconf 90' lang='lat' dir='ltr'><strong>et</strong></span> <span class='ocrx_word' id='word_1_175' title='bbox 3113 1135 3165 1188; x_wconf 92' lang='lat' dir='ltr'><strong>in</strong></span> <span class='ocrx_word' id='word_1_176' title='bbox 3218 1136 3377 1192; x_wconf 87' lang='lat' dir='ltr'><strong>bonis</strong></span> <span class='ocrx_word' id='word_1_177' title='bbox 3429 1139 3696 1208; x_wconf 87' lang='lat' dir='ltr'><strong>proﬁcere</strong></span> 
     </span>
    </p>
   </div>
   <div class='ocr_carea' id='block_1_28' title="bbox 2112 1219 3695 1299">
    <p class='ocr_par' dir='ltr' id='par_1_28' title="bbox 2112 1219 3695 1299">
     <span class='ocr_line' id='line_1_28' title="bbox 2112 1219 3695 1299; baseline 0.007 -26"><span class='ocrx_word' id='word_1_178' title='bbox 2112 1219 2322 1274; x_wconf 81' lang='lat' dir='ltr'><strong>actibus</strong></span> <span class='ocrx_word' id='word_1_179' title='bbox 2338 1219 2677 1287; x_wconf 82' lang='lat' dir='ltr'><strong>adjuvantur.</strong></span> <span class='ocrx_word' id='word_1_180' title='bbox 2701 1221 2831 1276; x_wconf 86' lang='lat' dir='ltr'><strong>Item</strong></span> <span class='ocrx_word' id='word_1_181' title='bbox 2850 1221 3045 1292; x_wconf 82' lang='lat' dir='ltr'><strong>legitur</strong></span> <span class='ocrx_word' id='word_1_182' title='bbox 3066 1222 3317 1279; x_wconf 82' lang='lat' dir='ltr'><strong>Salvator</strong></span> <span class='ocrx_word' id='word_1_183' title='bbox 3331 1228 3385 1280; x_wconf 88' lang='lat' dir='ltr'><strong>in</strong></span> <span class='ocrx_word' id='word_1_184' title='bbox 3402 1228 3695 1299; x_wconf 79' lang='lat' dir='ltr'><strong>Evangelio</strong></span> 
     </span>
    </p>
   </div>
   <div class='ocr_carea' id='block_1_29' title="bbox 2112 1307 3693 1387">
    <p class='ocr_par' dir='ltr' id='par_1_29' title="bbox 2112 1307 3693 1387">
     <span class='ocr_line' id='line_1_29' title="bbox 2112 1307 3693 1387; baseline 0.009 -26"><span class='ocrx_word' id='word_1_185' title='bbox 2112 1308 2179 1361; x_wconf 82' lang='lat' dir='ltr'><strong>de</strong></span> <span class='ocrx_word' id='word_1_186' title='bbox 2201 1323 2260 1362; x_wconf 87' lang='lat' dir='ltr'><strong>se</strong></span> <span class='ocrx_word' id='word_1_187' title='bbox 2278 1307 2479 1364; x_wconf 75' lang='lat' dir='ltr'><strong>dixisse</strong></span> <span class='ocrx_word' id='word_1_188' title='bbox 2505 1310 2858 1381; x_wconf 82' lang='lat' dir='ltr'><strong>:Baptismum</strong></span> <span class='ocrx_word' id='word_1_189' title='bbox 2873 1312 3036 1366; x_wconf 85' lang='lat' dir='ltr'><strong>habeo</strong></span> <span class='ocrx_word' id='word_1_190' title='bbox 3051 1313 3332 1384; x_wconf 77' lang='lat' dir='ltr'><strong>baptizari,</strong></span> <span class='ocrx_word' id='word_1_191' title='bbox 3354 1328 3404 1372; x_wconf 89' lang='lat' dir='ltr'><strong>et</strong></span> <span class='ocrx_word' id='word_1_192' title='bbox 3432 1330 3693 1387; x_wconf 88' lang='lat' dir='ltr'><strong>coarctor,</strong></span> 
     </span>
    </p>
   </div>
   <div class='ocr_carea' id='block_1_30' title="bbox 2112 1398 3698 1482">
    <p class='ocr_par' dir='ltr' id='par_1_30' title="bbox 2112 1398 3698 1482">
     <span class='ocr_line' id='line_1_30' title="bbox 2112 1398 3698 1482; baseline 0.012 -32"><span class='ocrx_word' id='word_1_193' title='bbox 2112 1398 2275 1451; x_wconf 87' lang='lat' dir='ltr'><strong>donec</strong></span> <span class='ocrx_word' id='word_1_194' title='bbox 2320 1399 2627 1469; x_wconf 83' lang='lat' dir='ltr'><strong>perﬁciatur</strong></span> <span class='ocrx_word' id='word_1_195' title='bbox 2654 1401 2803 1473; x_wconf 89' lang='lat' dir='ltr'><strong>(Luc.</strong></span> <span class='ocrx_word' id='word_1_196' title='bbox 2829 1405 2961 1476; x_wconf 79' lang='lat' dir='ltr'><strong>xu);</strong></span> <span class='ocrx_word' id='word_1_197' title='bbox 2999 1406 3052 1460; x_wconf 91' lang='lat' dir='ltr'><strong>iu</strong></span> <span class='ocrx_word' id='word_1_198' title='bbox 3073 1422 3180 1475; x_wconf 86' lang='lat' dir='ltr'><strong>quo</strong></span> <span class='ocrx_word' id='word_1_199' title='bbox 3202 1410 3455 1466; x_wconf 88' lang='lat' dir='ltr'><strong>videlicet</strong></span> <span class='ocrx_word' id='word_1_200' title='bbox 3489 1413 3698 1482; x_wconf 85' lang='lat' dir='ltr'><strong>passio-</strong></span> 
     </span>
    </p>
   </div>
   <div class='ocr_carea' id='block_1_31' title="bbox 2108 1487 3693 1570">
    <p class='ocr_par' dir='ltr' id='par_1_31' title="bbox 2108 1487 3693 1570">
     <span class='ocr_line' id='line_1_31' title="bbox 2108 1487 3693 1570; baseline 0.012 -31"><span class='ocrx_word' id='word_1_201' title='bbox 2108 1487 2198 1569; x_wconf 84' lang='lat' dir='ltr'><strong>nis</strong></span> <span class='ocrx_word' id='word_1_202' title='bbox 2223 1503 2332 1542; x_wconf 70' lang='lat' dir='ltr'><strong>sua:</strong></span> <span class='ocrx_word' id='word_1_203' title='bbox 2356 1490 2531 1543; x_wconf 89' lang='lat' dir='ltr'><strong>innuit</strong></span> <span class='ocrx_word' id='word_1_204' title='bbox 2556 1489 2996 1549; x_wconf 88' lang='lat' dir='ltr'><strong>Saeramentum:</strong></span> <span class='ocrx_word' id='word_1_205' title='bbox 3025 1498 3279 1565; x_wconf 86' lang='lat' dir='ltr'><strong>quoniam</strong></span> <span class='ocrx_word' id='word_1_206' title='bbox 3307 1515 3503 1570; x_wconf 88' lang='lat' dir='ltr'><strong>corpus</strong></span> <span class='ocrx_word' id='word_1_207' title='bbox 3517 1517 3693 1568; x_wconf 91' lang='lat' dir='ltr'><strong>suum,</strong></span> 
     </span>
    </p>
   </div>
   <div class='ocr_carea' id='block_1_32' title="bbox 2113 1577 3697 1664">
    <p class='ocr_par' dir='ltr' id='par_1_32' title="bbox 2113 1577 3697 1664">
     <span class='ocr_line' id='line_1_32' title="bbox 2113 1577 3697 1664; baseline 0.012 -34"><span class='ocrx_word' id='word_1_208' title='bbox 2113 1577 2216 1632; x_wconf 85' lang='lat' dir='ltr'><strong>hoc</strong></span> <span class='ocrx_word' id='word_1_209' title='bbox 2239 1587 2342 1643; x_wconf 90' lang='lat' dir='ltr'><strong>est,</strong></span> <span class='ocrx_word' id='word_1_210' title='bbox 2362 1589 2605 1636; x_wconf 90' lang='lat' dir='ltr'><strong>sanctam</strong></span> <span class='ocrx_word' id='word_1_211' title='bbox 2637 1582 2936 1638; x_wconf 87' lang='lat' dir='ltr'><strong>Ecclesiam</strong></span> <span class='ocrx_word' id='word_1_212' title='bbox 2963 1601 3061 1655; x_wconf 87' lang='lat' dir='ltr'><strong>per</strong></span> <span class='ocrx_word' id='word_1_213' title='bbox 3086 1586 3398 1644; x_wconf 79' lang='lat' dir='ltr'><strong>effusionem</strong></span> <span class='ocrx_word' id='word_1_214' title='bbox 3419 1594 3697 1664; x_wconf 87' lang='lat' dir='ltr'><strong>sanguinis</strong></span> 
     </span>
    </p>
   </div>
   <div class='ocr_carea' id='block_1_33' title="bbox 2113 1667 3691 1747">
    <p class='ocr_par' dir='ltr' id='par_1_33' title="bbox 2113 1667 3691 1747">
     <span class='ocr_line' id='line_1_33' title="bbox 2113 1667 3691 1747; baseline 0.011 -25"><span class='ocrx_word' id='word_1_215' title='bbox 2113 1670 2195 1722; x_wconf 90' lang='lat' dir='ltr'><strong>sui</strong></span> <span class='ocrx_word' id='word_1_216' title='bbox 2233 1667 2432 1723; x_wconf 84' lang='lat' dir='ltr'><strong>lavavit</strong></span> <span class='ocrx_word' id='word_1_217' title='bbox 2471 1686 2501 1723; x_wconf 90' lang='lat' dir='ltr'><strong>a</strong></span> <span class='ocrx_word' id='word_1_218' title='bbox 2539 1673 2790 1727; x_wconf 85' lang='lat' dir='ltr'><strong>sordibus</strong></span> <span class='ocrx_word' id='word_1_219' title='bbox 2826 1677 3067 1730; x_wconf 90' lang='lat' dir='ltr'><strong>omnium</strong></span> <span class='ocrx_word' id='word_1_220' title='bbox 3110 1688 3483 1747; x_wconf 88' lang='lat' dir='ltr'><strong>peccatorum.</strong></span> <span class='ocrx_word' id='word_1_221' title='bbox 3537 1684 3691 1740; x_wconf 86' lang='lat' dir='ltr'><strong>Unde</strong></span> 
     </span>
    </p>
   </div>
   <div class='ocr_carea' id='block_1_34' title="bbox 423 1750 2005 1849">
    <p class='ocr_par' dir='ltr' id='par_1_34' title="bbox 423 1750 2005 1848">
     <span class='ocr_line' id='line_1_34' title="bbox 423 1750 2005 1848; baseline 0.001 -18"><span class='ocrx_word' id='word_1_222' title='bbox 423 1750 515 1830; x_wconf 78' lang='lat' dir='ltr'><strong>tur</strong></span> <span class='ocrx_word' id='word_1_223' title='bbox 543 1794 557 1828; x_wconf 88' lang='lat'><strong>:</strong></span> <span class='ocrx_word' id='word_1_224' title='bbox 592 1784 771 1829; x_wconf 88' lang='lat' dir='ltr'><strong>tamen</strong></span> <span class='ocrx_word' id='word_1_225' title='bbox 796 1777 920 1845; x_wconf 89' lang='lat' dir='ltr'><strong>quia</strong></span> <span class='ocrx_word' id='word_1_226' title='bbox 953 1775 1186 1846; x_wconf 85' lang='lat' dir='ltr'><strong>Spiritus</strong></span> <span class='ocrx_word' id='word_1_227' title='bbox 1214 1786 1437 1832; x_wconf 90' lang='lat' dir='ltr'><strong>sanctus</strong></span> <span class='ocrx_word' id='word_1_228' title='bbox 1476 1778 1699 1848; x_wconf 82' lang='lat' dir='ltr'><strong>mystice</strong></span> <span class='ocrx_word' id='word_1_229' title='bbox 1722 1778 1809 1832; x_wconf 83' lang='lat' dir='ltr'><strong>illa</strong></span> <span class='ocrx_word' id='word_1_230' title='bbox 1835 1777 2005 1831; x_wconf 83' lang='lat' dir='ltr'><strong>viviﬁ-</strong></span> 
     </span>
    </p>
   </div>
   <div class='ocr_carea' id='block_1_35' title="bbox 2106 1750 3693 1849">
    <p class='ocr_par' dir='ltr' id='par_1_35' title="bbox 2113 1762 3693 1849">
     <span class='ocr_line' id='line_1_35' title="bbox 2113 1762 3693 1849; baseline 0.012 -32"><span class='ocrx_word' id='word_1_231' title='bbox 2113 1762 2373 1832; x_wconf 90' lang='lat' dir='ltr'><strong>seriptum</strong></span> <span class='ocrx_word' id='word_1_232' title='bbox 2402 1774 2486 1819; x_wconf 91' lang='lat' dir='ltr'><strong>est</strong></span> <span class='ocrx_word' id='word_1_233' title='bbox 2517 1783 2529 1818; x_wconf 90' lang='lat'><strong>:</strong></span> <span class='ocrx_word' id='word_1_234' title='bbox 2562 1765 2666 1830; x_wconf 96' lang='lat' dir='ltr'><strong>Qui</strong></span> <span class='ocrx_word' id='word_1_235' title='bbox 2685 1767 2866 1822; x_wconf 77' lang='lat' dir='ltr'><strong>dilexit</strong></span> <span class='ocrx_word' id='word_1_236' title='bbox 2894 1787 3007 1837; x_wconf 89' lang='lat' dir='ltr'><strong>nos,</strong></span> <span class='ocrx_word' id='word_1_237' title='bbox 3031 1781 3080 1826; x_wconf 86' lang='lat' dir='ltr'><strong>et</strong></span> <span class='ocrx_word' id='word_1_238' title='bbox 3123 1772 3249 1829; x_wconf 81' lang='lat' dir='ltr'><strong>lavit</strong></span> <span class='ocrx_word' id='word_1_239' title='bbox 3276 1792 3369 1831; x_wconf 88' lang='lat' dir='ltr'><strong>nos</strong></span> <span class='ocrx_word' id='word_1_240' title='bbox 3402 1796 3434 1832; x_wconf 90' lang='lat' dir='ltr'><strong>a</strong></span> <span class='ocrx_word' id='word_1_241' title='bbox 3465 1782 3693 1849; x_wconf 86' lang='lat' dir='ltr'><strong>peccatis</strong></span> 
     </span>
    </p>
   </div>
   <div class='ocr_carea' id='block_1_36' title="bbox 422 1862 2009 1940">
    <p class='ocr_par' dir='ltr' id='par_1_36' title="bbox 422 1862 2009 1940">
     <span class='ocr_line' id='line_1_36' title="bbox 422 1862 2009 1940; baseline 0.005 -21"><span class='ocrx_word' id='word_1_242' title='bbox 422 1875 533 1930; x_wconf 81' lang='lat' dir='ltr'><strong>cat,</strong></span> <span class='ocrx_word' id='word_1_243' title='bbox 564 1867 655 1934; x_wconf 83' lang='lat' dir='ltr'><strong>qui</strong></span> <span class='ocrx_word' id='word_1_244' title='bbox 708 1868 980 1935; x_wconf 85' lang='lat' dir='ltr'><strong>quondam</strong></span> <span class='ocrx_word' id='word_1_245' title='bbox 1011 1862 1303 1938; x_wconf 83' lang='lat' dir='ltr'><strong>apostolico</strong></span> <span class='ocrx_word' id='word_1_246' title='bbox 1340 1870 1391 1923; x_wconf 89' lang='lat' dir='ltr'><strong>in</strong></span> <span class='ocrx_word' id='word_1_247' title='bbox 1432 1877 1672 1940; x_wconf 87' lang='lat' dir='ltr'><strong>tempore</strong></span> <span class='ocrx_word' id='word_1_248' title='bbox 1722 1871 2009 1927; x_wconf 85' lang='lat' dir='ltr'><strong>visibiliter</strong></span> 
     </span>
    </p>
   </div>
   <div class='ocr_carea' id='block_1_37' title="bbox 421 1957 2008 2032">
    <p class='ocr_par' dir='ltr' id='par_1_37' title="bbox 421 1957 2008 2032">
     <span class='ocr_line' id='line_1_37' title="bbox 421 1957 2008 2032; baseline 0.004 -22"><span class='ocrx_word' id='word_1_249' title='bbox 421 1957 754 2027; x_wconf 79' lang='lat' dir='ltr'><strong>apparebat;</strong></span> <span class='ocrx_word' id='word_1_250' title='bbox 788 1959 1042 2028; x_wconf 82' lang='lat' dir='ltr'><strong>Operibus</strong></span> <span class='ocrx_word' id='word_1_251' title='bbox 1077 1975 1176 2014; x_wconf 90' lang='lat' dir='ltr'><strong>nec</strong></span> <span class='ocrx_word' id='word_1_252' title='bbox 1204 1961 1467 2017; x_wconf 90' lang='lat' dir='ltr'><strong>bonorum</strong></span> <span class='ocrx_word' id='word_1_253' title='bbox 1494 1961 1702 2017; x_wconf 87' lang='lat' dir='ltr'><strong>meritis</strong></span> <span class='ocrx_word' id='word_1_254' title='bbox 1731 1962 2008 2032; x_wconf 88' lang='lat' dir='ltr'><strong>dispensa-</strong></span> 
     </span>
    </p>
   </div>
   <div class='ocr_carea' id='block_1_38' title="bbox 422 2048 2009 2117">
    <p class='ocr_par' dir='ltr' id='par_1_38' title="bbox 422 2048 2009 2117">
     <span class='ocr_line' id='line_1_38' title="bbox 422 2048 2009 2117; baseline 0.005 -17"><span class='ocrx_word' id='word_1_255' title='bbox 422 2055 604 2101; x_wconf 85' lang='lat' dir='ltr'><strong>torqu</strong></span> <span class='ocrx_word' id='word_1_256' title='bbox 647 2048 1186 2117; x_wconf 80' lang='lat' dir='ltr'><strong>ampliﬁcanturme</strong></span> <span class='ocrx_word' id='word_1_257' title='bbox 1229 2051 1391 2115; x_wconf 79' lang='lat' dir='ltr'><strong>dona,</strong></span> <span class='ocrx_word' id='word_1_258' title='bbox 1435 2067 1536 2107; x_wconf 89' lang='lat' dir='ltr'><strong>nec</strong></span> <span class='ocrx_word' id='word_1_259' title='bbox 1576 2052 1837 2107; x_wconf 88' lang='lat' dir='ltr'><strong>malorum</strong></span> <span class='ocrx_word' id='word_1_260' title='bbox 1874 2061 2009 2108; x_wconf 87' lang='lat' dir='ltr'><strong>atte-</strong></span> 
     </span>
    </p>
   </div>
   <div class='ocr_carea' id='block_1_39' title="bbox 420 2135 2011 2215">
    <p class='ocr_par' dir='ltr' id='par_1_39' title="bbox 420 2135 2011 2215">
     <span class='ocr_line' id='line_1_39' title="bbox 420 2135 2011 2215; baseline 0.005 -26"><span class='ocrx_word' id='word_1_261' title='bbox 420 2144 658 2190; x_wconf 88' lang='lat' dir='ltr'><strong>nuantur</strong></span> <span class='ocrx_word' id='word_1_262' title='bbox 684 2151 699 2190; x_wconf 88' lang='lat'><strong>:</strong></span> <span class='ocrx_word' id='word_1_263' title='bbox 730 2135 868 2202; x_wconf 86' lang='lat' dir='ltr'><strong>Quia</strong></span> <span class='ocrx_word' id='word_1_264' title='bbox 908 2155 1071 2210; x_wconf 83' lang='lat' dir='ltr'><strong>neque</strong></span> <span class='ocrx_word' id='word_1_265' title='bbox 1100 2140 1188 2211; x_wconf 83' lang='lat' dir='ltr'><strong>qui</strong></span> <span class='ocrx_word' id='word_1_266' title='bbox 1216 2141 1418 2211; x_wconf 82' lang='lat' dir='ltr'><strong>plantat</strong></span> <span class='ocrx_word' id='word_1_267' title='bbox 1468 2141 1669 2212; x_wconf 86' lang='lat' dir='ltr'><strong>aliquid</strong></span> <span class='ocrx_word' id='word_1_268' title='bbox 1717 2152 1814 2207; x_wconf 89' lang='lat' dir='ltr'><strong>est,</strong></span> <span class='ocrx_word' id='word_1_269' title='bbox 1846 2159 2011 2215; x_wconf 86' lang='lat' dir='ltr'><strong>neque</strong></span> 
     </span>
    </p>
   </div>
   <div class='ocr_carea' id='block_1_40' title="bbox 427 2226 2006 2304">
    <p class='ocr_par' dir='ltr' id='par_1_40' title="bbox 427 2226 2006 2304">
     <span class='ocr_line' id='line_1_40' title="bbox 427 2226 2006 2304; baseline 0.005 -26"><span class='ocrx_word' id='word_1_270' title='bbox 427 2226 520 2297; x_wconf 82' lang='lat' dir='ltr'><strong>qui</strong></span> <span class='ocrx_word' id='word_1_271' title='bbox 552 2226 711 2296; x_wconf 84' lang='lat' dir='ltr'><strong>rigat,</strong></span> <span class='ocrx_word' id='word_1_272' title='bbox 737 2228 828 2281; x_wconf 81' lang='lat' dir='ltr'><strong>sed</strong></span> <span class='ocrx_word' id='word_1_273' title='bbox 848 2230 939 2299; x_wconf 87' lang='lat' dir='ltr'><strong>qui</strong></span> <span class='ocrx_word' id='word_1_274' title='bbox 966 2229 1336 2284; x_wconf 87' lang='lat' dir='ltr'><strong>incrementum</strong></span> <span class='ocrx_word' id='word_1_275' title='bbox 1382 2231 1471 2285; x_wconf 85' lang='lat' dir='ltr'><strong>dat</strong></span> <span class='ocrx_word' id='word_1_276' title='bbox 1500 2230 1641 2285; x_wconf 87' lang='lat' dir='ltr'><strong>Deus</strong></span> <span class='ocrx_word' id='word_1_277' title='bbox 1664 2231 1723 2303; x_wconf 81' lang='grc' dir='ltr'><strong>(Ι</strong></span> <span class='ocrx_word' id='word_1_278' title='bbox 1752 2231 1875 2288; x_wconf 87' lang='lat' dir='ltr'><strong>Cor.</strong></span> <span class='ocrx_word' id='word_1_279' title='bbox 1900 2235 2006 2304; x_wconf 84' lang='lat' dir='ltr'><strong>tn).</strong></span> 
     </span>
    </p>
   </div>
   <div class='ocr_carea' id='block_1_41' title="bbox 422 2319 2008 2391">
    <p class='ocr_par' dir='ltr' id='par_1_41' title="bbox 422 2319 2008 2391">
     <span class='ocr_line' id='line_1_41' title="bbox 422 2319 2008 2391; baseline 0 -15"><span class='ocrx_word' id='word_1_280' title='bbox 422 2320 579 2376; x_wconf 91' lang='lat' dir='ltr'><strong>Unde</strong></span> <span class='ocrx_word' id='word_1_281' title='bbox 603 2326 657 2371; x_wconf 89' lang='lat' dir='ltr'><strong>et</strong></span> <span class='ocrx_word' id='word_1_282' title='bbox 694 2332 869 2388; x_wconf 79' lang='lat' dir='ltr'><strong>graece</strong></span> <span class='ocrx_word' id='word_1_283' title='bbox 898 2319 1216 2391; x_wconf 87' lang='lat' dir='ltr'><strong>mysterium</strong></span> <span class='ocrx_word' id='word_1_284' title='bbox 1246 2320 1463 2386; x_wconf 86' lang='lat' dir='ltr'><strong>dicitur,</strong></span> <span class='ocrx_word' id='word_1_285' title='bbox 1510 2322 1651 2391; x_wconf 88' lang='lat' dir='ltr'><strong>quod</strong></span> <span class='ocrx_word' id='word_1_286' title='bbox 1675 2323 2008 2377; x_wconf 87' lang='lat' dir='ltr'><strong>reconditam</strong></span> 
     </span>
    </p>
   </div>
   <div class='ocr_carea' id='block_1_42' title="bbox 424 2410 2007 2483">
    <p class='ocr_par' dir='ltr' id='par_1_42' title="bbox 424 2410 2007 2483">
     <span class='ocr_line' id='line_1_42' title="bbox 424 2410 2007 2483; baseline -0.001 -16"><span class='ocrx_word' id='word_1_287' title='bbox 424 2413 627 2468; x_wconf 81' lang='lat' dir='ltr'><strong>habent</strong></span> <span class='ocrx_word' id='word_1_288' title='bbox 657 2411 1133 2481; x_wconf 88' lang='lat' dir='ltr'><strong>dispensationem.</strong></span> <span class='ocrx_word' id='word_1_289' title='bbox 1163 2410 1468 2480; x_wconf 86' lang='lat' dir='ltr'><strong>Baptismus</strong></span> <span class='ocrx_word' id='word_1_290' title='bbox 1496 2428 1688 2483; x_wconf 65' lang='lat' dir='ltr'><strong>graece,</strong></span> <span class='ocrx_word' id='word_1_291' title='bbox 1712 2413 1878 2469; x_wconf 89' lang='lat' dir='ltr'><strong>latine</strong></span> <span class='ocrx_word' id='word_1_292' title='bbox 1901 2414 2007 2467; x_wconf 87' lang='lat' dir='ltr'><strong>tin-</strong></span> 
     </span>
    </p>
   </div>
   <div class='ocr_carea' id='block_1_43' title="bbox 419 2498 2009 2571">
    <p class='ocr_par' dir='ltr' id='par_1_43' title="bbox 419 2498 2009 2571">
     <span class='ocr_line' id='line_1_43' title="bbox 419 2498 2009 2571; baseline -0.001 -15"><span class='ocrx_word' id='word_1_293' title='bbox 419 2505 523 2556; x_wconf 85' lang='lat' dir='ltr'><strong>ctio</strong></span> <span class='ocrx_word' id='word_1_294' title='bbox 551 2502 956 2571; x_wconf 87' lang='lat' dir='ltr'><strong>interpretatur.</strong></span> <span class='ocrx_word' id='word_1_295' title='bbox 976 2498 1319 2566; x_wconf 73' lang='lat' dir='ltr'><strong>Qumitlcireo</strong></span> <span class='ocrx_word' id='word_1_296' title='bbox 1346 2500 1534 2554; x_wconf 89' lang='lat' dir='ltr'><strong>tinctio</strong></span> <span class='ocrx_word' id='word_1_297' title='bbox 1552 2500 1768 2566; x_wconf 88' lang='lat' dir='ltr'><strong>dicitur,</strong></span> <span class='ocrx_word' id='word_1_298' title='bbox 1793 2500 1917 2570; x_wconf 86' lang='lat' dir='ltr'><strong>quia</strong></span> <span class='ocrx_word' id='word_1_299' title='bbox 1937 2500 2009 2555; x_wconf 88' lang='lat' dir='ltr'><strong>ibi</strong></span> 
     </span>
    </p>
   </div>
   <div class='ocr_carea' id='block_1_44' title="bbox 420 2590 2009 2663">
    <p class='ocr_par' dir='ltr' id='par_1_44' title="bbox 420 2590 2009 2663">
     <span class='ocr_line' id='line_1_44' title="bbox 420 2590 2009 2663; baseline -0.003 -15"><span class='ocrx_word' id='word_1_300' title='bbox 420 2595 588 2648; x_wconf 85' lang='lat' dir='ltr'><strong>homo</strong></span> <span class='ocrx_word' id='word_1_301' title='bbox 615 2592 817 2663; x_wconf 85' lang='lat' dir='ltr'><strong>Spiritu</strong></span> <span class='ocrx_word' id='word_1_302' title='bbox 855 2591 1043 2661; x_wconf 81' lang='lat' dir='ltr'><strong>gratiae</strong></span> <span class='ocrx_word' id='word_1_303' title='bbox 1085 2590 1139 2644; x_wconf 91' lang='lat' dir='ltr'><strong>in</strong></span> <span class='ocrx_word' id='word_1_304' title='bbox 1178 2590 1369 2645; x_wconf 83' lang='lat' dir='ltr'><strong>melius</strong></span> <span class='ocrx_word' id='word_1_305' title='bbox 1412 2590 1748 2655; x_wconf 88' lang='lat' dir='ltr'><strong>immutatur,</strong></span> <span class='ocrx_word' id='word_1_306' title='bbox 1772 2600 1828 2645; x_wconf 92' lang='lat' dir='ltr'><strong>et</strong></span> <span class='ocrx_word' id='word_1_307' title='bbox 1854 2590 2009 2659; x_wconf 84' lang='lat' dir='ltr'><strong>longe</strong></span> 
     </span>
    </p>
   </div>
   <div class='ocr_carea' id='block_1_45' title="bbox 419 2679 2010 2753">
    <p class='ocr_par' dir='ltr' id='par_1_45' title="bbox 419 2679 2010 2753">
     <span class='ocr_line' id='line_1_45' title="bbox 419 2679 2010 2753; baseline -0.002 -15"><span class='ocrx_word' id='word_1_308' title='bbox 419 2684 592 2748; x_wconf 88' lang='lat' dir='ltr'><strong>aliud,</strong></span> <span class='ocrx_word' id='word_1_309' title='bbox 621 2698 783 2753; x_wconf 83' lang='lat' dir='ltr'><strong>quam</strong></span> <span class='ocrx_word' id='word_1_310' title='bbox 813 2689 952 2748; x_wconf 89' lang='lat' dir='ltr'><strong>erat,</strong></span> <span class='ocrx_word' id='word_1_311' title='bbox 989 2679 1237 2735; x_wconf 71' lang='lat' dir='ltr'><strong>edicitur.</strong></span> <span class='ocrx_word' id='word_1_312' title='bbox 1272 2679 1429 2734; x_wconf 84' lang='lat' dir='ltr'><strong>Prius</strong></span> <span class='ocrx_word' id='word_1_313' title='bbox 1459 2680 1603 2735; x_wconf 89' lang='lat' dir='ltr'><strong>enim</strong></span> <span class='ocrx_word' id='word_1_314' title='bbox 1638 2679 1768 2753; x_wconf 53' lang='grc' dir='ltr'><strong>ζωαί</strong></span> <span class='ocrx_word' id='word_1_315' title='bbox 1793 2694 2010 2735; x_wconf 89' lang='lat' dir='ltr'><strong>eramus</strong></span> 
     </span>
    </p>
   </div>
   <div class='ocr_carea' id='block_1_46' title="bbox 420 2748 2009 2842">
    <p class='ocr_par' dir='ltr' id='par_1_46' title="bbox 420 2748 2009 2842">
     <span class='ocr_line' id='line_1_46' title="bbox 420 2748 2009 2842; baseline -0.003 -14"><span class='ocrx_word' id='word_1_316' title='bbox 420 2748 770 2828; x_wconf 66' lang='lat' dir='ltr'><strong>deformitate</strong></span> <span class='ocrx_word' id='word_1_317' title='bbox 794 2779 1176 2842; x_wconf 89' lang='lat' dir='ltr'><strong>peccatorum:</strong></span> <span class='ocrx_word' id='word_1_318' title='bbox 1211 2771 1265 2824; x_wconf 94' lang='lat' dir='ltr'><strong>in</strong></span> <span class='ocrx_word' id='word_1_319' title='bbox 1299 2770 1412 2841; x_wconf 89' lang='lat' dir='ltr'><strong>ipsa</strong></span> <span class='ocrx_word' id='word_1_320' title='bbox 1437 2748 1698 2825; x_wconf 69' lang='lat' dir='ltr'><strong>tinctioxie</strong></span> <span class='ocrx_word' id='word_1_321' title='bbox 1731 2771 2009 2826; x_wconf 84' lang='lat' dir='ltr'><strong>reddimur</strong></span> 
     </span>
    </p>
   </div>
   <div class='ocr_carea' id='block_1_47' title="bbox 422 2860 2009 2933">
    <p class='ocr_par' dir='ltr' id='par_1_47' title="bbox 422 2860 2009 2933">
     <span class='ocr_line' id='line_1_47' title="bbox 422 2860 2009 2933; baseline 0 -18"><span class='ocrx_word' id='word_1_322' title='bbox 422 2862 634 2933; x_wconf 82' lang='lat' dir='ltr'><strong>pulchri</strong></span> <span class='ocrx_word' id='word_1_323' title='bbox 664 2863 728 2917; x_wconf 88' lang='lat' dir='ltr'><strong>de</strong></span> <span class='ocrx_word' id='word_1_324' title='bbox 774 2861 1043 2916; x_wconf 87' lang='lat' dir='ltr'><strong>albatione</strong></span> <span class='ocrx_word' id='word_1_325' title='bbox 1072 2861 1352 2915; x_wconf 86' lang='lat' dir='ltr'><strong>virtutum.</strong></span> <span class='ocrx_word' id='word_1_326' title='bbox 1391 2860 1546 2916; x_wconf 89' lang='lat' dir='ltr'><strong>Unde</strong></span> <span class='ocrx_word' id='word_1_327' title='bbox 1584 2869 1638 2916; x_wconf 90' lang='lat' dir='ltr'><strong>et</strong></span> <span class='ocrx_word' id='word_1_328' title='bbox 1690 2861 1742 2915; x_wconf 93' lang='lat' dir='ltr'><strong>in</strong></span> <span class='ocrx_word' id='word_1_329' title='bbox 1771 2860 2009 2916; x_wconf 88' lang='lat' dir='ltr'><strong>Canticis</strong></span> 
     </span>
    </p>
   </div>
   <div class='ocr_carea' id='block_1_48' title="bbox 419 2948 2005 3019">
    <p class='ocr_par' dir='ltr' id='par_1_48' title="bbox 419 2948 2005 3019">
     <span class='ocr_line' id='line_1_48' title="bbox 419 2948 2005 3019; baseline -0.003 -12"><span class='ocrx_word' id='word_1_330' title='bbox 419 2952 680 3007; x_wconf 81' lang='lat' dir='ltr'><strong>scribitur</strong></span> <span class='ocrx_word' id='word_1_331' title='bbox 716 2951 1049 3006; x_wconf 88' lang='lat' dir='ltr'><strong>canticorum</strong></span> <span class='ocrx_word' id='word_1_332' title='bbox 1082 2968 1095 3004; x_wconf 90' lang='lat'><strong>:</strong></span> <span class='ocrx_word' id='word_1_333' title='bbox 1127 2948 1256 3015; x_wconf 79' lang='lat' dir='ltr'><strong>Qua:</strong></span> <span class='ocrx_word' id='word_1_334' title='bbox 1291 2959 1365 3005; x_wconf 83' lang='lat' dir='ltr'><strong>est</strong></span> <span class='ocrx_word' id='word_1_335' title='bbox 1411 2949 1545 3015; x_wconf 81' lang='lat' dir='ltr'><strong>ista,</strong></span> <span class='ocrx_word' id='word_1_336' title='bbox 1586 2966 1703 3019; x_wconf 71' lang='lat' dir='ltr'><strong>quia</strong></span> <span class='ocrx_word' id='word_1_337' title='bbox 1752 2949 2005 3015; x_wconf 80' lang='lat' dir='ltr'><strong>ascendit,</strong></span> 
     </span>
    </p>
   </div>
   <div class='ocr_carea' id='block_1_49' title="bbox 418 3037 2004 3113">
    <p class='ocr_par' dir='ltr' id='par_1_49' title="bbox 418 3037 2004 3113">
     <span class='ocr_line' id='line_1_49' title="bbox 418 3037 2004 3113; baseline 0.001 -18"><span class='ocrx_word' id='word_1_338' title='bbox 418 3041 576 3112; x_wconf 87' lang='lat' dir='ltr'><strong>quasi</strong></span> <span class='ocrx_word' id='word_1_339' title='bbox 622 3040 908 3096; x_wconf 81' lang='lat' dir='ltr'><strong>dealbata?</strong></span> <span class='ocrx_word' id='word_1_340' title='bbox 948 3037 1139 3112; x_wconf 85' lang='lat' dir='ltr'><strong>(Cant.</strong></span> <span class='ocrx_word' id='word_1_341' title='bbox 1175 3039 1280 3113; x_wconf 91' lang='grc' dir='ltr'>ιιι.)</span> <span class='ocrx_word' id='word_1_342' title='bbox 1329 3040 1495 3112; x_wconf 85' lang='lat' dir='ltr'><strong>Cujus</strong></span> <span class='ocrx_word' id='word_1_343' title='bbox 1537 3041 1854 3111; x_wconf 85' lang='lat' dir='ltr'><strong>mysterium</strong></span> <span class='ocrx_word' id='word_1_344' title='bbox 1899 3059 2004 3097; x_wconf 89' lang='lat' dir='ltr'><strong>non</strong></span> 
     </span>
    </p>
   </div>
   <div class='ocr_carea' id='block_1_50' title="bbox 419 3131 2008 3202">
    <p class='ocr_par' dir='ltr' id='par_1_50' title="bbox 419 3131 2008 3202">
     <span class='ocr_line' id='line_1_50' title="bbox 419 3131 2008 3202; baseline 0.001 -16"><span class='ocrx_word' id='word_1_345' title='bbox 419 3132 608 3198; x_wconf 87' lang='lat' dir='ltr'><strong>aliter,</strong></span> <span class='ocrx_word' id='word_1_346' title='bbox 642 3132 745 3187; x_wconf 87' lang='lat' dir='ltr'><strong>nisi</strong></span> <span class='ocrx_word' id='word_1_347' title='bbox 770 3133 871 3186; x_wconf 90' lang='lat' dir='ltr'><strong>sub</strong></span> <span class='ocrx_word' id='word_1_348' title='bbox 900 3131 1181 3186; x_wconf 82' lang='lat' dir='ltr'><strong>Trinitatis</strong></span> <span class='ocrx_word' id='word_1_349' title='bbox 1205 3131 1594 3202; x_wconf 83' lang='lat' dir='ltr'><strong>designatione,</strong></span> <span class='ocrx_word' id='word_1_350' title='bbox 1622 3132 1674 3186; x_wconf 89' lang='lat' dir='ltr'><strong>id</strong></span> <span class='ocrx_word' id='word_1_351' title='bbox 1701 3140 1802 3197; x_wconf 90' lang='lat' dir='ltr'><strong>est,</strong></span> <span class='ocrx_word' id='word_1_352' title='bbox 1833 3131 2008 3188; x_wconf 82' lang='lat' dir='ltr'><strong>Patris</strong></span> 
     </span>
    </p>
   </div>
   <div class='ocr_carea' id='block_1_51' title="bbox 417 3223 2005 3296">
    <p class='ocr_par' dir='ltr' id='par_1_51' title="bbox 417 3223 2005 3296">
     <span class='ocr_line' id='line_1_51' title="bbox 417 3223 2005 3296; baseline 0.001 -17"><span class='ocrx_word' id='word_1_353' title='bbox 417 3234 480 3280; x_wconf 91' lang='lat' dir='ltr'><strong>et</strong></span> <span class='ocrx_word' id='word_1_354' title='bbox 531 3224 655 3279; x_wconf 85' lang='lat' dir='ltr'><strong>Filii</strong></span> <span class='ocrx_word' id='word_1_355' title='bbox 683 3235 739 3279; x_wconf 88' lang='lat' dir='ltr'><strong>et</strong></span> <span class='ocrx_word' id='word_1_356' title='bbox 778 3223 1014 3294; x_wconf 85' lang='lat' dir='ltr'><strong>Spiritus</strong></span> <span class='ocrx_word' id='word_1_357' title='bbox 1041 3225 1214 3279; x_wconf 88' lang='lat' dir='ltr'><strong>sancti</strong></span> <span class='ocrx_word' id='word_1_358' title='bbox 1243 3224 1732 3296; x_wconf 86' lang='lat' dir='ltr'><strong>cognominatione,</strong></span> <span class='ocrx_word' id='word_1_359' title='bbox 1763 3226 2005 3295; x_wconf 90' lang='lat' dir='ltr'><strong>comple-</strong></span> 
     </span>
    </p>
   </div>
   <div class='ocr_carea' id='block_1_52' title="bbox 424 3315 2007 3387">
    <p class='ocr_par' dir='ltr' id='par_1_52' title="bbox 424 3315 2007 3387">
     <span class='ocr_line' id='line_1_52' title="bbox 424 3315 2007 3387; baseline 0.003 -18"><span class='ocrx_word' id='word_1_360' title='bbox 424 3326 537 3383; x_wconf 89' lang='lat' dir='ltr'><strong>tur,</strong></span> <span class='ocrx_word' id='word_1_361' title='bbox 561 3316 774 3371; x_wconf 86' lang='lat' dir='ltr'><strong>dicente</strong></span> <span class='ocrx_word' id='word_1_362' title='bbox 802 3316 1031 3371; x_wconf 87' lang='lat' dir='ltr'><strong>Domino</strong></span> <span class='ocrx_word' id='word_1_363' title='bbox 1054 3317 1119 3370; x_wconf 91' lang='lat' dir='ltr'><strong>ad</strong></span> <span class='ocrx_word' id='word_1_364' title='bbox 1140 3315 1427 3387; x_wconf 83' lang='lat' dir='ltr'><strong>Apostolos</strong></span> <span class='ocrx_word' id='word_1_365' title='bbox 1457 3330 1471 3370; x_wconf 90' lang='lat'><strong>:</strong></span> <span class='ocrx_word' id='word_1_366' title='bbox 1507 3315 1605 3380; x_wconf 85' lang='lat' dir='ltr'><strong>Ite,</strong></span> <span class='ocrx_word' id='word_1_367' title='bbox 1630 3316 1808 3372; x_wconf 86' lang='lat' dir='ltr'><strong>docete</strong></span> <span class='ocrx_word' id='word_1_368' title='bbox 1829 3333 2007 3373; x_wconf 87' lang='lat' dir='ltr'><strong>omnes</strong></span> 
     </span>
    </p>
   </div>
   <div class='ocr_carea' id='block_1_53' title="bbox 420 3405 2006 3477">
    <p class='ocr_par' dir='ltr' id='par_1_53' title="bbox 420 3405 2006 3477">
     <span class='ocr_line' id='line_1_53' title="bbox 420 3405 2006 3477; baseline 0.003 -17"><span class='ocrx_word' id='word_1_369' title='bbox 420 3418 623 3477; x_wconf 78' lang='lat' dir='ltr'><strong>gentes,</strong></span> <span class='ocrx_word' id='word_1_370' title='bbox 661 3405 982 3477; x_wconf 79' lang='lat' dir='ltr'><strong>baptisantes</strong></span> <span class='ocrx_word' id='word_1_371' title='bbox 1027 3424 1113 3465; x_wconf 86' lang='lat' dir='ltr'><strong>eos</strong></span> <span class='ocrx_word' id='word_1_372' title='bbox 1147 3407 1203 3461; x_wconf 88' lang='lat' dir='ltr'><strong>in</strong></span> <span class='ocrx_word' id='word_1_373' title='bbox 1245 3409 1453 3462; x_wconf 84' lang='lat' dir='ltr'><strong>nomine</strong></span> <span class='ocrx_word' id='word_1_374' title='bbox 1492 3407 1675 3462; x_wconf 80' lang='lat' dir='ltr'><strong>Patris</strong></span> <span class='ocrx_word' id='word_1_375' title='bbox 1725 3419 1773 3464; x_wconf 89' lang='lat' dir='ltr'><strong>et</strong></span> <span class='ocrx_word' id='word_1_376' title='bbox 1804 3408 1933 3463; x_wconf 84' lang='lat' dir='ltr'><strong>Filii</strong></span> <span class='ocrx_word' id='word_1_377' title='bbox 1959 3419 2006 3464; x_wconf 90' lang='lat' dir='ltr'><strong>et</strong></span> 
     </span>
    </p>
   </div>
   <div class='ocr_carea' id='block_1_54' title="bbox 423 3494 2006 3570">
    <p class='ocr_par' dir='ltr' id='par_1_54' title="bbox 423 3494 2006 3570">
     <span class='ocr_line' id='line_1_54' title="bbox 423 3494 2006 3570; baseline 0.004 -22"><span class='ocrx_word' id='word_1_378' title='bbox 423 3494 655 3564; x_wconf 86' lang='lat' dir='ltr'><strong>Spiritus</strong></span> <span class='ocrx_word' id='word_1_379' title='bbox 685 3495 853 3550; x_wconf 86' lang='lat' dir='ltr'><strong>sancti</strong></span> <span class='ocrx_word' id='word_1_380' title='bbox 883 3494 1099 3567; x_wconf 75' lang='lat' dir='ltr'><strong>(Matth.</strong></span> <span class='ocrx_word' id='word_1_381' title='bbox 1130 3496 1344 3570; x_wconf 77' lang='lat' dir='ltr'><strong>xxvm).</strong></span> <span class='ocrx_word' id='word_1_382' title='bbox 1379 3495 1532 3553; x_wconf 89' lang='lat' dir='ltr'><strong>Sicut</strong></span> <span class='ocrx_word' id='word_1_383' title='bbox 1561 3497 1707 3553; x_wconf 90' lang='lat' dir='ltr'><strong>enim</strong></span> <span class='ocrx_word' id='word_1_384' title='bbox 1742 3499 1796 3552; x_wconf 89' lang='lat' dir='ltr'><strong>in</strong></span> <span class='ocrx_word' id='word_1_385' title='bbox 1839 3499 2006 3554; x_wconf 86' lang='lat' dir='ltr'><strong>tribus</strong></span> 
     </span>
    </p>
   </div>
   <div class='ocr_carea' id='block_1_55' title="bbox 423 3582 2005 3657">
    <p class='ocr_par' dir='ltr' id='par_1_55' title="bbox 423 3582 2005 3657">
     <span class='ocr_line' id='line_1_55' title="bbox 423 3582 2005 3657; baseline 0.004 -20"><span class='ocrx_word' id='word_1_386' title='bbox 423 3585 642 3640; x_wconf 73' lang='lat' dir='ltr'><strong>testibus</strong></span> <span class='ocrx_word' id='word_1_387' title='bbox 668 3594 772 3639; x_wconf 89' lang='lat' dir='ltr'><strong>stat</strong></span> <span class='ocrx_word' id='word_1_388' title='bbox 792 3602 943 3640; x_wconf 88' lang='lat' dir='ltr'><strong>omne</strong></span> <span class='ocrx_word' id='word_1_389' title='bbox 969 3585 1173 3641; x_wconf 84' lang='lat' dir='ltr'><strong>verbum</strong></span> <span class='ocrx_word' id='word_1_390' title='bbox 1187 3582 1363 3656; x_wconf 82' lang='lat' dir='ltr'><strong>(Deut.</strong></span> <span class='ocrx_word' id='word_1_391' title='bbox 1378 3587 1506 3657; x_wconf 78' lang='lat' dir='ltr'><strong>xix),</strong></span> <span class='ocrx_word' id='word_1_392' title='bbox 1520 3587 1592 3643; x_wconf 89' lang='lat' dir='ltr'><strong>ita</strong></span> <span class='ocrx_word' id='word_1_393' title='bbox 1607 3599 2005 3644; x_wconf 88' lang='lat' dir='ltr'><strong>sacramentum</strong></span> 
     </span>
    </p>
   </div>
   <div class='ocr_carea' id='block_1_56' title="bbox 422 3673 2003 3732">
    <p class='ocr_par' dir='ltr' id='par_1_56' title="bbox 422 3673 2003 3732">
     <span class='ocr_line' id='line_1_56' title="bbox 422 3673 2003 3732; baseline 0.002 -4"><span class='ocrx_word' id='word_1_394' title='bbox 422 3673 716 3728; x_wconf 87' lang='lat' dir='ltr'><strong>conﬁrmat</strong></span> <span class='ocrx_word' id='word_1_395' title='bbox 742 3674 1013 3730; x_wconf 78' lang='lat' dir='ltr'><strong>térnarius</strong></span> <span class='ocrx_word' id='word_1_396' title='bbox 1054 3689 1311 3730; x_wconf 88' lang='lat' dir='ltr'><strong>numerus</strong></span> <span class='ocrx_word' id='word_1_397' title='bbox 1346 3675 1626 3731; x_wconf 90' lang='lat' dir='ltr'><strong>nominum</strong></span> <span class='ocrx_word' id='word_1_398' title='bbox 1677 3676 2003 3732; x_wconf 90' lang='lat' dir='ltr'><strong>divinorum.</strong></span> 
     </span>
    </p>
   </div>
   <div class='ocr_carea' id='block_1_57' title="bbox 423 3765 2007 3837">
    <p class='ocr_par' dir='ltr' id='par_1_57' title="bbox 423 3765 2007 3837">
     <span class='ocr_line' id='line_1_57' title="bbox 423 3765 2007 3837; baseline 0.005 -19"><span class='ocrx_word' id='word_1_399' title='bbox 423 3765 579 3833; x_wconf 83' lang='lat' dir='ltr'><strong>Quod</strong></span> <span class='ocrx_word' id='word_1_400' title='bbox 602 3773 781 3819; x_wconf 89' lang='lat' dir='ltr'><strong>autem</strong></span> <span class='ocrx_word' id='word_1_401' title='bbox 810 3780 909 3836; x_wconf 91' lang='lat' dir='ltr'><strong>per</strong></span> <span class='ocrx_word' id='word_1_402' title='bbox 937 3780 1130 3836; x_wconf 88' lang='lat' dir='ltr'><strong>aquam</strong></span> <span class='ocrx_word' id='word_1_403' title='bbox 1168 3766 1473 3837; x_wconf 89' lang='lat' dir='ltr'><strong>Baptismus</strong></span> <span class='ocrx_word' id='word_1_404' title='bbox 1505 3768 1685 3835; x_wconf 90' lang='lat' dir='ltr'><strong>datur,</strong></span> <span class='ocrx_word' id='word_1_405' title='bbox 1722 3770 1837 3825; x_wconf 82' lang='lat' dir='ltr'><strong>haec</strong></span> <span class='ocrx_word' id='word_1_406' title='bbox 1868 3772 2007 3826; x_wconf 79' lang='lat' dir='ltr'><strong>ra;io</strong></span> 
     </span>
    </p>
   </div>
   <div class='ocr_carea' id='block_1_58' title="bbox 423 3846 2008 3931">
    <p class='ocr_par' dir='ltr' id='par_1_58' title="bbox 423 3846 2008 3931">
     <span class='ocr_line' id='line_1_58' title="bbox 423 3846 2008 3931; baseline 0.003 -21"><span class='ocrx_word' id='word_1_407' title='bbox 423 3863 530 3910; x_wconf 87' lang='lat' dir='ltr'><strong>est.</strong></span> <span class='ocrx_word' id='word_1_408' title='bbox 557 3854 739 3911; x_wconf 77' lang='lat' dir='ltr'><strong>Voluit</strong></span> <span class='ocrx_word' id='word_1_409' title='bbox 777 3855 922 3910; x_wconf 91' lang='lat' dir='ltr'><strong>enim</strong></span> <span class='ocrx_word' id='word_1_410' title='bbox 956 3855 1237 3921; x_wconf 89' lang='lat' dir='ltr'><strong>Dominus,</strong></span> <span class='ocrx_word' id='word_1_411' title='bbox 1268 3864 1329 3910; x_wconf 92' lang='lat' dir='ltr'><strong>ut</strong></span> <span class='ocrx_word' id='word_1_412' title='bbox 1361 3870 1449 3911; x_wconf 91' lang='lat' dir='ltr'><strong>res</strong></span> <span class='ocrx_word' id='word_1_413' title='bbox 1484 3846 1573 3910; x_wconf 65' lang='lat' dir='ltr'><strong>illa</strong></span> <span class='ocrx_word' id='word_1_414' title='bbox 1605 3857 1889 3915; x_wconf 71' lang='lat' dir='ltr'><strong>invisibilis</strong></span> <span class='ocrx_word' id='word_1_415' title='bbox 1913 3877 2008 3931; x_wconf 78' lang='lat' dir='ltr'><strong>per</strong></span> 
     </span>
    </p>
   </div>
   <div class='ocr_carea' id='block_1_59' title="bbox 425 3944 2006 4016">
    <p class='ocr_par' dir='ltr' id='par_1_59' title="bbox 425 3944 2006 4016">
     <span class='ocr_line' id='line_1_59' title="bbox 425 3944 2006 4016; baseline 0.001 -16"><span class='ocrx_word' id='word_1_416' title='bbox 425 3944 857 4016; x_wconf 89' lang='lat' dir='ltr'><strong>congruentiam,</strong></span> <span class='ocrx_word' id='word_1_417' title='bbox 904 3944 1111 4000; x_wconf 88' lang='lat' dir='ltr'><strong>scilicet</strong></span> <span class='ocrx_word' id='word_1_418' title='bbox 1147 3959 1247 4014; x_wconf 88' lang='lat' dir='ltr'><strong>per</strong></span> <span class='ocrx_word' id='word_1_419' title='bbox 1286 3944 1672 4000; x_wconf 87' lang='lat' dir='ltr'><strong>contrectabile</strong></span> <span class='ocrx_word' id='word_1_420' title='bbox 1712 3956 1767 4007; x_wconf 81' lang='lat' dir='ltr'><strong>et</strong></span> <span class='ocrx_word' id='word_1_421' title='bbox 1797 3947 2006 4004; x_wconf 87' lang='lat' dir='ltr'><strong>visibile</strong></span> 
     </span>
    </p>
   </div>
   <div class='ocr_carea' id='block_1_60' title="bbox 427 4032 2001 4104">
    <p class='ocr_par' dir='ltr' id='par_1_60' title="bbox 427 4032 2001 4104">
     <span class='ocr_line' id='line_1_60' title="bbox 427 4032 2001 4104; baseline 0.003 -17"><span class='ocrx_word' id='word_1_422' title='bbox 427 4034 837 4103; x_wconf 85' lang='lat' dir='ltr'><strong>impenderetur</strong></span> <span class='ocrx_word' id='word_1_423' title='bbox 892 4032 1248 4099; x_wconf 84' lang='lat' dir='ltr'><strong>elementum,</strong></span> <span class='ocrx_word' id='word_1_424' title='bbox 1301 4048 1465 4104; x_wconf 88' lang='lat' dir='ltr'><strong>super</strong></span> <span class='ocrx_word' id='word_1_425' title='bbox 1521 4035 1666 4104; x_wconf 90' lang='lat' dir='ltr'><strong>quod</strong></span> <span class='ocrx_word' id='word_1_426' title='bbox 1725 4037 1890 4091; x_wconf 91' lang='lat' dir='ltr'><strong>etiam</strong></span> <span class='ocrx_word' id='word_1_427' title='bbox 1949 4037 2001 4091; x_wconf 89' lang='lat' dir='ltr'><strong>in</strong></span> 
     </span>
    </p>
   </div>
   <div class='ocr_carea' id='block_1_61' title="bbox 426 4120 2002 4196">
    <p class='ocr_par' dir='ltr' id='par_1_61' title="bbox 426 4120 2002 4196">
     <span class='ocr_line' id='line_1_61' title="bbox 426 4120 2002 4196; baseline 0.002 -21"><span class='ocrx_word' id='word_1_428' title='bbox 426 4123 696 4193; x_wconf 90' lang='lat' dir='ltr'><strong>principio</strong></span> <span class='ocrx_word' id='word_1_429' title='bbox 732 4120 1006 4178; x_wconf 78' lang='lat' dir='ltr'><strong>ferebatur</strong></span> <span class='ocrx_word' id='word_1_430' title='bbox 1049 4122 1283 4192; x_wconf 84' lang='lat' dir='ltr'><strong>Spiritus</strong></span> <span class='ocrx_word' id='word_1_431' title='bbox 1333 4131 1553 4180; x_wconf 88' lang='lat' dir='ltr'><strong>sanctus</strong></span> <span class='ocrx_word' id='word_1_432' title='bbox 1599 4121 1752 4196; x_wconf 80' lang='lat' dir='ltr'><strong>(Gen.</strong></span> <span class='ocrx_word' id='word_1_433' title='bbox 1778 4124 1838 4193; x_wconf 90' lang='grc' dir='ltr'>ι).</span> <span class='ocrx_word' id='word_1_434' title='bbox 1869 4124 2002 4178; x_wconf 89' lang='lat' dir='ltr'><strong>Nam</strong></span> 
     </span>
    </p>
   </div>
   <div class='ocr_carea' id='block_1_62' title="bbox 426 4214 2005 4285">
    <p class='ocr_par' dir='ltr' id='par_1_62' title="bbox 426 4214 2005 4285">
     <span class='ocr_line' id='line_1_62' title="bbox 426 4214 2005 4285; baseline 0.001 -17"><span class='ocrx_word' id='word_1_435' title='bbox 426 4214 571 4269; x_wconf 83' lang='lat' dir='ltr'><strong>sicut</strong></span> <span class='ocrx_word' id='word_1_436' title='bbox 599 4229 737 4284; x_wconf 86' lang='lat' dir='ltr'><strong>aqua</strong></span> <span class='ocrx_word' id='word_1_437' title='bbox 774 4222 969 4285; x_wconf 84' lang='lat' dir='ltr'><strong>purgat</strong></span> <span class='ocrx_word' id='word_1_438' title='bbox 996 4215 1235 4269; x_wconf 76' lang='lat' dir='ltr'><strong>exterius</strong></span> <span class='ocrx_word' id='word_1_439' title='bbox 1272 4229 1507 4285; x_wconf 90' lang='lat' dir='ltr'><strong>corpus:</strong></span> <span class='ocrx_word' id='word_1_440' title='bbox 1539 4215 1613 4269; x_wconf 91' lang='lat' dir='ltr'><strong>ita</strong></span> <span class='ocrx_word' id='word_1_441' title='bbox 1637 4215 1865 4270; x_wconf 90' lang='lat' dir='ltr'><strong>latenter</strong></span> <span class='ocrx_word' id='word_1_442' title='bbox 1888 4215 2005 4285; x_wconf 87' lang='lat' dir='ltr'><strong>ejus</strong></span> 
     </span>
    </p>
   </div>
   <div class='ocr_carea' id='block_1_63' title="bbox 426 4302 2005 4374">
    <p class='ocr_par' dir='ltr' id='par_1_63' title="bbox 426 4302 2005 4374">
     <span class='ocr_line' id='line_1_63' title="bbox 426 4302 2005 4374; baseline 0 -15"><span class='ocrx_word' id='word_1_443' title='bbox 426 4304 733 4360; x_wconf 86' lang='lat' dir='ltr'><strong>ministerio</strong></span> <span class='ocrx_word' id='word_1_444' title='bbox 764 4318 865 4374; x_wconf 89' lang='lat' dir='ltr'><strong>per</strong></span> <span class='ocrx_word' id='word_1_445' title='bbox 890 4302 1150 4374; x_wconf 87' lang='lat' dir='ltr'><strong>Spiritum</strong></span> <span class='ocrx_word' id='word_1_446' title='bbox 1176 4313 1420 4359; x_wconf 88' lang='lat' dir='ltr'><strong>sanctum</strong></span> <span class='ocrx_word' id='word_1_447' title='bbox 1456 4305 1773 4374; x_wconf 87' lang='lat' dir='ltr'><strong>puriﬁcalur</strong></span> <span class='ocrx_word' id='word_1_448' title='bbox 1805 4313 1861 4360; x_wconf 92' lang='lat' dir='ltr'><strong>et</strong></span> <span class='ocrx_word' id='word_1_449' title='bbox 1887 4305 2005 4359; x_wconf 88' lang='lat' dir='ltr'><strong>ani-</strong></span> 
     </span>
    </p>
   </div>
   <div class='ocr_carea' id='block_1_64' title="bbox 422 4392 2001 4461">
    <p class='ocr_par' dir='ltr' id='par_1_64' title="bbox 422 4392 2001 4461">
     <span class='ocr_line' id='line_1_64' title="bbox 422 4392 2001 4461; baseline 0.001 -13"><span class='ocrx_word' id='word_1_450' title='bbox 422 4408 569 4448; x_wconf 85' lang='lat' dir='ltr'><strong>mus.</strong></span> <span class='ocrx_word' id='word_1_451' title='bbox 584 4392 750 4461; x_wconf 88' lang='lat' dir='ltr'><strong>Cujus</strong></span> <span class='ocrx_word' id='word_1_452' title='bbox 764 4392 1120 4448; x_wconf 83' lang='lat' dir='ltr'><strong>sanctiﬁcatio</strong></span> <span class='ocrx_word' id='word_1_453' title='bbox 1140 4392 1217 4447; x_wconf 86' lang='lat' dir='ltr'><strong>ita</strong></span> <span class='ocrx_word' id='word_1_454' title='bbox 1229 4401 1328 4449; x_wconf 89' lang='lat' dir='ltr'><strong>est.</strong></span> <span class='ocrx_word' id='word_1_455' title='bbox 1345 4392 1599 4449; x_wconf 85' lang='lat' dir='ltr'><strong>Invoeato</strong></span> <span class='ocrx_word' id='word_1_456' title='bbox 1621 4394 1764 4449; x_wconf 91' lang='lat' dir='ltr'><strong>enim</strong></span> <span class='ocrx_word' id='word_1_457' title='bbox 1783 4393 1891 4450; x_wconf 94' lang='lat' dir='ltr'><strong>Deo</strong></span> <span class='ocrx_word' id='word_1_458' title='bbox 1907 4396 2001 4450; x_wconf 85' lang='lat' dir='ltr'><strong>de-</strong></span> 
     </span>
    </p>
   </div>
   <div class='ocr_carea' id='block_1_65' title="bbox 421 4481 2002 4555">
    <p class='ocr_par' dir='ltr' id='par_1_65' title="bbox 421 4481 2002 4555">
     <span class='ocr_line' id='line_1_65' title="bbox 421 4481 2002 4555; baseline 0.001 -16"><span class='ocrx_word' id='word_1_459' title='bbox 421 4484 636 4539; x_wconf 84' lang='lat' dir='ltr'><strong>scendit</strong></span> <span class='ocrx_word' id='word_1_460' title='bbox 662 4481 897 4553; x_wconf 89' lang='lat' dir='ltr'><strong>Spiritus</strong></span> <span class='ocrx_word' id='word_1_461' title='bbox 917 4490 1137 4539; x_wconf 89' lang='lat' dir='ltr'><strong>sanctus</strong></span> <span class='ocrx_word' id='word_1_462' title='bbox 1165 4485 1231 4539; x_wconf 91' lang='lat' dir='ltr'><strong>de</strong></span> <span class='ocrx_word' id='word_1_463' title='bbox 1256 4484 1427 4549; x_wconf 72' lang='lat' dir='ltr'><strong>cmlis,</strong></span> <span class='ocrx_word' id='word_1_464' title='bbox 1457 4492 1512 4539; x_wconf 92' lang='lat' dir='ltr'><strong>et</strong></span> <span class='ocrx_word' id='word_1_465' title='bbox 1541 4484 1820 4540; x_wconf 89' lang='lat' dir='ltr'><strong>medicatis</strong></span> <span class='ocrx_word' id='word_1_466' title='bbox 1848 4486 2002 4555; x_wconf 90' lang='lat' dir='ltr'><strong>aquis</strong></span> 
     </span>
    </p>
   </div>
   <div class='ocr_carea' id='block_1_66' title="bbox 422 4575 2001 4648">
    <p class='ocr_par' dir='ltr' id='par_1_66' title="bbox 422 4575 2001 4648">
     <span class='ocr_line' id='line_1_66' title="bbox 422 4575 2001 4648; baseline 0.001 -17"><span class='ocrx_word' id='word_1_467' title='bbox 422 4575 731 4631; x_wconf 85' lang='lat' dir='ltr'><strong>sanctiﬁcat</strong></span> <span class='ocrx_word' id='word_1_468' title='bbox 762 4590 858 4631; x_wconf 88' lang='lat' dir='ltr'><strong>eas</strong></span> <span class='ocrx_word' id='word_1_469' title='bbox 900 4575 967 4631; x_wconf 91' lang='lat' dir='ltr'><strong>de</strong></span> <span class='ocrx_word' id='word_1_470' title='bbox 995 4577 1308 4648; x_wconf 88' lang='lat' dir='ltr'><strong>semetipso,</strong></span> <span class='ocrx_word' id='word_1_471' title='bbox 1349 4585 1403 4631; x_wconf 89' lang='lat' dir='ltr'><strong>et</strong></span> <span class='ocrx_word' id='word_1_472' title='bbox 1429 4576 1699 4646; x_wconf 88' lang='lat' dir='ltr'><strong>accipiunt</strong></span> <span class='ocrx_word' id='word_1_473' title='bbox 1727 4578 1834 4632; x_wconf 86' lang='lat' dir='ltr'><strong>vim</strong></span> <span class='ocrx_word' id='word_1_474' title='bbox 1869 4594 2001 4648; x_wconf 89' lang='lat' dir='ltr'><strong>pur-</strong></span> 
     </span>
    </p>
   </div>
   <div class='ocr_carea' id='block_1_67' title="bbox 421 4664 2001 4736">
    <p class='ocr_par' dir='ltr' id='par_1_67' title="bbox 421 4664 2001 4736">
     <span class='ocr_line' id='line_1_67' title="bbox 421 4664 2001 4736; baseline 0.001 -18"><span class='ocrx_word' id='word_1_475' title='bbox 421 4665 679 4736; x_wconf 74' lang='lat' dir='ltr'><strong>gationis,</strong></span> <span class='ocrx_word' id='word_1_476' title='bbox 732 4673 791 4718; x_wconf 91' lang='lat' dir='ltr'><strong>ut</strong></span> <span class='ocrx_word' id='word_1_477' title='bbox 820 4664 875 4718; x_wconf 91' lang='lat' dir='ltr'><strong>in</strong></span> <span class='ocrx_word' id='word_1_478' title='bbox 911 4665 991 4721; x_wconf 88' lang='lat' dir='ltr'><strong>eis</strong></span> <span class='ocrx_word' id='word_1_479' title='bbox 1033 4673 1087 4721; x_wconf 90' lang='lat' dir='ltr'><strong>et</strong></span> <span class='ocrx_word' id='word_1_480' title='bbox 1109 4680 1238 4721; x_wconf 91' lang='lat' dir='ltr'><strong>caro</strong></span> <span class='ocrx_word' id='word_1_481' title='bbox 1272 4673 1327 4720; x_wconf 92' lang='lat' dir='ltr'><strong>et</strong></span> <span class='ocrx_word' id='word_1_482' title='bbox 1362 4664 1540 4719; x_wconf 89' lang='lat' dir='ltr'><strong>anima</strong></span> <span class='ocrx_word' id='word_1_483' title='bbox 1590 4665 1796 4722; x_wconf 88' lang='lat' dir='ltr'><strong>delictis</strong></span> <span class='ocrx_word' id='word_1_484' title='bbox 1822 4666 2001 4736; x_wconf 86' lang='lat' dir='ltr'><strong>inqui-</strong></span> 
     </span>
    </p>
   </div>
   <div class='ocr_carea' id='block_1_68' title="bbox 420 4753 1999 4827">
    <p class='ocr_par' dir='ltr' id='par_1_68' title="bbox 420 4753 1999 4827">
     <span class='ocr_line' id='line_1_68' title="bbox 420 4753 1999 4827; baseline 0.001 -18"><span class='ocrx_word' id='word_1_485' title='bbox 420 4764 567 4809; x_wconf 75' lang='lat' dir='ltr'><strong>nata:</strong></span> <span class='ocrx_word' id='word_1_486' title='bbox 621 4754 969 4809; x_wconf 85' lang='lat' dir='ltr'><strong>mundentur.</strong></span> <span class='ocrx_word' id='word_1_487' title='bbox 1026 4753 1141 4810; x_wconf 86' lang='lat' dir='ltr'><strong>Hoc</strong></span> <span class='ocrx_word' id='word_1_488' title='bbox 1202 4768 1418 4825; x_wconf 86' lang='lat' dir='ltr'><strong>quoque</strong></span> <span class='ocrx_word' id='word_1_489' title='bbox 1478 4753 1798 4820; x_wconf 88' lang='lat' dir='ltr'><strong>sciendum,</strong></span> <span class='ocrx_word' id='word_1_490' title='bbox 1856 4758 1999 4827; x_wconf 89' lang='lat' dir='ltr'><strong>quod</strong></span> 
     </span>
    </p>
   </div>
   <div class='ocr_carea' id='block_1_69' title="bbox 421 4847 2002 4920">
    <p class='ocr_par' dir='ltr' id='par_1_69' title="bbox 421 4847 2002 4920">
     <span class='ocr_line' id='line_1_69' title="bbox 421 4847 2002 4920; baseline 0.001 -18"><span class='ocrx_word' id='word_1_491' title='bbox 421 4848 676 4919; x_wconf 77' lang='lat' dir='ltr'><strong>quamvis</strong></span> <span class='ocrx_word' id='word_1_492' title='bbox 726 4847 1022 4919; x_wconf 85' lang='lat' dir='ltr'><strong>apostolica</strong></span> <span class='ocrx_word' id='word_1_493' title='bbox 1069 4847 1317 4903; x_wconf 85' lang='lat' dir='ltr'><strong>doctrina</strong></span> <span class='ocrx_word' id='word_1_494' title='bbox 1368 4847 1694 4920; x_wconf 56' lang='lat' dir='ltr'><strong>(Ep/team)</strong></span> <span class='ocrx_word' id='word_1_495' title='bbox 1746 4849 2002 4917; x_wconf 75' lang='lat' dir='ltr'><strong>praedicet</strong></span> 
     </span>
    </p>
   </div>
   <div class='ocr_carea' id='block_1_70' title="bbox 422 4938 1999 5011">
    <p class='ocr_par' dir='ltr' id='par_1_70' title="bbox 422 4938 1999 5011">
     <span class='ocr_line' id='line_1_70' title="bbox 422 4938 1999 5011; baseline 0.002 -19"><span class='ocrx_word' id='word_1_496' title='bbox 422 4954 592 4993; x_wconf 83' lang='lat' dir='ltr'><strong>unam</strong></span> <span class='ocrx_word' id='word_1_497' title='bbox 636 4953 759 4994; x_wconf 87' lang='lat' dir='ltr'><strong>esse</strong></span> <span class='ocrx_word' id='word_1_498' title='bbox 807 4939 964 4993; x_wconf 86' lang='lat' dir='ltr'><strong>ﬁdem</strong></span> <span class='ocrx_word' id='word_1_499' title='bbox 990 4947 1047 4994; x_wconf 92' lang='lat' dir='ltr'><strong>et</strong></span> <span class='ocrx_word' id='word_1_500' title='bbox 1086 4954 1249 4994; x_wconf 90' lang='lat' dir='ltr'><strong>unum</strong></span> <span class='ocrx_word' id='word_1_501' title='bbox 1291 4938 1567 5011; x_wconf 86' lang='lat' dir='ltr'><strong>Baptisma</strong></span> <span class='ocrx_word' id='word_1_502' title='bbox 1598 4957 1611 4993; x_wconf 90' lang='lat'><strong>:</strong></span> <span class='ocrx_word' id='word_1_503' title='bbox 1647 4950 1825 4995; x_wconf 90' lang='lat' dir='ltr'><strong>tamen</strong></span> <span class='ocrx_word' id='word_1_504' title='bbox 1874 4950 1999 4995; x_wconf 90' lang='lat' dir='ltr'><strong>sunt</strong></span> 
     </span>
    </p>
   </div>
   <div class='ocr_carea' id='block_1_71' title="bbox 423 5028 2000 5101">
    <p class='ocr_par' dir='ltr' id='par_1_71' title="bbox 423 5028 2000 5101">
     <span class='ocr_line' id='line_1_71' title="bbox 423 5028 2000 5101; baseline 0.004 -21"><span class='ocrx_word' id='word_1_505' title='bbox 423 5028 581 5096; x_wconf 88' lang='lat' dir='ltr'><strong>plura</strong></span> <span class='ocrx_word' id='word_1_506' title='bbox 609 5044 808 5099; x_wconf 84' lang='lat' dir='ltr'><strong>genera</strong></span> <span class='ocrx_word' id='word_1_507' title='bbox 848 5028 1211 5099; x_wconf 88' lang='lat' dir='ltr'><strong>baptismatis,</strong></span> <span class='ocrx_word' id='word_1_508' title='bbox 1247 5045 1367 5100; x_wconf 69' lang='lat' dir='ltr'><strong>qua:</strong></span> <span class='ocrx_word' id='word_1_509' title='bbox 1411 5038 1644 5101; x_wconf 83' lang='lat' dir='ltr'><strong>purgant</strong></span> <span class='ocrx_word' id='word_1_510' title='bbox 1670 5032 1939 5086; x_wconf 88' lang='lat' dir='ltr'><strong>hominem</strong></span> <span class='ocrx_word' id='word_1_511' title='bbox 1970 5048 2000 5086; x_wconf 93' lang='lat' dir='ltr'><strong>a</strong></span> 
     </span>
    </p>
   </div>
   <div class='ocr_carea' id='block_1_72' title="bbox 424 5116 1999 5188">
    <p class='ocr_par' dir='ltr' id='par_1_72' title="bbox 424 5116 1999 5188">
     <span class='ocr_line' id='line_1_72' title="bbox 424 5116 1999 5188; baseline 0.001 -17"><span class='ocrx_word' id='word_1_512' title='bbox 424 5116 676 5182; x_wconf 86' lang='lat' dir='ltr'><strong>delictis,</strong></span> <span class='ocrx_word' id='word_1_513' title='bbox 705 5131 773 5172; x_wconf 86' lang='lat' dir='ltr'><strong>ac</strong></span> <span class='ocrx_word' id='word_1_514' title='bbox 813 5117 1115 5188; x_wconf 87' lang='lat' dir='ltr'><strong>profectum</strong></span> <span class='ocrx_word' id='word_1_515' title='bbox 1161 5117 1447 5174; x_wconf 89' lang='lat' dir='ltr'><strong>conferunt</strong></span> <span class='ocrx_word' id='word_1_516' title='bbox 1500 5120 1820 5174; x_wconf 89' lang='lat' dir='ltr'><strong>sanctitatis.</strong></span> <span class='ocrx_word' id='word_1_517' title='bbox 1865 5119 1999 5174; x_wconf 84' lang='lat' dir='ltr'><strong>Nam</strong></span> 
     </span>
    </p>
   </div>
   <div class='ocr_carea' id='block_1_73' title="bbox 426 5206 2001 5278">
    <p class='ocr_par' dir='ltr' id='par_1_73' title="bbox 426 5206 2001 5278">
     <span class='ocr_line' id='line_1_73' title="bbox 426 5206 2001 5278; baseline 0.004 -18"><span class='ocrx_word' id='word_1_518' title='bbox 426 5206 624 5276; x_wconf 79' lang='lat' dir='ltr'><strong>legitur</strong></span> <span class='ocrx_word' id='word_1_519' title='bbox 673 5206 728 5261; x_wconf 91' lang='lat' dir='ltr'><strong>in</strong></span> <span class='ocrx_word' id='word_1_520' title='bbox 777 5207 1004 5262; x_wconf 79' lang='lat' dir='ltr'><strong>Actibus</strong></span> <span class='ocrx_word' id='word_1_521' title='bbox 1044 5208 1440 5278; x_wconf 89' lang='lat' dir='ltr'><strong>apostolorum,</strong></span> <span class='ocrx_word' id='word_1_522' title='bbox 1486 5209 1772 5266; x_wconf 91' lang='lat' dir='ltr'><strong>Dominum</strong></span> <span class='ocrx_word' id='word_1_523' title='bbox 1808 5227 2001 5267; x_wconf 88' lang='lat' dir='ltr'><strong>ascen-</strong></span> 
     </span>
    </p>
   </div>
   <div class='ocr_carea' id='block_1_74' title="bbox 420 5296 2000 5372">
    <p class='ocr_par' dir='ltr' id='par_1_74' title="bbox 420 5296 2000 5372">
     <span class='ocr_line' id='line_1_74' title="bbox 420 5296 2000 5372; baseline 0.003 -21"><span class='ocrx_word' id='word_1_524' title='bbox 420 5311 609 5351; x_wconf 80' lang='lat' dir='ltr'><strong>surum</strong></span> <span class='ocrx_word' id='word_1_525' title='bbox 638 5297 695 5351; x_wconf 88' lang='lat' dir='ltr'><strong>in</strong></span> <span class='ocrx_word' id='word_1_526' title='bbox 733 5297 931 5352; x_wconf 66' lang='lat' dir='ltr'><strong>calum</strong></span> <span class='ocrx_word' id='word_1_527' title='bbox 971 5296 1246 5368; x_wconf 85' lang='lat' dir='ltr'><strong>discipulis</strong></span> <span class='ocrx_word' id='word_1_528' title='bbox 1267 5298 1467 5354; x_wconf 79' lang='lat' dir='ltr'><strong>dixisse</strong></span> <span class='ocrx_word' id='word_1_529' title='bbox 1501 5319 1512 5354; x_wconf 89' lang='lat'><strong>:</strong></span> <span class='ocrx_word' id='word_1_530' title='bbox 1541 5300 1772 5356; x_wconf 85' lang='lat' dir='ltr'><strong>Joannes</strong></span> <span class='ocrx_word' id='word_1_531' title='bbox 1794 5301 2000 5372; x_wconf 66' lang='lat' dir='ltr'><strong>quidem</strong></span> 
     </span>
    </p>
   </div>
   <div class='ocr_carea' id='block_1_75' title="bbox 419 5387 2000 5462">
    <p class='ocr_par' dir='ltr' id='par_1_75' title="bbox 419 5387 2000 5462">
     <span class='ocr_line' id='line_1_75' title="bbox 419 5387 2000 5462; baseline 0.004 -22"><span class='ocrx_word' id='word_1_532' title='bbox 419 5387 705 5455; x_wconf 77' lang='lat' dir='ltr'><strong>baptizavit</strong></span> <span class='ocrx_word' id='word_1_533' title='bbox 752 5400 932 5460; x_wconf 78' lang='lat' dir='ltr'><strong>aqua:</strong></span> <span class='ocrx_word' id='word_1_534' title='bbox 982 5404 1070 5443; x_wconf 75' lang='lat' dir='ltr'><strong>vos</strong></span> <span class='ocrx_word' id='word_1_535' title='bbox 1118 5401 1293 5443; x_wconf 87' lang='lat' dir='ltr'><strong>autem</strong></span> <span class='ocrx_word' id='word_1_536' title='bbox 1347 5390 1738 5460; x_wconf 82' lang='lat' dir='ltr'><strong>baptizabimini</strong></span> <span class='ocrx_word' id='word_1_537' title='bbox 1800 5392 2000 5462; x_wconf 85' lang='lat' dir='ltr'><strong>Spiritu</strong></span> 
     </span>
    </p>
   </div>
   <div class='ocr_carea' id='block_1_76' title="bbox 416 5478 2001 5555">
    <p class='ocr_par' dir='ltr' id='par_1_76' title="bbox 416 5478 2001 5555">
     <span class='ocr_line' id='line_1_76' title="bbox 416 5478 2001 5555; baseline 0.006 -25"><span class='ocrx_word' id='word_1_538' title='bbox 416 5486 605 5531; x_wconf 79' lang='lat' dir='ltr'><strong>sancto</strong></span> <span class='ocrx_word' id='word_1_539' title='bbox 656 5494 762 5533; x_wconf 86' lang='lat' dir='ltr'><strong>non</strong></span> <span class='ocrx_word' id='word_1_540' title='bbox 797 5488 912 5548; x_wconf 87' lang='lat' dir='ltr'><strong>post</strong></span> <span class='ocrx_word' id='word_1_541' title='bbox 961 5478 1152 5534; x_wconf 86' lang='lat' dir='ltr'><strong>multos</strong></span> <span class='ocrx_word' id='word_1_542' title='bbox 1203 5481 1298 5534; x_wconf 86' lang='lat' dir='ltr'><strong>hos</strong></span> <span class='ocrx_word' id='word_1_543' title='bbox 1350 5481 1461 5536; x_wconf 86' lang='lat' dir='ltr'><strong>dies</strong></span> <span class='ocrx_word' id='word_1_544' title='bbox 1493 5482 1631 5555; x_wconf 80' lang='lat' dir='ltr'><strong>(Act.</strong></span> <span class='ocrx_word' id='word_1_545' title='bbox 1657 5483 1717 5555; x_wconf 93' lang='grc' dir='ltr'>ι).</span> <span class='ocrx_word' id='word_1_546' title='bbox 1760 5483 1861 5539; x_wconf 86' lang='lat' dir='ltr'><strong>Ubi</strong></span> <span class='ocrx_word' id='word_1_547' title='bbox 1905 5500 2001 5539; x_wconf 83' lang='lat' dir='ltr'><strong>no-</strong></span> 
     </span>
    </p>
   </div>
   <div class='ocr_carea' id='block_1_77' title="bbox 419 5556 1996 5641">
    <p class='ocr_par' dir='ltr' id='par_1_77' title="bbox 419 5556 1996 5641">
     <span class='ocr_line' id='line_1_77' title="bbox 419 5556 1996 5641; baseline 0.003 -18"><span class='ocrx_word' id='word_1_548' title='bbox 419 5569 831 5636; x_wconf 86' lang='lat' dir='ltr'><strong>tandum,quod</strong></span> <span class='ocrx_word' id='word_1_549' title='bbox 866 5568 1140 5638; x_wconf 83' lang='lat' dir='ltr'><strong>Baptisma</strong></span> <span class='ocrx_word' id='word_1_550' title='bbox 1196 5568 1408 5624; x_wconf 86' lang='lat' dir='ltr'><strong>Domini</strong></span> <span class='ocrx_word' id='word_1_551' title='bbox 1454 5570 1507 5625; x_wconf 93' lang='lat' dir='ltr'><strong>in</strong></span> <span class='ocrx_word' id='word_1_552' title='bbox 1549 5571 1754 5641; x_wconf 88' lang='lat' dir='ltr'><strong>Spiritu</strong></span> <span class='ocrx_word' id='word_1_553' title='bbox 1785 5556 1996 5639; x_wconf 81' lang='lat' dir='ltr'><strong>sancto,</strong></span> 
     </span>
    </p>
   </div>
   <div class='ocr_carea' id='block_1_78' title="bbox 410 5658 1996 5729">
    <p class='ocr_par' dir='ltr' id='par_1_78' title="bbox 410 5658 1996 5729">
     <span class='ocr_line' id='line_1_78' title="bbox 410 5658 1996 5729; baseline 0.007 -17"><span class='ocrx_word' id='word_1_554' title='bbox 410 5658 482 5718; x_wconf 82' lang='lat' dir='ltr'><strong>de</strong></span> <span class='ocrx_word' id='word_1_555' title='bbox 507 5673 625 5728; x_wconf 89' lang='lat' dir='ltr'><strong>quo</strong></span> <span class='ocrx_word' id='word_1_556' title='bbox 645 5660 971 5729; x_wconf 60' lang='lat' dir='ltr'><strong>praedixerat</strong></span> <span class='ocrx_word' id='word_1_557' title='bbox 992 5659 1247 5729; x_wconf 72' lang='lat' dir='ltr'><strong>Joannes,</strong></span> <span class='ocrx_word' id='word_1_558' title='bbox 1280 5676 1386 5716; x_wconf 90' lang='lat' dir='ltr'><strong>non</strong></span> <span class='ocrx_word' id='word_1_559' title='bbox 1408 5662 1476 5717; x_wconf 88' lang='lat' dir='ltr'><strong>ad</strong></span> <span class='ocrx_word' id='word_1_560' title='bbox 1506 5662 1636 5719; x_wconf 91' lang='lat' dir='ltr'><strong>illud</strong></span> <span class='ocrx_word' id='word_1_561' title='bbox 1661 5664 1996 5723; x_wconf 60' lang='lat' dir='ltr'><strong>solummolo</strong></span> 
     </span>
    </p>
   </div>
   <div class='ocr_carea' id='block_1_79' title="bbox 2110 1854 3699 1938">
    <p class='ocr_par' dir='ltr' id='par_1_79' title="bbox 2110 1854 3699 1938">
     <span class='ocr_line' id='line_1_79' title="bbox 2110 1854 3699 1938; baseline 0.013 -32"><span class='ocrx_word' id='word_1_562' title='bbox 2110 1854 2300 1907; x_wconf 83' lang='lat' dir='ltr'><strong>nostris</strong></span> <span class='ocrx_word' id='word_1_563' title='bbox 2327 1855 2381 1908; x_wconf 89' lang='lat' dir='ltr'><strong>in</strong></span> <span class='ocrx_word' id='word_1_564' title='bbox 2410 1857 2664 1926; x_wconf 84' lang='lat' dir='ltr'><strong>sanguine</strong></span> <span class='ocrx_word' id='word_1_565' title='bbox 2686 1874 2783 1911; x_wconf 87' lang='lat' dir='ltr'><strong>suo</strong></span> <span class='ocrx_word' id='word_1_566' title='bbox 2810 1858 2992 1930; x_wconf 78' lang='lat' dir='ltr'><strong>(Apoc.</strong></span> <span class='ocrx_word' id='word_1_567' title='bbox 3028 1862 3092 1934; x_wconf 85' lang='grc' dir='ltr'>ι).</span> <span class='ocrx_word' id='word_1_568' title='bbox 3139 1863 3276 1920; x_wconf 84' lang='lat' dir='ltr'><strong>Hinc</strong></span> <span class='ocrx_word' id='word_1_569' title='bbox 3299 1882 3514 1938; x_wconf 87' lang='lat' dir='ltr'><strong>quoque</strong></span> <span class='ocrx_word' id='word_1_570' title='bbox 3552 1885 3699 1925; x_wconf 86' lang='lat' dir='ltr'><strong>mar-</strong></span> 
     </span>
    </p>
   </div>
   <div class='ocr_carea' id='block_1_80' title="bbox 2111 1944 3693 2029">
    <p class='ocr_par' dir='ltr' id='par_1_80' title="bbox 2111 1944 3693 2029">
     <span class='ocr_line' id='line_1_80' title="bbox 2111 1944 3693 2029; baseline 0.014 -33"><span class='ocrx_word' id='word_1_571' title='bbox 2111 1944 2330 2013; x_wconf 88' lang='lat' dir='ltr'><strong>tyrium,</strong></span> <span class='ocrx_word' id='word_1_572' title='bbox 2362 1946 2500 2014; x_wconf 90' lang='lat' dir='ltr'><strong>quod</strong></span> <span class='ocrx_word' id='word_1_573' title='bbox 2529 1963 2629 2015; x_wconf 84' lang='lat' dir='ltr'><strong>pro</strong></span> <span class='ocrx_word' id='word_1_574' title='bbox 2651 1948 2856 2005; x_wconf 85' lang='lat' dir='ltr'><strong>Christi</strong></span> <span class='ocrx_word' id='word_1_575' title='bbox 2909 1954 3126 2008; x_wconf 90' lang='lat' dir='ltr'><strong>nomine</strong></span> <span class='ocrx_word' id='word_1_576' title='bbox 3174 1958 3454 2025; x_wconf 85' lang='lat' dir='ltr'><strong>patiuntur</strong></span> <span class='ocrx_word' id='word_1_577' title='bbox 3484 1960 3693 2029; x_wconf 86' lang='lat' dir='ltr'><strong>ﬁdeles,</strong></span> 
     </span>
    </p>
   </div>
   <div class='ocr_carea' id='block_1_81' title="bbox 2109 2035 3697 2114">
    <p class='ocr_par' dir='ltr' id='par_1_81' title="bbox 2109 2035 3697 2114">
     <span class='ocr_line' id='line_1_81' title="bbox 2109 2035 3697 2114; baseline 0.012 -26"><span class='ocrx_word' id='word_1_578' title='bbox 2109 2035 2349 2089; x_wconf 88' lang='lat' dir='ltr'><strong>creditur</strong></span> <span class='ocrx_word' id='word_1_579' title='bbox 2398 2051 2518 2091; x_wconf 89' lang='lat' dir='ltr'><strong>esse</strong></span> <span class='ocrx_word' id='word_1_580' title='bbox 2570 2039 2819 2108; x_wconf 80' lang='lat' dir='ltr'><strong>purgatio</strong></span> <span class='ocrx_word' id='word_1_581' title='bbox 2853 2042 3095 2097; x_wconf 90' lang='lat' dir='ltr'><strong>omnium</strong></span> <span class='ocrx_word' id='word_1_582' title='bbox 3145 2052 3697 2114; x_wconf 80' lang='lat' dir='ltr'><strong>peccatorumzsicut</strong></span> 
     </span>
    </p>
   </div>
   <div class='ocr_carea' id='block_1_82' title="bbox 2110 2123 3694 2206">
    <p class='ocr_par' dir='ltr' id='par_1_82' title="bbox 2110 2123 3694 2206">
     <span class='ocr_line' id='line_1_82' title="bbox 2110 2123 3694 2206; baseline 0.009 -27"><span class='ocrx_word' id='word_1_583' title='bbox 2110 2123 2241 2179; x_wconf 82' lang='lat' dir='ltr'><strong>dicit</strong></span> <span class='ocrx_word' id='word_1_584' title='bbox 2264 2123 2455 2179; x_wconf 83' lang='lat' dir='ltr'><strong>Petrus</strong></span> <span class='ocrx_word' id='word_1_585' title='bbox 2482 2127 2759 2194; x_wconf 83' lang='lat' dir='ltr'><strong>apostolus</strong></span> <span class='ocrx_word' id='word_1_586' title='bbox 2785 2146 2798 2181; x_wconf 88' lang='lat'><strong>:</strong></span> <span class='ocrx_word' id='word_1_587' title='bbox 2826 2127 3065 2185; x_wconf 80' lang='lat' dir='ltr'><strong>Christus</strong></span> <span class='ocrx_word' id='word_1_588' title='bbox 3092 2148 3279 2202; x_wconf 86' lang='lat' dir='ltr'><strong>passus</strong></span> <span class='ocrx_word' id='word_1_589' title='bbox 3303 2146 3377 2189; x_wconf 86' lang='lat' dir='ltr'><strong>est</strong></span> <span class='ocrx_word' id='word_1_590' title='bbox 3401 2154 3497 2206; x_wconf 89' lang='lat' dir='ltr'><strong>pro</strong></span> <span class='ocrx_word' id='word_1_591' title='bbox 3531 2139 3694 2204; x_wconf 75' lang='lat' dir='ltr'><strong>vobis,</strong></span> 
     </span>
    </p>
   </div>
   <div class='ocr_carea' id='block_1_83' title="bbox 2109 2213 3691 2298">
    <p class='ocr_par' dir='ltr' id='par_1_83' title="bbox 2109 2213 3691 2298">
     <span class='ocr_line' id='line_1_83' title="bbox 2109 2213 3691 2298; baseline 0.01 -31"><span class='ocrx_word' id='word_1_592' title='bbox 2109 2213 2250 2267; x_wconf 77' lang='lat' dir='ltr'><strong>vobis</strong></span> <span class='ocrx_word' id='word_1_593' title='bbox 2278 2214 2569 2286; x_wconf 83' lang='lat' dir='ltr'><strong>relinquens</strong></span> <span class='ocrx_word' id='word_1_594' title='bbox 2592 2217 2904 2287; x_wconf 73' lang='lat' dir='ltr'><strong>exemplum,</strong></span> <span class='ocrx_word' id='word_1_595' title='bbox 2937 2230 2991 2273; x_wconf 89' lang='lat' dir='ltr'><strong>ut</strong></span> <span class='ocrx_word' id='word_1_596' title='bbox 3025 2223 3316 2291; x_wconf 85' lang='lat' dir='ltr'><strong>sequamini</strong></span> <span class='ocrx_word' id='word_1_597' title='bbox 3335 2228 3549 2297; x_wconf 83' lang='lat' dir='ltr'><strong>vestigia</strong></span> <span class='ocrx_word' id='word_1_598' title='bbox 3576 2231 3691 2298; x_wconf 84' lang='lat' dir='ltr'><strong>ejus</strong></span> 
     </span>
    </p>
   </div>
   <div class='ocr_carea' id='block_1_84' title="bbox 2111 2300 3696 2382">
    <p class='ocr_par' dir='ltr' id='par_1_84' title="bbox 2111 2300 3696 2382">
     <span class='ocr_line' id='line_1_84' title="bbox 2111 2300 3696 2382; baseline 0.011 -29"><span class='ocrx_word' id='word_1_599' title='bbox 2111 2302 2159 2372; x_wconf 92' lang='lat' dir='ltr'><strong>(I</strong></span> <span class='ocrx_word' id='word_1_600' title='bbox 2178 2300 2322 2355; x_wconf 88' lang='lat' dir='ltr'><strong>Petr.</strong></span> <span class='ocrx_word' id='word_1_601' title='bbox 2356 2302 2437 2374; x_wconf 89' lang='grc' dir='ltr'>ιι).</span> <span class='ocrx_word' id='word_1_602' title='bbox 2458 2304 2531 2359; x_wconf 87' lang='lat' dir='ltr'><strong>De</strong></span> <span class='ocrx_word' id='word_1_603' title='bbox 2553 2321 2659 2373; x_wconf 87' lang='lat' dir='ltr'><strong>quo</strong></span> <span class='ocrx_word' id='word_1_604' title='bbox 2686 2306 2799 2376; x_wconf 89' lang='lat' dir='ltr'><strong>ipsa</strong></span> <span class='ocrx_word' id='word_1_605' title='bbox 2832 2308 3044 2364; x_wconf 80' lang='lat' dir='ltr'><strong>Veritas</strong></span> <span class='ocrx_word' id='word_1_606' title='bbox 3070 2318 3314 2377; x_wconf 88' lang='lat' dir='ltr'><strong>testatur,</strong></span> <span class='ocrx_word' id='word_1_607' title='bbox 3339 2314 3555 2369; x_wconf 89' lang='lat' dir='ltr'><strong>dicens:</strong></span> <span class='ocrx_word' id='word_1_608' title='bbox 3593 2316 3696 2382; x_wconf 90' lang='lat' dir='ltr'><strong>Qui</strong></span> 
     </span>
    </p>
   </div>
   <div class='ocr_carea' id='block_1_85' title="bbox 2108 2399 3693 2472">
    <p class='ocr_par' dir='ltr' id='par_1_85' title="bbox 2108 2399 3693 2472">
     <span class='ocr_line' id='line_1_85' title="bbox 2108 2399 3693 2472; baseline 0.008 -20"><span class='ocrx_word' id='word_1_609' title='bbox 2108 2399 2342 2469; x_wconf 87' lang='lat' dir='ltr'><strong>sequitur</strong></span> <span class='ocrx_word' id='word_1_610' title='bbox 2381 2417 2481 2467; x_wconf 88' lang='lat' dir='ltr'><strong>me,</strong></span> <span class='ocrx_word' id='word_1_611' title='bbox 2524 2418 2629 2456; x_wconf 88' lang='lat' dir='ltr'><strong>non</strong></span> <span class='ocrx_word' id='word_1_612' title='bbox 2651 2402 2939 2457; x_wconf 85' lang='lat' dir='ltr'><strong>ambulabit</strong></span> <span class='ocrx_word' id='word_1_613' title='bbox 2966 2404 3022 2457; x_wconf 90' lang='lat' dir='ltr'><strong>in</strong></span> <span class='ocrx_word' id='word_1_614' title='bbox 3066 2407 3309 2472; x_wconf 80' lang='lat' dir='ltr'><strong>tenebris,</strong></span> <span class='ocrx_word' id='word_1_615' title='bbox 3354 2409 3445 2461; x_wconf 84' lang='lat' dir='ltr'><strong>sed</strong></span> <span class='ocrx_word' id='word_1_616' title='bbox 3489 2409 3693 2465; x_wconf 86' lang='lat' dir='ltr'><strong>habebit</strong></span> 
     </span>
    </p>
   </div>
   <div class='ocr_carea' id='block_1_86' title="bbox 2109 2489 3693 2571">
    <p class='ocr_par' dir='ltr' id='par_1_86' title="bbox 2109 2489 3693 2571">
     <span class='ocr_line' id='line_1_86' title="bbox 2109 2489 3693 2571; baseline 0.009 -29"><span class='ocrx_word' id='word_1_617' title='bbox 2109 2489 2284 2544; x_wconf 85' lang='lat' dir='ltr'><strong>lumen</strong></span> <span class='ocrx_word' id='word_1_618' title='bbox 2312 2492 2429 2545; x_wconf 53' lang='lat' dir='ltr'><strong>vita)</strong></span> <span class='ocrx_word' id='word_1_619' title='bbox 2454 2492 2638 2562; x_wconf 87' lang='lat' dir='ltr'><strong>(Joan.</strong></span> <span class='ocrx_word' id='word_1_620' title='bbox 2671 2492 2812 2565; x_wconf 81' lang='lat' dir='ltr'><strong>VIII).</strong></span> <span class='ocrx_word' id='word_1_621' title='bbox 2842 2494 2908 2548; x_wconf 88' lang='lat' dir='ltr'><strong>Et</strong></span> <span class='ocrx_word' id='word_1_622' title='bbox 2938 2495 3132 2550; x_wconf 88' lang='lat' dir='ltr'><strong>iterum</strong></span> <span class='ocrx_word' id='word_1_623' title='bbox 3158 2517 3170 2551; x_wconf 89' lang='lat'>:</span> <span class='ocrx_word' id='word_1_624' title='bbox 3203 2498 3308 2563; x_wconf 88' lang='lat' dir='ltr'><strong>Qui</strong></span> <span class='ocrx_word' id='word_1_625' title='bbox 3339 2499 3469 2566; x_wconf 85' lang='lat' dir='ltr'><strong>uult,</strong></span> <span class='ocrx_word' id='word_1_626' title='bbox 3499 2501 3693 2571; x_wconf 87' lang='lat' dir='ltr'><strong>inquit,</strong></span> 
     </span>
    </p>
   </div>
   <div class='ocr_carea' id='block_1_87' title="bbox 2106 2583 3697 2656">
    <p class='ocr_par' dir='ltr' id='par_1_87' title="bbox 2106 2583 3697 2656">
     <span class='ocr_line' id='line_1_87' title="bbox 2106 2583 3697 2656; baseline 0.008 -22"><span class='ocrx_word' id='word_1_627' title='bbox 2106 2590 2220 2651; x_wconf 84' lang='lat' dir='ltr'><strong>post</strong></span> <span class='ocrx_word' id='word_1_628' title='bbox 2251 2598 2331 2635; x_wconf 90' lang='lat' dir='ltr'><strong>me</strong></span> <span class='ocrx_word' id='word_1_629' title='bbox 2350 2584 2543 2646; x_wconf 83' lang='lat' dir='ltr'><strong>uenire,</strong></span> <span class='ocrx_word' id='word_1_630' title='bbox 2590 2583 2805 2655; x_wconf 81' lang='lat' dir='ltr'><strong>abneget</strong></span> <span class='ocrx_word' id='word_1_631' title='bbox 2835 2586 3189 2656; x_wconf 85' lang='lat' dir='ltr'><strong>semetipsum,</strong></span> <span class='ocrx_word' id='word_1_632' title='bbox 3238 2597 3287 2642; x_wconf 87' lang='lat' dir='ltr'><strong>et</strong></span> <span class='ocrx_word' id='word_1_633' title='bbox 3315 2589 3462 2643; x_wconf 86' lang='lat' dir='ltr'><strong>tollat</strong></span> <span class='ocrx_word' id='word_1_634' title='bbox 3490 2588 3697 2646; x_wconf 65' lang='lat' dir='ltr'><strong>crutcm</strong></span> 
     </span>
    </p>
   </div>
   <div class='ocr_carea' id='block_1_88' title="bbox 2107 2662 3698 2747">
    <p class='ocr_par' dir='ltr' id='par_1_88' title="bbox 2107 2662 3698 2747">
     <span class='ocr_line' id='line_1_88' title="bbox 2107 2662 3698 2747; baseline 0.008 -23"><span class='ocrx_word' id='word_1_635' title='bbox 2107 2688 2279 2737; x_wconf 88' lang='lat' dir='ltr'><strong>suam,</strong></span> <span class='ocrx_word' id='word_1_636' title='bbox 2323 2681 2373 2726; x_wconf 90' lang='lat' dir='ltr'><strong>et</strong></span> <span class='ocrx_word' id='word_1_637' title='bbox 2405 2662 2655 2742; x_wconf 78' lang='lat' dir='ltr'><strong>sequatur</strong></span> <span class='ocrx_word' id='word_1_638' title='bbox 2683 2691 2784 2728; x_wconf 90' lang='lat' dir='ltr'><strong>mc.</strong></span> <span class='ocrx_word' id='word_1_639' title='bbox 2834 2674 2976 2729; x_wconf 84' lang='lat' dir='ltr'><strong>Nam</strong></span> <span class='ocrx_word' id='word_1_640' title='bbox 3000 2678 3089 2747; x_wconf 88' lang='lat' dir='ltr'><strong>qui</strong></span> <span class='ocrx_word' id='word_1_641' title='bbox 3140 2679 3424 2747; x_wconf 84' lang='lat' dir='ltr'><strong>perdiderit</strong></span> <span class='ocrx_word' id='word_1_642' title='bbox 3467 2682 3698 2737; x_wconf 85' lang='lat' dir='ltr'><strong>animum</strong></span> 
     </span>
    </p>
   </div>
   <div class='ocr_carea' id='block_1_89' title="bbox 2106 2765 3698 2833">
    <p class='ocr_par' dir='ltr' id='par_1_89' title="bbox 2106 2765 3698 2833">
     <span class='ocr_line' id='line_1_89' title="bbox 2106 2765 3698 2833; baseline 0.008 -18"><span class='ocrx_word' id='word_1_643' title='bbox 2106 2778 2258 2816; x_wconf 87' lang='lat' dir='ltr'><strong>suam</strong></span> <span class='ocrx_word' id='word_1_644' title='bbox 2297 2773 2510 2833; x_wconf 86' lang='lat' dir='ltr'><strong>propter</strong></span> <span class='ocrx_word' id='word_1_645' title='bbox 2561 2780 2644 2818; x_wconf 85' lang='lat' dir='ltr'><strong>nte</strong></span> <span class='ocrx_word' id='word_1_646' title='bbox 2695 2766 2749 2818; x_wconf 87' lang='lat' dir='ltr'><strong>in</strong></span> <span class='ocrx_word' id='word_1_647' title='bbox 2778 2765 2935 2820; x_wconf 78' lang='lat' dir='ltr'><strong>vitam</strong></span> <span class='ocrx_word' id='word_1_648' title='bbox 2983 2778 3231 2822; x_wconf 67' lang='lat' dir='ltr'><strong>(sternam</strong></span> <span class='ocrx_word' id='word_1_649' title='bbox 3280 2771 3531 2824; x_wconf 83' lang='lat' dir='ltr'><strong>custodiet</strong></span> <span class='ocrx_word' id='word_1_650' title='bbox 3581 2788 3698 2827; x_wconf 87' lang='lat' dir='ltr'><strong>eam</strong></span> 
     </span>
    </p>
   </div>
   <div class='ocr_carea' id='block_1_90' title="bbox 2108 2854 3687 2930">
    <p class='ocr_par' dir='ltr' id='par_1_90' title="bbox 2108 2854 3687 2930">
     <span class='ocr_line' id='line_1_90' title="bbox 2108 2854 3687 2930; baseline 0.006 -22"><span class='ocrx_word' id='word_1_651' title='bbox 2108 2854 2322 2928; x_wconf 80' lang='lat' dir='ltr'><strong>(Matth.</strong></span> <span class='ocrx_word' id='word_1_652' title='bbox 2356 2854 2495 2928; x_wconf 77' lang='lat' dir='ltr'><strong>xw).</strong></span> <span class='ocrx_word' id='word_1_653' title='bbox 2543 2855 2816 2913; x_wconf 71' lang='lat' dir='ltr'><strong>Praeterea</strong></span> <span class='ocrx_word' id='word_1_654' title='bbox 2838 2866 2966 2913; x_wconf 89' lang='lat' dir='ltr'><strong>sunt</strong></span> <span class='ocrx_word' id='word_1_655' title='bbox 2988 2866 3045 2914; x_wconf 90' lang='lat' dir='ltr'><strong>et</strong></span> <span class='ocrx_word' id='word_1_656' title='bbox 3069 2858 3187 2915; x_wconf 69' lang='lat' dir='ltr'><strong>alia:</strong></span> <span class='ocrx_word' id='word_1_657' title='bbox 3216 2863 3427 2930; x_wconf 89' lang='lat' dir='ltr'><strong>species</strong></span> <span class='ocrx_word' id='word_1_658' title='bbox 3456 2863 3687 2917; x_wconf 90' lang='lat' dir='ltr'><strong>munda-</strong></span> 
     </span>
    </p>
   </div>
   <div class='ocr_carea' id='block_1_91' title="bbox 2107 2946 3699 3022">
    <p class='ocr_par' dir='ltr' id='par_1_91' title="bbox 2107 2946 3699 3022">
     <span class='ocr_line' id='line_1_91' title="bbox 2107 2946 3699 3022; baseline 0.006 -22"><span class='ocrx_word' id='word_1_659' title='bbox 2107 2946 2336 3009; x_wconf 89' lang='lat' dir='ltr'><strong>tionum,</strong></span> <span class='ocrx_word' id='word_1_660' title='bbox 2366 2946 2563 3016; x_wconf 88' lang='lat' dir='ltr'><strong>quibus</strong></span> <span class='ocrx_word' id='word_1_661' title='bbox 2602 2947 2797 3003; x_wconf 69' lang='lat' dir='ltr'><strong>animm</strong></span> <span class='ocrx_word' id='word_1_662' title='bbox 2850 2958 3154 3020; x_wconf 78' lang='lat' dir='ltr'><strong>purgantur</strong></span> <span class='ocrx_word' id='word_1_663' title='bbox 3194 2965 3227 3004; x_wconf 89' lang='lat' dir='ltr'><strong>a</strong></span> <span class='ocrx_word' id='word_1_664' title='bbox 3277 2950 3494 3007; x_wconf 83' lang='lat' dir='ltr'><strong>delictis</strong></span> <span class='ocrx_word' id='word_1_665' title='bbox 3535 2961 3699 3022; x_wconf 87' lang='lat' dir='ltr'><strong>atque</strong></span> 
     </span>
    </p>
   </div>
   <div class='ocr_carea' id='block_1_92' title="bbox 2112 3035 3696 3112">
    <p class='ocr_par' dir='ltr' id='par_1_92' title="bbox 2112 3035 3696 3112">
     <span class='ocr_line' id='line_1_92' title="bbox 2112 3035 3696 3112; baseline 0.003 -21"><span class='ocrx_word' id='word_1_666' title='bbox 2112 3036 2371 3105; x_wconf 82' lang='lat' dir='ltr'><strong>peccatis.</strong></span> <span class='ocrx_word' id='word_1_667' title='bbox 2406 3035 2542 3090; x_wconf 87' lang='lat' dir='ltr'><strong>Nam</strong></span> <span class='ocrx_word' id='word_1_668' title='bbox 2571 3037 2871 3093; x_wconf 88' lang='lat' dir='ltr'><strong>creduntur</strong></span> <span class='ocrx_word' id='word_1_669' title='bbox 2896 3040 3091 3095; x_wconf 68' lang='lat' dir='ltr'><strong>animai</strong></span> <span class='ocrx_word' id='word_1_670' title='bbox 3111 3040 3250 3095; x_wconf 87' lang='lat' dir='ltr'><strong>solvi</strong></span> <span class='ocrx_word' id='word_1_671' title='bbox 3273 3056 3305 3095; x_wconf 89' lang='lat' dir='ltr'><strong>a</strong></span> <span class='ocrx_word' id='word_1_672' title='bbox 3349 3049 3696 3112; x_wconf 87' lang='lat' dir='ltr'><strong>peceatorqu</strong></span> 
     </span>
    </p>
   </div>
   <div class='ocr_carea' id='block_1_93' title="bbox 2113 3127 3697 3201">
    <p class='ocr_par' dir='ltr' id='par_1_93' title="bbox 2113 3127 3697 3201">
     <span class='ocr_line' id='line_1_93' title="bbox 2113 3127 3697 3201; baseline 0.004 -20"><span class='ocrx_word' id='word_1_673' title='bbox 2113 3127 2339 3183; x_wconf 87' lang='lat' dir='ltr'><strong>vinculis</strong></span> <span class='ocrx_word' id='word_1_674' title='bbox 2363 3142 2462 3198; x_wconf 89' lang='lat' dir='ltr'><strong>per</strong></span> <span class='ocrx_word' id='word_1_675' title='bbox 2481 3127 2876 3184; x_wconf 82' lang='lat' dir='ltr'><strong>confessionem</strong></span> <span class='ocrx_word' id='word_1_676' title='bbox 2904 3138 2960 3185; x_wconf 92' lang='lat' dir='ltr'><strong>et</strong></span> <span class='ocrx_word' id='word_1_677' title='bbox 2983 3145 3083 3199; x_wconf 89' lang='lat' dir='ltr'><strong>per</strong></span> <span class='ocrx_word' id='word_1_678' title='bbox 3112 3131 3489 3201; x_wconf 67' lang='lat' dir='ltr'><strong>paenitentiam</strong></span> <span class='ocrx_word' id='word_1_679' title='bbox 3512 3148 3697 3188; x_wconf 86' lang='lat' dir='ltr'><strong>veram</strong></span> 
     </span>
    </p>
   </div>
   <div class='ocr_carea' id='block_1_94' title="bbox 2108 3215 3698 3288">
    <p class='ocr_par' dir='ltr' id='par_1_94' title="bbox 2108 3215 3698 3288">
     <span class='ocr_line' id='line_1_94' title="bbox 2108 3215 3698 3288; baseline 0.004 -16"><span class='ocrx_word' id='word_1_680' title='bbox 2108 3232 2231 3272; x_wconf 80' lang='lat' dir='ltr'><strong>eum</strong></span> <span class='ocrx_word' id='word_1_681' title='bbox 2283 3215 2645 3287; x_wconf 85' lang='lat' dir='ltr'><strong>laerymarum</strong></span> <span class='ocrx_word' id='word_1_682' title='bbox 2711 3220 3144 3288; x_wconf 87' lang='lat' dir='ltr'><strong>compunctione.</strong></span> <span class='ocrx_word' id='word_1_683' title='bbox 3219 3220 3370 3277; x_wconf 88' lang='lat' dir='ltr'><strong>Unde</strong></span> <span class='ocrx_word' id='word_1_684' title='bbox 3422 3230 3508 3276; x_wconf 90' lang='lat' dir='ltr'><strong>est</strong></span> <span class='ocrx_word' id='word_1_685' title='bbox 3568 3221 3698 3279; x_wconf 88' lang='lat' dir='ltr'><strong>illud</strong></span> 
     </span>
    </p>
   </div>
   <div class='ocr_carea' id='block_1_95' title="bbox 2109 3303 3699 3381">
    <p class='ocr_par' dir='ltr' id='par_1_95' title="bbox 2109 3303 3699 3381">
     <span class='ocr_line' id='line_1_95' title="bbox 2109 3303 3699 3381; baseline 0.004 -21"><span class='ocrx_word' id='word_1_686' title='bbox 2109 3303 2298 3361; x_wconf 80' lang='lat' dir='ltr'><strong>Jacobi</strong></span> <span class='ocrx_word' id='word_1_687' title='bbox 2336 3305 2704 3362; x_wconf 88' lang='lat' dir='ltr'><strong>testimonium</strong></span> <span class='ocrx_word' id='word_1_688' title='bbox 2734 3326 2747 3362; x_wconf 90' lang='lat'><strong>:</strong></span> <span class='ocrx_word' id='word_1_689' title='bbox 2781 3306 3115 3378; x_wconf 75' lang='lat' dir='ltr'><strong>Conﬁtemini</strong></span> <span class='ocrx_word' id='word_1_690' title='bbox 3135 3309 3447 3366; x_wconf 85' lang='lat' dir='ltr'><strong>alterutrum</strong></span> <span class='ocrx_word' id='word_1_691' title='bbox 3483 3323 3699 3381; x_wconf 86' lang='lat' dir='ltr'><strong>peccata</strong></span> 
     </span>
    </p>
   </div>
   <div class='ocr_carea' id='block_1_96' title="bbox 2109 3398 3697 3472">
    <p class='ocr_par' dir='ltr' id='par_1_96' title="bbox 2109 3398 3697 3472">
     <span class='ocr_line' id='line_1_96' title="bbox 2109 3398 3697 3472; baseline 0.001 -19"><span class='ocrx_word' id='word_1_692' title='bbox 2109 3407 2296 3464; x_wconf 75' lang='lat' dir='ltr'><strong>vestra,</strong></span> <span class='ocrx_word' id='word_1_693' title='bbox 2342 3405 2389 3450; x_wconf 87' lang='lat' dir='ltr'><strong>et</strong></span> <span class='ocrx_word' id='word_1_694' title='bbox 2436 3407 2583 3455; x_wconf 86' lang='lat' dir='ltr'><strong>orate</strong></span> <span class='ocrx_word' id='word_1_695' title='bbox 2623 3414 2719 3468; x_wconf 88' lang='lat' dir='ltr'><strong>pro</strong></span> <span class='ocrx_word' id='word_1_696' title='bbox 2745 3399 2982 3463; x_wconf 83' lang='lat' dir='ltr'><strong>invicem,</strong></span> <span class='ocrx_word' id='word_1_697' title='bbox 3031 3407 3088 3452; x_wconf 82' lang='lat' dir='ltr'><strong>ut</strong></span> <span class='ocrx_word' id='word_1_698' title='bbox 3132 3398 3404 3455; x_wconf 76' lang='lat' dir='ltr'><strong>salvemini</strong></span> <span class='ocrx_word' id='word_1_699' title='bbox 3447 3399 3589 3472; x_wconf 80' lang='lat' dir='ltr'><strong>(Jac.</strong></span> <span class='ocrx_word' id='word_1_700' title='bbox 3618 3401 3697 3463; x_wconf 69' lang='grc' dir='ltr'><strong>γ).</strong></span> 
     </span>
    </p>
   </div>
   <div class='ocr_carea' id='block_1_97' title="bbox 2108 3488 3695 3547">
    <p class='ocr_par' dir='ltr' id='par_1_97' title="bbox 2108 3488 3695 3547">
     <span class='ocr_line' id='line_1_97' title="bbox 2108 3488 3695 3547; baseline 0.003 -4"><span class='ocrx_word' id='word_1_701' title='bbox 2108 3488 2246 3543; x_wconf 91' lang='lat' dir='ltr'><strong>Ilinc</strong></span> <span class='ocrx_word' id='word_1_702' title='bbox 2275 3496 2331 3545; x_wconf 91' lang='lat' dir='ltr'><strong>et</strong></span> <span class='ocrx_word' id='word_1_703' title='bbox 2357 3488 2645 3546; x_wconf 87' lang='lat' dir='ltr'><strong>Psalmista</strong></span> <span class='ocrx_word' id='word_1_704' title='bbox 2662 3489 2728 3544; x_wconf 91' lang='lat' dir='ltr'><strong>ad</strong></span> <span class='ocrx_word' id='word_1_705' title='bbox 2751 3490 3038 3545; x_wconf 88' lang='lat' dir='ltr'><strong>Dominum</strong></span> <span class='ocrx_word' id='word_1_706' title='bbox 3070 3491 3147 3546; x_wconf 89' lang='lat' dir='ltr'><strong>ait</strong></span> <span class='ocrx_word' id='word_1_707' title='bbox 3177 3505 3194 3545; x_wconf 89' lang='lat'><strong>:</strong></span> <span class='ocrx_word' id='word_1_708' title='bbox 3228 3491 3490 3547; x_wconf 76' lang='lat' dir='ltr'><strong>Delictum</strong></span> <span class='ocrx_word' id='word_1_709' title='bbox 3523 3509 3695 3547; x_wconf 86' lang='lat' dir='ltr'><strong>meum</strong></span> 
     </span>
    </p>
   </div>
   <div class='ocr_carea' id='block_1_98' title="bbox 2106 3580 3696 3654">
    <p class='ocr_par' dir='ltr' id='par_1_98' title="bbox 2106 3580 3696 3654">
     <span class='ocr_line' id='line_1_98' title="bbox 2106 3580 3696 3654; baseline 0.003 -22"><span class='ocrx_word' id='word_1_710' title='bbox 2106 3580 2369 3650; x_wconf 85' lang='lat' dir='ltr'><strong>cognitum</strong></span> <span class='ocrx_word' id='word_1_711' title='bbox 2416 3580 2510 3634; x_wconf 88' lang='lat' dir='ltr'><strong>tibi</strong></span> <span class='ocrx_word' id='word_1_712' title='bbox 2552 3580 2683 3650; x_wconf 80' lang='lat' dir='ltr'><strong>feci,</strong></span> <span class='ocrx_word' id='word_1_713' title='bbox 2729 3590 2777 3649; x_wconf 85' lang='lat' dir='ltr'><strong>et</strong></span> <span class='ocrx_word' id='word_1_714' title='bbox 2806 3581 3096 3652; x_wconf 83' lang='lat' dir='ltr'><strong>injustitias</strong></span> <span class='ocrx_word' id='word_1_715' title='bbox 3125 3598 3270 3636; x_wconf 85' lang='lat' dir='ltr'><strong>meas</strong></span> <span class='ocrx_word' id='word_1_716' title='bbox 3316 3598 3423 3637; x_wconf 89' lang='lat' dir='ltr'><strong>non</strong></span> <span class='ocrx_word' id='word_1_717' title='bbox 3460 3584 3642 3654; x_wconf 88' lang='lat' dir='ltr'><strong>operui</strong></span> <span class='ocrx_word' id='word_1_718' title='bbox 3674 3596 3696 3636; x_wconf 89' lang='lat'><strong><em>:</em></strong></span> 
     </span>
    </p>
   </div>
   <div class='ocr_carea' id='block_1_99' title="bbox 2106 3662 3696 3748">
    <p class='ocr_par' dir='ltr' id='par_1_99' title="bbox 2106 3662 3696 3748">
     <span class='ocr_line' id='line_1_99' title="bbox 2106 3662 3696 3748; baseline 0.003 -22"><span class='ocrx_word' id='word_1_719' title='bbox 2106 3672 2239 3739; x_wconf 71' lang='lat' dir='ltr'><strong>dixi,</strong></span> <span class='ocrx_word' id='word_1_720' title='bbox 2288 3673 2640 3743; x_wconf 85' lang='lat' dir='ltr'><strong>pronuntiabo</strong></span> <span class='ocrx_word' id='word_1_721' title='bbox 2683 3673 2959 3748; x_wconf 49' lang='lat' dir='ltr'><strong>{dversum</strong></span> <span class='ocrx_word' id='word_1_722' title='bbox 2984 3690 3066 3729; x_wconf 88' lang='lat' dir='ltr'><strong>me</strong></span> <span class='ocrx_word' id='word_1_723' title='bbox 3086 3662 3376 3745; x_wconf 83' lang='lat' dir='ltr'><strong>injustitias</strong></span> <span class='ocrx_word' id='word_1_724' title='bbox 3414 3690 3556 3730; x_wconf 87' lang='lat' dir='ltr'><strong>meas</strong></span> <span class='ocrx_word' id='word_1_725' title='bbox 3581 3673 3696 3730; x_wconf 84' lang='lat' dir='ltr'><strong>Do-</strong></span> 
     </span>
    </p>
   </div>
   <div class='ocr_carea' id='block_1_100' title="bbox 2105 3761 3694 3835">
    <p class='ocr_par' dir='ltr' id='par_1_100' title="bbox 2105 3761 3694 3835">
     <span class='ocr_line' id='line_1_100' title="bbox 2105 3761 3694 3835; baseline 0.001 -18"><span class='ocrx_word' id='word_1_726' title='bbox 2105 3765 2269 3829; x_wconf 86' lang='lat' dir='ltr'><strong>mino,</strong></span> <span class='ocrx_word' id='word_1_727' title='bbox 2316 3772 2366 3818; x_wconf 88' lang='lat' dir='ltr'><strong>et</strong></span> <span class='ocrx_word' id='word_1_728' title='bbox 2399 3773 2459 3818; x_wconf 82' lang='lat' dir='ltr'><strong>tu</strong></span> <span class='ocrx_word' id='word_1_729' title='bbox 2504 3764 2752 3819; x_wconf 81' lang='lat' dir='ltr'><strong>remisisti</strong></span> <span class='ocrx_word' id='word_1_730' title='bbox 2786 3763 3105 3834; x_wconf 87' lang='lat' dir='ltr'><strong>impietatem</strong></span> <span class='ocrx_word' id='word_1_731' title='bbox 3147 3764 3320 3818; x_wconf 85' lang='lat' dir='ltr'><strong>cordis</strong></span> <span class='ocrx_word' id='word_1_732' title='bbox 3360 3764 3463 3817; x_wconf 87' lang='lat' dir='ltr'><strong>mei</strong></span> <span class='ocrx_word' id='word_1_733' title='bbox 3517 3761 3694 3835; x_wconf 81' lang='lat' dir='ltr'><strong>(Psal.</strong></span> 
     </span>
    </p>
   </div>
   <div class='ocr_carea' id='block_1_101' title="bbox 2107 3851 3781 3925">
    <p class='ocr_par' dir='ltr' id='par_1_101' title="bbox 2107 3851 3781 3925">
     <span class='ocr_line' id='line_1_101' title="bbox 2107 3851 3781 3925; baseline 0.001 -18"><span class='ocrx_word' id='word_1_734' title='bbox 2107 3853 2287 3925; x_wconf 76' lang='lat' dir='ltr'><strong>xm);</strong></span> <span class='ocrx_word' id='word_1_735' title='bbox 2319 3863 2375 3909; x_wconf 92' lang='lat' dir='ltr'><strong>et</strong></span> <span class='ocrx_word' id='word_1_736' title='bbox 2413 3853 2574 3908; x_wconf 85' lang='lat' dir='ltr'><strong>alibi:</strong></span> <span class='ocrx_word' id='word_1_737' title='bbox 2626 3854 2835 3916; x_wconf 72' lang='grc' dir='ltr'><strong>Ιαυαὺο.</strong></span> <span class='ocrx_word' id='word_1_738' title='bbox 2863 3853 3068 3922; x_wconf 83' lang='lat' dir='ltr'><strong>inquit,</strong></span> <span class='ocrx_word' id='word_1_739' title='bbox 3099 3870 3193 3924; x_wconf 87' lang='lat' dir='ltr'><strong>per</strong></span> <span class='ocrx_word' id='word_1_740' title='bbox 3231 3851 3466 3924; x_wconf 84' lang='lat' dir='ltr'><strong>singulas</strong></span> <span class='ocrx_word' id='word_1_741' title='bbox 3516 3862 3690 3908; x_wconf 82' lang='lat' dir='ltr'><strong>noctes</strong></span> <span class='ocrx_word' id='word_1_742' title='bbox 3754 3880 3781 3909; x_wconf 74' lang='grc' dir='ltr'><em>κ</em></span> 
     </span>
    </p>
   </div>
   <div class='ocr_carea' id='block_1_102' title="bbox 2102 3942 3693 4014">
    <p class='ocr_par' dir='ltr' id='par_1_102' title="bbox 2102 3942 3693 4014">
     <span class='ocr_line' id='line_1_102' title="bbox 2102 3942 3693 4014; baseline 0 -18"><span class='ocrx_word' id='word_1_743' title='bbox 2102 3942 2293 3997; x_wconf 87' lang='lat' dir='ltr'><strong>lectum</strong></span> <span class='ocrx_word' id='word_1_744' title='bbox 2330 3959 2536 4009; x_wconf 88' lang='lat' dir='ltr'><strong>meum,</strong></span> <span class='ocrx_word' id='word_1_745' title='bbox 2580 3942 2828 4014; x_wconf 77' lang='lat' dir='ltr'><strong>lacrgmis</strong></span> <span class='ocrx_word' id='word_1_746' title='bbox 2875 3944 3004 3997; x_wconf 87' lang='lat' dir='ltr'><strong>meis</strong></span> <span class='ocrx_word' id='word_1_747' title='bbox 3056 3952 3250 3998; x_wconf 84' lang='lat' dir='ltr'><strong>statum</strong></span> <span class='ocrx_word' id='word_1_748' title='bbox 3288 3958 3461 3997; x_wconf 86' lang='lat' dir='ltr'><strong>meum</strong></span> <span class='ocrx_word' id='word_1_749' title='bbox 3514 3944 3693 4013; x_wconf 86' lang='lat' dir='ltr'><strong>rigabo</strong></span> 
     </span>
    </p>
   </div>
   <div class='ocr_carea' id='block_1_103' title="bbox 2104 4028 3695 4104">
    <p class='ocr_par' dir='ltr' id='par_1_103' title="bbox 2104 4028 3695 4104">
     <span class='ocr_line' id='line_1_103' title="bbox 2104 4028 3695 4104; baseline 0.001 -22"><span class='ocrx_word' id='word_1_750' title='bbox 2104 4028 2275 4102; x_wconf 86' lang='lat' dir='ltr'><strong>(Psal.</strong></span> <span class='ocrx_word' id='word_1_751' title='bbox 2308 4031 2405 4104; x_wconf 80' lang='lat' dir='ltr'><strong>vi).</strong></span> <span class='ocrx_word' id='word_1_752' title='bbox 2438 4031 2542 4087; x_wconf 89' lang='lat' dir='ltr'><strong>Ubi</strong></span> <span class='ocrx_word' id='word_1_753' title='bbox 2576 4031 2765 4086; x_wconf 81' lang='lat' dir='ltr'><strong>tectum</strong></span> <span class='ocrx_word' id='word_1_754' title='bbox 2795 4031 3208 4087; x_wconf 87' lang='lat' dir='ltr'><strong>delectationem</strong></span> <span class='ocrx_word' id='word_1_755' title='bbox 3255 4031 3501 4101; x_wconf 87' lang='lat' dir='ltr'><strong>corporis</strong></span> <span class='ocrx_word' id='word_1_756' title='bbox 3537 4031 3695 4085; x_wconf 87' lang='lat' dir='ltr'><strong>intel-</strong></span> 
     </span>
    </p>
   </div>
   <div class='ocr_carea' id='block_1_104' title="bbox 2105 4119 3694 4191">
    <p class='ocr_par' dir='ltr' id='par_1_104' title="bbox 2105 4119 3694 4191">
     <span class='ocr_line' id='line_1_104' title="bbox 2105 4119 3694 4191; baseline 0.001 -19"><span class='ocrx_word' id='word_1_757' title='bbox 2105 4119 2339 4189; x_wconf 82' lang='lat' dir='ltr'><strong>ligimus,</strong></span> <span class='ocrx_word' id='word_1_758' title='bbox 2370 4136 2532 4190; x_wconf 86' lang='lat' dir='ltr'><strong>quam</strong></span> <span class='ocrx_word' id='word_1_759' title='bbox 2572 4128 2751 4191; x_wconf 90' lang='lat' dir='ltr'><strong>potest</strong></span> <span class='ocrx_word' id='word_1_760' title='bbox 2785 4121 2950 4176; x_wconf 89' lang='lat' dir='ltr'><strong>homo</strong></span> <span class='ocrx_word' id='word_1_761' title='bbox 2973 4120 3245 4190; x_wconf 84' lang='lat' dir='ltr'><strong>Iacrymis,</strong></span> <span class='ocrx_word' id='word_1_762' title='bbox 3288 4120 3534 4190; x_wconf 83' lang='lat' dir='ltr'><strong>quamvis</strong></span> <span class='ocrx_word' id='word_1_763' title='bbox 3562 4135 3694 4190; x_wconf 83' lang='lat' dir='ltr'><strong>pan-</strong></span> 
     </span>
    </p>
   </div>
   <div class='ocr_carea' id='block_1_105' title="bbox 2102 4209 3694 4283">
    <p class='ocr_par' dir='ltr' id='par_1_105' title="bbox 2102 4209 3694 4283">
     <span class='ocr_line' id='line_1_105' title="bbox 2102 4209 3694 4283; baseline 0.002 -21"><span class='ocrx_word' id='word_1_764' title='bbox 2102 4209 2204 4273; x_wconf 87' lang='lat' dir='ltr'><strong>eis,</strong></span> <span class='ocrx_word' id='word_1_765' title='bbox 2244 4209 2449 4275; x_wconf 86' lang='lat' dir='ltr'><strong>lavare,</strong></span> <span class='ocrx_word' id='word_1_766' title='bbox 2505 4211 2551 4265; x_wconf 87' lang='lat' dir='ltr'><strong>si</strong></span> <span class='ocrx_word' id='word_1_767' title='bbox 2584 4225 2708 4266; x_wconf 88' lang='lat' dir='ltr'><strong>eum</strong></span> <span class='ocrx_word' id='word_1_768' title='bbox 2753 4211 3037 4283; x_wconf 80' lang='lat' dir='ltr'><strong>contingat</strong></span> <span class='ocrx_word' id='word_1_769' title='bbox 3081 4210 3286 4266; x_wconf 67' lang='lat' dir='ltr'><strong>etulein</strong></span> <span class='ocrx_word' id='word_1_770' title='bbox 3338 4210 3694 4281; x_wconf 89' lang='lat' dir='ltr'><strong>inspiratione</strong></span> 
     </span>
    </p>
   </div>
   <div class='ocr_carea' id='block_1_106' title="bbox 2101 4297 3693 4372">
    <p class='ocr_par' dir='ltr' id='par_1_106' title="bbox 2101 4297 3693 4372">
     <span class='ocr_line' id='line_1_106' title="bbox 2101 4297 3693 4372; baseline 0.002 -19"><span class='ocrx_word' id='word_1_771' title='bbox 2101 4298 2319 4354; x_wconf 86' lang='lat' dir='ltr'><strong>deﬂere.</strong></span> <span class='ocrx_word' id='word_1_772' title='bbox 2346 4297 2580 4354; x_wconf 88' lang='lat' dir='ltr'><strong>Stratum</strong></span> <span class='ocrx_word' id='word_1_773' title='bbox 2602 4310 2782 4356; x_wconf 88' lang='lat' dir='ltr'><strong>autem</strong></span> <span class='ocrx_word' id='word_1_774' title='bbox 2810 4299 3080 4372; x_wconf 78' lang='lat' dir='ltr'><strong>signiﬁcat</strong></span> <span class='ocrx_word' id='word_1_775' title='bbox 3119 4301 3391 4355; x_wconf 91' lang='lat' dir='ltr'><strong>cumulum</strong></span> <span class='ocrx_word' id='word_1_776' title='bbox 3444 4309 3693 4372; x_wconf 86' lang='lat' dir='ltr'><strong>peccato-</strong></span> 
     </span>
    </p>
   </div>
   <div class='ocr_carea' id='block_1_107' title="bbox 2106 4395 3694 4468">
    <p class='ocr_par' dir='ltr' id='par_1_107' title="bbox 2106 4395 3694 4468">
     <span class='ocr_line' id='line_1_107' title="bbox 2106 4395 3694 4468; baseline 0.001 -18"><span class='ocrx_word' id='word_1_777' title='bbox 2106 4412 2245 4462; x_wconf 92' lang='lat' dir='ltr'><strong>rum,</strong></span> <span class='ocrx_word' id='word_1_778' title='bbox 2267 4411 2427 4466; x_wconf 88' lang='lat' dir='ltr'><strong>quem</strong></span> <span class='ocrx_word' id='word_1_779' title='bbox 2444 4397 2623 4468; x_wconf 85' lang='lat' dir='ltr'><strong>rigare</strong></span> <span class='ocrx_word' id='word_1_780' title='bbox 2637 4395 2911 4466; x_wconf 87' lang='lat' dir='ltr'><strong>jubemur,</strong></span> <span class='ocrx_word' id='word_1_781' title='bbox 2931 4398 3033 4452; x_wconf 90' lang='lat' dir='ltr'><strong>hoc</strong></span> <span class='ocrx_word' id='word_1_782' title='bbox 3045 4407 3145 4460; x_wconf 90' lang='lat' dir='ltr'><strong>est,</strong></span> <span class='ocrx_word' id='word_1_783' title='bbox 3170 4396 3389 4453; x_wconf 87' lang='lat' dir='ltr'><strong>uberius</strong></span> <span class='ocrx_word' id='word_1_784' title='bbox 3409 4395 3617 4462; x_wconf 82' lang='lat' dir='ltr'><strong>lavare,</strong></span> <span class='ocrx_word' id='word_1_785' title='bbox 3634 4406 3694 4451; x_wconf 92' lang='lat' dir='ltr'><strong>ut</strong></span> 
     </span>
    </p>
   </div>
   <div class='ocr_carea' id='block_1_108' title="bbox 2107 4484 3693 4557">
    <p class='ocr_par' dir='ltr' id='par_1_108' title="bbox 2107 4484 3693 4557">
     <span class='ocr_line' id='line_1_108' title="bbox 2107 4484 3693 4557; baseline -0.001 -14"><span class='ocrx_word' id='word_1_786' title='bbox 2107 4488 2276 4544; x_wconf 89' lang='lat' dir='ltr'><strong>simus</strong></span> <span class='ocrx_word' id='word_1_787' title='bbox 2297 4502 2364 4543; x_wconf 79' lang='lat' dir='ltr'><strong>ex</strong></span> <span class='ocrx_word' id='word_1_788' title='bbox 2384 4496 2670 4557; x_wconf 85' lang='lat' dir='ltr'><strong>peccatore</strong></span> <span class='ocrx_word' id='word_1_789' title='bbox 2691 4484 2845 4555; x_wconf 84' lang='lat' dir='ltr'><strong>justi,</strong></span> <span class='ocrx_word' id='word_1_790' title='bbox 2860 4502 2927 4542; x_wconf 81' lang='lat' dir='ltr'><strong>ex</strong></span> <span class='ocrx_word' id='word_1_791' title='bbox 2959 4486 3175 4555; x_wconf 76' lang='lat' dir='ltr'><strong>lugente</strong></span> <span class='ocrx_word' id='word_1_792' title='bbox 3200 4486 3331 4552; x_wconf 65' lang='lat' dir='ltr'><strong>laeti,</strong></span> <span class='ocrx_word' id='word_1_793' title='bbox 3356 4493 3411 4541; x_wconf 90' lang='lat' dir='ltr'><strong>et</strong></span> <span class='ocrx_word' id='word_1_794' title='bbox 3436 4502 3502 4543; x_wconf 87' lang='lat' dir='ltr'><strong>ex</strong></span> <span class='ocrx_word' id='word_1_795' title='bbox 3518 4501 3693 4557; x_wconf 59' lang='grc' dir='ltr'><strong>διεξιο-</strong></span> 
     </span>
    </p>
   </div>
   <div class='ocr_carea' id='block_1_109' title="bbox 2109 4575 3692 4649">
    <p class='ocr_par' dir='ltr' id='par_1_109' title="bbox 2109 4575 3692 4649">
     <span class='ocr_line' id='line_1_109' title="bbox 2109 4575 3692 4649; baseline -0.001 -16"><span class='ocrx_word' id='word_1_796' title='bbox 2109 4586 2181 4641; x_wconf 94' lang='lat' dir='ltr'><strong>to_</strong></span> <span class='ocrx_word' id='word_1_797' title='bbox 2209 4577 2505 4633; x_wconf 87' lang='lat' dir='ltr'><strong>sanissimi.</strong></span> <span class='ocrx_word' id='word_1_798' title='bbox 2536 4577 2690 4645; x_wconf 83' lang='lat' dir='ltr'><strong>Quod</strong></span> <span class='ocrx_word' id='word_1_799' title='bbox 2718 4586 2898 4631; x_wconf 88' lang='lat' dir='ltr'><strong>autem</strong></span> <span class='ocrx_word' id='word_1_800' title='bbox 2936 4592 3064 4631; x_wconf 85' lang='lat' dir='ltr'><strong>vera</strong></span> <span class='ocrx_word' id='word_1_801' title='bbox 3087 4575 3401 4647; x_wconf 74' lang='lat' dir='ltr'><strong>ptenitentia</strong></span> <span class='ocrx_word' id='word_1_802' title='bbox 3429 4587 3692 4649; x_wconf 80' lang='lat' dir='ltr'><strong>expurget</strong></span> 
     </span>
    </p>
   </div>
   <div class='ocr_carea' id='block_1_110' title="bbox 2106 4668 3688 4740">
    <p class='ocr_par' dir='ltr' id='par_1_110' title="bbox 2106 4668 3688 4740">
     <span class='ocr_line' id='line_1_110' title="bbox 2106 4668 3688 4740; baseline -0.001 -18"><span class='ocrx_word' id='word_1_803' title='bbox 2106 4668 2404 4733; x_wconf 89' lang='lat' dir='ltr'><strong>hominem,</strong></span> <span class='ocrx_word' id='word_1_804' title='bbox 2432 4675 2489 4723; x_wconf 89' lang='lat' dir='ltr'><strong>et</strong></span> <span class='ocrx_word' id='word_1_805' title='bbox 2513 4669 2580 4722; x_wconf 87' lang='lat' dir='ltr'><strong>ad</strong></span> <span class='ocrx_word' id='word_1_806' title='bbox 2613 4668 2834 4740; x_wconf 74' lang='lat' dir='ltr'><strong>cmleste</strong></span> <span class='ocrx_word' id='word_1_807' title='bbox 2860 4683 3086 4740; x_wconf 79' lang='lat' dir='ltr'><strong>regnum</strong></span> <span class='ocrx_word' id='word_1_808' title='bbox 3133 4668 3416 4737; x_wconf 85' lang='lat' dir='ltr'><strong>perducat,</strong></span> <span class='ocrx_word' id='word_1_809' title='bbox 3454 4668 3688 4723; x_wconf 89' lang='lat' dir='ltr'><strong>ostendit</strong></span> 
     </span>
    </p>
   </div>
   <div class='ocr_carea' id='block_1_111' title="bbox 2107 4739 3687 4829">
    <p class='ocr_par' dir='ltr' id='par_1_111' title="bbox 2107 4739 3687 4829">
     <span class='ocr_line' id='line_1_111' title="bbox 2107 4739 3687 4829; baseline -0.003 -16"><span class='ocrx_word' id='word_1_810' title='bbox 2107 4757 2388 4823; x_wconf 86' lang='lat' dir='ltr'><strong>Dominus,</strong></span> <span class='ocrx_word' id='word_1_811' title='bbox 2419 4739 2643 4813; x_wconf 36' lang='lat' dir='ltr'><strong>dicens}</strong></span> <span class='ocrx_word' id='word_1_812' title='bbox 2679 4739 3041 4813; x_wconf 72' lang='lat' dir='ltr'><strong>Paenitentiam</strong></span> <span class='ocrx_word' id='word_1_813' title='bbox 3064 4759 3228 4829; x_wconf 86' lang='lat' dir='ltr'><strong>agite,</strong></span> <span class='ocrx_word' id='word_1_814' title='bbox 3253 4755 3687 4827; x_wconf 84' lang='lat' dir='ltr'><strong>appropinquabit</strong></span> 
     </span>
    </p>
   </div>
   <div class='ocr_carea' id='block_1_112' title="bbox 2106 4847 3685 4920">
    <p class='ocr_par' dir='ltr' id='par_1_112' title="bbox 2106 4847 3685 4920">
     <span class='ocr_line' id='line_1_112' title="bbox 2106 4847 3685 4920; baseline -0.001 -17"><span class='ocrx_word' id='word_1_815' title='bbox 2106 4851 2245 4904; x_wconf 88' lang='lat' dir='ltr'><strong>enim</strong></span> <span class='ocrx_word' id='word_1_816' title='bbox 2296 4866 2513 4920; x_wconf 86' lang='lat' dir='ltr'><strong>regnum</strong></span> <span class='ocrx_word' id='word_1_817' title='bbox 2539 4849 2786 4903; x_wconf 65' lang='lat' dir='ltr'><strong>caelorum</strong></span> <span class='ocrx_word' id='word_1_818' title='bbox 2836 4849 3062 4920; x_wconf 83' lang='lat' dir='ltr'><strong>(Matth.</strong></span> <span class='ocrx_word' id='word_1_819' title='bbox 3089 4849 3194 4919; x_wconf 81' lang='lat' dir='ltr'><strong>tv).</strong></span> <span class='ocrx_word' id='word_1_820' title='bbox 3235 4848 3367 4903; x_wconf 88' lang='lat' dir='ltr'><strong>Item</strong></span> <span class='ocrx_word' id='word_1_821' title='bbox 3403 4863 3499 4918; x_wconf 88' lang='lat' dir='ltr'><strong>per</strong></span> <span class='ocrx_word' id='word_1_822' title='bbox 3545 4847 3685 4901; x_wconf 85' lang='lat' dir='ltr'><strong>bona</strong></span> 
     </span>
    </p>
   </div>
   <div class='ocr_carea' id='block_1_113' title="bbox 2106 4936 3685 5010">
    <p class='ocr_par' dir='ltr' id='par_1_113' title="bbox 2106 4936 3685 5010">
     <span class='ocr_line' id='line_1_113' title="bbox 2106 4936 3685 5010; baseline -0.002 -15"><span class='ocrx_word' id='word_1_823' title='bbox 2106 4955 2268 5010; x_wconf 87' lang='lat' dir='ltr'><strong>opera</strong></span> <span class='ocrx_word' id='word_1_824' title='bbox 2298 4948 2355 4994; x_wconf 90' lang='lat' dir='ltr'><strong>et</strong></span> <span class='ocrx_word' id='word_1_825' title='bbox 2379 4955 2477 5010; x_wconf 89' lang='lat' dir='ltr'><strong>per</strong></span> <span class='ocrx_word' id='word_1_826' title='bbox 2509 4939 2880 5010; x_wconf 86' lang='lat' dir='ltr'><strong>eleemosynas</strong></span> <span class='ocrx_word' id='word_1_827' title='bbox 2908 4949 3173 5010; x_wconf 80' lang='lat' dir='ltr'><strong>purgatur</strong></span> <span class='ocrx_word' id='word_1_828' title='bbox 3194 4940 3354 4994; x_wconf 88' lang='lat' dir='ltr'><strong>homo</strong></span> <span class='ocrx_word' id='word_1_829' title='bbox 3374 4954 3404 4993; x_wconf 89' lang='lat' dir='ltr'><strong>a</strong></span> <span class='ocrx_word' id='word_1_830' title='bbox 3436 4936 3685 4992; x_wconf 88' lang='lat' dir='ltr'><strong>sordibus</strong></span> 
     </span>
    </p>
   </div>
   <div class='ocr_carea' id='block_1_114' title="bbox 2106 5027 3683 5086">
    <p class='ocr_par' dir='ltr' id='par_1_114' title="bbox 2106 5027 3683 5086">
     <span class='ocr_line' id='line_1_114' title="bbox 2106 5027 3683 5086; baseline -0.003 0"><span class='ocrx_word' id='word_1_831' title='bbox 2106 5032 2317 5086; x_wconf 65' lang='lat' dir='ltr'><strong>animae.</strong></span> <span class='ocrx_word' id='word_1_832' title='bbox 2351 5029 2506 5086; x_wconf 89' lang='lat' dir='ltr'><strong>Unde</strong></span> <span class='ocrx_word' id='word_1_833' title='bbox 2539 5038 2623 5084; x_wconf 91' lang='lat' dir='ltr'><strong>est</strong></span> <span class='ocrx_word' id='word_1_834' title='bbox 2649 5028 2776 5082; x_wconf 89' lang='lat' dir='ltr'><strong>illud</strong></span> <span class='ocrx_word' id='word_1_835' title='bbox 2811 5029 3113 5085; x_wconf 71' lang='lat' dir='ltr'><strong>Psalmista:</strong></span> <span class='ocrx_word' id='word_1_836' title='bbox 3138 5047 3151 5082; x_wconf 92' lang='lat'><strong>:</strong></span> <span class='ocrx_word' id='word_1_837' title='bbox 3179 5027 3387 5082; x_wconf 81' lang='lat' dir='ltr'><strong>Lavabo</strong></span> <span class='ocrx_word' id='word_1_838' title='bbox 3421 5028 3557 5081; x_wconf 89' lang='lat' dir='ltr'><strong>inter</strong></span> <span class='ocrx_word' id='word_1_839' title='bbox 3594 5027 3683 5081; x_wconf 89' lang='lat' dir='ltr'><strong>iu-</strong></span> 
     </span>
    </p>
   </div>
   <div class='ocr_carea' id='block_1_115' title="bbox 2105 5119 3681 5190">
    <p class='ocr_par' dir='ltr' id='par_1_115' title="bbox 2105 5119 3681 5190">
     <span class='ocr_line' id='line_1_115' title="bbox 2105 5119 3681 5190; baseline 0.001 -16"><span class='ocrx_word' id='word_1_840' title='bbox 2105 5129 2345 5175; x_wconf 87' lang='lat' dir='ltr'><strong>nocentes</strong></span> <span class='ocrx_word' id='word_1_841' title='bbox 2379 5136 2568 5174; x_wconf 88' lang='lat' dir='ltr'><strong>manus</strong></span> <span class='ocrx_word' id='word_1_842' title='bbox 2618 5136 2759 5173; x_wconf 82' lang='lat' dir='ltr'><strong>meas</strong></span> <span class='ocrx_word' id='word_1_843' title='bbox 2786 5119 2955 5190; x_wconf 85' lang='lat' dir='ltr'><strong>(Psal.</strong></span> <span class='ocrx_word' id='word_1_844' title='bbox 2985 5120 3134 5188; x_wconf 78' lang='lat' dir='ltr'><strong>xxv).</strong></span> <span class='ocrx_word' id='word_1_845' title='bbox 3182 5119 3326 5174; x_wconf 88' lang='lat' dir='ltr'><strong>Inter</strong></span> <span class='ocrx_word' id='word_1_846' title='bbox 3363 5119 3681 5175; x_wconf 84' lang='lat' dir='ltr'><strong>innocentes</strong></span> 
     </span>
    </p>
   </div>
   <div class='ocr_carea' id='block_1_116' title="bbox 2104 5209 3686 5282">
    <p class='ocr_par' dir='ltr' id='par_1_116' title="bbox 2104 5209 3686 5282">
     <span class='ocr_line' id='line_1_116' title="bbox 2104 5209 3686 5282; baseline 0 -17"><span class='ocrx_word' id='word_1_847' title='bbox 2104 5212 2247 5265; x_wconf 88' lang='lat' dir='ltr'><strong>enim</strong></span> <span class='ocrx_word' id='word_1_848' title='bbox 2276 5211 2424 5265; x_wconf 87' lang='lat' dir='ltr'><strong>lavat</strong></span> <span class='ocrx_word' id='word_1_849' title='bbox 2466 5226 2662 5267; x_wconf 90' lang='lat' dir='ltr'><strong>manus</strong></span> <span class='ocrx_word' id='word_1_850' title='bbox 2688 5228 2836 5277; x_wconf 87' lang='lat' dir='ltr'><strong>suas,</strong></span> <span class='ocrx_word' id='word_1_851' title='bbox 2872 5212 3119 5282; x_wconf 83' lang='lat' dir='ltr'><strong>quisquis</strong></span> <span class='ocrx_word' id='word_1_852' title='bbox 3159 5209 3300 5265; x_wconf 86' lang='lat' dir='ltr'><strong>facta</strong></span> <span class='ocrx_word' id='word_1_853' title='bbox 3327 5209 3543 5280; x_wconf 89' lang='lat' dir='ltr'><strong>propria</strong></span> <span class='ocrx_word' id='word_1_854' title='bbox 3567 5217 3686 5265; x_wconf 82' lang='lat' dir='ltr'><strong>stu-</strong></span> 
     </span>
    </p>
   </div>
   <div class='ocr_carea' id='block_1_117' title="bbox 2105 5297 3683 5357">
    <p class='ocr_par' dir='ltr' id='par_1_117' title="bbox 2105 5297 3683 5357">
     <span class='ocr_line' id='line_1_117' title="bbox 2105 5297 3683 5357; baseline -0.003 0"><span class='ocrx_word' id='word_1_855' title='bbox 2105 5302 2192 5357; x_wconf 91' lang='lat' dir='ltr'><strong>dio</strong></span> <span class='ocrx_word' id='word_1_856' title='bbox 2220 5301 2377 5356; x_wconf 69' lang='lat' dir='ltr'><strong>bona:</strong></span> <span class='ocrx_word' id='word_1_857' title='bbox 2402 5302 2828 5357; x_wconf 86' lang='lat' dir='ltr'><strong>conversationis</strong></span> <span class='ocrx_word' id='word_1_858' title='bbox 2868 5300 3143 5356; x_wconf 85' lang='lat' dir='ltr'><strong>emundat.</strong></span> <span class='ocrx_word' id='word_1_859' title='bbox 3174 5298 3313 5354; x_wconf 86' lang='lat' dir='ltr'><strong>IIine</strong></span> <span class='ocrx_word' id='word_1_860' title='bbox 3343 5307 3399 5353; x_wconf 89' lang='lat' dir='ltr'><strong>et</strong></span> <span class='ocrx_word' id='word_1_861' title='bbox 3432 5297 3683 5353; x_wconf 84' lang='lat' dir='ltr'><strong>Salvator</strong></span> 
     </span>
    </p>
   </div>
   <div class='ocr_carea' id='block_1_118' title="bbox 2103 5394 3681 5466">
    <p class='ocr_par' dir='ltr' id='par_1_118' title="bbox 2103 5394 3681 5466">
     <span class='ocr_line' id='line_1_118' title="bbox 2103 5394 3681 5466; baseline -0.001 -17"><span class='ocrx_word' id='word_1_862' title='bbox 2103 5396 2157 5449; x_wconf 91' lang='lat' dir='ltr'><strong>in</strong></span> <span class='ocrx_word' id='word_1_863' title='bbox 2185 5394 2476 5466; x_wconf 81' lang='lat' dir='ltr'><strong>Evangelia</strong></span> <span class='ocrx_word' id='word_1_864' title='bbox 2503 5396 2579 5449; x_wconf 88' lang='lat' dir='ltr'><strong>ait</strong></span> <span class='ocrx_word' id='word_1_865' title='bbox 2610 5414 2625 5450; x_wconf 90' lang='lat'><strong>:</strong></span> <span class='ocrx_word' id='word_1_866' title='bbox 2663 5396 2797 5450; x_wconf 70' lang='lat' dir='ltr'><strong>Date</strong></span> <span class='ocrx_word' id='word_1_867' title='bbox 2837 5395 3232 5464; x_wconf 76' lang='lat' dir='ltr'><strong>eleemosynam,</strong></span> <span class='ocrx_word' id='word_1_868' title='bbox 3265 5405 3314 5448; x_wconf 87' lang='lat' dir='ltr'><strong>et</strong></span> <span class='ocrx_word' id='word_1_869' title='bbox 3361 5410 3475 5449; x_wconf 85' lang='lat' dir='ltr'><strong>erce</strong></span> <span class='ocrx_word' id='word_1_870' title='bbox 3506 5394 3681 5448; x_wconf 77' lang='lat' dir='ltr'><strong>omnia</strong></span> 
     </span>
    </p>
   </div>
   <div class='ocr_carea' id='block_1_119' title="bbox 2101 5484 3679 5557">
    <p class='ocr_par' dir='ltr' id='par_1_119' title="bbox 2101 5484 3679 5557">
     <span class='ocr_line' id='line_1_119' title="bbox 2101 5484 3679 5557; baseline 0.001 -18"><span class='ocrx_word' id='word_1_871' title='bbox 2101 5487 2298 5540; x_wconf 85' lang='lat' dir='ltr'><strong>munda</strong></span> <span class='ocrx_word' id='word_1_872' title='bbox 2349 5497 2469 5540; x_wconf 84' lang='lat' dir='ltr'><strong>sunt</strong></span> <span class='ocrx_word' id='word_1_873' title='bbox 2515 5487 2656 5542; x_wconf 84' lang='lat' dir='ltr'><strong>vobis</strong></span> <span class='ocrx_word' id='word_1_874' title='bbox 2683 5485 2831 5557; x_wconf 88' lang='lat' dir='ltr'><strong>(Luc.</strong></span> <span class='ocrx_word' id='word_1_875' title='bbox 2866 5485 2965 5555; x_wconf 77' lang='lat' dir='ltr'><strong>xi).</strong></span> <span class='ocrx_word' id='word_1_876' title='bbox 3006 5486 3074 5539; x_wconf 85' lang='lat' dir='ltr'><strong>Et</strong></span> <span class='ocrx_word' id='word_1_877' title='bbox 3097 5484 3224 5539; x_wconf 87' lang='lat' dir='ltr'><strong>alibi</strong></span> <span class='ocrx_word' id='word_1_878' title='bbox 3254 5485 3513 5555; x_wconf 85' lang='lat' dir='ltr'><strong>scriptum</strong></span> <span class='ocrx_word' id='word_1_879' title='bbox 3552 5494 3679 5540; x_wconf 88' lang='lat' dir='ltr'><strong>est:</strong></span> 
     </span>
    </p>
   </div>
   <div class='ocr_carea' id='block_1_120' title="bbox 2103 5573 3678 5645">
    <p class='ocr_par' dir='ltr' id='par_1_120' title="bbox 2103 5573 3678 5645">
     <span class='ocr_line' id='line_1_120' title="bbox 2103 5573 3678 5645; baseline -0.004 -15"><span class='ocrx_word' id='word_1_880' title='bbox 2103 5575 2249 5631; x_wconf 87' lang='lat' dir='ltr'><strong>Sicut</strong></span> <span class='ocrx_word' id='word_1_881' title='bbox 2273 5592 2409 5645; x_wconf 85' lang='lat' dir='ltr'><strong>aqua</strong></span> <span class='ocrx_word' id='word_1_882' title='bbox 2424 5576 2705 5644; x_wconf 73' lang='lat' dir='ltr'><strong>exstinguit</strong></span> <span class='ocrx_word' id='word_1_883' title='bbox 2729 5576 2929 5644; x_wconf 80' lang='lat' dir='ltr'><strong>ignem:</strong></span> <span class='ocrx_word' id='word_1_884' title='bbox 2956 5574 3029 5628; x_wconf 88' lang='lat' dir='ltr'><strong>ita</strong></span> <span class='ocrx_word' id='word_1_885' title='bbox 3051 5573 3376 5645; x_wconf 74' lang='lat' dir='ltr'><strong>elemosyna</strong></span> <span class='ocrx_word' id='word_1_886' title='bbox 3396 5573 3678 5643; x_wconf 72' lang='lat' dir='ltr'><strong>exstinguit</strong></span> 
     </span>
    </p>
   </div>
   <div class='ocr_carea' id='block_1_121' title="bbox 2100 5666 3678 5741">
    <p class='ocr_par' dir='ltr' id='par_1_121' title="bbox 2100 5666 3678 5741">
     <span class='ocr_line' id='line_1_121' title="bbox 2100 5666 3678 5741; baseline -0.003 -17"><span class='ocrx_word' id='word_1_887' title='bbox 2100 5677 2365 5739; x_wconf 85' lang='lat' dir='ltr'><strong>peccatum</strong></span> <span class='ocrx_word' id='word_1_888' title='bbox 2398 5668 2550 5741; x_wconf 87' lang='lat' dir='ltr'><strong>(Tob.</strong></span> <span class='ocrx_word' id='word_1_889' title='bbox 2588 5671 2682 5739; x_wconf 78' lang='lat' dir='ltr'><strong>tv).</strong></span> <span class='ocrx_word' id='word_1_890' title='bbox 2716 5667 2947 5737; x_wconf 84' lang='lat' dir='ltr'><strong>Adjuvat</strong></span> <span class='ocrx_word' id='word_1_891' title='bbox 2993 5668 3156 5723; x_wconf 86' lang='lat' dir='ltr'><strong>etiam</strong></span> <span class='ocrx_word' id='word_1_892' title='bbox 3185 5668 3457 5725; x_wconf 86' lang='lat' dir='ltr'><strong>hominem</strong></span> <span class='ocrx_word' id='word_1_893' title='bbox 3502 5666 3567 5721; x_wconf 85' lang='lat' dir='ltr'><strong>ad</strong></span> <span class='ocrx_word' id='word_1_894' title='bbox 3592 5681 3678 5721; x_wconf 87' lang='lat' dir='ltr'><strong>sa-</strong></span> 
     </span>
    </p>
   </div>
  </div>
