4064 6206
411 303 512 358 155

927 294 937 331 ¹
1038 295 1095 349 Β.
1135 289 1386 348 RABANI
1425 286 1642 343 MAURI
1679 281 1998 340 ARCHIEP.
2043 276 2351 335 MOGUNT.
2393 272 2678 330 OPERUM
2715 272 2894 331 PARS
2932 271 2998 327 II.

3569 276 3670 333 I36

413 412 582 466 lutem
609 405 1011 480 percipiendam
1048 410 1307 457 aeternam
1335 398 1514 452 oratio
1546 410 1704 466 pura.
1752 393 1987 463 Adiuvat
2017 396 2063 451 Α
2094 373 2194 456 vi).
2223 383 2393 453 Hujus
2428 383 2508 480 rei
2537 391 2972 480 sacramentum,
3012 380 3063 436 id
3092 379 3462 480 esu-unitatis
3485 395 3679 451 corpu.

411 506 469 556 et
491 497 801 569 praedicatio
821 493 975 549 verbi
1003 491 1193 547 divini.
1221 489 1454 559 Adiuvat
1499 495 1556 542 et
1601 483 1818 540 dilectio
1855 495 1988 569 pura

411 567 555 644 verm
581 581 884 640 charitatis.
915 577 1068 636 Unde
1110 587 1196 633 est
1223 577 1351 631 illud
1384 574 1572 630 Jacobi
1599 589 1614 626 :
1647 570 1832 624 Oratio
1867 567 1992 637 ﬁdei

413 677 634 734 saluabit
676 673 968 743 inﬁrmum,
1016 680 1064 725 et
1095 670 1143 724 si
1177 670 1234 724 in
1261 667 1484 739 peccatis
1537 673 1632 727 est,
1669 661 1994 716 dimittentur

415 769 466 824 ei
493 767 634 840 (Jac.
657 765 735 828 v).
768 764 837 818 Et
881 764 1074 818 iterum
1105 776 1120 813 ε
1153 758 1256 824 Qui
1286 756 1532 821 converti,
1580 753 1774 822 inquit,
1818 747 1996 840 fecerit

367 893 375 899 ε
417 837 738 928 peccatorem
774 851 838 906 ab
868 866 1046 906 errore
1077 849 1172 904 via:
1192 863 1326 912 aute,
1361 844 1580 900 salvabit
1611 843 1842 896 animum
1879 837 1995 906 ejus

417 967 451 1004 a
479 957 640 1002 morte
686 955 734 1000 et
782 945 946 1015 operit
976 941 1362 996 multitudinem
1408 945 1740 1006 peccatorum
1782 928 1992 1004 (Ibid.).

422 1038 659 1106 Denique
689 1035 958 1098 Salvator,
987 1032 1131 1102 quod
1157 1029 1373 1085 dilectio
1405 1024 1777 1080 remissionem
1805 1035 2000 1090 pecca-

421 1137 597 1182 torum
643 1125 841 1194 pariat,
871 1125 926 1178 in
972 1120 1264 1191 Evangelio
1289 1119 1356 1172 ad
1400 1116 1676 1171 Simonem
1730 1113 2000 1182 loquendo

421 1217 486 1271 de
535 1215 761 1270 muliere
815 1211 1140 1284 peccatrice,
1191 1223 1312 1279 qum
1361 1207 1526 1278 pedes
1580 1205 1698 1275 ejus
1748 1201 2002 1272 lacrymis

423 1309 634 1380 rigavit,
665 1316 720 1361 et
742 1305 949 1376 capillis
973 1301 1149 1366 tersit,
1171 1307 1228 1354 et
1244 1307 1518 1370 unguento
1540 1295 1688 1350 unxit
1713 1293 2000 1362 ,ostendit,

419 1399 606 1454 dicens
631 1414 643 1450 :
677 1395 840 1449 Amen
859 1395 976 1449 dico
999 1393 1113 1456 tibi,
1131 1391 1468 1446 remittuntur
1487 1387 1536 1441 ei
1561 1393 1772 1455 peccata
1803 1383 2000 1439 multa:

421 1488 666 1560 quoniam
696 1485 876 1540 dilexit
903 1482 1124 1538 multum
1147 1480 1298 1553 (Luc.
1331 1477 1452 1556 vn).
1489 1477 1623 1531 Hinc
1646 1485 1702 1530 et
1729 1475 1854 1530 alibi
1877 1475 2006 1529 scri-

427 1587 580 1648 ptum
603 1585 723 1630 est:
753 1573 996 1628 Charitas
1021 1569 1182 1642 operit
1209 1567 1592 1623 multitudinea:
1621 1574 1952 1648 peccatorum
1984 1576 2004 1614 .'

426 1647 512 1723 et:
533 1665 786 1722 Uuiuersa
804 1663 994 1720 delicta
1010 1661 1171 1732 operit
1197 1659 1428 1713 charitas
1443 1656 1626 1728 (Prov.
1653 1654 1732 1727 ι).
1757 1647 2004 1710 Chrisma

423 1771 618 1830 graece,
673 1754 840 1810 latine
889 1753 1066 1806 unctio
1112 1749 1459 1805 nominatur:
1495 1761 1560 1801 ex
1598 1744 1753 1814 cuius
1789 1745 2008 1802 nomine
2040 1736 2082 1794 Β

422 1859 480 1906 et
504 1849 753 1905 Christus
793 1847 1012 1910 dicitur,
1035 1852 1092 1898 et
1125 1843 1288 1898 homo
1328 1849 1450 1911 post
1485 1840 1758 1894 lavacrum
1803 1835 2004 1892 sancti-

427 1944 636 2000 ﬁcatur.
689 1939 823 1994 Nam
859 1939 1000 1994 sicut
1047 1938 1103 1991 in
1141 1936 1410 2004 baptismo
1433 1940 1778 2002 peccatorum
1815 1929 2006 1984 remis-

426 2035 508 2090 sio
540 2033 700 2086 datur
732 2049 744 2084 :
785 2029 857 2084 ita
892 2045 988 2098 per
1015 2029 1325 2082 unctionem
1365 2023 1727 2080 sanctiﬁcatio
1773 2020 2008 2091 Spiritus

428 2122 746 2177 adhibetur:
777 2128 832 2173 et
858 2119 960 2174 hoc
1003 2119 1071 2174 de
1110 2118 1336 2187 pristina
1390 2113 1694 2184 disciplina,
1723 2127 1827 2182 qua
1879 2109 2008 2180 ungi

428 2212 481 2266 in
527 2209 889 2264 sacerdotium
953 2217 1008 2262 et
1058 2207 1110 2261 in
1159 2221 1385 2276 regnum
1435 2203 1680 2260 solebant
1731 2219 1742 2254 :
1793 2215 1860 2256 ex
1901 2215 2010 2270 quo

427 2309 482 2353 et
519 2300 698 2353 Aaron
727 2313 755 2351 a
785 2297 966 2369 Moyse
1017 2306 1212 2352 unctus
1264 2305 1364 2350 est.
1407 2293 1562 2360 Quod
1611 2293 1737 2349 dum
1778 2290 2008 2347 carnali-

427 2398 510 2442 ter
559 2387 660 2452 ﬁt,
698 2387 1050 2456 spiritualiter
1101 2385 1352 2455 proﬁcit:
1393 2383 1663 2454 quomodo
1717 2381 1846 2436 etin
1892 2381 2010 2451 ipsa

425 2479 680 2546 baptismi
733 2477 909 2549 gratia
959 2476 1185 2531 visibilis
1219 2483 1374 2529 actus
1427 2481 1532 2538 est,
1564 2472 1706 2544 quod
1755 2472 1810 2526 in
1867 2486 2008 2542 aqua

427 2567 760 2637 mergimur:
793 2566 888 2621 sed
938 2564 1196 2635 spiritalis
1248 2562 1494 2627 elI'ectus,
1545 2563 1689 2630 quod
1740 2576 1771 2614 a
1801 2560 2012 2615 delictis

432 2659 776 2712 mundamur.
811 2655 924 2712 Hoc
949 2655 1218 2728 signiﬁcat
1254 2663 1309 2709 et
1335 2653 1461 2708 illud
1495 2661 1846 2724 unguentum,
1870 2652 2014 2720 quod

431 2749 704 2820 peccatrix
734 2764 896 2818 super
927 2756 1091 2818 caput
1128 2745 1255 2802 Iesu
1293 2744 1496 2800 fudisse
1527 2743 1800 2799 scribitur.
1834 2743 2012 2814 Impo-

431 2839 556 2893 sitio
585 2837 704 2892 ideo
735 2839 815 2902 ﬁt,
854 2846 913 2891 ut
943 2851 1038 2906 per
1065 2851 1257 2892 manus
1291 2835 1689 2905 impositionem
1720 2832 2016 2889 advocatus

435 2929 694 2984 invitetur
712 2927 948 2998 Spiritus
972 2938 1216 2983 sanctus.
1244 2926 1397 2981 Tunc
1423 2927 1569 2980 enim
1599 2925 1688 2979 ille
1717 2923 2015 2994 paraclitus

436 3027 558 3088 post
580 3019 832 3072 mundata
855 3026 911 3071 et
935 3016 1219 3072 benedicta
1237 3014 1652 3086 corporalibens
1677 3028 1708 3068 a
1739 3012 1899 3068 Patre
1921 3012 2015 3071 de-

2095 478 2171 530 ris
2200 479 2256 530 et
2306 473 2582 544 sanguinis
2610 470 2838 534 Christi,
2874 469 2940 526 de
2969 485 3156 525 mensa
3206 468 3486 524 Dominica
3518 484 3678 524 assu-

2095 569 2261 623 mitur
2288 566 2612 637 quibusdam
2663 563 2730 618 ad
2758 564 2946 627 vitam,
2987 562 3308 632 quibusdam
3337 560 3404 616 ad
3427 560 3676 617 exitium.

2095 659 2205 714 Res
2235 672 2365 712 vero
2411 657 2528 727 ipsa
2557 654 2703 710 omni
2735 652 2939 708 homini
2988 653 3055 708 ad
3080 653 3269 717 vitam,
3311 651 3444 706 nulli
3471 651 3539 707 ad
3563 653 3680 707 exi-

2095 750 2230 804 tium
2266 788 2280 812 ,
2313 748 2621 816 quicunque
2675 744 2793 814 cius
2837 743 3106 812 particeps
3137 740 3324 805 fuerit,
3354 741 3495 796 idem
3524 741 3676 796 Chri.

2098 849 2184 896 sto
2228 839 2388 908 capiti
2417 838 2716 892 membrum
2763 835 3065 890 associatur
3107 835 3161 888 in
3211 848 3382 904 regno
3428 833 3678 889 caelesti:

2100 933 2225 1002 quia
2254 931 2399 985 aliud
2424 938 2508 984 est
2545 936 2967 992 sacramentum,
2986 925 3131 980 aliud
3162 925 3334 981 virtus
3371 939 3681 980 sacramen-

2101 1022 2162 1076 ti.
2194 1020 2612 1077 Sacramentum
2662 1019 2806 1072 enim
2835 1032 2931 1072 ore
2979 1017 3309 1086 percipitur,
3355 1016 3556 1072 virtute
3595 1030 3684 1070 sa-

2104 1111 2371 1166 cramenti
2396 1109 2621 1164 interior
2635 1109 2798 1163 homo
2825 1107 3070 1162 satiatur.
3099 1107 3240 1176 Ergo
3261 1107 3385 1177 quia
3403 1107 3553 1176 panis
3566 1122 3686 1162 cor-

2103 1216 2207 1271 pus
2262 1198 2571 1263 conﬁrmat,
2603 1199 2724 1254 ideo
2747 1197 2838 1253 ille
2863 1212 3060 1266 corpus
3086 1196 3286 1252 Christi
3321 1207 3686 1270 congruenter

2103 1298 2442 1360 nuncupatur
2458 1307 2472 1344 :
2488 1289 2668 1344 vinum
2683 1297 2883 1352 autem,
2899 1287 3023 1358 quia
3042 1289 3354 1359 sanguinem
3365 1296 3619 1358 operatur
3631 1287 3683 1341 in

2106 1397 2288 1444 carne,
2312 1381 2430 1435 ideo
2445 1381 2508 1434 ad
2523 1381 2836 1452 sanguinem
2853 1378 3051 1435 Christi
3084 1378 3334 1434 refertur.
3360 1377 3484 1434 litae
3504 1387 3685 1433 autem

2105 1472 2234 1526 dum
2261 1479 2388 1525 sunt
2403 1470 2658 1536 visibilia,
2671 1470 3007 1525 sanctiﬁcata
3030 1478 3156 1524 tunc
3174 1484 3270 1538 per
3287 1467 3548 1538 Spiritum
3561 1482 3683 1522 san-

2108 1569 2274 1624 ctum,
2309 1561 2362 1614 in
2393 1569 2792 1616 sacramentum
2821 1559 2989 1614 divini
3027 1558 3273 1630 corporis
3310 1566 3611 1614 transeunt.

2707 1669 2937 1726 CAPUT
2973 1669 3088 1725 XII.

2685 1739 2762 1794 De
2813 1741 3125 1795 exorcismo.

2175 1831 2524 1886 Exoreismus
2557 1829 2773 1893 Graace,
2806 1829 2997 1883 Latine
3027 1827 3328 1898 coniuratio
3355 1827 3470 1883 sive
3507 1841 3692 1884 sermo

2107 1923 2494 1992 increpationis
2532 1931 2616 1978 est
2655 1922 2939 1976 adversum
2982 1919 3262 1974 Diabolum
3302 1928 3360 1974 ut
3401 1919 3642 1976 discedat
3675 1938 3688 1972 :

2107 2013 2248 2068 sicut
2274 2022 2357 2068 est
2397 2013 2523 2068 illud
2560 2013 2613 2066 in
2652 2011 2914 2068 Zacharia
2948 2029 2962 2064 :
2995 2008 3062 2064 Et
3091 2009 3312 2064 ostendit
3345 2010 3474 2064 mihi
3508 2009 3693 2064 Iesum

2107 2101 2424 2156 sacerdotem
2467 2118 2715 2172 magnum
2757 2110 2981 2154 stantem
3028 2115 3204 2154 coram
3241 2098 3424 2170 angelo
3481 2099 3595 2164 Dei,
3643 2111 3693 2152 et

2110 2191 2278 2248 Satau
2320 2193 2490 2247 stabat
2533 2211 2565 2247 a
2604 2193 2801 2248 dextris
2837 2193 2974 2263 ejus,
3017 2201 3070 2245 ut
3121 2191 3487 2245 adversaretur
3514 2193 3580 2245 ei.
3625 2192 3726 2245 Et‘

2109 2285 2244 2339 dixit
2287 2283 2544 2338 Dominus
2592 2285 2661 2338 ad
2703 2283 2871 2339 Satan
2904 2301 2918 2336 :
2965 2281 3203 2354 Increpet
3243 2281 3500 2337 Dominus
3539 2284 3593 2336 in
3623 2293 3694 2348 tc,

2113 2375 2302 2440 Satan,
2325 2384 2371 2429 et
2397 2375 2621 2444 increpet
2649 2373 2902 2427 Dominus
2923 2373 2975 2426 in
3002 2381 3071 2437 te,
3091 2373 3182 2444 qui
3215 2371 3363 2443 elegit
3399 2372 3696 2428 Jerusalem

2115 2467 2301 2540 (Zach.
2345 2467 2450 2538 ιιι).
2499 2465 2610 2522 Hoc
2645 2474 2731 2520 est
2775 2465 3081 2520 exorcismo
3131 2463 3412 2534 increpare
3458 2472 3514 2518 et
3561 2479 3696 2519 oon-

2106 2557 2294 2626 jurare
2336 2558 2594 2612 adversus
2638 2555 2940 2612 Diabolum.
2999 2554 3150 2611 Unde
3198 2552 3474 2610 sciendum
3529 2552 3696 2622 quod,

2113 2665 2224 2703 non
2261 2657 2509 2702 creatura
2557 2647 2648 2702 Dei
2689 2647 2745 2701 in
2885 2644 3181 2700 infantibus
3221 2643 3562 2698 exorcizatur
3606 2651 3699 2696 aut

2115 2739 2430 2796 exsulllatur
2463 2758 2474 2794 :
2509 2740 2603 2794 sed
2637 2739 2748 2806 ille,
2779 2740 2880 2796 sub
2913 2754 3020 2810 quo
3046 2747 3174 2794 sunt
3202 2751 3414 2805 omnes,
3449 2735 3541 2808 qui
3575 2751 3700 2792 eum

2115 2841 2341 2906 peccato
2380 2841 2693 2888 nascuntur.
2730 2832 2826 2888 Est
2859 2833 3002 2888 enim
3043 2833 3295 2904 princeps
3332 2839 3698 2903 peccatorum.

2689 2946 2942 3002 ~CAPUT
2969 2946 3105 3002 XIII.

2739 3016 2816 3070 De
2833 3016 3089 3087 symbolo.

433 3078 681 3163 scendit:
711 3115 766 3162 et
781 3107 936 3177 quasi
959 3121 1122 3176 super
1143 3078 1392 3176 baptismi
1416 3119 1632 3176 aquam,
1652 3113 1906 3174 tanquam
1932 3121 2018 3158 su.
2043 3078 2087 3140 (ἶ
2190 3105 2503 3180 Symbolum
2520 3079 2618 3179 per
2637 3078 2884 3179 linguam
2901 3107 3147 3164 Gnecam
3169 3108 3383 3179 signum
3411 3107 3494 3162 vel
3518 3106 3694 3174 cogni-

437 3214 535 3268 per
561 3198 842 3268 pristinam
869 3202 1077 3261 sedem,
1099 3211 1494 3267 recognoscens
1519 3195 1769 3266 quiescit.
1799 3195 1931 3250 Nam
1947 3195 2017 3251 Ie-

434 3289 580 3360 gitur
601 3287 744 3356 quod
768 3286 820 3340 in
850 3285 1115 3355 principio
1137 3285 1295 3354 aquis
1317 3284 1760 3354 superferebatur
1782 3275 2017 3354 S'piritus

437 3387 658 3432 sanctus
686 3375 838 3448 (Gen.
871 3379 934 3443 ι).
961 3375 1038 3431 De
1063 3375 1292 3431 residuis
1333 3389 1549 3445 quoque
1577 3373 1785 3430 duobus
1835 3390 2018 3429 sacra-

435 3467 656 3532 mentis,
686 3467 790 3522 hoc
816 3475 900 3522 est
933 3481 1160 3536 corpore
1187 3474 1243 3520 et
1291 3467 1554 3537 sanguine
1586 3465 1820 3531 Domini,
1847 3466 2016 3536 quaeri

439 3565 632 3624 potest,
665 3571 762 3610 cur
797 3557 938 3610 inter
953 3569 1142 3610 omnes
1164 3555 1372 3610 fructus
1409 3555 1918 3624 terrmpotissimum
1949 3557 2018 3611 ad

439 3646 542 3700 hoc
588 3644 814 3714 elegerit
861 3643 1193 3699 frumentum
1236 3651 1398 3713 atque
1443 3643 1628 3698 vinum
1661 3684 1676 3709 ,
1706 3645 1862 3714 quasi
1903 3645 2018 3714 ipsa

438 3743 664 3790 cunctos
685 3735 893 3790 fructus
941 3743 1100 3792 terra:
1129 3735 1391 3806 dignitate
1441 3735 1757 3804 praecellant
1805 3745 1861 3790 ct
1899 3752 2020 3806 pre-

439 3825 688 3880 tiosiores
729 3817 980 3881 omnibus
1039 3825 1193 3881 ﬁant.
1250 3825 1406 3893 Quod
1455 3826 1711 3882 videlicet
1762 3829 1835 3882 ita
1885 3829 2018 3885 solvi

436 3933 594 3990 posse
627 3919 920 3976 credimus.
959 3919 1146 3976 Maluit
1184 3921 1332 3976 enim
1379 3921 1641 3977 Dominus
1683 3921 1928 3990 corporis
1964 3929 2021 3975 et

435 4011 716 4082 sanguinis
744 4011 829 4068 sui
867 4021 1204 4068 sacramenta
1236 4011 1476 4068 ﬁdelium
1506 4027 1604 4068 ore
1633 4011 1858 4082 percipi,
1889 4020 1945 4066 et
1965 4011 2020 4065 in

437 4111 650 4172 pastum
679 4117 868 4157 eorum
899 4101 1091 4172 redigi,
1122 4109 1184 4156 ut
1216 4117 1315 4171 per
1342 4101 1556 4158 visibile
1577 4117 1714 4172 opus
1737 4101 2021 4156 invisibilis

441 4193 818 4248 ostenderetur
863 4191 1106 4248 eﬁ‘ectus.
1139 4191 1296 4248 Sicut
1332 4193 1479 4248 enim
1531 4192 1683 4248 cibus
1724 4190 2022 4246 materialis

441 4282 742 4337 forinsecus
757 4283 926 4337 nutrit
937 4298 1136 4352 corpus
1149 4291 1205 4338 et
1233 4293 1445 4354 vegetat
1467 4302 1482 4337 :
1506 4283 1578 4338 ita
1606 4283 1767 4337 etiam
1797 4282 2019 4338 verbum

441 4370 536 4426 Dei
563 4371 706 4424 intus
734 4371 974 4430 animam
1021 4372 1192 4426 nutrit
1219 4381 1276 4426 et
1297 4374 1560 4427 roborat:
1608 4372 1734 4440 quia
1777 4387 1880 4425 non
1906 4369 2030 4438 solo,

439 4462 497 4516 in
525 4477 660 4532 pane
687 4461 810 4514 vivit
852 4461 1026 4526 homo,
1049 4462 1138 4516 sed
1174 4463 1232 4516 in
1263 4463 1404 4516 omni
1437 4463 1590 4516 verbo
1625 4463 1764 4532 quod
1791 4463 2018 4532 procedit

441 4552 506 4605 de
541 4567 631 4604 ore
673 4549 769 4604 Dei
791 4549 1004 4620 (Matth.
1033 4551 1222 4620 tv);et
1251 4550 1503 4606 :Verbum
1550 4569 1673 4606 caro
1720 4551 1928 4620 factum
1945 4560 2018 4606 est

441 4650 488 4694 et
509 4639 759 4693 habitavit
789 4641 846 4692 in
879 4641 1026 4692 nobis
1049 4639 1231 4710 (Joan.
1257 4639 1320 4712 1).
1341 4641 1432 4694 Ait
1463 4642 1608 4695 enim
1633 4642 1748 4711 ipsa
1772 4641 2015 4696 Veritas:

443 4729 582 4786 Caro
607 4731 744 4786 enim
765 4746 880 4784 utea
926 4747 1040 4785 vere
1084 4733 1230 4786 cibus
1261 4741 1357 4795 est,
1393 4744 1441 4786 et
1469 4712 1685 4803 sanguis
1721 4750 1864 4788 meus
1909 4750 2022 4788 vero

443 4835 515 4877 est
552 4833 704 4894 potus
751 4820 935 4894 (Joan.
965 4821 1060 4892 νι).
1108 4823 1241 4878 Vere
1278 4823 1486 4880 scilicet
1529 4840 1658 4879 caro
1686 4825 1885 4880 Christi
1939 4835 2024 4880 est

443 4913 620 4976 cibus,
643 4911 768 4980 quia
789 4925 914 4965 vere
935 4911 1108 4979 pascit
1129 4912 1260 4966 etad
1279 4921 1538 4968 aeternam
1567 4913 1732 4968 vitam
1749 4913 2022 4968 hominem

447 5001 616 5055 nutrit
648 5021 660 5056 :
692 5011 749 5056 et
787 5003 1008 5074 sanguis
1047 5001 1163 5072 eius
1203 5019 1331 5059 vere
1380 5013 1465 5060 est
1507 5014 1684 5075 potus,
1717 5007 1842 5075 quia
1895 5021 2022 5060 esu-

446 5093 674 5148 rientem
699 5093 937 5148 animam
969 5102 1026 5148 et
1053 5094 1323 5162 sitientem
1369 5093 1634 5162 justitiam
1665 5096 1719 5150 in
1761 5105 2022 5150 mternum

449 5187 717 5244 veraciter
747 5187 930 5241 satiat.
963 5187 1342 5258 Temporalem
1364 5189 1562 5259 quippe
1584 5191 1750 5243 vitam
1782 5190 1899 5244 sine
1921 5189 2025 5243 isto

447 5278 570 5333 cibo
597 5287 652 5332 et
677 5288 803 5350 potu
847 5278 1048 5334 habere
1073 5290 1297 5349 possunt
1332 5281 1598 5343 homines,
1627 5290 1886 5336 aeternam
1915 5297 2027 5335 om-

448 5372 578 5427 nino
599 5389 704 5426 non
727 5377 952 5442 posSunt
983 5393 996 5428 :
1025 5375 1153 5445 quia
1186 5375 1290 5431 iste
1318 5377 1473 5431 CIIilIS
1501 5386 1555 5430 et
1587 5385 1744 5448 potus
1769 5387 2026 5433 teternam

451 5462 765 5518 societatem
810 5465 1004 5534 capitis
1052 5467 1528 5537 membrorumque
1588 5481 1810 5522 suorum
1861 5468 2030 5536 signi-

453 5550 597 5606 ﬁcat.
629 5552 730 5617 Qui
773 5554 1077 5619 manducet,
1121 5556 1319 5626 inquit,
1361 5575 1530 5612 meum
1567 5574 1800 5616 carnem.
1823 5569 1869 5612 et
1903 5559 2028 5612 bibit

452 5642 753 5712 saetguiuem
774 5658 964 5708 meum,
982 5645 1088 5714 ipse
1109 5645 1162 5698 in
1185 5663 1266 5700 me
1287 5659 1481 5714 tnauet,
1499 5659 1547 5701 et
1567 5665 1660 5719 ego
1683 5649 1737 5704 in
1766 5667 1824 5704 eo
1843 5649 2023 5721 (Joan.

2046 4429 2098 4489 D

2118 3198 2192 3252 tio
2234 3199 2642 3268 interpretatur.
2677 3198 2974 3253 Discessuri
3003 3198 3148 3254 enim
3171 3197 3415 3269 Apostoli
3440 3199 3508 3254 ad
3535 3214 3705 3256 evan-

2119 3288 2456 3358 gelizandum
2478 3288 2531 3342 in
2558 3287 2806 3359 gentibus
2827 3288 2926 3342 hoc
2948 3289 3049 3343 sibi
3073 3289 3471 3359 pncdicationis
3490 3289 3702 3360 signum

2117 3378 2202 3432 vel
2236 3379 2490 3433 indicium
2530 3387 2847 3448 posuerunt.
2903 3378 3157 3436 Continet
3194 3387 3373 3436 autem
3409 3380 3704 3436 confessio-

2120 3485 2242 3525 nem
2292 3471 2576 3526 Trinitatis
2619 3479 2676 3526 et
2709 3469 2977 3536 Unitatis,
3023 3479 3078 3526 et
3113 3471 3374 3525 unitatem
3423 3470 3703 3534 Ecclesite,

2119 3571 2176 3615 et
2217 3575 2378 3617 omne
2417 3559 2711 3616 Christiani
2761 3560 3030 3632 dogmatis
3078 3568 3494 3616 sacramentum.
3550 3557 3706 3626 Quod

2119 3651 2418 3722 symbolum
2471 3649 2595 3706 ﬁdei
2654 3661 2710 3706 et
2755 3651 2872 3720 spei
2926 3659 3125 3706 nostra:
3177 3666 3285 3706 non
3341 3650 3597 3706 scribitur
3649 3651 3703 3704 in

2119 3742 2306 3794 charta
2325 3748 2380 3794 et
2404 3747 2729 3806 atramento,
2753 3741 2846 3796 sed
2870 3741 2924 3796 in
2942 3740 3140 3796 tabulis
3163 3740 3346 3796 cordis
3365 3740 3700 3796 carnalibus.

2699 3850 2929 3910 CAPUT
2970 3849 3108 3906 XIV.

2581 3922 2657 3978 De
2684 3923 2921 3977 oratione
2944 3931 2991 3976 et
3017 3919 3250 3990 jejunio.

2190 4017 2376 4074 Oratio
2404 4015 2592 4086 petitio
2617 4014 2837 4069 dicitur.
2867 4010 3004 4065 Nam
3027 4025 3190 4092 orare
3219 4018 3304 4067 est
3337 4017 3524 4080 petere
3557 4028 3570 4065 ε
3599 4010 3707 4066 sic-

2120 4119 2181 4164 ut
2229 4123 2457 4164 exorare
2512 4106 2822 4172 impetrare.
2867 4100 3094 4158 Constat
3145 4110 3325 4156 autem
3371 4101 3548 4156 oratio
3583 4101 3705 4160 Ioco

2122 4209 2177 4255 et
2204 4210 2464 4268 tempore.
2496 4194 2658 4257 Loco,
2698 4192 2824 4262 quia
2861 4207 2966 4246 non
2995 4191 3192 4261 ubique
3220 4207 3236 4245 :
3266 4207 3388 4246 cum
3413 4192 3704 4260 prohibea-

2123 4305 2244 4344 mur
2277 4303 2306 4342 a
2336 4286 2555 4342 Christo
2585 4285 2636 4338 in
2665 4283 2877 4354 publico
2907 4296 3064 4337 orare
3097 4299 3110 4335 :
3147 4281 3242 4338 sed
3275 4281 3367 4338 ubi
3395 4283 3706 4352 opportuni-

2123 4391 2208 4435 tas
2229 4378 2455 4444 dederit,
2489 4383 2583 4431 aut
2607 4375 2904 4432 necessitas
2930 4375 3321 4446 importaverit.
3350 4375 3536 4446 Neque
3559 4377 3704 4432 enim

2123 4477 2311 4525 contra
2359 4475 2686 4540 praeceptum
2729 4466 3124 4536 reputatur-ab
3159 4466 3430 4536 Apostolis
3477 4466 3704 4534 factum,

2123 4561 2214 4630 qui
2249 4561 2301 4612 in
2323 4573 2578 4624 carcere,
2625 4557 2967 4612 audientibus
3004 4557 3317 4612 custodibus
3339 4597 3356 4621 ,
3401 4557 3633 4632 orabant
3652 4568 3710 4615 et

2124 4651 2388 4706 canebant
2429 4650 2559 4704 Deo.
2599 4649 2675 4704 De
2710 4656 2952 4718 tempore
2992 4663 3122 4704 vero
3161 4647 3366 4704 dictum
3401 4657 3488 4704 est
3523 4663 3539 4702 :
3578 4649 3708 4704 Siue

2123 4739 2502 4794 intermissione
2525 4749 2671 4793 orate
2693 4737 2746 4810 (1
2767 4737 2946 4794 Thess.
2971 4738 3048 4812 γ).
3078 4739 3186 4796 Sed
3208 4739 3313 4794 hoc
3336 4739 3390 4794 in
3417 4739 3705 4810 singulari-

2123 4830 2244 4884 bus.
2261 4829 2392 4884 Nam
2409 4829 2807 4885 estobservatio
2819 4831 3177 4900 quarumdam
3191 4831 3322 4886 hora
3330 4846 3446 4884 rum
3460 4847 3706 4886 commu-

2131 4924 2298 4986 nium,
2331 4939 2450 4992 qua:
2479 4922 2582 4977 diei
2615 4922 2930 4992 interspatia
2982 4923 3199 4991 signant
3227 4941 3242 4978 :
3271 4923 3448 4990 tertia,
3475 4932 3626 4980 sexta
3653 4932 3710 4978 et

2133 5031 2272 5068 nona
2313 5032 2324 5067 :
2357 5013 2606 5067 similiter
2627 5023 2683 5068 et.
2707 5012 2904 5068 noctis.
2943 5011 3050 5068 Sed
3083 5012 3204 5068 ideo
3233 5013 3315 5068 Ine
3339 5011 3526 5069 orandi
3560 5011 3709 5067 hora:

2131 5104 2316 5158 divisa:
2338 5115 2480 5170 sunt,
2507 5113 2563 5157 ut
2583 5104 2628 5158 si
2654 5103 2792 5158 forte
2813 5104 2992 5173 aliquo
3019 5104 3278 5158 fuerimus
3300 5119 3462 5172 opere
3484 5103 3706 5170 detenti,

2133 5194 2307 5264 ipsum
2339 5210 2438 5249 nos
2473 5195 2539 5248 ad
2564 5193 2796 5249 ofﬁciunt
2829 5204 3038 5264 tempus
3067 5194 3374 5250 admoneat.
3405 5194 3534 5261 Qua:
3568 5206 3706 5248 tem-

2131 5300 2261 5354 pora
2294 5285 2346 5339 in
2375 5283 2670 5356 Scripturis
2693 5285 3057 5342 inveniuntur.
3088 5285 3327 5340 Primum
3351 5286 3496 5341 enim
3533 5285 3708 5357 Spiri-

2132 5383 2220 5429 tus
2259 5385 2477 5430 sanctus
2516 5375 2855 5446 congregatis
2883 5374 3156 5446 discipulis
3198 5376 3328 5430 hora
3375 5378 3531 5431 tertia
3563 5375 3710 5430 infu-

2131 5479 2223 5518 sus
2240 5473 2338 5518 rest
2384 5465 2532 5534 (Act.
2563 5465 2674 5536 n);
2715 5474 2769 5521 et
2806 5465 2996 5521 Petrus
3023 5482 3126 5536 qua
3159 5468 3245 5522 die
3274 5468 3533 5524 visionem
3561 5483 3712 5522 com-

2135 5555 2514 5610 municationis
2563 5556 2616 5610 in
2661 5556 2762 5610 hoc
2808 5555 3028 5611 vasculo
3068 5565 3338 5626 expertus,
3383 5566 3537 5613 sexta
3577 5557 3716 5616 hora

2133 5649 2318 5703 orandi
2351 5651 2520 5719 gratia
2558 5649 2872 5704 ascenderat
2916 5649 3051 5722 (Act.
3093 5650 3169 5722 Χ).
3209 5649 3350 5705 Idem
3388 5649 3551 5704 etiam
3585 5661 3708 5702 cum
