4064 6206
301 388 399 441 I57

1256 395 1342 451 DE
1382 395 1726 453 υὶξινειιδο
1764 395 1941 451 LIBRI
1980 395 2140 450 XXII.
2184 427 2250 434 —
2289 393 2415 447 LIB.
2459 393 2537 451 \‘l.

3446 405 3550 462 153

295 500 499 557 )uanne
538 500 673 555 hora
720 517 857 556 nona
896 503 1150 573 templum
1191 505 1323 559 adiit
1359 505 1495 576 (Act.
1528 508 1633 577 ιιι),
1662 505 1877 577 quando
1902 512 1952 567 Α
1977 504 2131 573 cujus
2166 505 2334 561 altum
2361 515 2674 577 justumque
2707 507 2966 577 judicium
3000 511 3176 567 nullus
3219 523 3556 586 contemptor

294 592 651 661 paralyticum
677 595 895 648 sanitati
917 595 1158 664 pristinae
1185 595 1516 651 reformavit.
1552 598 1657 653 Sed
1683 608 1731 652 el
1767 598 1875 651 Da-

294 681 489 735 nielem
513 681 745 752 legimus
772 683 888 737 haec
923 692 1162 753 tempora
1191 685 1240 738 in
1267 686 1511 740 oratione
1540 687 1875 741 observasse.

296 770 363 828 Et
403 771 591 840 utique
614 787 681 825 ex
718 771 932 826 Israelis
962 772 1244 842 disciplina
1279 774 1554 837 docemur,
1583 782 1640 827 ut
1676 789 1744 829 ne
1775 775 1877 828 mi-

296 877 419 926 nus,
460 876 625 931 quam
678 870 780 925 ter,
825 862 882 916 in
930 862 1016 917 die
1058 863 1364 918 adoremus.
1407 863 1688 919 Debitores
1733 865 1878 919 enim

293 966 481 1005 sumus
511 951 697 1016 trium,
741 950 919 1006 Patris
947 961 1003 1006 et
1029 952 1149 1006 Filii
1181 964 1236 1008 et
1269 952 1501 1022 Spiritus
1537 954 1732 1008 sancti.
1773 955 1880 1009 Ex-

294 1044 469 1113 ceptis
494 1044 682 1114 utique
706 1052 763 1098 et
787 1044 909 1099 aliis
933 1044 1187 1115 legitimis
1213 1045 1548 1100 orationibus
1567 1086 1580 1108 ,
1612 1060 1732 1115 qua;
1762 1046 1880 1100 sine

294 1136 401 1189 ulla
429 1136 797 1191 admonitione
819 1137 1085 1191 debentur
1104 1137 1158 1190 in
1186 1137 1430 1207 ingressu
1455 1138 1591 1193 lucis
1618 1153 1683 1192 ac
1704 1138 1881 1193 noctis

295 1228 410 1281 sive
448 1228 755 1299 vigiliarum
790 1246 803 1279 :
848 1227 941 1282 sed
980 1236 1036 1282 et
1076 1229 1257 1283 cibum
1306 1245 1411 1284 non
1453 1231 1604 1298 prius
1644 1243 1876 1294 sumere,

297 1335 458 1387 quam
487 1319 806 1389 intraposita
826 1320 1091 1386 oratione.
1119 1320 1307 1375 Priora
1325 1321 1471 1375 enim
1485 1322 1729 1376 habenda
1755 1330 1882 1376 sunt

297 1410 533 1481 Spiritus
550 1410 830 1483 refrigeria
857 1427 1019 1481 quam
1045 1421 1278 1467 terrena.
1304 1413 1405 1480 Qui
1431 1423 1609 1468 autem
1622 1413 1735 1466 vult
1757 1429 1882 1468 ora-

299 1503 499 1557 tionem
515 1518 669 1557 suam
685 1503 750 1557 ad
767 1502 1050 1557 Dominum
1064 1503 1245 1557 volare
1262 1545 1276 1571 ,
1312 1503 1561 1557 faciatilli
1574 1504 1710 1557 duas
1723 1502 1838 1559 alas
1861 1522 1875 1557 :

292 1590 554 1661 jejunium
602 1601 657 1647 et
702 1592 1099 1664 cleemosynam
1135 1608 1151 1646 :
1189 1603 1244 1648 et
1269 1594 1510 1648 ascendit
1547 1593 1793 1648 celeriter
1825 1601 1882 1648 et

297 1685 605 1738 exauditur.
654 1681 925 1751 Jejunium
972 1691 1057 1738 est
1102 1684 1434 1754 parcimonia
1469 1684 1666 1749 victus,
1714 1684 1882 1739 absti-

298 1776 587 1844 nentiaque
618 1776 862 1830 ciborum
882 1817 897 1841 ,
926 1776 1014 1830 cui
1043 1791 1240 1830 nomen
1276 1776 1505 1831 inditum
1542 1791 1606 1829 ex
1647 1775 1878 1845 quadam

298 1880 449 1939 parte
490 1871 758 1924 viscerum
794 1870 941 1924 tenui
971 1884 1186 1939 semper
1214 1878 1270 1923 et
1307 1883 1512 1933 vacua,
1551 1868 1696 1937 quod
1724 1867 1881 1937 vulgo

288 1964 535 2033 jejunum
579 1971 823 2017 vocatur.
883 1961 1032 2019 Unde
1078 1960 1342 2031 jejunium
1386 1974 1583 2016 nomen
1642 1960 1884 2016 creditur

295 2053 621 2116 derivatum,
648 2052 789 2121 quod
810 2052 893 2106 sui
918 2051 1091 2106 inedia
1113 2051 1322 2106 viscera
1340 2065 1510 2105 vacua
1533 2057 1588 2106 et
1607 2049 1882 2105 exinanita

295 2145 551 2201 existant.
578 2144 846 2213 Jejunium
874 2154 1050 2198 autem
1080 2152 1136 2199 et
1155 2144 1318 2199 statio
1341 2142 1556 2198 dicitur.
1585 2141 1760 2224 Statio
1784 2157 1880 2196 au-

297 2245 403 2291 tetn
434 2237 502 2290 de
527 2235 747 2289 militari
778 2235 1025 2305 exemplo
1045 2249 1240 2288 nomen
1263 2235 1472 2303 accepit
1498 2247 1598 2303 pro
1627 2247 1708 2295 eo,
1739 2232 1883 2300 quod

297 2327 439 2382 nulla
497 2328 684 2382 laetitia
730 2326 1025 2381 obveniens
1068 2325 1268 2381 castris
1311 2325 1599 2380 stationem
1648 2323 1882 2378 militum

296 2419 579 2475 rescindit.
610 2419 744 2474 Nam
778 2418 975 2474 lentius
997 2418 1201 2483 laetitia,
1237 2419 1454 2475 tristitia
1482 2417 1766 2473 sollicitius
1790 2416 1883 2470 ad-

297 2513 575 2567 ministrat
622 2509 986 2580 disciplinam.
1045 2510 1201 2566 Unde
1254 2520 1309 2567 et
1353 2511 1554 2567 milites
1609 2523 1885 2579 nunquam

299 2605 647 2658 immemores
694 2601 1035 2657 Sacramenti
1083 2603 1256 2674 magis
1301 2603 1624 2659 stationibus
1667 2607 1881 2673 parent.

299 2698 626 2753 Discernunt
671 2704 851 2751 autem
897 2697 1116 2766 quidam
1158 2697 1301 2752 inter
1323 2695 1583 2766 jejunium
1618 2704 1673 2751 et
1698 2695 1886 2751 statio—

296 2803 441 2843 nem.
475 2786 611 2839 Nam
639 2783 904 2855 jejunium
935 2797 1019 2843 est
1060 2787 1426 2842 indifferenter
1465 2786 1747 2856 cujuslibet
1774 2785 1883 2842 diei

296 2879 623 2933 abstinentia
672 2895 779 2934 non
824 2880 1119 2934 secundum
1173 2880 1389 2952 legem,
1446 2880 1542 2935 sed
1588 2878 1883 2934 secundum

295 2970 575 3040 propriam
617 2968 968 3023 voluntatem.
999 2969 1190 3026 ‘Statio
1228 2977 1409 3026 autem
1446 2979 1530 3025 est
1577 2967 1885 3024 observatio

295 3065 627 3112 statutorum
648 3057 732 3132 vel
754 3065 1056 3128 temporum
1077 3059 1162 3114 vel
1190 3060 1420 3125 dierum,
1443 3066 1503 3113 ut
1529 3065 1721 3129 quarta
1747 3057 1883 3112 feria

293 3163 355 3208 et
382 3161 536 3207 sexta
587 3151 718 3206 feria
743 3151 1008 3223 jejunium
1038 3168 1104 3209 ex
1141 3155 1312 3208 veteri
1348 3153 1466 3223 lege
1499 3161 1824 3223 praeceptum
1866 3171 1879 3207 ι

296 3248 365 3302 de
395 3263 504 3318 qua
536 3247 770 3302 statione
794 3248 847 3303 in
876 3248 1166 3320 Evangelio
1189 3248 1327 3307 dixit
1348 3248 1434 3303 ille
1463 3267 1476 3301 :
1502 3247 1698 3318 Jejuno
1727 3248 1804 3302 bis
1830 3249 1883 3302 in

295 3336 514 3391 sabbato
549 3334 701 3407 (Luc.
750 3338 928 3407 xvtu),
966 3338 1017 3392 id
1046 3348 1129 3393 est
1151 3346 1339 3408 quarta
1373 3345 1426 3393 et
1461 3347 1613 3393 sexta
1651 3337 1882 3393 sabbati.

297 3425 625 3497 Temporum
650 3436 852 3494 autem,
876 3443 994 3498 quae
1016 3428 1275 3500 legalibus
1299 3445 1362 3484 ac
1382 3429 1711 3501 propheticis
1733 3429 1887 3484 iusti-

295 3520 599 3573 tutionibus
640 3520 943 3575 terminatis
978 3522 1312 3593 temporibus
1351 3523 1594 3576 instituta
1621 3530 1751 3577 sunt
1785 3541 1796 3576 :
1830 3529 1888 3577 ut

287 3605 559 3679 jejunium
581 3609 783 3678 quarti,
808 3610 1006 3679 quinti,
1034 3612 1244 3682 scptimi
1272 3627 1336 3666 ac
1363 3612 1555 3667 decimi
1580 3631 1593 3667 :
1619 3612 1727 3675 vel,
1749 3613 1888 3668 sicut

298 3698 353 3751 in
378 3698 696 3768 Evangelia,
724 3699 840 3753 dies
871 3699 966 3764 illi,
1002 3701 1054 3754 in
1080 3701 1275 3771 quibus
1303 3701 1514 3757 ablatus
1544 3713 1629 3757 est
1659 3718 1888 3772 sponsus

299 3786 520 3857 (Matth.
550 3787 629 3859 ix)
656 3805 669 3840 :
694 3788 781 3842 vel
800 3789 938 3843 sicut
963 3790 1270 3845 observatio
1299 3791 1744 3863 quadragesimte,
1769 3809 1888 3863 qua:

302 3882 358 3935 in
397 3884 653 3938 universo
688 3883 862 3949 Orbe,
907 3885 1244 3941 institutione
1284 3887 1595 3956 apostolica,
1629 3888 1889 3941 observa-

300 3983 388 4027 tur
411 3975 561 4029 circa
585 3975 880 4030 confinium
903 3977 1197 4047 Dominicaa
1226 3976 1528 4032 Passionis.
1547 3976 1642 4033 Ilis
1669 3978 1886 4032 tertium

298 4077 470 4135 genus
503 4067 726 4136 quidam
778 4069 1068 4139 adjiciunt,
1110 4071 1252 4139 quod
1297 4058 1624 4141 xerofagiam
1667 4070 1884 4136 dicunt,

299 4156 685 4210 abstinentiam
724 4158 930 4212 scilicet
969 4158 1212 4213 ciborum
1255 4159 1611 4214 humentittm.
1653 4156 1806 4214 Unde
1834 4165 1889 4212 el.

300 4260 498 4299 nomen
539 4246 644 4300 hoc
689 4247 894 4313 datum,
944 4263 1009 4302 eo
1064 4248 1210 4318 quod
1269 4249 1486 4319 quidam
1544 4249 1703 4304 siccis
1748 4250 1888 4306 escis

302 4348 546 4391 UIﬂﬂlUI‘.

905 4427 1130 4485 CAPUT
1175 4429 1289 4485 XV.

398 4519 481 4571 De
507 4523 821 4588 paenitentia:
845 4521 1203 4592 satisfactione
1230 4530 1386 4591 atque
1416 4520 1782 4593 exomologcsi.

362 4607 690 4661 Paenitentia
740 4608 1032 4678 appellata,
1085 4610 1238 4678 quasi
1283 4610 1575 4685 punientia,
1622 4625 1688 4665 eo
1737 4610 1881 4681 quod

291 4698 408 4767 ipse
440 4698 604 4751 homo
621 4698 675 4750 in
700 4711 760 4751 se
781 4687 1095 4767 pfnnitendo
1114 4699 1290 4769 punit,
1313 4701 1456 4769 quod
1477 4700 1617 4754 male
1641 4701 1878 4755 admisit.

290 4786 426 4841 Nam
469 4786 603 4840 nihil
631 4797 834 4857 agunt,
878 4803 1014 4858 quos
1051 4790 1320 4845 veraciter
1347 4791 1597 4859 paenitet,
1651 4791 1793 4857 nisi,
1824 4800 1883 4845 ut

286 4879 368 4943 id,
399 4878 547 4948 quod
580 4879 719 4933 male
736 4878 993 4945 fecerint,
1031 4882 1353 4952 impunitum
1383 4897 1504 4938 esse
1542 4900 1647 4938 non
1677 4885 1876 4939 sinant.

285 4969 367 5023 Eo
411 4968 613 5039 quippe
656 4969 814 5023 modo
859 4970 962 5025 sibi
1010 4986 1117 5025 non
1159 4973 1507 5042 parcentibus
1554 4973 1643 5029 ille
1683 4976 1880 5045 parcit,

1912 1854 1954 1911 B

1912 4554 1965 4613 D

1980 599 2190 653 evadet.
2238 599 2485 656 Perfecta
2530 610 2616 657 est
2661 614 2841 657 autem
2878 605 3197 674 poenitentia
3223 647 3238 672 ,
3282 611 3555 676 przeterita

1979 688 2204 755 deﬂere,
2249 700 2304 746 et
2338 691 2518 746 futura
2561 709 2670 748 non
2709 695 3012 750 admittere.
3059 696 3186 752 Haec
3221 701 3453 755 secunda
3500 702 3554 755 in

1980 780 2329 836 similitudine
2358 782 2520 838 fontis
2547 792 2632 839 est
2663 803 2676 838 :
2704 792 2765 838 ut
2788 785 2834 840 si
2870 784 3039 851 forte,
3071 787 3417 860 impugnante
3443 790 3558 844 dia~

1977 874 2120 941 bolo,
2146 875 2362 946 aliquod
2385 887 2665 946 peccatum
2689 880 2987 950 irrepserit,
3011 881 3166 951 hujus
3187 884 3559 943 satisfactione

1978 973 2255 1035 purgetur.
2304 965 2614 1024 Satisfaetio
2648 978 2827 1026 autem
2867 984 2949 1027 est
2977 988 3170 1029 causas
3208 986 3554 1045 peccatorum

1981 1063 2037 1109 et
2059 1057 2429 1126 suggestioues
2455 1058 2740 1117 excludere
2771 1070 2826 1116 et
2856 1062 2994 1117 ultra
3020 1073 3305 1134 peccatum
3328 1083 3433 1122 non
3464 1069 3564 1123 ite-

1983 1162 2127 1201 rare.
2156 1147 2546 1205 lieconciliatio
2572 1167 2701 1207 vero
2724 1163 2806 1208 est
2823 1194 2839 1220 ,
2876 1156 3018 1223 quod
3048 1166 3170 1227 post
3197 1161 3556 1228 complemen-

1984 1243 2099 1289 tum
2130 1239 2462 1306 poanitentiae
2495 1242 2798 1298 adhibetur.
2845 1243 2976 1299 Nam
3019 1247 3161 1302 sicut
3205 1250 3562 1307 conciliantur

1981 1326 2091 1383 Deo
2110 1368 2124 1392 ,
2151 1331 2366 1398 quando
2395 1333 2628 1402 primum
2660 1350 2690 1388 a
2723 1337 3022 1406 gentilitate
3044 1341 3412 1395 convertimur
3440 1358 3453 1395 :
3484 1343 3556 1397 ita

1981 1417 2431 1484 reconciliamur,
2480 1423 2695 1490 quando
2748 1435 2871 1493 post
2917 1436 3196 1495 peccatum
3245 1430 3560 1498 ptenitendo

1982 1509 2337 1578 regredimur.
2370 1504 2774 1585 Exomologesis
2827 1531 3004 1585 gneco
3049 1520 3308 1575 vocabulo
3338 1521 3556 1587 dicitur,

1981 1600 2122 1667 quod
2151 1598 2342 1656 Latine
2386 1594 2642 1672 confessio
2682 1605 3087 1677 interpretatur.
3125 1608 3291 1678 Cujus
3324 1615 3560 1669 nominis

1983 1688 2174 1757 duplex
2217 1689 2540 1759 signiﬁcatio
2571 1701 2670 1747 est.
2711 1694 2820 1748 Aut
2852 1697 2994 1750 enim
3028 1699 3079 1752 in
3116 1699 3274 1755 laude
3304 1701 3559 1773 intelligi-

1986 1786 2074 1833 tur
2109 1779 2396 1846 confessio,
2437 1782 2577 1837 sicut
2614 1790 2698 1838 est
2726 1802 2738 1838 :
2770 1782 3035 1856 Conﬁteor
3075 1789 3187 1855 tibi,
3222 1789 3402 1857 Pater,
3448 1793 3561 1846 Do.

1983 1868 2120 1922 mine
2136 1870 2247 1923 caeli
2272 1880 2319 1927 et
2350 1881 2502 1927 terra:
2527 1872 2737 1943 (Matth.
2765 1876 2838 1947 ιι)
2868 1896 2880 1930 :
2906 1889 2998 1937 aut
3023 1880 3146 1935 dum
3174 1882 3405 1951 quisque
3427 1900 3561 1940 con-

1984 1957 2165 2014 litetur
2179 1976 2275 2016 sua
2300 1974 2519 2031 peccata
2539 1966 2607 2019 ab
2625 1981 2690 2020 eo
2707 1966 3051 2039 indulgeuda,
3066 1970 3220 2040 cujus
3244 1970 3562 2029 indeﬁciens

1981 2059 2065 2105 est
2093 2051 2480 2107 misericordia.
2513 2055 2591 2109 Ex
2627 2057 2731 2113 hoc
2761 2056 2924 2128 igitur
2947 2075 3125 2130 graeco
3162 2063 3426 2117 vocabulo
3463 2081 3560 2118 ex-

1982 2141 2235 2209 primitur
2289 2151 2344 2196 ct
2383 2142 2756 2212 frequentatur
2800 2148 3228 2218 exomologesis,
3280 2153 3422 2220 quod
3463 2156 3561 2208 de-

1982 2230 2170 2289 lictum
2201 2240 2442 2291 nostrum
2472 2236 2699 2290 Domino
2727 2235 3072 2304 conﬁtemur,
3100 2254 3205 2295 non
3230 2241 3469 2310 quidem,
3505 2254 3564 2298 ut

1982 2320 2348 2391 ignaro,cujus
2362 2324 2616 2394 agnitioni
2635 2326 2764 2381 nihil
2777 2327 3044 2383 occultum
3059 2338 3142 2384 est
3157 2347 3170 2384 :
3188 2331 3282 2387 sed
3294 2332 3562 2389 confessio

1982 2420 2067 2466 est
2092 2412 2169 2467 rei
2192 2413 2397 2469 scilicet
2423 2415 2559 2485 ejus,
2585 2431 2704 2485 quae
2727 2417 3022 2489 ignoratur,
3046 2423 3286 2491 professa
3306 2425 3558 2494 cognitio.

1984 2502 2130 2561 Utile
2157 2504 2302 2559 enim
2344 2505 2448 2561 sibi
2487 2521 2552 2561 ac
2576 2505 2869 2583 jucundum
2900 2510 3184 2581 quisquam
3223 2528 3343 2573 esse
3379 2515 3562 2569 existi-

1983 2606 2230 2652 maverat
2264 2613 2473 2668 rapere,
2511 2598 2835 2667 adulterare,
2881 2601 3051 2663 furari
3102 2620 3117 2657 :
3167 2605 3258 2665 sed
3310 2605 3400 2666 ubi
3449 2606 3563 2669 bace

1982 2695 2202 2743 aeterna:
2231 2688 2562 2744 damnationi
2600 2690 2830 2747 obnoxia
2862 2706 2984 2749 esse
3026 2695 3303 2765 cognovit,
3334 2698 3565 2767 cognitis

1984 2779 2072 2836 bis
2095 2778 2382 2835 conﬁtetur
2397 2795 2661 2837 errorem.
2688 2780 2971 2841 Confessio
2983 2792 3162 2838 autem
3189 2786 3409 2850 erroris,
3439 2803 3567 2842 con-

1984 2869 2150 2926 fessio
2190 2880 2278 2929 est
2320 2870 2620 2929 desinendi.
2673 2871 3033 2928 Desinendum
3077 2889 3205 2944 ergo
3252 2889 3284 2931 a
3329 2878 3566 2944 peccatis

1984 2971 2087 3028 est,
2119 2964 2244 3019 dum
2274 2962 2542 3020 confessio
2563 2973 2663 3019 est.
2692 2963 2973 3023 Confessio
3001 2968 3290 3044 antecedit,
3318 2969 3567 3025 remissio

1984 3055 2246 3123 sequitur.
2283 3053 2550 3109 Caeterum
2589 3064 2743 3111 extra
2771 3055 2982 3111 veniam
3020 3064 3126 3123 est,
3155 3058 3247 3128 qui
3285 3068 3566 3127 peccatum

1987 3145 2282 3219 cognoscit,
2321 3161 2420 3201 nec
2457 3147 2728 3219 cognitum
2776 3147 3081 3208 conﬁtetur.
3130 3150 3314 3220 Itaque
3350 3167 3569 3211 exomo-

1989 3237 2186 3309 logesis
2217 3239 2593 3307 prosterucndi
2625 3239 2709 3294 vel
2754 3238 2955 3297 humile
2994 3240 3223 3299 faciendi
3261 3244 3568 3300 hominibus

1987 3330 2266 3400 disciplina
2317 3338 2416 3395 est,
2469 3331 2657 3387 habitu
2702 3340 2863 3402 atque
2895 3333 3041 3390 victu
3084 3349 3242 3389 sacco
3283 3343 3339 3390 et
3382 3336 3567 3391 cinere

1988 3422 2273 3478 incurvare
2303 3439 2518 3493 corpus,
2552 3424 2802 3481 sordibus
2829 3425 3141 3491 obscurare,
3173 3427 3407 3483 animum
3436 3443 3570 3483 tuo:-

1987 3518 2202 3572 roribus
2235 3515 2487 3585 dejicere,
2522 3516 2630 3582 illa,
2660 3533 2781 3588 quae
2827 3527 3051 3588 peccant
3083 3519 3223 3575 tristi
3249 3520 3570 3575 tractatione

1986 3616 2217 3662 mutare.
2262 3606 2489 3661 Litanite
2527 3615 2704 3663 autem
2751 3623 2926 3679 graeco
2965 3608 3183 3665 nomine
3209 3608 3568 3678 appellantur,

1989 3714 2109 3769 qum
2141 3697 2333 3753 Latine
2362 3698 2619 3754 dicuntur
2647 3701 2975 3770 rogationes.
3018 3701 3166 3756 Inter
3192 3701 3404 3757 litanias
3439 3717 3570 3757 vero

1987 3798 2043 3846 et
2106 3790 2505 3862 exomologesin
2572 3792 2675 3847 hoc
2737 3791 2938 3858 diﬂ'ert,
2991 3792 3133 3861 quod
3178 3793 3571 3863 exomologesis

1988 3896 2088 3951 pro
2137 3881 2251 3936 sola
2308 3881 2647 3937 confessione
2696 3893 3041 3951 peccatorum
3096 3883 3275 3953 agitur
3316 3901 3329 3936 :
3370 3883 3570 3938 ιίιειιιίω

1988 3988 2140 4039 vero,
2180 3988 2302 4043 quae
2334 3974 2647 4028 indicuntur
2669 3983 2892 4043 propter
2929 3974 3221 4043 rogandum
3256 3973 3566 4035 Dominum.

1988 4075 2043 4121 et
2086 4066 2481 4135 impetrandam
2527 4064 2762 4133 aliquam
2803 4064 2921 4133 ejus
2967 4063 3410 4119 misericordiam.
3462 4061 3567 4117 Sed

1989 4172 2259 4225 nunc1am
2283 4166 2569 4226 utrumque
2590 4155 2908 4210 vocabulum
2935 4153 3035 4209 sub
3050 4169 3153 4209 una
3181 4153 3571 4223 significatione

1989 4250 2219 4305 habetur
2251 4265 2264 4301 :
2298 4262 2398 4303 nec
2436 4247 2602 4303 distat
2627 4245 2819 4315 vulgo,
2849 4254 3030 4300 utrum
3087 4243 3288 4299 litanias
3320 4260 3389 4298 an
3436 4260 3569 4299 exo-

1991 4338 2278 4410 mologesis
2315 4338 2585 4393 dicantur.
2626 4335 3045 4406 Supplicationis
3077 4351 3272 4390 nomen
3301 4336 3567 4405 quodam-

1990 4430 2150 4485 modo
2198 4443 2343 4483 nunc
2375 4443 2440 4482 ex
2469 4426 2772 4498 gentilitate
2800 4426 3079 4482 retinetur.
3121 4425 3255 4480 Nam
3291 4424 3440 4481 ferite
3476 4434 3572 4482 aut

1991 4521 2243 4592 legitimae
2261 4530 2417 4576 erant
2436 4520 2575 4591 apud
2595 4534 2709 4586 eos,
2736 4526 2831 4573 aut
2856 4518 3092 4574 indictae.
3120 4517 3340 4574 Indicae
3361 4527 3565 4584 autem,

1990 4614 2115 4685 quia
2163 4619 2452 4684 paupertas
2494 4611 2717 4682 antiqua
2759 4610 3122 4667 Romanorum
3169 4624 3238 4664 ex
3283 4609 3571 4665 collatione

1990 4704 2354 4769 sacrificabat,
2395 4710 2489 4758 aut
2516 4710 2667 4758 certe
2695 4703 2763 4757 de
2795 4702 2952 4757 bonis
2983 4702 3382 4756 damnatorum.
3415 4699 3569 4754 Unde

1990 4805 2044 4851 et
2072 4794 2330 4866 supplicia
2358 4794 2611 4849 dicuntur
2640 4793 3092 4864 supplicationes,
3131 4808 3251 4862 qua:
3280 4791 3478 4845 fiebant
3501 4791 3570 4845 de

1989 4886 2146 4941 bonis
2181 4900 2462 4956 passorum
2490 4884 2769 4955 supplicia.
2812 4885 2994 4943 Sacrae
3021 4885 3165 4940 enim
3198 4882 3381 4946 res,de
3406 4881 3570 4940 rebus

1988 4976 2443 5032 exsecrandorum
2463 4974 2683 5031 ﬁebant.

1535 5212 1831 5293 LIBER
1909 5213 2324 5291 SEXTUS.

808 5478 1034 5534 CAPUT
1060 5477 1354 5535 PRIMUM.

674 5568 755 5624 De
778 5569 988 5622 [tamine
1015 5578 1064 5622 et
1092 5570 1329 5638 partibus
1363 5569 1500 5639 ejus.

348 5664 556 5720 Natura
586 5661 739 5715 dicta
768 5660 837 5713 ab
858 5674 958 5724 eo,
995 5659 1139 5727 quod
1167 5660 1319 5713 nasci
1347 5659 1546 5730 aliquid
1576 5660 1758 5716 faciat.
1783 5661 1880 5717 Gi-

1995 5482 2161 5536 Deum
2203 5495 2323 5535 esse
2370 5480 2642 5548 dixerunt,
2688 5497 2719 5535 a
2759 5494 2867 5550 quo
2904 5480 3083 5535 omnia
3126 5488 3309 5536 creata
3348 5492 3474 5536 sunt
3514 5493 3569 5543 et

1935 5620 1939 5623 .
1989 5574 2247 5630 existunt.
2293 5571 2476 5628 Genus
2516 5588 2550 5647 β
2582 5572 2849 5643 gignendo
2882 5573 3106 5640 dictum,
3149 5574 3236 5628 cui
3268 5576 3568 5633 derivatum

1988 5679 2236 5719 nomena
2261 5671 2428 5728 terra,
2463 5679 2528 5718 ex
2572 5679 2679 5732 qua
2720 5665 2900 5719 omnia
2942 5665 3264 5737 gignuntur;
3307 5662 3381 5719 Ge
3424 5667 3571 5728 enizn

273 5757 478 5830 επιεικιὶ
520 5754 675 5811 enim
719 5759 774 5806 et
807 5748 1039 5805 faciendi
1073 5759 1265 5820 potens
1320 5760 1422 5807 est.
1472 5754 1622 5809 IIanc
1660 5756 1878 5825 quidam
1987 5757 2390 5816 Crtecctcrram
2420 5756 2625 5812 dicunt.
2648 5754 2765 5813 Vita
2795 5758 2935 5817 dicta
2961 5764 3185 5833 propter
3204 5756 3457 5827 vigorem,
3486 5756 3569 5818 vel

736 5871 1012 5934 Ρηιιοι.
1051 5868 1216 5933 CXI.

3060 5872 3098 5939 5
