  <div class='ocr_page' id='page_1' title='image "/cluster/home/n/w/nwhite01/storage/ocr_20150623/111/hvd.32044054759766/075.png"; bbox 0 0 4064 6206; ppageno 0'>
   <div class='ocr_carea' id='block_1_1' title="bbox 429 342 531 398">
    <p class='ocr_par' dir='ltr' id='par_1_1' title="bbox 429 342 531 398">
     <span class='ocr_line' id='line_1_1' title="bbox 429 342 531 398; baseline -0.029 0"><span class='ocrx_word' id='word_1_1' title='bbox 429 342 531 398; x_wconf 74' lang='lat' dir='ltr'><strong>I39</strong></span> 
     </span>
    </p>
   </div>
   <div class='ocr_carea' id='block_1_2' title="bbox 1062 342 3030 405">
    <p class='ocr_par' dir='ltr' id='par_1_2' title="bbox 1062 342 3030 405">
     <span class='ocr_line' id='line_1_2' title="bbox 1062 342 3030 405; baseline 0.004 -9"><span class='ocrx_word' id='word_1_2' title='bbox 1062 342 1121 397; x_wconf 76' lang='grc' dir='ltr'>Β.</span> <span class='ocrx_word' id='word_1_3' title='bbox 1162 342 1415 399; x_wconf 76' lang='grc' dir='ltr'><strong>ΒΑΒᾹΝΙ</strong></span> <span class='ocrx_word' id='word_1_4' title='bbox 1452 344 1677 402; x_wconf 75' lang='lat' dir='ltr'><strong>MAUBI</strong></span> <span class='ocrx_word' id='word_1_5' title='bbox 1711 346 2033 403; x_wconf 76' lang='lat' dir='ltr'><strong>ARClllEl‘.</strong></span> <span class='ocrx_word' id='word_1_6' title='bbox 2078 346 2382 405; x_wconf 73' lang='lat' dir='ltr'><strong>MOGUNT.</strong></span> <span class='ocrx_word' id='word_1_7' title='bbox 2426 345 2709 403; x_wconf 76' lang='lat' dir='ltr'><strong>OPERUM</strong></span> <span class='ocrx_word' id='word_1_8' title='bbox 2752 346 2931 404; x_wconf 79' lang='lat' dir='ltr'><strong>PARS</strong></span> <span class='ocrx_word' id='word_1_9' title='bbox 2966 348 3030 404; x_wconf 84' lang='lat' dir='ltr'><strong>ll.</strong></span> 
     </span>
    </p>
   </div>
   <div class='ocr_carea' id='block_1_3' title="bbox 3584 358 3688 417">
    <p class='ocr_par' dir='ltr' id='par_1_3' title="bbox 3584 358 3688 417">
     <span class='ocr_line' id='line_1_3' title="bbox 3584 358 3688 417; baseline 0.048 -4"><span class='ocrx_word' id='word_1_10' title='bbox 3584 358 3688 417; x_wconf 73' lang='lat' dir='ltr'><strong>HD</strong></span> 
     </span>
    </p>
   </div>
   <div class='ocr_carea' id='block_1_4' title="bbox 425 454 3689 539">
    <p class='ocr_par' dir='ltr' id='par_1_4' title="bbox 425 454 3689 539">
     <span class='ocr_line' id='line_1_4' title="bbox 425 454 3689 539; baseline 0.006 -27"><span class='ocrx_word' id='word_1_11' title='bbox 425 456 570 529; x_wconf 89' lang='lat' dir='ltr'><strong>quod</strong></span> <span class='ocrx_word' id='word_1_12' title='bbox 620 454 732 508; x_wconf 87' lang='lat' dir='ltr'><strong>vim</strong></span> <span class='ocrx_word' id='word_1_13' title='bbox 777 462 958 509; x_wconf 88' lang='lat' dir='ltr'><strong>teneat</strong></span> <span class='ocrx_word' id='word_1_14' title='bbox 995 456 1249 511; x_wconf 86' lang='lat' dir='ltr'><strong>nascendi</strong></span> <span class='ocrx_word' id='word_1_15' title='bbox 1302 467 1466 527; x_wconf 89' lang='lat' dir='ltr'><strong>atque</strong></span> <span class='ocrx_word' id='word_1_16' title='bbox 1510 459 1809 515; x_wconf 80' lang='lat' dir='ltr'><strong>crescendi.</strong></span> <span class='ocrx_word' id='word_1_17' title='bbox 1856 459 2008 518; x_wconf 88' lang='lat' dir='ltr'><strong>Unde</strong></span> <span class='ocrx_word' id='word_1_18' title='bbox 2034 468 2085 527; x_wconf 75' lang='grc' dir='ltr'><strong>Α</strong></span> <span class='ocrx_word' id='word_1_19' title='bbox 2110 463 2283 518; x_wconf 80' lang='lat' dir='ltr'><strong>minus</strong></span> <span class='ocrx_word' id='word_1_20' title='bbox 2311 476 2332 515; x_wconf 90' lang='lat'><strong><em>:</em></strong></span> <span class='ocrx_word' id='word_1_21' title='bbox 2360 464 2487 534; x_wconf 84' lang='lat' dir='ltr'><strong>quia</strong></span> <span class='ocrx_word' id='word_1_22' title='bbox 2525 463 2626 518; x_wconf 90' lang='lat' dir='ltr'><strong>etsi</strong></span> <span class='ocrx_word' id='word_1_23' title='bbox 2657 463 2886 519; x_wconf 75' lang='lat' dir='ltr'><strong>mortale</strong></span> <span class='ocrx_word' id='word_1_24' title='bbox 2925 480 3123 536; x_wconf 86' lang='lat' dir='ltr'><strong>corpus</strong></span> <span class='ocrx_word' id='word_1_25' title='bbox 3159 469 3469 539; x_wconf 90' lang='lat' dir='ltr'><strong>assumpsit,</strong></span> <span class='ocrx_word' id='word_1_26' title='bbox 3504 480 3689 531; x_wconf 79' lang='lat' dir='ltr'><strong>tamen</strong></span> 
     </span>
    </p>
   </div>
   <div class='ocr_carea' id='block_1_5' title="bbox 423 545 2008 621">
    <p class='ocr_par' dir='ltr' id='par_1_5' title="bbox 423 545 2008 621">
     <span class='ocr_line' id='line_1_5' title="bbox 423 545 2008 621; baseline 0.003 -17"><span class='ocrx_word' id='word_1_27' title='bbox 423 556 481 604; x_wconf 87' lang='lat' dir='ltr'><strong>et</strong></span> <span class='ocrx_word' id='word_1_28' title='bbox 503 546 726 601; x_wconf 82' lang='lat' dir='ltr'><strong>arbores</strong></span> <span class='ocrx_word' id='word_1_29' title='bbox 753 546 918 601; x_wconf 88' lang='lat' dir='ltr'><strong>vitam</strong></span> <span class='ocrx_word' id='word_1_30' title='bbox 948 545 1146 602; x_wconf 85' lang='lat' dir='ltr'><strong>habere</strong></span> <span class='ocrx_word' id='word_1_31' title='bbox 1174 547 1447 613; x_wconf 88' lang='lat' dir='ltr'><strong>dicuntur,</strong></span> <span class='ocrx_word' id='word_1_32' title='bbox 1479 550 1605 619; x_wconf 83' lang='lat' dir='ltr'><strong>quia</strong></span> <span class='ocrx_word' id='word_1_33' title='bbox 1632 551 1926 621; x_wconf 86' lang='lat' dir='ltr'><strong>gignuntur</strong></span> <span class='ocrx_word' id='word_1_34' title='bbox 1950 561 2008 608; x_wconf 89' lang='lat' dir='ltr'><strong>et</strong></span> 
     </span>
    </p>
   </div>
   <div class='ocr_carea' id='block_1_6' title="bbox 423 636 2005 708">
    <p class='ocr_par' dir='ltr' id='par_1_6' title="bbox 423 636 2005 708">
     <span class='ocr_line' id='line_1_6' title="bbox 423 636 2005 708; baseline 0.003 -15"><span class='ocrx_word' id='word_1_35' title='bbox 423 644 698 693; x_wconf 86' lang='lat' dir='ltr'><strong>crescunt.</strong></span> <span class='ocrx_word' id='word_1_36' title='bbox 726 636 897 690; x_wconf 87' lang='lat' dir='ltr'><strong>Homo</strong></span> <span class='ocrx_word' id='word_1_37' title='bbox 924 636 1121 702; x_wconf 89' lang='lat' dir='ltr'><strong>dictus,</strong></span> <span class='ocrx_word' id='word_1_38' title='bbox 1141 637 1268 707; x_wconf 86' lang='lat' dir='ltr'><strong>quia</strong></span> <span class='ocrx_word' id='word_1_39' title='bbox 1288 653 1356 693; x_wconf 84' lang='lat' dir='ltr'><strong>ex</strong></span> <span class='ocrx_word' id='word_1_40' title='bbox 1386 639 1549 694; x_wconf 91' lang='lat' dir='ltr'><strong>humo</strong></span> <span class='ocrx_word' id='word_1_41' title='bbox 1575 650 1659 696; x_wconf 87' lang='lat' dir='ltr'><strong>est</strong></span> <span class='ocrx_word' id='word_1_42' title='bbox 1684 640 2005 708; x_wconf 80' lang='lat' dir='ltr'><strong>factus,sic-</strong></span> 
     </span>
    </p>
   </div>
   <div class='ocr_carea' id='block_1_7' title="bbox 425 724 2004 787">
    <p class='ocr_par' dir='ltr' id='par_1_7' title="bbox 425 724 2004 787">
     <span class='ocr_line' id='line_1_7' title="bbox 425 724 2004 787; baseline 0.003 -5"><span class='ocrx_word' id='word_1_43' title='bbox 425 734 486 782; x_wconf 91' lang='lat' dir='ltr'><strong>ut</strong></span> <span class='ocrx_word' id='word_1_44' title='bbox 530 734 586 783; x_wconf 88' lang='lat' dir='ltr'><strong>et</strong></span> <span class='ocrx_word' id='word_1_45' title='bbox 627 726 683 781; x_wconf 93' lang='lat' dir='ltr'><strong>in</strong></span> <span class='ocrx_word' id='word_1_46' title='bbox 715 724 913 782; x_wconf 86' lang='lat' dir='ltr'><strong>Genesi</strong></span> <span class='ocrx_word' id='word_1_47' title='bbox 948 726 1144 782; x_wconf 89' lang='lat' dir='ltr'><strong>dicitur</strong></span> <span class='ocrx_word' id='word_1_48' title='bbox 1175 745 1188 781; x_wconf 93' lang='lat'><strong>:</strong></span> <span class='ocrx_word' id='word_1_49' title='bbox 1230 727 1299 781; x_wconf 84' lang='lat' dir='ltr'><strong>Et</strong></span> <span class='ocrx_word' id='word_1_50' title='bbox 1327 730 1519 784; x_wconf 81' lang='lat' dir='ltr'><strong>creavit</strong></span> <span class='ocrx_word' id='word_1_51' title='bbox 1558 729 1701 785; x_wconf 85' lang='lat' dir='ltr'><strong>Deus</strong></span> <span class='ocrx_word' id='word_1_52' title='bbox 1742 732 2004 787; x_wconf 80' lang='lat' dir='ltr'><strong>hominem</strong></span> 
     </span>
    </p>
   </div>
   <div class='ocr_carea' id='block_1_8' title="bbox 425 812 2007 892">
    <p class='ocr_par' dir='ltr' id='par_1_8' title="bbox 425 812 2007 892">
     <span class='ocr_line' id='line_1_8' title="bbox 425 812 2007 892; baseline 0.002 -19"><span class='ocrx_word' id='word_1_53' title='bbox 425 818 491 873; x_wconf 80' lang='lat' dir='ltr'><strong>de</strong></span> <span class='ocrx_word' id='word_1_54' title='bbox 534 818 692 872; x_wconf 89' lang='lat' dir='ltr'><strong>humo</strong></span> <span class='ocrx_word' id='word_1_55' title='bbox 718 825 871 871; x_wconf 74' lang='lat' dir='ltr'><strong>terrae</strong></span> <span class='ocrx_word' id='word_1_56' title='bbox 898 812 1051 886; x_wconf 80' lang='lat' dir='ltr'><strong>(Gen.</strong></span> <span class='ocrx_word' id='word_1_57' title='bbox 1080 815 1163 888; x_wconf 87' lang='grc' dir='ltr'>ιι).</span> <span class='ocrx_word' id='word_1_58' title='bbox 1192 815 1428 874; x_wconf 83' lang='lat' dir='ltr'><strong>Abusive</strong></span> <span class='ocrx_word' id='word_1_59' title='bbox 1453 819 1596 875; x_wconf 89' lang='lat' dir='ltr'><strong>enim</strong></span> <span class='ocrx_word' id='word_1_60' title='bbox 1626 822 2007 892; x_wconf 74' lang='lat' dir='ltr'><strong>pronuntiatur</strong></span> 
     </span>
    </p>
   </div>
   <div class='ocr_carea' id='block_1_9' title="bbox 426 909 2007 979">
    <p class='ocr_par' dir='ltr' id='par_1_9' title="bbox 426 909 2007 979">
     <span class='ocr_line' id='line_1_9' title="bbox 426 909 2007 979; baseline 0.003 -14"><span class='ocrx_word' id='word_1_61' title='bbox 426 924 493 965; x_wconf 81' lang='lat' dir='ltr'><strong>ex</strong></span> <span class='ocrx_word' id='word_1_62' title='bbox 526 921 757 979; x_wconf 89' lang='lat' dir='ltr'><strong>utraque</strong></span> <span class='ocrx_word' id='word_1_63' title='bbox 802 909 1104 965; x_wconf 73' lang='lat' dir='ltr'><strong>substantia</strong></span> <span class='ocrx_word' id='word_1_64' title='bbox 1135 917 1275 965; x_wconf 91' lang='lat' dir='ltr'><strong>totus</strong></span> <span class='ocrx_word' id='word_1_65' title='bbox 1299 911 1481 977; x_wconf 90' lang='lat' dir='ltr'><strong>homo,</strong></span> <span class='ocrx_word' id='word_1_66' title='bbox 1520 911 1574 967; x_wconf 92' lang='lat' dir='ltr'><strong>id</strong></span> <span class='ocrx_word' id='word_1_67' title='bbox 1599 920 1709 978; x_wconf 91' lang='lat' dir='ltr'><strong>est,</strong></span> <span class='ocrx_word' id='word_1_68' title='bbox 1748 929 1816 969; x_wconf 86' lang='lat' dir='ltr'><strong>ex</strong></span> <span class='ocrx_word' id='word_1_69' title='bbox 1839 914 2007 969; x_wconf 86' lang='lat' dir='ltr'><strong>socie-</strong></span> 
     </span>
    </p>
   </div>
   <div class='ocr_carea' id='block_1_10' title="bbox 427 998 2006 1071">
    <p class='ocr_par' dir='ltr' id='par_1_10' title="bbox 427 998 2006 1071">
     <span class='ocr_line' id='line_1_10' title="bbox 427 998 2006 1071; baseline 0.003 -18"><span class='ocrx_word' id='word_1_70' title='bbox 427 1006 538 1054; x_wconf 89' lang='lat' dir='ltr'><strong>tate</strong></span> <span class='ocrx_word' id='word_1_71' title='bbox 566 999 760 1053; x_wconf 63' lang='lat' dir='ltr'><strong>animae</strong></span> <span class='ocrx_word' id='word_1_72' title='bbox 783 1007 840 1052; x_wconf 91' lang='lat' dir='ltr'><strong>et</strong></span> <span class='ocrx_word' id='word_1_73' title='bbox 860 998 1120 1068; x_wconf 89' lang='lat' dir='ltr'><strong>corporis.</strong></span> <span class='ocrx_word' id='word_1_74' title='bbox 1150 998 1283 1053; x_wconf 88' lang='lat' dir='ltr'><strong>Nam</strong></span> <span class='ocrx_word' id='word_1_75' title='bbox 1308 1001 1523 1071; x_wconf 88' lang='lat' dir='ltr'><strong>proprie</strong></span> <span class='ocrx_word' id='word_1_76' title='bbox 1552 1001 1714 1056; x_wconf 88' lang='lat' dir='ltr'><strong>homo</strong></span> <span class='ocrx_word' id='word_1_77' title='bbox 1746 1003 1814 1057; x_wconf 90' lang='lat' dir='ltr'><strong>ab</strong></span> <span class='ocrx_word' id='word_1_78' title='bbox 1841 1002 2006 1057; x_wconf 90' lang='lat' dir='ltr'><strong>humo</strong></span> 
     </span>
    </p>
   </div>
   <div class='ocr_carea' id='block_1_11' title="bbox 427 1087 2002 1163">
    <p class='ocr_par' dir='ltr' id='par_1_11' title="bbox 427 1087 2002 1163">
     <span class='ocr_line' id='line_1_11' title="bbox 427 1087 2002 1163; baseline 0.003 -20"><span class='ocrx_word' id='word_1_79' title='bbox 427 1089 641 1144; x_wconf 91' lang='lat' dir='ltr'><strong>dicitur.</strong></span> <span class='ocrx_word' id='word_1_80' title='bbox 683 1087 857 1144; x_wconf 66' lang='lat' dir='ltr'><strong>Graeci</strong></span> <span class='ocrx_word' id='word_1_81' title='bbox 900 1097 1081 1144; x_wconf 90' lang='lat' dir='ltr'><strong>autem</strong></span> <span class='ocrx_word' id='word_1_82' title='bbox 1120 1090 1393 1145; x_wconf 83' lang='lat' dir='ltr'><strong>hominem</strong></span> <span class='ocrx_word' id='word_1_83' title='bbox 1424 1092 1727 1162; x_wconf 89' lang='lat' dir='ltr'><strong>anthropon</strong></span> <span class='ocrx_word' id='word_1_84' title='bbox 1765 1093 2002 1163; x_wconf 89' lang='lat' dir='ltr'><strong>appella-</strong></span> 
     </span>
    </p>
   </div>
   <div class='ocr_carea' id='block_1_12' title="bbox 424 1179 2006 1250">
    <p class='ocr_par' dir='ltr' id='par_1_12' title="bbox 424 1179 2006 1250">
     <span class='ocr_line' id='line_1_12' title="bbox 424 1179 2006 1250; baseline 0.005 -19"><span class='ocrx_word' id='word_1_85' title='bbox 424 1187 640 1243; x_wconf 85' lang='lat' dir='ltr'><strong>verunt,</strong></span> <span class='ocrx_word' id='word_1_86' title='bbox 662 1192 728 1233; x_wconf 89' lang='lat' dir='ltr'><strong>eo</strong></span> <span class='ocrx_word' id='word_1_87' title='bbox 750 1179 893 1247; x_wconf 91' lang='lat' dir='ltr'><strong>quod</strong></span> <span class='ocrx_word' id='word_1_88' title='bbox 910 1194 1122 1234; x_wconf 75' lang='lat' dir='ltr'><strong>sursum</strong></span> <span class='ocrx_word' id='word_1_89' title='bbox 1149 1189 1443 1250; x_wconf 84' lang='lat' dir='ltr'><strong>exspectet,</strong></span> <span class='ocrx_word' id='word_1_90' title='bbox 1467 1182 1777 1239; x_wconf 84' lang='lat' dir='ltr'><strong>sublevatus</strong></span> <span class='ocrx_word' id='word_1_91' title='bbox 1804 1184 1871 1238; x_wconf 86' lang='lat' dir='ltr'><strong>ab</strong></span> <span class='ocrx_word' id='word_1_92' title='bbox 1907 1184 2006 1239; x_wconf 89' lang='lat' dir='ltr'><strong>hu-</strong></span> 
     </span>
    </p>
   </div>
   <div class='ocr_carea' id='block_1_13' title="bbox 424 1268 2006 1340">
    <p class='ocr_par' dir='ltr' id='par_1_13' title="bbox 424 1268 2006 1340">
     <span class='ocr_line' id='line_1_13' title="bbox 424 1268 2006 1340; baseline 0.004 -18"><span class='ocrx_word' id='word_1_93' title='bbox 424 1283 513 1322; x_wconf 90' lang='lat' dir='ltr'><strong>mo</strong></span> <span class='ocrx_word' id='word_1_94' title='bbox 544 1268 610 1323; x_wconf 90' lang='lat' dir='ltr'><strong>ad</strong></span> <span class='ocrx_word' id='word_1_95' title='bbox 652 1268 1155 1337; x_wconf 73' lang='lat' dir='ltr'><strong>contemplationem</strong></span> <span class='ocrx_word' id='word_1_96' title='bbox 1200 1269 1426 1325; x_wconf 73' lang='lat' dir='ltr'><strong>artificis</strong></span> <span class='ocrx_word' id='word_1_97' title='bbox 1453 1274 1557 1326; x_wconf 90' lang='lat' dir='ltr'><strong>sui.</strong></span> <span class='ocrx_word' id='word_1_98' title='bbox 1589 1270 1743 1340; x_wconf 83' lang='lat' dir='ltr'><strong>Quod</strong></span> <span class='ocrx_word' id='word_1_99' title='bbox 1783 1272 2006 1329; x_wconf 75' lang='lat' dir='ltr'><strong>Ovidius</strong></span> 
     </span>
    </p>
   </div>
   <div class='ocr_carea' id='block_1_14' title="bbox 422 1360 1224 1431">
    <p class='ocr_par' dir='ltr' id='par_1_14' title="bbox 422 1360 1224 1431">
     <span class='ocr_line' id='line_1_14' title="bbox 422 1360 1224 1431; baseline 0.004 -17"><span class='ocrx_word' id='word_1_100' title='bbox 422 1369 580 1429; x_wconf 89' lang='lat' dir='ltr'><strong>poeta</strong></span> <span class='ocrx_word' id='word_1_101' title='bbox 611 1360 878 1431; x_wconf 78' lang='lat' dir='ltr'><strong>designat,</strong></span> <span class='ocrx_word' id='word_1_102' title='bbox 909 1376 1031 1416; x_wconf 87' lang='lat' dir='ltr'><strong>cum</strong></span> <span class='ocrx_word' id='word_1_103' title='bbox 1056 1362 1224 1417; x_wconf 86' lang='lat' dir='ltr'><strong>dicit:</strong></span> 
     </span>
    </p>
   </div>
   <div class='ocr_carea' id='block_1_15' title="bbox 548 1493 1874 1558">
    <p class='ocr_par' dir='ltr' id='par_1_15' title="bbox 548 1493 1874 1558">
     <span class='ocr_line' id='line_1_15' title="bbox 548 1493 1874 1558; baseline 0.003 -16"><span class='ocrx_word' id='word_1_104' title='bbox 548 1493 811 1558; x_wconf 57' lang='lat' dir='ltr'><strong>[frenaque</strong></span> <span class='ocrx_word' id='word_1_105' title='bbox 826 1507 946 1558; x_wconf 22' lang='lat' dir='ltr'><strong>cum,</strong></span> <span class='ocrx_word' id='word_1_106' title='bbox 957 1502 1178 1558; x_wconf 68' lang='lat' dir='ltr'><strong>spectant</strong></span> <span class='ocrx_word' id='word_1_107' title='bbox 1199 1496 1423 1545; x_wconf 78' lang='lat' dir='ltr'><strong>animalia</strong></span> <span class='ocrx_word' id='word_1_108' title='bbox 1450 1503 1626 1552; x_wconf 61' lang='lat' dir='ltr'><strong>cetera</strong></span> <span class='ocrx_word' id='word_1_109' title='bbox 1652 1504 1834 1548; x_wconf 87' lang='lat' dir='ltr'><strong>terram</strong></span> <span class='ocrx_word' id='word_1_110' title='bbox 1859 1533 1874 1558; x_wconf 94' lang='lat'><strong>,</strong></span> 
     </span>
    </p>
   </div>
   <div class='ocr_carea' id='block_1_16' title="bbox 551 1554 1942 1623">
    <p class='ocr_par' dir='ltr' id='par_1_16' title="bbox 551 1554 1942 1623">
     <span class='ocr_line' id='line_1_16' title="bbox 551 1554 1942 1623; baseline 0.004 -20"><span class='ocrx_word' id='word_1_111' title='bbox 551 1555 614 1623; x_wconf 71' lang='lat' dir='ltr'><strong>9s</strong></span> <span class='ocrx_word' id='word_1_112' title='bbox 637 1554 815 1623; x_wconf 81' lang='lat' dir='ltr'><strong>homini</strong></span> <span class='ocrx_word' id='word_1_113' title='bbox 839 1554 1052 1605; x_wconf 84' lang='lat' dir='ltr'><strong>sublime</strong></span> <span class='ocrx_word' id='word_1_114' title='bbox 1072 1556 1229 1623; x_wconf 75' lang='lat' dir='ltr'><strong>dedit,</strong></span> <span class='ocrx_word' id='word_1_115' title='bbox 1263 1558 1542 1623; x_wconf 58' lang='lat' dir='ltr'><strong>coelumque</strong></span> <span class='ocrx_word' id='word_1_116' title='bbox 1568 1559 1740 1623; x_wconf 79' lang='lat' dir='ltr'><strong>videre</strong></span> <span class='ocrx_word' id='word_1_117' title='bbox 1764 1554 1942 1623; x_wconf 76' lang='lat' dir='ltr'><strong>(tueri)</strong></span> 
     </span>
    </p>
   </div>
   <div class='ocr_carea' id='block_1_17' title="bbox 551 1617 1697 1679">
    <p class='ocr_par' dir='ltr' id='par_1_17' title="bbox 551 1617 1697 1679">
     <span class='ocr_line' id='line_1_17' title="bbox 551 1617 1697 1679; baseline 0.003 -11"><span class='ocrx_word' id='word_1_118' title='bbox 551 1617 719 1679; x_wconf 64' lang='lat' dir='ltr'><strong>«iussit,</strong></span> <span class='ocrx_word' id='word_1_119' title='bbox 745 1623 799 1666; x_wconf 89' lang='lat' dir='ltr'><strong>et</strong></span> <span class='ocrx_word' id='word_1_120' title='bbox 820 1624 1015 1667; x_wconf 87' lang='lat' dir='ltr'><strong>erectos</strong></span> <span class='ocrx_word' id='word_1_121' title='bbox 1036 1617 1096 1665; x_wconf 83' lang='lat' dir='ltr'><strong>sd</strong></span> <span class='ocrx_word' id='word_1_122' title='bbox 1113 1618 1277 1668; x_wconf 79' lang='lat' dir='ltr'><strong>sidera</strong></span> <span class='ocrx_word' id='word_1_123' title='bbox 1309 1617 1487 1671; x_wconf 82' lang='lat' dir='ltr'><strong>tollere</strong></span> <span class='ocrx_word' id='word_1_124' title='bbox 1515 1620 1697 1671; x_wconf 80' lang='lat' dir='ltr'><strong>vultus.</strong></span> 
     </span>
    </p>
   </div>
   <div class='ocr_carea' id='block_1_18' title="bbox 420 1745 2002 1817">
    <p class='ocr_par' dir='ltr' id='par_1_18' title="bbox 420 1745 2002 1817">
     <span class='ocr_line' id='line_1_18' title="bbox 420 1745 2002 1817; baseline 0 -15"><span class='ocrx_word' id='word_1_125' title='bbox 420 1747 521 1816; x_wconf 86' lang='lat' dir='ltr'><strong>Qui</strong></span> <span class='ocrx_word' id='word_1_126' title='bbox 572 1747 692 1803; x_wconf 86' lang='lat' dir='ltr'><strong>ideo</strong></span> <span class='ocrx_word' id='word_1_127' title='bbox 739 1754 953 1802; x_wconf 88' lang='lat' dir='ltr'><strong>erectus</strong></span> <span class='ocrx_word' id='word_1_128' title='bbox 981 1745 1178 1801; x_wconf 75' lang='lat' dir='ltr'><strong>omium</strong></span> <span class='ocrx_word' id='word_1_129' title='bbox 1215 1746 1431 1816; x_wconf 87' lang='lat' dir='ltr'><strong>aspicit,</strong></span> <span class='ocrx_word' id='word_1_130' title='bbox 1461 1754 1522 1801; x_wconf 91' lang='lat' dir='ltr'><strong>ut</strong></span> <span class='ocrx_word' id='word_1_131' title='bbox 1559 1746 1728 1802; x_wconf 90' lang='lat' dir='ltr'><strong>Deum</strong></span> <span class='ocrx_word' id='word_1_132' title='bbox 1771 1753 2002 1817; x_wconf 66' lang='lat' dir='ltr'><strong>quaerat,</strong></span> 
     </span>
    </p>
   </div>
   <div class='ocr_carea' id='block_1_19' title="bbox 2104 551 3691 625">
    <p class='ocr_par' dir='ltr' id='par_1_19' title="bbox 2104 551 3691 625">
     <span class='ocr_line' id='line_1_19' title="bbox 2104 551 3691 625; baseline 0.007 -17"><span class='ocrx_word' id='word_1_133' title='bbox 2104 560 2326 625; x_wconf 80' lang='lat' dir='ltr'><strong>peccata</strong></span> <span class='ocrx_word' id='word_1_134' title='bbox 2365 567 2471 607; x_wconf 92' lang='lat' dir='ltr'><strong>non</strong></span> <span class='ocrx_word' id='word_1_135' title='bbox 2497 552 2705 607; x_wconf 86' lang='lat' dir='ltr'><strong>habuit.</strong></span> <span class='ocrx_word' id='word_1_136' title='bbox 2735 551 2918 608; x_wconf 85' lang='lat' dir='ltr'><strong>Gloria</strong></span> <span class='ocrx_word' id='word_1_137' title='bbox 2943 569 3073 610; x_wconf 91' lang='lat' dir='ltr'><strong>vero</strong></span> <span class='ocrx_word' id='word_1_138' title='bbox 3095 564 3152 611; x_wconf 91' lang='lat' dir='ltr'><strong>et</strong></span> <span class='ocrx_word' id='word_1_139' title='bbox 3173 555 3379 614; x_wconf 87' lang='lat' dir='ltr'><strong>honore</strong></span> <span class='ocrx_word' id='word_1_140' title='bbox 3397 570 3691 620; x_wconf 87' lang='lat' dir='ltr'><strong>coronatus</strong></span> 
     </span>
    </p>
   </div>
   <div class='ocr_carea' id='block_1_20' title="bbox 2104 646 3689 715">
    <p class='ocr_par' dir='ltr' id='par_1_20' title="bbox 2104 646 3689 715">
     <span class='ocr_line' id='line_1_20' title="bbox 2104 646 3689 715; baseline 0.008 -17"><span class='ocrx_word' id='word_1_141' title='bbox 2104 650 2212 709; x_wconf 92' lang='lat' dir='ltr'><strong>est,</strong></span> <span class='ocrx_word' id='word_1_142' title='bbox 2246 656 2368 699; x_wconf 72' lang='lat' dir='ltr'><strong>cuin</strong></span> <span class='ocrx_word' id='word_1_143' title='bbox 2408 654 2530 715; x_wconf 84' lang='lat' dir='ltr'><strong>post</strong></span> <span class='ocrx_word' id='word_1_144' title='bbox 2589 646 3041 701; x_wconf 90' lang='lat' dir='ltr'><strong>resurrectionem</strong></span> <span class='ocrx_word' id='word_1_145' title='bbox 3088 647 3251 705; x_wconf 86' lang='lat' dir='ltr'><strong>nimis</strong></span> <span class='ocrx_word' id='word_1_146' title='bbox 3287 658 3344 705; x_wconf 90' lang='lat' dir='ltr'><strong>et</strong></span> <span class='ocrx_word' id='word_1_147' title='bbox 3384 652 3689 712; x_wconf 84' lang='lat' dir='ltr'><strong>mirabilem</strong></span> 
     </span>
    </p>
   </div>
   <div class='ocr_carea' id='block_1_21' title="bbox 2106 733 3691 817">
    <p class='ocr_par' dir='ltr' id='par_1_21' title="bbox 2106 733 3691 817">
     <span class='ocr_line' id='line_1_21' title="bbox 2106 733 3691 817; baseline 0.01 -30"><span class='ocrx_word' id='word_1_148' title='bbox 2106 733 2269 788; x_wconf 90' lang='lat' dir='ltr'><strong>totius</strong></span> <span class='ocrx_word' id='word_1_149' title='bbox 2299 734 2480 817; x_wconf 58' lang='lat' dir='ltr'><strong>mundi</strong></span> <span class='ocrx_word' id='word_1_150' title='bbox 2516 734 2911 801; x_wconf 85' lang='lat' dir='ltr'><strong>credulitatem,</strong></span> <span class='ocrx_word' id='word_1_151' title='bbox 2951 736 3116 804; x_wconf 91' lang='lat' dir='ltr'><strong>Deus,</strong></span> <span class='ocrx_word' id='word_1_152' title='bbox 3160 739 3217 793; x_wconf 93' lang='lat' dir='ltr'><strong>in</strong></span> <span class='ocrx_word' id='word_1_153' title='bbox 3251 755 3318 796; x_wconf 89' lang='lat' dir='ltr'><strong>eo</strong></span> <span class='ocrx_word' id='word_1_154' title='bbox 3357 744 3500 811; x_wconf 82' lang='lat' dir='ltr'><strong>quod</strong></span> <span class='ocrx_word' id='word_1_155' title='bbox 3527 746 3691 803; x_wconf 86' lang='lat' dir='ltr'><strong>homo</strong></span> 
     </span>
    </p>
   </div>
   <div class='ocr_carea' id='block_1_22' title="bbox 2105 822 3695 899">
    <p class='ocr_par' dir='ltr' id='par_1_22' title="bbox 2105 822 3695 899">
     <span class='ocr_line' id='line_1_22' title="bbox 2105 822 3695 899; baseline 0.009 -23"><span class='ocrx_word' id='word_1_156' title='bbox 2105 822 2280 879; x_wconf 78' lang='lat' dir='ltr'><strong>factus</strong></span> <span class='ocrx_word' id='word_1_157' title='bbox 2305 826 2411 890; x_wconf 61' lang='lat' dir='ltr'><strong>est,</strong></span> <span class='ocrx_word' id='word_1_158' title='bbox 2448 824 2736 889; x_wconf 79' lang='lat' dir='ltr'><strong>exaltatus,</strong></span> <span class='ocrx_word' id='word_1_159' title='bbox 2767 826 2994 895; x_wconf 86' lang='lat' dir='ltr'><strong>accepit.</strong></span> <span class='ocrx_word' id='word_1_160' title='bbox 3024 826 3195 883; x_wconf 81' lang='lat' dir='ltr'><strong>Homo</strong></span> <span class='ocrx_word' id='word_1_161' title='bbox 3223 828 3471 887; x_wconf 86' lang='lat' dir='ltr'><strong>Christus</strong></span> <span class='ocrx_word' id='word_1_162' title='bbox 3496 843 3599 899; x_wconf 88' lang='lat' dir='ltr'><strong>est,</strong></span> <span class='ocrx_word' id='word_1_163' title='bbox 3632 842 3695 890; x_wconf 89' lang='lat' dir='ltr'><strong>ut</strong></span> 
     </span>
    </p>
   </div>
   <div class='ocr_carea' id='block_1_23' title="bbox 2106 913 3695 990">
    <p class='ocr_par' dir='ltr' id='par_1_23' title="bbox 2106 913 3695 990">
     <span class='ocr_line' id='line_1_23' title="bbox 2106 913 3695 990; baseline 0.009 -23"><span class='ocrx_word' id='word_1_164' title='bbox 2106 913 2161 967; x_wconf 90' lang='lat' dir='ltr'><strong>in</strong></span> <span class='ocrx_word' id='word_1_165' title='bbox 2188 914 2327 970; x_wconf 85' lang='lat' dir='ltr'><strong>Isaia</strong></span> <span class='ocrx_word' id='word_1_166' title='bbox 2357 933 2370 968; x_wconf 90' lang='lat'>:</span> <span class='ocrx_word' id='word_1_167' title='bbox 2400 915 2661 981; x_wconf 80' lang='lat' dir='ltr'><strong>Quiescite</strong></span> <span class='ocrx_word' id='word_1_168' title='bbox 2686 915 2750 969; x_wconf 89' lang='lat' dir='ltr'><strong>ab</strong></span> <span class='ocrx_word' id='word_1_169' title='bbox 2778 917 3006 984; x_wconf 85' lang='lat' dir='ltr'><strong>homine,</strong></span> <span class='ocrx_word' id='word_1_170' title='bbox 3036 918 3190 989; x_wconf 90' lang='lat' dir='ltr'><strong>cujus</strong></span> <span class='ocrx_word' id='word_1_171' title='bbox 3215 921 3431 990; x_wconf 88' lang='lat' dir='ltr'><strong>spiritus</strong></span> <span class='ocrx_word' id='word_1_172' title='bbox 3458 925 3511 978; x_wconf 87' lang='lat' dir='ltr'><strong>in</strong></span> <span class='ocrx_word' id='word_1_173' title='bbox 3546 928 3695 981; x_wconf 80' lang='lat' dir='ltr'><strong>nari-</strong></span> 
     </span>
    </p>
   </div>
   <div class='ocr_carea' id='block_1_24' title="bbox 2106 1003 3694 1076">
    <p class='ocr_par' dir='ltr' id='par_1_24' title="bbox 2106 1003 3694 1076">
     <span class='ocr_line' id='line_1_24' title="bbox 2106 1003 3694 1076; baseline 0.009 -19"><span class='ocrx_word' id='word_1_174' title='bbox 2106 1003 2199 1058; x_wconf 90' lang='lat' dir='ltr'><strong>bus</strong></span> <span class='ocrx_word' id='word_1_175' title='bbox 2224 1004 2338 1074; x_wconf 90' lang='lat' dir='ltr'><strong>ejus</strong></span> <span class='ocrx_word' id='word_1_176' title='bbox 2359 1003 2493 1075; x_wconf 85' lang='lat' dir='ltr'><strong>(Isa.</strong></span> <span class='ocrx_word' id='word_1_177' title='bbox 2524 1003 2607 1075; x_wconf 87' lang='lat' dir='ltr'><strong>u).</strong></span> <span class='ocrx_word' id='word_1_178' title='bbox 2632 1004 2698 1059; x_wconf 81' lang='lat' dir='ltr'><strong>Et</strong></span> <span class='ocrx_word' id='word_1_179' title='bbox 2724 1005 2777 1059; x_wconf 92' lang='lat' dir='ltr'><strong>in</strong></span> <span class='ocrx_word' id='word_1_180' title='bbox 2802 1006 3011 1076; x_wconf 89' lang='lat' dir='ltr'><strong>psalmo</strong></span> <span class='ocrx_word' id='word_1_181' title='bbox 3038 1025 3051 1062; x_wconf 88' lang='lat'><strong>:</strong></span> <span class='ocrx_word' id='word_1_182' title='bbox 3083 1007 3302 1065; x_wconf 82' lang='lat' dir='ltr'><strong>Accedet</strong></span> <span class='ocrx_word' id='word_1_183' title='bbox 3328 1012 3483 1066; x_wconf 86' lang='lat' dir='ltr'><strong>homo</strong></span> <span class='ocrx_word' id='word_1_184' title='bbox 3508 1016 3579 1069; x_wconf 89' lang='lat' dir='ltr'><strong>ad</strong></span> <span class='ocrx_word' id='word_1_185' title='bbox 3600 1033 3694 1071; x_wconf 91' lang='lat' dir='ltr'><strong>cor</strong></span> 
     </span>
    </p>
   </div>
   <div class='ocr_carea' id='block_1_25' title="bbox 2105 1093 3695 1179">
    <p class='ocr_par' dir='ltr' id='par_1_25' title="bbox 2105 1093 3695 1179">
     <span class='ocr_line' id='line_1_25' title="bbox 2105 1093 3695 1179; baseline 0.011 -31"><span class='ocrx_word' id='word_1_186' title='bbox 2105 1095 2268 1148; x_wconf 84' lang='lat' dir='ltr'><strong>altum</strong></span> <span class='ocrx_word' id='word_1_187' title='bbox 2290 1093 2461 1165; x_wconf 87' lang='lat' dir='ltr'><strong>(Psal.</strong></span> <span class='ocrx_word' id='word_1_188' title='bbox 2491 1096 2671 1169; x_wconf 76' lang='lat' dir='ltr'><strong>LXIII).</strong></span> <span class='ocrx_word' id='word_1_189' title='bbox 2703 1097 2777 1151; x_wconf 92' lang='lat' dir='ltr'><strong>De</strong></span> <span class='ocrx_word' id='word_1_190' title='bbox 2798 1098 2901 1154; x_wconf 93' lang='lat' dir='ltr'><strong>hoc</strong></span> <span class='ocrx_word' id='word_1_191' title='bbox 2925 1100 3144 1157; x_wconf 86' lang='lat' dir='ltr'><strong>homine</strong></span> <span class='ocrx_word' id='word_1_192' title='bbox 3167 1110 3222 1156; x_wconf 92' lang='lat' dir='ltr'><strong>et</strong></span> <span class='ocrx_word' id='word_1_193' title='bbox 3247 1118 3345 1173; x_wconf 90' lang='lat' dir='ltr'><strong>per</strong></span> <span class='ocrx_word' id='word_1_194' title='bbox 3372 1105 3536 1162; x_wconf 90' lang='lat' dir='ltr'><strong>alium</strong></span> <span class='ocrx_word' id='word_1_195' title='bbox 3562 1124 3695 1179; x_wconf 57' lang='lat' dir='ltr'><strong>pro.</strong></span> 
     </span>
    </p>
   </div>
   <div class='ocr_carea' id='block_1_26' title="bbox 2104 1186 3693 1265">
    <p class='ocr_par' dir='ltr' id='par_1_26' title="bbox 2104 1186 3693 1265">
     <span class='ocr_line' id='line_1_26' title="bbox 2104 1186 3693 1265; baseline 0.01 -26"><span class='ocrx_word' id='word_1_196' title='bbox 2104 1186 2321 1254; x_wconf 86' lang='lat' dir='ltr'><strong>phetam</strong></span> <span class='ocrx_word' id='word_1_197' title='bbox 2365 1186 2563 1242; x_wconf 88' lang='lat' dir='ltr'><strong>dicitur</strong></span> <span class='ocrx_word' id='word_1_198' title='bbox 2591 1205 2605 1242; x_wconf 92' lang='lat'><strong>:</strong></span> <span class='ocrx_word' id='word_1_199' title='bbox 2635 1186 2701 1241; x_wconf 84' lang='lat' dir='ltr'><strong>Et</strong></span> <span class='ocrx_word' id='word_1_200' title='bbox 2723 1189 2880 1243; x_wconf 88' lang='lat' dir='ltr'><strong>homo</strong></span> <span class='ocrx_word' id='word_1_201' title='bbox 2906 1200 3003 1256; x_wconf 87' lang='lat' dir='ltr'><strong>est,</strong></span> <span class='ocrx_word' id='word_1_202' title='bbox 3030 1193 3208 1261; x_wconf 85' lang='lat' dir='ltr'><strong>etquis</strong></span> <span class='ocrx_word' id='word_1_203' title='bbox 3233 1208 3504 1265; x_wconf 80' lang='lat' dir='ltr'><strong>cognoscet</strong></span> <span class='ocrx_word' id='word_1_204' title='bbox 3533 1201 3693 1254; x_wconf 79' lang='lat' dir='ltr'><strong>eum!</strong></span> 
     </span>
    </p>
   </div>
   <div class='ocr_carea' id='block_1_27' title="bbox 2104 1275 3690 1356">
    <p class='ocr_par' dir='ltr' id='par_1_27' title="bbox 2104 1275 3690 1356">
     <span class='ocr_line' id='line_1_27' title="bbox 2104 1275 3690 1356; baseline 0.011 -26"><span class='ocrx_word' id='word_1_205' title='bbox 2104 1275 2259 1342; x_wconf 86' lang='lat' dir='ltr'><strong>Quod</strong></span> <span class='ocrx_word' id='word_1_206' title='bbox 2284 1287 2467 1333; x_wconf 88' lang='lat' dir='ltr'><strong>autem</strong></span> <span class='ocrx_word' id='word_1_207' title='bbox 2492 1278 2780 1349; x_wconf 84' lang='lat' dir='ltr'><strong>dupliciter</strong></span> <span class='ocrx_word' id='word_1_208' title='bbox 2797 1281 2961 1338; x_wconf 93' lang='lat' dir='ltr'><strong>homo</strong></span> <span class='ocrx_word' id='word_1_209' title='bbox 2985 1283 3364 1356; x_wconf 83' lang='lat' dir='ltr'><strong>intelligendus</strong></span> <span class='ocrx_word' id='word_1_210' title='bbox 3390 1290 3482 1355; x_wconf 89' lang='lat' dir='ltr'><strong>sit,</strong></span> <span class='ocrx_word' id='word_1_211' title='bbox 3505 1301 3690 1347; x_wconf 81' lang='lat' dir='ltr'><strong>osten-</strong></span> 
     </span>
    </p>
   </div>
   <div class='ocr_carea' id='block_1_28' title="bbox 2103 1367 3690 1445">
    <p class='ocr_par' dir='ltr' id='par_1_28' title="bbox 2103 1367 3690 1445">
     <span class='ocr_line' id='line_1_28' title="bbox 2103 1367 3690 1445; baseline 0.011 -23"><span class='ocrx_word' id='word_1_212' title='bbox 2103 1367 2184 1423; x_wconf 90' lang='lat' dir='ltr'><strong>dit</strong></span> <span class='ocrx_word' id='word_1_213' title='bbox 2202 1369 2462 1425; x_wconf 88' lang='lat' dir='ltr'><strong>Dominus</strong></span> <span class='ocrx_word' id='word_1_214' title='bbox 2481 1372 2549 1426; x_wconf 90' lang='lat' dir='ltr'><strong>ad</strong></span> <span class='ocrx_word' id='word_1_215' title='bbox 2570 1371 2902 1428; x_wconf 76' lang='lat' dir='ltr'><strong>Ezechielem</strong></span> <span class='ocrx_word' id='word_1_216' title='bbox 2926 1376 3244 1445; x_wconf 82' lang='lat' dir='ltr'><strong>prophetam</strong></span> <span class='ocrx_word' id='word_1_217' title='bbox 3266 1379 3453 1436; x_wconf 87' lang='lat' dir='ltr'><strong>dicens</strong></span> <span class='ocrx_word' id='word_1_218' title='bbox 3477 1400 3489 1436; x_wconf 91' lang='lat'>:</span> <span class='ocrx_word' id='word_1_219' title='bbox 3516 1382 3690 1439; x_wconf 83' lang='lat' dir='ltr'><strong>Homo</strong></span> 
     </span>
    </p>
   </div>
   <div class='ocr_carea' id='block_1_29' title="bbox 2104 1459 3692 1535">
    <p class='ocr_par' dir='ltr' id='par_1_29' title="bbox 2104 1459 3692 1535">
     <span class='ocr_line' id='line_1_29' title="bbox 2104 1459 3692 1535; baseline 0.011 -23"><span class='ocrx_word' id='word_1_220' title='bbox 2104 1459 2258 1514; x_wconf 87' lang='lat' dir='ltr'><strong>homo</strong></span> <span class='ocrx_word' id='word_1_221' title='bbox 2279 1461 2344 1515; x_wconf 91' lang='lat' dir='ltr'><strong>de</strong></span> <span class='ocrx_word' id='word_1_222' title='bbox 2368 1461 2524 1515; x_wconf 90' lang='lat' dir='ltr'><strong>domo</strong></span> <span class='ocrx_word' id='word_1_223' title='bbox 2542 1460 2826 1535; x_wconf 84' lang='lat' dir='ltr'><strong>Israel,qui</strong></span> <span class='ocrx_word' id='word_1_224' title='bbox 2846 1467 3078 1535; x_wconf 83' lang='lat' dir='ltr'><strong>posuerit</strong></span> <span class='ocrx_word' id='word_1_225' title='bbox 3093 1468 3457 1527; x_wconf 83' lang='lat' dir='ltr'><strong>immunditias</strong></span> <span class='ocrx_word' id='word_1_226' title='bbox 3482 1491 3608 1529; x_wconf 88' lang='lat' dir='ltr'><strong>suas</strong></span> <span class='ocrx_word' id='word_1_227' title='bbox 3635 1477 3692 1530; x_wconf 80' lang='lat' dir='ltr'><strong>in</strong></span> 
     </span>
    </p>
   </div>
   <div class='ocr_carea' id='block_1_30' title="bbox 2104 1549 3694 1636">
    <p class='ocr_par' dir='ltr' id='par_1_30' title="bbox 2104 1549 3694 1636">
     <span class='ocr_line' id='line_1_30' title="bbox 2104 1549 3694 1636; baseline 0.012 -34"><span class='ocrx_word' id='word_1_228' title='bbox 2104 1549 2260 1604; x_wconf 87' lang='lat' dir='ltr'><strong>corde</strong></span> <span class='ocrx_word' id='word_1_229' title='bbox 2284 1567 2379 1604; x_wconf 79' lang='lat' dir='ltr'><strong>suo</strong></span> <span class='ocrx_word' id='word_1_230' title='bbox 2396 1551 2612 1621; x_wconf 79' lang='lat' dir='ltr'><strong>(Ezech.</strong></span> <span class='ocrx_word' id='word_1_231' title='bbox 2637 1552 2770 1624; x_wconf 77' lang='lat' dir='ltr'><strong>xw),</strong></span> <span class='ocrx_word' id='word_1_232' title='bbox 2799 1563 2854 1609; x_wconf 89' lang='lat' dir='ltr'><strong>et</strong></span> <span class='ocrx_word' id='word_1_233' title='bbox 2879 1555 3105 1627; x_wconf 89' lang='lat' dir='ltr'><strong>reliqua.</strong></span> <span class='ocrx_word' id='word_1_234' title='bbox 3136 1559 3411 1629; x_wconf 90' lang='lat' dir='ltr'><strong>Duplicem</strong></span> <span class='ocrx_word' id='word_1_235' title='bbox 3443 1579 3572 1636; x_wconf 85' lang='lat' dir='ltr'><strong>ergo</strong></span> <span class='ocrx_word' id='word_1_236' title='bbox 3595 1581 3694 1621; x_wconf 86' lang='lat' dir='ltr'><strong>no-</strong></span> 
     </span>
    </p>
   </div>
   <div class='ocr_carea' id='block_1_31' title="bbox 2104 1640 3689 1717">
    <p class='ocr_par' dir='ltr' id='par_1_31' title="bbox 2104 1640 3689 1717">
     <span class='ocr_line' id='line_1_31' title="bbox 2104 1640 3689 1717; baseline 0.011 -23"><span class='ocrx_word' id='word_1_237' title='bbox 2104 1640 2190 1695; x_wconf 84' lang='lat' dir='ltr'><strong>bis</strong></span> <span class='ocrx_word' id='word_1_238' title='bbox 2208 1640 2364 1710; x_wconf 84' lang='lat' dir='ltr'><strong>juxta</strong></span> <span class='ocrx_word' id='word_1_239' title='bbox 2390 1642 2731 1712; x_wconf 78' lang='lat' dir='ltr'><strong>Apostolum,</strong></span> <span class='ocrx_word' id='word_1_240' title='bbox 2769 1653 2828 1699; x_wconf 92' lang='lat' dir='ltr'><strong>ut</strong></span> <span class='ocrx_word' id='word_1_241' title='bbox 2851 1661 3013 1717; x_wconf 86' lang='lat' dir='ltr'><strong>supra</strong></span> <span class='ocrx_word' id='word_1_242' title='bbox 3042 1648 3299 1715; x_wconf 79' lang='lat' dir='ltr'><strong>diximus,</strong></span> <span class='ocrx_word' id='word_1_243' title='bbox 3327 1656 3563 1710; x_wconf 84' lang='lat' dir='ltr'><strong>ostendit</strong></span> <span class='ocrx_word' id='word_1_244' title='bbox 3587 1657 3689 1712; x_wconf 87' lang='lat' dir='ltr'><strong>ho-</strong></span> 
     </span>
    </p>
   </div>
   <div class='ocr_carea' id='block_1_32' title="bbox 2105 1732 3690 1803">
    <p class='ocr_par' dir='ltr' id='par_1_32' title="bbox 2105 1732 3690 1803">
     <span class='ocr_line' id='line_1_32' title="bbox 2105 1732 3690 1803; baseline 0.011 -17"><span class='ocrx_word' id='word_1_245' title='bbox 2105 1732 2326 1798; x_wconf 90' lang='lat' dir='ltr'><strong>minem,</strong></span> <span class='ocrx_word' id='word_1_246' title='bbox 2372 1734 2684 1790; x_wconf 89' lang='lat' dir='ltr'><strong>interiorem</strong></span> <span class='ocrx_word' id='word_1_247' title='bbox 2724 1746 2781 1792; x_wconf 89' lang='lat' dir='ltr'><strong>et</strong></span> <span class='ocrx_word' id='word_1_248' title='bbox 2818 1738 3170 1797; x_wconf 80' lang='lat' dir='ltr'><strong>exteriorem.</strong></span> <span class='ocrx_word' id='word_1_249' title='bbox 3214 1741 3363 1798; x_wconf 73' lang='lat' dir='ltr'><strong>Multi</strong></span> <span class='ocrx_word' id='word_1_250' title='bbox 3405 1746 3550 1802; x_wconf 88' lang='lat' dir='ltr'><strong>enim</strong></span> <span class='ocrx_word' id='word_1_251' title='bbox 3588 1748 3690 1803; x_wconf 87' lang='lat' dir='ltr'><strong>ha-</strong></span> 
     </span>
    </p>
   </div>
   <div class='ocr_carea' id='block_1_33' title="bbox 422 1824 3689 1910">
    <p class='ocr_par' dir='ltr' id='par_1_33' title="bbox 422 1824 3689 1910">
     <span class='ocr_line' id='line_1_33' title="bbox 422 1824 3689 1910; baseline 0.006 -38"><span class='ocrx_word' id='word_1_252' title='bbox 422 1853 529 1892; x_wconf 79' lang='grc' dir='ltr'><strong>ηοη</strong></span> <span class='ocrx_word' id='word_1_253' title='bbox 554 1844 612 1891; x_wconf 72' lang='grc' dir='ltr'>ιη</span> <span class='ocrx_word' id='word_1_254' title='bbox 651 1845 853 1891; x_wconf 53' lang='lat' dir='ltr'><strong>tam,“</strong></span> <span class='ocrx_word' id='word_1_255' title='bbox 891 1836 1154 1901; x_wconf 52' lang='lat' dir='ltr'><strong>intendat,</strong></span> <span class='ocrx_word' id='word_1_256' title='bbox 1185 1835 1348 1891; x_wconf 73' lang='grc' dir='ltr'>νειυιί</span> <span class='ocrx_word' id='word_1_257' title='bbox 1387 1851 1605 1907; x_wconf 61' lang='lat' dir='ltr'><strong>pecora,</strong></span> <span class='ocrx_word' id='word_1_258' title='bbox 1647 1852 1769 1907; x_wconf 60' lang='lat' dir='ltr'><strong>qua,</strong></span> <span class='ocrx_word' id='word_1_259' title='bbox 1810 1845 2003 1893; x_wconf 53' lang='lat' dir='ltr'><strong>natura</strong></span> <span class='ocrx_word' id='word_1_260' title='bbox 2032 1851 2079 1910; x_wconf 75' lang='grc' dir='ltr'><strong>Β</strong></span> <span class='ocrx_word' id='word_1_261' title='bbox 2106 1824 2293 1880; x_wconf 87' lang='lat' dir='ltr'><strong>beutes</strong></span> <span class='ocrx_word' id='word_1_262' title='bbox 2324 1825 2560 1883; x_wconf 91' lang='lat' dir='ltr'><strong>hominis</strong></span> <span class='ocrx_word' id='word_1_263' title='bbox 2589 1826 2783 1883; x_wconf 79' lang='lat' dir='ltr'><strong>faciem</strong></span> <span class='ocrx_word' id='word_1_264' title='bbox 2815 1829 3175 1900; x_wconf 78' lang='lat' dir='ltr'><strong>corporalem,</strong></span> <span class='ocrx_word' id='word_1_265' title='bbox 3216 1832 3552 1890; x_wconf 87' lang='lat' dir='ltr'><strong>diversarum</strong></span> <span class='ocrx_word' id='word_1_266' title='bbox 3588 1838 3689 1893; x_wconf 89' lang='lat' dir='ltr'><strong>he-</strong></span> 
     </span>
    </p>
   </div>
   <div class='ocr_carea' id='block_1_34' title="bbox 416 1926 1998 1998">
    <p class='ocr_par' dir='ltr' id='par_1_34' title="bbox 416 1926 1998 1998">
     <span class='ocr_line' id='line_1_34' title="bbox 416 1926 1998 1998; baseline 0.001 -16"><span class='ocrx_word' id='word_1_267' title='bbox 416 1943 588 1998; x_wconf 87' lang='lat' dir='ltr'><strong>prona</strong></span> <span class='ocrx_word' id='word_1_268' title='bbox 616 1935 672 1982; x_wconf 90' lang='lat' dir='ltr'><strong>et</strong></span> <span class='ocrx_word' id='word_1_269' title='bbox 703 1927 879 1982; x_wconf 87' lang='lat' dir='ltr'><strong>ventri</strong></span> <span class='ocrx_word' id='word_1_270' title='bbox 913 1926 1217 1982; x_wconf 89' lang='lat' dir='ltr'><strong>obedientia</strong></span> <span class='ocrx_word' id='word_1_271' title='bbox 1252 1926 1427 1981; x_wconf 84' lang='lat' dir='ltr'><strong>ﬁnxit.</strong></span> <span class='ocrx_word' id='word_1_272' title='bbox 1460 1927 1662 1998; x_wconf 80' lang='lat' dir='ltr'><strong>Duplex</strong></span> <span class='ocrx_word' id='word_1_273' title='bbox 1695 1935 1779 1983; x_wconf 88' lang='lat' dir='ltr'><strong>est</strong></span> <span class='ocrx_word' id='word_1_274' title='bbox 1818 1936 1998 1983; x_wconf 88' lang='lat' dir='ltr'><strong>autem</strong></span> 
     </span>
    </p>
   </div>
   <div class='ocr_carea' id='block_1_35' title="bbox 418 2016 1997 2086">
    <p class='ocr_par' dir='ltr' id='par_1_35' title="bbox 418 2016 1997 2086">
     <span class='ocr_line' id='line_1_35' title="bbox 418 2016 1997 2086; baseline -0.002 -14"><span class='ocrx_word' id='word_1_275' title='bbox 418 2018 602 2083; x_wconf 91' lang='lat' dir='ltr'><strong>homo,</strong></span> <span class='ocrx_word' id='word_1_276' title='bbox 627 2016 852 2071; x_wconf 90' lang='lat' dir='ltr'><strong>interior</strong></span> <span class='ocrx_word' id='word_1_277' title='bbox 876 2016 1037 2071; x_wconf 90' lang='lat' dir='ltr'><strong>homo</strong></span> <span class='ocrx_word' id='word_1_278' title='bbox 1056 2016 1255 2081; x_wconf 90' lang='lat' dir='ltr'><strong>anima,</strong></span> <span class='ocrx_word' id='word_1_279' title='bbox 1271 2023 1326 2070; x_wconf 92' lang='lat' dir='ltr'><strong>et</strong></span> <span class='ocrx_word' id='word_1_280' title='bbox 1342 2016 1580 2071; x_wconf 77' lang='lat' dir='ltr'><strong>exterior</strong></span> <span class='ocrx_word' id='word_1_281' title='bbox 1600 2016 1763 2072; x_wconf 88' lang='lat' dir='ltr'><strong>homo</strong></span> <span class='ocrx_word' id='word_1_282' title='bbox 1781 2029 1997 2086; x_wconf 88' lang='lat' dir='ltr'><strong>corpus.</strong></span> 
     </span>
    </p>
   </div>
   <div class='ocr_carea' id='block_1_36' title="bbox 417 2105 2003 2178">
    <p class='ocr_par' dir='ltr' id='par_1_36' title="bbox 417 2105 2003 2178">
     <span class='ocr_line' id='line_1_36' title="bbox 417 2105 2003 2178; baseline 0 -17"><span class='ocrx_word' id='word_1_283' title='bbox 417 2107 613 2163; x_wconf 78' lang='lat' dir='ltr'><strong>Anima</strong></span> <span class='ocrx_word' id='word_1_284' title='bbox 634 2116 814 2162; x_wconf 91' lang='lat' dir='ltr'><strong>autem</strong></span> <span class='ocrx_word' id='word_1_285' title='bbox 854 2121 885 2160; x_wconf 90' lang='lat' dir='ltr'><strong>a</strong></span> <span class='ocrx_word' id='word_1_286' title='bbox 928 2105 1218 2178; x_wconf 73' lang='lat' dir='ltr'><strong>gentilibus</strong></span> <span class='ocrx_word' id='word_1_287' title='bbox 1260 2121 1458 2161; x_wconf 89' lang='lat' dir='ltr'><strong>nomen</strong></span> <span class='ocrx_word' id='word_1_288' title='bbox 1491 2106 1723 2176; x_wconf 90' lang='lat' dir='ltr'><strong>accepit,</strong></span> <span class='ocrx_word' id='word_1_289' title='bbox 1766 2120 1832 2161; x_wconf 90' lang='lat' dir='ltr'><strong>eo</strong></span> <span class='ocrx_word' id='word_1_290' title='bbox 1856 2106 2003 2175; x_wconf 85' lang='lat' dir='ltr'><strong>quod</strong></span> 
     </span>
    </p>
   </div>
   <div class='ocr_carea' id='block_1_37' title="bbox 415 2195 2000 2271">
    <p class='ocr_par' dir='ltr' id='par_1_37' title="bbox 415 2195 2000 2271">
     <span class='ocr_line' id='line_1_37' title="bbox 415 2195 2000 2271; baseline -0.001 -18"><span class='ocrx_word' id='word_1_291' title='bbox 415 2206 610 2253; x_wconf 87' lang='lat' dir='ltr'><strong>ventus</strong></span> <span class='ocrx_word' id='word_1_292' title='bbox 649 2197 740 2252; x_wconf 91' lang='lat' dir='ltr'><strong>sit.</strong></span> <span class='ocrx_word' id='word_1_293' title='bbox 771 2196 925 2253; x_wconf 88' lang='lat' dir='ltr'><strong>Unde</strong></span> <span class='ocrx_word' id='word_1_294' title='bbox 945 2205 1001 2252; x_wconf 91' lang='lat' dir='ltr'><strong>et</strong></span> <span class='ocrx_word' id='word_1_295' title='bbox 1026 2195 1199 2252; x_wconf 66' lang='lat' dir='ltr'><strong>Graeci</strong></span> <span class='ocrx_word' id='word_1_296' title='bbox 1235 2205 1451 2252; x_wconf 87' lang='lat' dir='ltr'><strong>ventum</strong></span> <span class='ocrx_word' id='word_1_297' title='bbox 1484 2198 1693 2252; x_wconf 90' lang='lat' dir='ltr'><strong>animos</strong></span> <span class='ocrx_word' id='word_1_298' title='bbox 1728 2195 2000 2271; x_wconf 88' lang='lat' dir='ltr'><strong>[auemos]</strong></span> 
     </span>
    </p>
   </div>
   <div class='ocr_carea' id='block_1_38' title="bbox 419 2285 1996 2357">
    <p class='ocr_par' dir='ltr' id='par_1_38' title="bbox 419 2285 1996 2357">
     <span class='ocr_line' id='line_1_38' title="bbox 419 2285 1996 2357; baseline -0.002 -15"><span class='ocrx_word' id='word_1_299' title='bbox 419 2287 626 2354; x_wconf 88' lang='lat' dir='ltr'><strong>dicunt,</strong></span> <span class='ocrx_word' id='word_1_300' title='bbox 660 2285 801 2357; x_wconf 90' lang='lat' dir='ltr'><strong>quod</strong></span> <span class='ocrx_word' id='word_1_301' title='bbox 828 2301 923 2341; x_wconf 90' lang='lat' dir='ltr'><strong>ore</strong></span> <span class='ocrx_word' id='word_1_302' title='bbox 961 2286 1237 2341; x_wconf 87' lang='lat' dir='ltr'><strong>trahentes</strong></span> <span class='ocrx_word' id='word_1_303' title='bbox 1261 2300 1441 2341; x_wconf 89' lang='lat' dir='ltr'><strong>aerem</strong></span> <span class='ocrx_word' id='word_1_304' title='bbox 1470 2286 1652 2341; x_wconf 81' lang='lat' dir='ltr'><strong>vivere</strong></span> <span class='ocrx_word' id='word_1_305' title='bbox 1679 2287 1960 2341; x_wconf 84' lang='lat' dir='ltr'><strong>videamur</strong></span> <span class='ocrx_word' id='word_1_306' title='bbox 1983 2303 1996 2340; x_wconf 88' lang='lat'><strong>:</strong></span> 
     </span>
    </p>
   </div>
   <div class='ocr_carea' id='block_1_39' title="bbox 416 2377 2003 2450">
    <p class='ocr_par' dir='ltr' id='par_1_39' title="bbox 416 2377 2003 2450">
     <span class='ocr_line' id='line_1_39' title="bbox 416 2377 2003 2450; baseline -0.001 -16"><span class='ocrx_word' id='word_1_307' title='bbox 416 2379 512 2434; x_wconf 89' lang='lat' dir='ltr'><strong>sed</strong></span> <span class='ocrx_word' id='word_1_308' title='bbox 546 2378 886 2449; x_wconf 87' lang='lat' dir='ltr'><strong>apertissime</strong></span> <span class='ocrx_word' id='word_1_309' title='bbox 914 2378 1109 2432; x_wconf 85' lang='lat' dir='ltr'><strong>falsum</strong></span> <span class='ocrx_word' id='word_1_310' title='bbox 1136 2386 1219 2434; x_wconf 92' lang='lat' dir='ltr'><strong>est</strong></span> <span class='ocrx_word' id='word_1_311' title='bbox 1255 2396 1268 2432; x_wconf 90' lang='lat'>:</span> <span class='ocrx_word' id='word_1_312' title='bbox 1307 2378 1433 2448; x_wconf 90' lang='lat' dir='ltr'><strong>quia</strong></span> <span class='ocrx_word' id='word_1_313' title='bbox 1462 2378 1632 2434; x_wconf 90' lang='lat' dir='ltr'><strong>multo</strong></span> <span class='ocrx_word' id='word_1_314' title='bbox 1655 2378 1806 2449; x_wconf 84' lang='lat' dir='ltr'><strong>prius</strong></span> <span class='ocrx_word' id='word_1_315' title='bbox 1829 2377 2003 2450; x_wconf 89' lang='lat' dir='ltr'><strong>gigni-</strong></span> 
     </span>
    </p>
   </div>
   <div class='ocr_carea' id='block_1_40' title="bbox 417 2467 1999 2538">
    <p class='ocr_par' dir='ltr' id='par_1_40' title="bbox 417 2467 1999 2538">
     <span class='ocr_line' id='line_1_40' title="bbox 417 2467 1999 2538; baseline 0 -15"><span class='ocrx_word' id='word_1_316' title='bbox 417 2477 506 2523; x_wconf 89' lang='lat' dir='ltr'><strong>tur</strong></span> <span class='ocrx_word' id='word_1_317' title='bbox 544 2468 743 2530; x_wconf 72' lang='lat' dir='ltr'><strong>ultima,</strong></span> <span class='ocrx_word' id='word_1_318' title='bbox 775 2483 935 2537; x_wconf 85' lang='lat' dir='ltr'><strong>quam</strong></span> <span class='ocrx_word' id='word_1_319' title='bbox 968 2467 1175 2537; x_wconf 88' lang='lat' dir='ltr'><strong>concipi</strong></span> <span class='ocrx_word' id='word_1_320' title='bbox 1206 2482 1300 2521; x_wconf 89' lang='lat' dir='ltr'><strong>aer</strong></span> <span class='ocrx_word' id='word_1_321' title='bbox 1323 2482 1419 2522; x_wconf 89' lang='lat' dir='ltr'><strong>ore</strong></span> <span class='ocrx_word' id='word_1_322' title='bbox 1446 2469 1637 2537; x_wconf 88' lang='lat' dir='ltr'><strong>possit,</strong></span> <span class='ocrx_word' id='word_1_323' title='bbox 1660 2483 1780 2538; x_wconf 71' lang='lat' dir='ltr'><strong>qua:</strong></span> <span class='ocrx_word' id='word_1_324' title='bbox 1804 2467 1916 2537; x_wconf 86' lang='lat' dir='ltr'><strong>jam</strong></span> <span class='ocrx_word' id='word_1_325' title='bbox 1945 2468 1999 2523; x_wconf 92' lang='lat' dir='ltr'><strong>in</strong></span> 
     </span>
    </p>
   </div>
   <div class='ocr_carea' id='block_1_41' title="bbox 418 2556 2001 2631">
    <p class='ocr_par' dir='ltr' id='par_1_41' title="bbox 418 2556 2001 2631">
     <span class='ocr_line' id='line_1_41' title="bbox 418 2556 2001 2631; baseline 0 -18"><span class='ocrx_word' id='word_1_326' title='bbox 418 2558 701 2631; x_wconf 78' lang='lat' dir='ltr'><strong>genitricis</strong></span> <span class='ocrx_word' id='word_1_327' title='bbox 721 2567 877 2614; x_wconf 89' lang='lat' dir='ltr'><strong>utero</strong></span> <span class='ocrx_word' id='word_1_328' title='bbox 899 2558 1049 2613; x_wconf 89' lang='lat' dir='ltr'><strong>vivit.</strong></span> <span class='ocrx_word' id='word_1_329' title='bbox 1082 2556 1197 2612; x_wconf 86' lang='lat' dir='ltr'><strong>Non</strong></span> <span class='ocrx_word' id='word_1_330' title='bbox 1221 2567 1307 2613; x_wconf 91' lang='lat' dir='ltr'><strong>est</strong></span> <span class='ocrx_word' id='word_1_331' title='bbox 1331 2558 1494 2629; x_wconf 77' lang='lat' dir='ltr'><strong>igitur</strong></span> <span class='ocrx_word' id='word_1_332' title='bbox 1518 2573 1614 2613; x_wconf 84' lang='lat' dir='ltr'><strong>aer</strong></span> <span class='ocrx_word' id='word_1_333' title='bbox 1635 2558 1833 2624; x_wconf 88' lang='lat' dir='ltr'><strong>anima,</strong></span> <span class='ocrx_word' id='word_1_334' title='bbox 1855 2559 2001 2629; x_wconf 90' lang='lat' dir='ltr'><strong>quod</strong></span> 
     </span>
    </p>
   </div>
   <div class='ocr_carea' id='block_1_42' title="bbox 415 2647 1998 2721">
    <p class='ocr_par' dir='ltr' id='par_1_42' title="bbox 415 2647 1998 2721">
     <span class='ocr_line' id='line_1_42' title="bbox 415 2647 1998 2721; baseline -0.002 -17"><span class='ocrx_word' id='word_1_335' title='bbox 415 2657 742 2721; x_wconf 89' lang='lat' dir='ltr'><strong>putaverunt</strong></span> <span class='ocrx_word' id='word_1_336' title='bbox 768 2648 1016 2719; x_wconf 89' lang='lat' dir='ltr'><strong>quidam,</strong></span> <span class='ocrx_word' id='word_1_337' title='bbox 1047 2648 1141 2720; x_wconf 91' lang='lat' dir='ltr'><strong>qui</strong></span> <span class='ocrx_word' id='word_1_338' title='bbox 1167 2663 1273 2702; x_wconf 92' lang='lat' dir='ltr'><strong>non</strong></span> <span class='ocrx_word' id='word_1_339' title='bbox 1302 2656 1595 2718; x_wconf 90' lang='lat' dir='ltr'><strong>potuerunt</strong></span> <span class='ocrx_word' id='word_1_340' title='bbox 1622 2647 1998 2718; x_wconf 78' lang='lat' dir='ltr'><strong>incorporeum</strong></span> 
     </span>
    </p>
   </div>
   <div class='ocr_carea' id='block_1_43' title="bbox 413 2739 1996 2812">
    <p class='ocr_par' dir='ltr' id='par_1_43' title="bbox 413 2739 1996 2812">
     <span class='ocr_line' id='line_1_43' title="bbox 413 2739 1996 2812; baseline -0.001 -16"><span class='ocrx_word' id='word_1_341' title='bbox 413 2740 535 2812; x_wconf 85' lang='lat' dir='ltr'><strong>ejus</strong></span> <span class='ocrx_word' id='word_1_342' title='bbox 571 2740 811 2812; x_wconf 86' lang='lat' dir='ltr'><strong>cogitare</strong></span> <span class='ocrx_word' id='word_1_343' title='bbox 848 2748 1119 2795; x_wconf 88' lang='lat' dir='ltr'><strong>naturam.</strong></span> <span class='ocrx_word' id='word_1_344' title='bbox 1170 2739 1344 2795; x_wconf 83' lang='lat' dir='ltr'><strong>Homo</strong></span> <span class='ocrx_word' id='word_1_345' title='bbox 1371 2740 1496 2810; x_wconf 87' lang='lat' dir='ltr'><strong>quia</strong></span> <span class='ocrx_word' id='word_1_346' title='bbox 1529 2755 1595 2795; x_wconf 90' lang='lat' dir='ltr'><strong>ex</strong></span> <span class='ocrx_word' id='word_1_347' title='bbox 1630 2740 1840 2795; x_wconf 87' lang='lat' dir='ltr'><strong>duabus</strong></span> <span class='ocrx_word' id='word_1_348' title='bbox 1862 2754 1996 2795; x_wconf 87' lang='lat' dir='ltr'><strong>con-</strong></span> 
     </span>
    </p>
   </div>
   <div class='ocr_carea' id='block_1_44' title="bbox 410 2828 1998 2899">
    <p class='ocr_par' dir='ltr' id='par_1_44' title="bbox 410 2828 1998 2899">
     <span class='ocr_line' id='line_1_44' title="bbox 410 2828 1998 2899; baseline -0.001 -14"><span class='ocrx_word' id='word_1_349' title='bbox 410 2838 526 2885; x_wconf 84' lang='lat' dir='ltr'><strong>stat</strong></span> <span class='ocrx_word' id='word_1_350' title='bbox 550 2830 780 2896; x_wconf 89' lang='lat' dir='ltr'><strong>naturis,</strong></span> <span class='ocrx_word' id='word_1_351' title='bbox 811 2828 1097 2898; x_wconf 85' lang='lat' dir='ltr'><strong>aliquando</strong></span> <span class='ocrx_word' id='word_1_352' title='bbox 1149 2844 1346 2899; x_wconf 88' lang='lat' dir='ltr'><strong>corpus</strong></span> <span class='ocrx_word' id='word_1_353' title='bbox 1371 2830 1687 2894; x_wconf 90' lang='lat' dir='ltr'><strong>humanum,</strong></span> <span class='ocrx_word' id='word_1_354' title='bbox 1712 2829 1998 2899; x_wconf 86' lang='lat' dir='ltr'><strong>aliquando</strong></span> 
     </span>
    </p>
   </div>
   <div class='ocr_carea' id='block_1_45' title="bbox 415 2919 1999 2991">
    <p class='ocr_par' dir='ltr' id='par_1_45' title="bbox 415 2919 1999 2991">
     <span class='ocr_line' id='line_1_45' title="bbox 415 2919 1999 2991; baseline -0.003 -13"><span class='ocrx_word' id='word_1_355' title='bbox 415 2923 581 2978; x_wconf 89' lang='lat' dir='ltr'><strong>etiam</strong></span> <span class='ocrx_word' id='word_1_356' title='bbox 607 2922 845 2976; x_wconf 87' lang='lat' dir='ltr'><strong>animam</strong></span> <span class='ocrx_word' id='word_1_357' title='bbox 874 2920 1190 2975; x_wconf 89' lang='lat' dir='ltr'><strong>rationalem</strong></span> <span class='ocrx_word' id='word_1_358' title='bbox 1219 2919 1506 2991; x_wconf 78' lang='lat' dir='ltr'><strong>signiﬁcat.</strong></span> <span class='ocrx_word' id='word_1_359' title='bbox 1536 2920 1612 2975; x_wconf 87' lang='lat' dir='ltr'><strong>De</strong></span> <span class='ocrx_word' id='word_1_360' title='bbox 1645 2934 1753 2990; x_wconf 91' lang='lat' dir='ltr'><strong>quo</strong></span> <span class='ocrx_word' id='word_1_361' title='bbox 1769 2919 1999 2989; x_wconf 86' lang='lat' dir='ltr'><strong>Aposto-</strong></span> 
     </span>
    </p>
   </div>
   <div class='ocr_carea' id='block_1_46' title="bbox 412 3010 1999 3080">
    <p class='ocr_par' dir='ltr' id='par_1_46' title="bbox 412 3010 1999 3080">
     <span class='ocr_line' id='line_1_46' title="bbox 412 3010 1999 3080; baseline -0.002 -13"><span class='ocrx_word' id='word_1_362' title='bbox 412 3011 497 3068; x_wconf 85' lang='lat' dir='ltr'><strong>lus</strong></span> <span class='ocrx_word' id='word_1_363' title='bbox 516 3012 594 3067; x_wconf 87' lang='lat' dir='ltr'><strong>ait</strong></span> <span class='ocrx_word' id='word_1_364' title='bbox 624 3028 637 3065; x_wconf 90' lang='lat'><strong>:</strong></span> <span class='ocrx_word' id='word_1_365' title='bbox 674 3010 741 3065; x_wconf 85' lang='lat' dir='ltr'><strong>Et</strong></span> <span class='ocrx_word' id='word_1_366' title='bbox 766 3011 812 3064; x_wconf 87' lang='lat' dir='ltr'><strong>si</strong></span> <span class='ocrx_word' id='word_1_367' title='bbox 833 3011 1060 3066; x_wconf 72' lang='lat' dir='ltr'><strong>exterior</strong></span> <span class='ocrx_word' id='word_1_368' title='bbox 1083 3012 1237 3065; x_wconf 89' lang='lat' dir='ltr'><strong>homo</strong></span> <span class='ocrx_word' id='word_1_369' title='bbox 1268 3017 1444 3065; x_wconf 79' lang='lat' dir='ltr'><strong>noster</strong></span> <span class='ocrx_word' id='word_1_370' title='bbox 1462 3010 1833 3080; x_wconf 82' lang='lat' dir='ltr'><strong>corrumpitur,</strong></span> <span class='ocrx_word' id='word_1_371' title='bbox 1865 3011 1999 3065; x_wconf 84' lang='lat' dir='ltr'><strong>inte-</strong></span> 
     </span>
    </p>
   </div>
   <div class='ocr_carea' id='block_1_47' title="bbox 414 3101 1995 3174">
    <p class='ocr_par' dir='ltr' id='par_1_47' title="bbox 414 3101 1995 3174">
     <span class='ocr_line' id='line_1_47' title="bbox 414 3101 1995 3174; baseline -0.001 -16"><span class='ocrx_word' id='word_1_372' title='bbox 414 3104 525 3159; x_wconf 86' lang='lat' dir='ltr'><strong>rior</strong></span> <span class='ocrx_word' id='word_1_373' title='bbox 558 3111 839 3158; x_wconf 80' lang='lat' dir='ltr'><strong>renovatur</strong></span> <span class='ocrx_word' id='word_1_374' title='bbox 868 3102 933 3156; x_wconf 89' lang='lat' dir='ltr'><strong>de</strong></span> <span class='ocrx_word' id='word_1_375' title='bbox 959 3102 1041 3156; x_wconf 84' lang='lat' dir='ltr'><strong>die</strong></span> <span class='ocrx_word' id='word_1_376' title='bbox 1074 3102 1128 3157; x_wconf 81' lang='lat' dir='ltr'><strong>in</strong></span> <span class='ocrx_word' id='word_1_377' title='bbox 1158 3102 1295 3156; x_wconf 86' lang='lat' dir='ltr'><strong>diem</strong></span> <span class='ocrx_word' id='word_1_378' title='bbox 1325 3101 1407 3173; x_wconf 84' lang='lat' dir='ltr'><strong>(Il</strong></span> <span class='ocrx_word' id='word_1_379' title='bbox 1442 3101 1562 3157; x_wconf 86' lang='lat' dir='ltr'><strong>Cor.</strong></span> <span class='ocrx_word' id='word_1_380' title='bbox 1606 3103 1715 3174; x_wconf 82' lang='lat' dir='ltr'><strong>Iv);</strong></span> <span class='ocrx_word' id='word_1_381' title='bbox 1750 3111 1808 3157; x_wconf 90' lang='lat' dir='ltr'><strong>et</strong></span> <span class='ocrx_word' id='word_1_382' title='bbox 1843 3102 1995 3167; x_wconf 84' lang='lat' dir='ltr'><strong>alibi,</strong></span> 
     </span>
    </p>
   </div>
   <div class='ocr_carea' id='block_1_48' title="bbox 416 3191 1996 3261">
    <p class='ocr_par' dir='ltr' id='par_1_48' title="bbox 416 3191 1996 3261">
     <span class='ocr_line' id='line_1_48' title="bbox 416 3191 1996 3261; baseline -0.003 -11"><span class='ocrx_word' id='word_1_383' title='bbox 416 3194 730 3250; x_wconf 86' lang='lat' dir='ltr'><strong>interiorem</strong></span> <span class='ocrx_word' id='word_1_384' title='bbox 759 3193 1030 3249; x_wconf 92' lang='lat' dir='ltr'><strong>hominem</strong></span> <span class='ocrx_word' id='word_1_385' title='bbox 1057 3192 1304 3248; x_wconf 89' lang='lat' dir='ltr'><strong>habitare</strong></span> <span class='ocrx_word' id='word_1_386' title='bbox 1328 3191 1601 3248; x_wconf 86' lang='lat' dir='ltr'><strong>Christum</strong></span> <span class='ocrx_word' id='word_1_387' title='bbox 1631 3207 1729 3261; x_wconf 90' lang='lat' dir='ltr'><strong>per</strong></span> <span class='ocrx_word' id='word_1_388' title='bbox 1757 3191 1916 3245; x_wconf 80' lang='lat' dir='ltr'><strong>ﬁdem</strong></span> <span class='ocrx_word' id='word_1_389' title='bbox 1939 3192 1996 3246; x_wconf 87' lang='lat' dir='ltr'><strong>in</strong></span> 
     </span>
    </p>
   </div>
   <div class='ocr_carea' id='block_1_49' title="bbox 416 3280 1995 3355">
    <p class='ocr_par' dir='ltr' id='par_1_49' title="bbox 416 3280 1995 3355">
     <span class='ocr_line' id='line_1_49' title="bbox 416 3280 1995 3355; baseline -0.003 -16"><span class='ocrx_word' id='word_1_390' title='bbox 416 3284 670 3340; x_wconf 89' lang='lat' dir='ltr'><strong>cordibus</strong></span> <span class='ocrx_word' id='word_1_391' title='bbox 691 3284 893 3339; x_wconf 87' lang='lat' dir='ltr'><strong>nostris</strong></span> <span class='ocrx_word' id='word_1_392' title='bbox 917 3283 1134 3354; x_wconf 84' lang='lat' dir='ltr'><strong>(Ephes.</strong></span> <span class='ocrx_word' id='word_1_393' title='bbox 1155 3281 1261 3355; x_wconf 87' lang='grc' dir='ltr'>ιιι).</span> <span class='ocrx_word' id='word_1_394' title='bbox 1289 3281 1420 3337; x_wconf 90' lang='lat' dir='ltr'><strong>ltem</strong></span> <span class='ocrx_word' id='word_1_395' title='bbox 1443 3281 1497 3335; x_wconf 91' lang='lat' dir='ltr'><strong>in</strong></span> <span class='ocrx_word' id='word_1_396' title='bbox 1520 3280 1734 3335; x_wconf 81' lang='lat' dir='ltr'><strong>Psalmo</strong></span> <span class='ocrx_word' id='word_1_397' title='bbox 1753 3280 1995 3335; x_wconf 89' lang='lat' dir='ltr'><strong>diversas</strong></span> 
     </span>
    </p>
   </div>
   <div class='ocr_carea' id='block_1_50' title="bbox 414 3369 1992 3446">
    <p class='ocr_par' dir='ltr' id='par_1_50' title="bbox 414 3369 1992 3446">
     <span class='ocr_line' id='line_1_50' title="bbox 414 3369 1992 3446; baseline -0.004 -16"><span class='ocrx_word' id='word_1_398' title='bbox 414 3373 627 3446; x_wconf 83' lang='lat' dir='ltr'><strong>species</strong></span> <span class='ocrx_word' id='word_1_399' title='bbox 648 3373 925 3428; x_wconf 87' lang='lat' dir='ltr'><strong>hominum</strong></span> <span class='ocrx_word' id='word_1_400' title='bbox 951 3373 1185 3428; x_wconf 90' lang='lat' dir='ltr'><strong>ostendit</strong></span> <span class='ocrx_word' id='word_1_401' title='bbox 1207 3372 1466 3442; x_wconf 81' lang='lat' dir='ltr'><strong>propheta</strong></span> <span class='ocrx_word' id='word_1_402' title='bbox 1492 3371 1568 3425; x_wconf 91' lang='lat' dir='ltr'><strong>ita</strong></span> <span class='ocrx_word' id='word_1_403' title='bbox 1591 3369 1772 3425; x_wconf 88' lang='lat' dir='ltr'><strong>dicens</strong></span> <span class='ocrx_word' id='word_1_404' title='bbox 1804 3387 1819 3424; x_wconf 88' lang='lat'><strong>:</strong></span> <span class='ocrx_word' id='word_1_405' title='bbox 1851 3369 1992 3436; x_wconf 84' lang='lat' dir='ltr'><strong>Quid</strong></span> 
     </span>
    </p>
   </div>
   <div class='ocr_carea' id='block_1_51' title="bbox 412 3462 1990 3535">
    <p class='ocr_par' dir='ltr' id='par_1_51' title="bbox 412 3462 1990 3535">
     <span class='ocr_line' id='line_1_51' title="bbox 412 3462 1990 3535; baseline -0.002 -15"><span class='ocrx_word' id='word_1_406' title='bbox 412 3474 489 3521; x_wconf 87' lang='lat' dir='ltr'><strong>est</strong></span> <span class='ocrx_word' id='word_1_407' title='bbox 523 3467 707 3528; x_wconf 83' lang='lat' dir='ltr'><strong>homo,</strong></span> <span class='ocrx_word' id='word_1_408' title='bbox 748 3464 887 3535; x_wconf 87' lang='lat' dir='ltr'><strong>quod</strong></span> <span class='ocrx_word' id='word_1_409' title='bbox 915 3479 1113 3518; x_wconf 88' lang='lat' dir='ltr'><strong>memor</strong></span> <span class='ocrx_word' id='word_1_410' title='bbox 1143 3479 1197 3517; x_wconf 89' lang='lat' dir='ltr'><strong>es</strong></span> <span class='ocrx_word' id='word_1_411' title='bbox 1237 3463 1399 3534; x_wconf 81' lang='lat' dir='ltr'><strong>ejus?</strong></span> <span class='ocrx_word' id='word_1_412' title='bbox 1441 3472 1532 3517; x_wconf 88' lang='lat' dir='ltr'><strong>aut</strong></span> <span class='ocrx_word' id='word_1_413' title='bbox 1571 3462 1716 3533; x_wconf 74' lang='lat' dir='ltr'><strong>ﬁlius</strong></span> <span class='ocrx_word' id='word_1_414' title='bbox 1742 3464 1990 3530; x_wconf 79' lang='lat' dir='ltr'><strong>hominis,</strong></span> 
     </span>
    </p>
   </div>
   <div class='ocr_carea' id='block_1_52' title="bbox 413 3553 1992 3629">
    <p class='ocr_par' dir='ltr' id='par_1_52' title="bbox 413 3553 1992 3629">
     <span class='ocr_line' id='line_1_52' title="bbox 413 3553 1992 3629; baseline 0 -18"><span class='ocrx_word' id='word_1_415' title='bbox 413 3558 665 3629; x_wconf 80' lang='lat' dir='ltr'><strong>quoniam</strong></span> <span class='ocrx_word' id='word_1_416' title='bbox 693 3556 870 3611; x_wconf 86' lang='lat' dir='ltr'><strong>visitas</strong></span> <span class='ocrx_word' id='word_1_417' title='bbox 889 3571 1005 3609; x_wconf 90' lang='lat' dir='ltr'><strong>eum</strong></span> <span class='ocrx_word' id='word_1_418' title='bbox 1022 3555 1046 3609; x_wconf 81' lang='lat'><strong>.°</strong></span> <span class='ocrx_word' id='word_1_419' title='bbox 1065 3553 1238 3626; x_wconf 86' lang='lat' dir='ltr'><strong>(Psal.</strong></span> <span class='ocrx_word' id='word_1_420' title='bbox 1269 3554 1411 3627; x_wconf 79' lang='lat' dir='ltr'><strong>vin.)</strong></span> <span class='ocrx_word' id='word_1_421' title='bbox 1440 3554 1579 3622; x_wconf 79' lang='lat' dir='ltr'><strong>Quid</strong></span> <span class='ocrx_word' id='word_1_422' title='bbox 1594 3565 1667 3610; x_wconf 90' lang='lat' dir='ltr'><strong>est</strong></span> <span class='ocrx_word' id='word_1_423' title='bbox 1688 3557 1843 3609; x_wconf 90' lang='lat' dir='ltr'><strong>homo</strong></span> <span class='ocrx_word' id='word_1_424' title='bbox 1869 3571 1992 3611; x_wconf 91' lang='lat' dir='ltr'><strong>cum</strong></span> 
     </span>
    </p>
   </div>
   <div class='ocr_carea' id='block_1_53' title="bbox 414 3644 1988 3717">
    <p class='ocr_par' dir='ltr' id='par_1_53' title="bbox 414 3644 1988 3717">
     <span class='ocr_line' id='line_1_53' title="bbox 414 3644 1988 3717; baseline -0.001 -14"><span class='ocrx_word' id='word_1_425' title='bbox 414 3648 669 3717; x_wconf 87' lang='lat' dir='ltr'><strong>despectu</strong></span> <span class='ocrx_word' id='word_1_426' title='bbox 718 3646 1173 3714; x_wconf 87' lang='lat' dir='ltr'><strong>pronuntiandum</strong></span> <span class='ocrx_word' id='word_1_427' title='bbox 1207 3653 1310 3711; x_wconf 91' lang='lat' dir='ltr'><strong>est,</strong></span> <span class='ocrx_word' id='word_1_428' title='bbox 1347 3645 1401 3701; x_wconf 90' lang='lat' dir='ltr'><strong>id</strong></span> <span class='ocrx_word' id='word_1_429' title='bbox 1435 3654 1541 3711; x_wconf 88' lang='lat' dir='ltr'><strong>est,</strong></span> <span class='ocrx_word' id='word_1_430' title='bbox 1579 3644 1784 3716; x_wconf 80' lang='lat' dir='ltr'><strong>fragilis</strong></span> <span class='ocrx_word' id='word_1_431' title='bbox 1809 3652 1864 3700; x_wconf 89' lang='lat' dir='ltr'><strong>et</strong></span> <span class='ocrx_word' id='word_1_432' title='bbox 1894 3661 1988 3701; x_wconf 88' lang='lat' dir='ltr'><strong>ea-</strong></span> 
     </span>
    </p>
   </div>
   <div class='ocr_carea' id='block_1_54' title="bbox 414 3733 1992 3804">
    <p class='ocr_par' dir='ltr' id='par_1_54' title="bbox 414 3733 1992 3804">
     <span class='ocr_line' id='line_1_54' title="bbox 414 3733 1992 3804; baseline -0.001 -13"><span class='ocrx_word' id='word_1_433' title='bbox 414 3737 585 3791; x_wconf 87' lang='lat' dir='ltr'><strong>ducus</strong></span> <span class='ocrx_word' id='word_1_434' title='bbox 625 3733 753 3789; x_wconf 70' lang='lat' dir='ltr'><strong>Adae</strong></span> <span class='ocrx_word' id='word_1_435' title='bbox 781 3748 1007 3804; x_wconf 87' lang='lat' dir='ltr'><strong>sequax,</strong></span> <span class='ocrx_word' id='word_1_436' title='bbox 1038 3733 1131 3803; x_wconf 89' lang='lat' dir='ltr'><strong>qui</strong></span> <span class='ocrx_word' id='word_1_437' title='bbox 1161 3733 1217 3788; x_wconf 89' lang='lat' dir='ltr'><strong>in</strong></span> <span class='ocrx_word' id='word_1_438' title='bbox 1246 3733 1415 3789; x_wconf 88' lang='lat' dir='ltr'><strong>veteri</strong></span> <span class='ocrx_word' id='word_1_439' title='bbox 1445 3742 1668 3804; x_wconf 88' lang='lat' dir='ltr'><strong>peccato</strong></span> <span class='ocrx_word' id='word_1_440' title='bbox 1700 3733 1992 3804; x_wconf 88' lang='lat' dir='ltr'><strong>permistus</strong></span> 
     </span>
    </p>
   </div>
   <div class='ocr_carea' id='block_1_55' title="bbox 415 3825 1992 3896">
    <p class='ocr_par' dir='ltr' id='par_1_55' title="bbox 415 3825 1992 3896">
     <span class='ocr_line' id='line_1_55' title="bbox 415 3825 1992 3896; baseline -0.001 -13"><span class='ocrx_word' id='word_1_441' title='bbox 415 3826 564 3883; x_wconf 89' lang='lat' dir='ltr'><strong>socia</strong></span> <span class='ocrx_word' id='word_1_442' title='bbox 594 3826 861 3896; x_wconf 88' lang='lat' dir='ltr'><strong>pravitate</strong></span> <span class='ocrx_word' id='word_1_443' title='bbox 893 3826 1180 3882; x_wconf 88' lang='lat' dir='ltr'><strong>conclusus</strong></span> <span class='ocrx_word' id='word_1_444' title='bbox 1207 3833 1309 3882; x_wconf 88' lang='lat' dir='ltr'><strong>est.</strong></span> <span class='ocrx_word' id='word_1_445' title='bbox 1347 3825 1520 3896; x_wconf 79' lang='lat' dir='ltr'><strong>Hujus</strong></span> <span class='ocrx_word' id='word_1_446' title='bbox 1540 3840 1749 3881; x_wconf 89' lang='lat' dir='ltr'><strong>memor</strong></span> <span class='ocrx_word' id='word_1_447' title='bbox 1779 3834 1864 3881; x_wconf 91' lang='lat' dir='ltr'><strong>est</strong></span> <span class='ocrx_word' id='word_1_448' title='bbox 1888 3825 1992 3881; x_wconf 87' lang='lat' dir='ltr'><strong>Do-</strong></span> 
     </span>
    </p>
   </div>
   <div class='ocr_carea' id='block_1_56' title="bbox 410 3918 1992 3989">
    <p class='ocr_par' dir='ltr' id='par_1_56' title="bbox 410 3918 1992 3989">
     <span class='ocr_line' id='line_1_56' title="bbox 410 3918 1992 3989; baseline 0.001 -17"><span class='ocrx_word' id='word_1_449' title='bbox 410 3918 624 3985; x_wconf 87' lang='lat' dir='ltr'><strong>minus,</strong></span> <span class='ocrx_word' id='word_1_450' title='bbox 664 3918 879 3988; x_wconf 89' lang='lat' dir='ltr'><strong>quando</strong></span> <span class='ocrx_word' id='word_1_451' title='bbox 914 3919 969 3974; x_wconf 89' lang='lat' dir='ltr'><strong>ei</strong></span> <span class='ocrx_word' id='word_1_452' title='bbox 992 3926 1213 3989; x_wconf 84' lang='lat' dir='ltr'><strong>peccata</strong></span> <span class='ocrx_word' id='word_1_453' title='bbox 1250 3918 1494 3985; x_wconf 86' lang='lat' dir='ltr'><strong>dimittit,</strong></span> <span class='ocrx_word' id='word_1_454' title='bbox 1516 3926 1572 3974; x_wconf 90' lang='lat' dir='ltr'><strong>et</strong></span> <span class='ocrx_word' id='word_1_455' title='bbox 1606 3919 1992 3975; x_wconf 62' lang='lat' dir='ltr'><strong>misericordiae</strong></span> 
     </span>
    </p>
   </div>
   <div class='ocr_carea' id='block_1_57' title="bbox 409 4008 1985 4080">
    <p class='ocr_par' dir='ltr' id='par_1_57' title="bbox 409 4008 1985 4080">
     <span class='ocr_line' id='line_1_57' title="bbox 409 4008 1985 4080; baseline 0.001 -17"><span class='ocrx_word' id='word_1_456' title='bbox 409 4023 522 4064; x_wconf 68' lang='lat' dir='ltr'><strong>suae</strong></span> <span class='ocrx_word' id='word_1_457' title='bbox 544 4009 683 4064; x_wconf 88' lang='lat' dir='ltr'><strong>dona</strong></span> <span class='ocrx_word' id='word_1_458' title='bbox 705 4008 931 4080; x_wconf 87' lang='lat' dir='ltr'><strong>largitur</strong></span> <span class='ocrx_word' id='word_1_459' title='bbox 959 4027 973 4063; x_wconf 85' lang='lat'><strong>:</strong></span> <span class='ocrx_word' id='word_1_460' title='bbox 1002 4010 1144 4066; x_wconf 80' lang='lat' dir='ltr'><strong>sicut</strong></span> <span class='ocrx_word' id='word_1_461' title='bbox 1164 4009 1218 4063; x_wconf 86' lang='lat' dir='ltr'><strong>in</strong></span> <span class='ocrx_word' id='word_1_462' title='bbox 1241 4009 1348 4066; x_wconf 85' lang='lat' dir='ltr'><strong>alio</strong></span> <span class='ocrx_word' id='word_1_463' title='bbox 1366 4010 1573 4080; x_wconf 87' lang='lat' dir='ltr'><strong>psalmo</strong></span> <span class='ocrx_word' id='word_1_464' title='bbox 1601 4010 1846 4067; x_wconf 87' lang='lat' dir='ltr'><strong>dicturus</strong></span> <span class='ocrx_word' id='word_1_465' title='bbox 1864 4019 1948 4067; x_wconf 88' lang='lat' dir='ltr'><strong>est</strong></span> <span class='ocrx_word' id='word_1_466' title='bbox 1973 4029 1985 4065; x_wconf 93' lang='lat'>:</span> 
     </span>
    </p>
   </div>
   <div class='ocr_carea' id='block_1_58' title="bbox 413 4098 1988 4172">
    <p class='ocr_par' dir='ltr' id='par_1_58' title="bbox 413 4098 1988 4172">
     <span class='ocr_line' id='line_1_58' title="bbox 413 4098 1988 4172; baseline 0.001 -18"><span class='ocrx_word' id='word_1_467' title='bbox 413 4098 541 4156; x_wconf 78' lang='lat' dir='ltr'><strong>Filii</strong></span> <span class='ocrx_word' id='word_1_468' title='bbox 566 4109 744 4155; x_wconf 77' lang='lat' dir='ltr'><strong>autem</strong></span> <span class='ocrx_word' id='word_1_469' title='bbox 777 4101 1046 4155; x_wconf 75' lang='lat' dir='ltr'><strong>hominum</strong></span> <span class='ocrx_word' id='word_1_470' title='bbox 1089 4102 1145 4156; x_wconf 80' lang='lat' dir='ltr'><strong>in</strong></span> <span class='ocrx_word' id='word_1_471' title='bbox 1183 4103 1500 4172; x_wconf 82' lang='lat' dir='ltr'><strong>protectione</strong></span> <span class='ocrx_word' id='word_1_472' title='bbox 1532 4100 1740 4156; x_wconf 85' lang='lat' dir='ltr'><strong>alarum</strong></span> <span class='ocrx_word' id='word_1_473' title='bbox 1775 4112 1988 4157; x_wconf 86' lang='lat' dir='ltr'><strong>tuarum</strong></span> 
     </span>
    </p>
   </div>
   <div class='ocr_carea' id='block_1_59' title="bbox 407 4190 1986 4261">
    <p class='ocr_par' dir='ltr' id='par_1_59' title="bbox 407 4190 1986 4261">
     <span class='ocr_line' id='line_1_59' title="bbox 407 4190 1986 4261; baseline 0.001 -16"><span class='ocrx_word' id='word_1_474' title='bbox 407 4190 706 4261; x_wconf 74' lang='lat' dir='ltr'><strong>sperabunt,</strong></span> <span class='ocrx_word' id='word_1_475' title='bbox 745 4190 1144 4245; x_wconf 85' lang='lat' dir='ltr'><strong>inebriabuntur</strong></span> <span class='ocrx_word' id='word_1_476' title='bbox 1177 4190 1242 4245; x_wconf 90' lang='lat' dir='ltr'><strong>ab</strong></span> <span class='ocrx_word' id='word_1_477' title='bbox 1280 4191 1512 4246; x_wconf 85' lang='lat' dir='ltr'><strong>ubertate</strong></span> <span class='ocrx_word' id='word_1_478' title='bbox 1554 4192 1743 4247; x_wconf 84' lang='lat' dir='ltr'><strong>domus</strong></span> <span class='ocrx_word' id='word_1_479' title='bbox 1779 4203 1907 4258; x_wconf 77' lang='lat' dir='ltr'><strong>tute,</strong></span> <span class='ocrx_word' id='word_1_480' title='bbox 1938 4202 1986 4248; x_wconf 88' lang='lat' dir='ltr'><strong>et</strong></span> 
     </span>
    </p>
   </div>
   <div class='ocr_carea' id='block_1_60' title="bbox 409 4278 1989 4355">
    <p class='ocr_par' dir='ltr' id='par_1_60' title="bbox 409 4278 1989 4355">
     <span class='ocr_line' id='line_1_60' title="bbox 409 4278 1989 4355; baseline 0.001 -20"><span class='ocrx_word' id='word_1_481' title='bbox 409 4289 635 4335; x_wconf 85' lang='lat' dir='ltr'><strong>torrente</strong></span> <span class='ocrx_word' id='word_1_482' title='bbox 656 4278 939 4350; x_wconf 79' lang='lat' dir='ltr'><strong>voluptatis</strong></span> <span class='ocrx_word' id='word_1_483' title='bbox 973 4289 1080 4335; x_wconf 69' lang='lat' dir='ltr'><strong>tua:</strong></span> <span class='ocrx_word' id='word_1_484' title='bbox 1106 4281 1310 4353; x_wconf 81' lang='lat' dir='ltr'><strong>potabis</strong></span> <span class='ocrx_word' id='word_1_485' title='bbox 1335 4299 1421 4337; x_wconf 90' lang='lat' dir='ltr'><strong>eos</strong></span> <span class='ocrx_word' id='word_1_486' title='bbox 1456 4279 1630 4353; x_wconf 85' lang='lat' dir='ltr'><strong>(Psal.</strong></span> <span class='ocrx_word' id='word_1_487' title='bbox 1656 4281 1842 4355; x_wconf 83' lang='lat' dir='ltr'><strong>xxxv).</strong></span> <span class='ocrx_word' id='word_1_488' title='bbox 1877 4282 1989 4337; x_wconf 81' lang='lat' dir='ltr'><strong>Hoc</strong></span> 
     </span>
    </p>
   </div>
   <div class='ocr_carea' id='block_1_61' title="bbox 410 4369 1989 4441">
    <p class='ocr_par' dir='ltr' id='par_1_61' title="bbox 410 4369 1989 4441">
     <span class='ocr_line' id='line_1_61' title="bbox 410 4369 1989 4441; baseline 0.003 -18"><span class='ocrx_word' id='word_1_489' title='bbox 410 4375 495 4423; x_wconf 87' lang='lat' dir='ltr'><strong>est</strong></span> <span class='ocrx_word' id='word_1_490' title='bbox 539 4383 670 4439; x_wconf 82' lang='lat' dir='ltr'><strong>ergo</strong></span> <span class='ocrx_word' id='word_1_491' title='bbox 705 4383 827 4422; x_wconf 88' lang='lat' dir='ltr'><strong>esse</strong></span> <span class='ocrx_word' id='word_1_492' title='bbox 880 4384 1202 4437; x_wconf 85' lang='lat' dir='ltr'><strong>memorem,</strong></span> <span class='ocrx_word' id='word_1_493' title='bbox 1255 4369 1505 4426; x_wconf 78' lang='lat' dir='ltr'><strong>conferre</strong></span> <span class='ocrx_word' id='word_1_494' title='bbox 1551 4371 1989 4441; x_wconf 88' lang='lat' dir='ltr'><strong>delinquentibus</strong></span> 
     </span>
    </p>
   </div>
   <div class='ocr_carea' id='block_1_62' title="bbox 409 4458 1989 4533">
    <p class='ocr_par' dir='ltr' id='par_1_62' title="bbox 409 4458 1989 4533">
     <span class='ocr_line' id='line_1_62' title="bbox 409 4458 1989 4533; baseline 0.002 -20"><span class='ocrx_word' id='word_1_495' title='bbox 409 4466 578 4513; x_wconf 69' lang='lat' dir='ltr'><strong>tanta:</strong></span> <span class='ocrx_word' id='word_1_496' title='bbox 627 4458 815 4528; x_wconf 69' lang='lat' dir='ltr'><strong>gratia:</strong></span> <span class='ocrx_word' id='word_1_497' title='bbox 857 4458 1195 4529; x_wconf 84' lang='lat' dir='ltr'><strong>sospitatem.</strong></span> <span class='ocrx_word' id='word_1_498' title='bbox 1239 4460 1344 4514; x_wconf 83' lang='lat' dir='ltr'><strong>Aut</strong></span> <span class='ocrx_word' id='word_1_499' title='bbox 1384 4461 1527 4531; x_wconf 79' lang='lat' dir='ltr'><strong>ﬁlius</strong></span> <span class='ocrx_word' id='word_1_500' title='bbox 1569 4461 1818 4527; x_wconf 79' lang='lat' dir='ltr'><strong>hominis,</strong></span> <span class='ocrx_word' id='word_1_501' title='bbox 1854 4478 1989 4533; x_wconf 84' lang='lat' dir='ltr'><strong>quo-</strong></span> 
     </span>
    </p>
   </div>
   <div class='ocr_carea' id='block_1_63' title="bbox 2105 1914 3690 1995">
    <p class='ocr_par' dir='ltr' id='par_1_63' title="bbox 2105 1914 3690 1995">
     <span class='ocr_line' id='line_1_63' title="bbox 2105 1914 3690 1995; baseline 0.007 -25"><span class='ocrx_word' id='word_1_502' title='bbox 2105 1914 2333 1970; x_wconf 89' lang='lat' dir='ltr'><strong>stiarum</strong></span> <span class='ocrx_word' id='word_1_503' title='bbox 2359 1925 2644 1972; x_wconf 83' lang='lat' dir='ltr'><strong>assumunt</strong></span> <span class='ocrx_word' id='word_1_504' title='bbox 2663 1917 2944 1989; x_wconf 87' lang='lat' dir='ltr'><strong>imagines,</strong></span> <span class='ocrx_word' id='word_1_505' title='bbox 2974 1934 3111 1989; x_wconf 88' lang='lat' dir='ltr'><strong>quas</strong></span> <span class='ocrx_word' id='word_1_506' title='bbox 3134 1920 3400 1992; x_wconf 87' lang='lat' dir='ltr'><strong>dissipare</strong></span> <span class='ocrx_word' id='word_1_507' title='bbox 3420 1923 3690 1995; x_wconf 83' lang='lat' dir='ltr'><strong>Propheta</strong></span> 
     </span>
    </p>
   </div>
   <div class='ocr_carea' id='block_1_64' title="bbox 2103 2008 3690 2078">
    <p class='ocr_par' dir='ltr' id='par_1_64' title="bbox 2103 2008 3690 2078">
     <span class='ocr_line' id='line_1_64' title="bbox 2103 2008 3690 2078; baseline 0.006 -18"><span class='ocrx_word' id='word_1_508' title='bbox 2103 2008 2492 2077; x_wconf 73' lang='lat' dir='ltr'><strong>concupiscens</strong></span> <span class='ocrx_word' id='word_1_509' title='bbox 2532 2008 2854 2078; x_wconf 72' lang='lat' dir='ltr'><strong>deprecatur</strong></span> <span class='ocrx_word' id='word_1_510' title='bbox 2889 2026 2904 2064; x_wconf 89' lang='lat'><strong>:</strong></span> <span class='ocrx_word' id='word_1_511' title='bbox 2945 2009 3185 2076; x_wconf 84' lang='lat' dir='ltr'><strong>Domine,</strong></span> <span class='ocrx_word' id='word_1_512' title='bbox 3237 2012 3295 2067; x_wconf 88' lang='lat' dir='ltr'><strong>in</strong></span> <span class='ocrx_word' id='word_1_513' title='bbox 3339 2014 3546 2069; x_wconf 85' lang='lat' dir='ltr'><strong>civitate</strong></span> <span class='ocrx_word' id='word_1_514' title='bbox 3596 2026 3690 2070; x_wconf 82' lang='lat' dir='ltr'><strong>tua</strong></span> 
     </span>
    </p>
   </div>
   <div class='ocr_carea' id='block_1_65' title="bbox 2101 2096 3692 2175">
    <p class='ocr_par' dir='ltr' id='par_1_65' title="bbox 2101 2096 3692 2175">
     <span class='ocr_line' id='line_1_65' title="bbox 2101 2096 3692 2175; baseline 0.008 -26"><span class='ocrx_word' id='word_1_515' title='bbox 2101 2096 2353 2167; x_wconf 81' lang='lat' dir='ltr'><strong>imagines</strong></span> <span class='ocrx_word' id='word_1_516' title='bbox 2378 2112 2560 2152; x_wconf 75' lang='lat' dir='ltr'><strong>eorum</strong></span> <span class='ocrx_word' id='word_1_517' title='bbox 2586 2098 2867 2168; x_wconf 87' lang='lat' dir='ltr'><strong>dissipabis</strong></span> <span class='ocrx_word' id='word_1_518' title='bbox 2899 2098 3072 2171; x_wconf 89' lang='lat' dir='ltr'><strong>(Psal.</strong></span> <span class='ocrx_word' id='word_1_519' title='bbox 3103 2101 3297 2174; x_wconf 76' lang='lat' dir='ltr'><strong>Lxxu).</strong></span> <span class='ocrx_word' id='word_1_520' title='bbox 3332 2102 3408 2156; x_wconf 87' lang='lat' dir='ltr'><strong>llli</strong></span> <span class='ocrx_word' id='word_1_521' title='bbox 3432 2145 3447 2169; x_wconf 94' lang='lat'><strong>,</strong></span> <span class='ocrx_word' id='word_1_522' title='bbox 3478 2105 3545 2160; x_wconf 88' lang='lat' dir='ltr'><strong>de</strong></span> <span class='ocrx_word' id='word_1_523' title='bbox 3569 2106 3692 2175; x_wconf 88' lang='lat' dir='ltr'><strong>qui-</strong></span> 
     </span>
    </p>
   </div>
   <div class='ocr_carea' id='block_1_66' title="bbox 2102 2185 3689 2260">
    <p class='ocr_par' dir='ltr' id='par_1_66' title="bbox 2102 2185 3689 2260">
     <span class='ocr_line' id='line_1_66' title="bbox 2102 2185 3689 2260; baseline 0.008 -20"><span class='ocrx_word' id='word_1_524' title='bbox 2102 2185 2202 2242; x_wconf 87' lang='lat' dir='ltr'><strong>bus</strong></span> <span class='ocrx_word' id='word_1_525' title='bbox 2217 2188 2474 2258; x_wconf 83' lang='lat' dir='ltr'><strong>scriptum</strong></span> <span class='ocrx_word' id='word_1_526' title='bbox 2496 2196 2611 2244; x_wconf 82' lang='lat' dir='ltr'><strong>est:</strong></span> <span class='ocrx_word' id='word_1_527' title='bbox 2633 2187 2806 2244; x_wconf 82' lang='lat' dir='ltr'><strong>Homo</strong></span> <span class='ocrx_word' id='word_1_528' title='bbox 2823 2207 2941 2245; x_wconf 83' lang='lat' dir='ltr'><strong>cum</strong></span> <span class='ocrx_word' id='word_1_529' title='bbox 2959 2192 3015 2245; x_wconf 89' lang='lat' dir='ltr'><strong>in</strong></span> <span class='ocrx_word' id='word_1_530' title='bbox 3032 2190 3227 2247; x_wconf 85' lang='lat' dir='ltr'><strong>honore</strong></span> <span class='ocrx_word' id='word_1_531' title='bbox 3240 2204 3392 2260; x_wconf 87' lang='lat' dir='ltr'><strong>esset,</strong></span> <span class='ocrx_word' id='word_1_532' title='bbox 3409 2212 3511 2250; x_wconf 83' lang='lat' dir='ltr'><strong>non</strong></span> <span class='ocrx_word' id='word_1_533' title='bbox 3534 2197 3689 2252; x_wconf 76' lang='lat' dir='ltr'><strong>intel-</strong></span> 
     </span>
    </p>
   </div>
   <div class='ocr_carea' id='block_1_67' title="bbox 2101 2276 3689 2353">
    <p class='ocr_par' dir='ltr' id='par_1_67' title="bbox 2101 2276 3689 2353">
     <span class='ocr_line' id='line_1_67' title="bbox 2101 2276 3689 2353; baseline 0.009 -23"><span class='ocrx_word' id='word_1_534' title='bbox 2101 2276 2607 2349; x_wconf 74' lang='lat' dir='ltr'><strong>lexit:comparatus</strong></span> <span class='ocrx_word' id='word_1_535' title='bbox 2625 2289 2699 2336; x_wconf 90' lang='lat' dir='ltr'><strong>est</strong></span> <span class='ocrx_word' id='word_1_536' title='bbox 2719 2280 2974 2351; x_wconf 81' lang='lat' dir='ltr'><strong>jumentis</strong></span> <span class='ocrx_word' id='word_1_537' title='bbox 3015 2283 3399 2353; x_wconf 83' lang='lat' dir='ltr'><strong>insipientibus,</strong></span> <span class='ocrx_word' id='word_1_538' title='bbox 3423 2295 3469 2340; x_wconf 91' lang='lat' dir='ltr'><strong>et</strong></span> <span class='ocrx_word' id='word_1_539' title='bbox 3498 2288 3689 2344; x_wconf 84' lang='lat' dir='ltr'><strong>similis</strong></span> 
     </span>
    </p>
   </div>
   <div class='ocr_carea' id='block_1_68' title="bbox 2101 2368 3687 2447">
    <p class='ocr_par' dir='ltr' id='par_1_68' title="bbox 2101 2368 3687 2447">
     <span class='ocr_line' id='line_1_68' title="bbox 2101 2368 3687 2447; baseline 0.006 -21"><span class='ocrx_word' id='word_1_540' title='bbox 2101 2371 2275 2441; x_wconf 82' lang='lat' dir='ltr'><strong>factus</strong></span> <span class='ocrx_word' id='word_1_541' title='bbox 2297 2381 2372 2427; x_wconf 89' lang='lat' dir='ltr'><strong>est</strong></span> <span class='ocrx_word' id='word_1_542' title='bbox 2395 2372 2503 2428; x_wconf 88' lang='lat' dir='ltr'><strong>illis</strong></span> <span class='ocrx_word' id='word_1_543' title='bbox 2527 2371 2701 2445; x_wconf 89' lang='lat' dir='ltr'><strong>(Psal.</strong></span> <span class='ocrx_word' id='word_1_544' title='bbox 2729 2368 2942 2447; x_wconf 73' lang='lat' dir='ltr'><strong>nvm),</strong></span> <span class='ocrx_word' id='word_1_545' title='bbox 2965 2391 3072 2431; x_wconf 92' lang='lat' dir='ltr'><strong>non</strong></span> <span class='ocrx_word' id='word_1_546' title='bbox 3095 2384 3222 2432; x_wconf 88' lang='lat' dir='ltr'><strong>sunt</strong></span> <span class='ocrx_word' id='word_1_547' title='bbox 3241 2376 3488 2434; x_wconf 90' lang='lat' dir='ltr'><strong>homines</strong></span> <span class='ocrx_word' id='word_1_548' title='bbox 3514 2379 3687 2435; x_wconf 85' lang='lat' dir='ltr'><strong>homi-</strong></span> 
     </span>
    </p>
   </div>
   <div class='ocr_carea' id='block_1_69' title="bbox 2100 2463 3686 2540">
    <p class='ocr_par' dir='ltr' id='par_1_69' title="bbox 2100 2463 3686 2540">
     <span class='ocr_line' id='line_1_69' title="bbox 2100 2463 3686 2540; baseline 0.006 -23"><span class='ocrx_word' id='word_1_549' title='bbox 2100 2477 2234 2527; x_wconf 87' lang='lat' dir='ltr'><strong>nes,</strong></span> <span class='ocrx_word' id='word_1_550' title='bbox 2284 2463 2379 2519; x_wconf 89' lang='lat' dir='ltr'><strong>sed</strong></span> <span class='ocrx_word' id='word_1_551' title='bbox 2424 2463 2673 2520; x_wconf 86' lang='lat' dir='ltr'><strong>homines</strong></span> <span class='ocrx_word' id='word_1_552' title='bbox 2717 2473 2844 2520; x_wconf 90' lang='lat' dir='ltr'><strong>sunt</strong></span> <span class='ocrx_word' id='word_1_553' title='bbox 2883 2465 3149 2537; x_wconf 71' lang='lat' dir='ltr'><strong>iumenta.</strong></span> <span class='ocrx_word' id='word_1_554' title='bbox 3194 2466 3429 2524; x_wconf 85' lang='lat' dir='ltr'><strong>Rursum</strong></span> <span class='ocrx_word' id='word_1_555' title='bbox 3476 2471 3567 2540; x_wconf 92' lang='lat' dir='ltr'><strong>qui</strong></span> <span class='ocrx_word' id='word_1_556' title='bbox 3615 2472 3686 2527; x_wconf 89' lang='lat' dir='ltr'><strong>de</strong></span> 
     </span>
    </p>
   </div>
   <div class='ocr_carea' id='block_1_70' title="bbox 2100 2552 3684 2631">
    <p class='ocr_par' dir='ltr' id='par_1_70' title="bbox 2100 2552 3684 2631">
     <span class='ocr_line' id='line_1_70' title="bbox 2100 2552 3684 2631; baseline 0.004 -22"><span class='ocrx_word' id='word_1_557' title='bbox 2100 2552 2393 2624; x_wconf 77' lang='lat' dir='ltr'><strong>Evangelia</strong></span> <span class='ocrx_word' id='word_1_558' title='bbox 2404 2554 2612 2608; x_wconf 87' lang='lat' dir='ltr'><strong>audivit</strong></span> <span class='ocrx_word' id='word_1_559' title='bbox 2626 2569 2641 2608; x_wconf 92' lang='lat'><strong>:</strong></span> <span class='ocrx_word' id='word_1_560' title='bbox 2658 2554 2935 2625; x_wconf 87' lang='lat' dir='ltr'><strong>Serpentes</strong></span> <span class='ocrx_word' id='word_1_561' title='bbox 2948 2557 3210 2626; x_wconf 84' lang='lat' dir='ltr'><strong>genimina</strong></span> <span class='ocrx_word' id='word_1_562' title='bbox 3227 2558 3543 2627; x_wconf 83' lang='lat' dir='ltr'><strong>viperarum,</strong></span> <span class='ocrx_word' id='word_1_563' title='bbox 3566 2562 3684 2631; x_wconf 86' lang='lat' dir='ltr'><strong>quis</strong></span> 
     </span>
    </p>
   </div>
   <div class='ocr_carea' id='block_1_71' title="bbox 2100 2643 3684 2721">
    <p class='ocr_par' dir='ltr' id='par_1_71' title="bbox 2100 2643 3684 2721">
     <span class='ocr_line' id='line_1_71' title="bbox 2100 2643 3684 2721; baseline 0.004 -23"><span class='ocrx_word' id='word_1_564' title='bbox 2100 2643 2321 2699; x_wconf 83' lang='lat' dir='ltr'><strong>ostendit</strong></span> <span class='ocrx_word' id='word_1_565' title='bbox 2354 2644 2498 2699; x_wconf 81' lang='lat' dir='ltr'><strong>vobis</strong></span> <span class='ocrx_word' id='word_1_566' title='bbox 2522 2645 2701 2716; x_wconf 79' lang='lat' dir='ltr'><strong>fugere</strong></span> <span class='ocrx_word' id='word_1_567' title='bbox 2738 2645 2802 2700; x_wconf 83' lang='lat' dir='ltr'><strong>ab</strong></span> <span class='ocrx_word' id='word_1_568' title='bbox 2830 2646 2913 2701; x_wconf 86' lang='lat' dir='ltr'><strong>ira</strong></span> <span class='ocrx_word' id='word_1_569' title='bbox 2942 2655 3159 2701; x_wconf 84' lang='lat' dir='ltr'><strong>ventura</strong></span> <span class='ocrx_word' id='word_1_570' title='bbox 3191 2647 3404 2719; x_wconf 73' lang='lat' dir='ltr'><strong>(Matth.</strong></span> <span class='ocrx_word' id='word_1_571' title='bbox 3439 2650 3544 2721; x_wconf 85' lang='grc' dir='ltr'>ιιι),</span> <span class='ocrx_word' id='word_1_572' title='bbox 3575 2665 3684 2706; x_wconf 85' lang='lat' dir='ltr'><strong>non</strong></span> 
     </span>
    </p>
   </div>
   <div class='ocr_carea' id='block_1_72' title="bbox 2098 2734 3680 2811">
    <p class='ocr_par' dir='ltr' id='par_1_72' title="bbox 2098 2734 3680 2811">
     <span class='ocr_line' id='line_1_72' title="bbox 2098 2734 3680 2811; baseline 0.004 -22"><span class='ocrx_word' id='word_1_573' title='bbox 2098 2744 2223 2789; x_wconf 88' lang='lat' dir='ltr'><strong>sunt</strong></span> <span class='ocrx_word' id='word_1_574' title='bbox 2256 2734 2500 2790; x_wconf 88' lang='lat' dir='ltr'><strong>homines</strong></span> <span class='ocrx_word' id='word_1_575' title='bbox 2528 2736 2796 2801; x_wconf 88' lang='lat' dir='ltr'><strong>homines,</strong></span> <span class='ocrx_word' id='word_1_576' title='bbox 2818 2736 2911 2791; x_wconf 91' lang='lat' dir='ltr'><strong>sed</strong></span> <span class='ocrx_word' id='word_1_577' title='bbox 2946 2744 3071 2791; x_wconf 89' lang='lat' dir='ltr'><strong>sunt</strong></span> <span class='ocrx_word' id='word_1_578' title='bbox 3104 2738 3352 2793; x_wconf 89' lang='lat' dir='ltr'><strong>homines</strong></span> <span class='ocrx_word' id='word_1_579' title='bbox 3379 2750 3680 2811; x_wconf 86' lang='lat' dir='ltr'><strong>serpentes.</strong></span> 
     </span>
    </p>
   </div>
   <div class='ocr_carea' id='block_1_73' title="bbox 2097 2823 3681 2898">
    <p class='ocr_par' dir='ltr' id='par_1_73' title="bbox 2097 2823 3681 2898">
     <span class='ocr_line' id='line_1_73' title="bbox 2097 2823 3681 2898; baseline 0.001 -18"><span class='ocrx_word' id='word_1_580' title='bbox 2097 2825 2165 2880; x_wconf 86' lang='lat' dir='ltr'><strong>Et</strong></span> <span class='ocrx_word' id='word_1_581' title='bbox 2196 2823 2264 2881; x_wconf 87' lang='lat' dir='ltr'><strong>de</strong></span> <span class='ocrx_word' id='word_1_582' title='bbox 2297 2826 2493 2894; x_wconf 85' lang='lat' dir='ltr'><strong>quibus</strong></span> <span class='ocrx_word' id='word_1_583' title='bbox 2537 2827 2796 2895; x_wconf 89' lang='lat' dir='ltr'><strong>scriptum</strong></span> <span class='ocrx_word' id='word_1_584' title='bbox 2825 2835 2910 2881; x_wconf 89' lang='lat' dir='ltr'><strong>est</strong></span> <span class='ocrx_word' id='word_1_585' title='bbox 2937 2844 2950 2879; x_wconf 92' lang='lat'>:</span> <span class='ocrx_word' id='word_1_586' title='bbox 2993 2825 3178 2898; x_wconf 82' lang='lat' dir='ltr'><strong>Vulpes</strong></span> <span class='ocrx_word' id='word_1_587' title='bbox 3207 2828 3385 2897; x_wconf 81' lang='lat' dir='ltr'><strong>foveas</strong></span> <span class='ocrx_word' id='word_1_588' title='bbox 3415 2829 3681 2894; x_wconf 83' lang='lat' dir='ltr'><strong>habentet</strong></span> 
     </span>
    </p>
   </div>
   <div class='ocr_carea' id='block_1_74' title="bbox 2097 2914 3682 2989">
    <p class='ocr_par' dir='ltr' id='par_1_74' title="bbox 2097 2914 3682 2989">
     <span class='ocr_line' id='line_1_74' title="bbox 2097 2914 3682 2989; baseline 0.002 -20"><span class='ocrx_word' id='word_1_589' title='bbox 2097 2914 2328 2970; x_wconf 85' lang='lat' dir='ltr'><strong>volucres</strong></span> <span class='ocrx_word' id='word_1_590' title='bbox 2363 2914 2477 2969; x_wconf 80' lang='lat' dir='ltr'><strong>ceeli</strong></span> <span class='ocrx_word' id='word_1_591' title='bbox 2511 2914 2660 2968; x_wconf 85' lang='lat' dir='ltr'><strong>nidos</strong></span> <span class='ocrx_word' id='word_1_592' title='bbox 2690 2914 2906 2985; x_wconf 75' lang='lat' dir='ltr'><strong>(Matth.</strong></span> <span class='ocrx_word' id='word_1_593' title='bbox 2932 2916 3053 2989; x_wconf 86' lang='lat' dir='ltr'><strong>vm)</strong></span> <span class='ocrx_word' id='word_1_594' title='bbox 3080 2934 3095 2983; x_wconf 90' lang='lat'><strong>;</strong></span> <span class='ocrx_word' id='word_1_595' title='bbox 3125 2925 3183 2972; x_wconf 82' lang='lat' dir='ltr'><strong>et</strong></span> <span class='ocrx_word' id='word_1_596' title='bbox 3204 2918 3272 2973; x_wconf 90' lang='lat' dir='ltr'><strong>de</strong></span> <span class='ocrx_word' id='word_1_597' title='bbox 3301 2917 3513 2974; x_wconf 85' lang='lat' dir='ltr'><strong>Herode</strong></span> <span class='ocrx_word' id='word_1_598' title='bbox 3542 2936 3555 2972; x_wconf 91' lang='lat'>:</span> <span class='ocrx_word' id='word_1_599' title='bbox 3584 2917 3682 2972; x_wconf 87' lang='lat' dir='ltr'><strong>Di-</strong></span> 
     </span>
    </p>
   </div>
   <div class='ocr_carea' id='block_1_75' title="bbox 2096 3002 3679 3077">
    <p class='ocr_par' dir='ltr' id='par_1_75' title="bbox 2096 3002 3679 3077">
     <span class='ocr_line' id='line_1_75' title="bbox 2096 3002 3679 3077; baseline 0.003 -18"><span class='ocrx_word' id='word_1_600' title='bbox 2096 3006 2196 3059; x_wconf 86' lang='lat' dir='ltr'><strong>cite</strong></span> <span class='ocrx_word' id='word_1_601' title='bbox 2225 3002 2367 3075; x_wconf 83' lang='lat' dir='ltr'><strong>vulpi</strong></span> <span class='ocrx_word' id='word_1_602' title='bbox 2398 3004 2519 3058; x_wconf 77' lang='lat' dir='ltr'><strong>huic</strong></span> <span class='ocrx_word' id='word_1_603' title='bbox 2554 3003 2705 3075; x_wconf 89' lang='lat' dir='ltr'><strong>(Luc.</strong></span> <span class='ocrx_word' id='word_1_604' title='bbox 2737 3004 2859 3077; x_wconf 85' lang='lat' dir='ltr'><strong>xm)</strong></span> <span class='ocrx_word' id='word_1_605' title='bbox 2896 3023 2909 3059; x_wconf 93' lang='lat'><strong>:</strong></span> <span class='ocrx_word' id='word_1_606' title='bbox 2940 3020 3046 3060; x_wconf 92' lang='lat' dir='ltr'><strong>non</strong></span> <span class='ocrx_word' id='word_1_607' title='bbox 3074 3014 3202 3061; x_wconf 89' lang='lat' dir='ltr'><strong>sunt</strong></span> <span class='ocrx_word' id='word_1_608' title='bbox 3229 3007 3474 3062; x_wconf 89' lang='lat' dir='ltr'><strong>homines</strong></span> <span class='ocrx_word' id='word_1_609' title='bbox 3501 3008 3679 3063; x_wconf 83' lang='lat' dir='ltr'><strong>homi-</strong></span> 
     </span>
    </p>
   </div>
   <div class='ocr_carea' id='block_1_76' title="bbox 2096 3096 3681 3171">
    <p class='ocr_par' dir='ltr' id='par_1_76' title="bbox 2096 3096 3681 3171">
     <span class='ocr_line' id='line_1_76' title="bbox 2096 3096 3681 3171; baseline 0.002 -18"><span class='ocrx_word' id='word_1_610' title='bbox 2096 3112 2224 3163; x_wconf 87' lang='lat' dir='ltr'><strong>nes,</strong></span> <span class='ocrx_word' id='word_1_611' title='bbox 2270 3096 2366 3152; x_wconf 92' lang='lat' dir='ltr'><strong>sed</strong></span> <span class='ocrx_word' id='word_1_612' title='bbox 2396 3104 2523 3151; x_wconf 91' lang='lat' dir='ltr'><strong>sunt</strong></span> <span class='ocrx_word' id='word_1_613' title='bbox 2567 3096 2814 3151; x_wconf 86' lang='lat' dir='ltr'><strong>homines</strong></span> <span class='ocrx_word' id='word_1_614' title='bbox 2841 3096 3049 3168; x_wconf 89' lang='lat' dir='ltr'><strong>vulpes.</strong></span> <span class='ocrx_word' id='word_1_615' title='bbox 3086 3098 3189 3166; x_wconf 90' lang='lat' dir='ltr'><strong>Qui</strong></span> <span class='ocrx_word' id='word_1_616' title='bbox 3225 3114 3354 3154; x_wconf 92' lang='lat' dir='ltr'><strong>vero</strong></span> <span class='ocrx_word' id='word_1_617' title='bbox 3390 3108 3681 3171; x_wconf 90' lang='lat' dir='ltr'><strong>utrumque</strong></span> 
     </span>
    </p>
   </div>
   <div class='ocr_carea' id='block_1_77' title="bbox 2099 3188 3680 3261">
    <p class='ocr_par' dir='ltr' id='par_1_77' title="bbox 2099 3188 3680 3261">
     <span class='ocr_line' id='line_1_77' title="bbox 2099 3188 3680 3261; baseline 0.004 -18"><span class='ocrx_word' id='word_1_618' title='bbox 2099 3189 2329 3244; x_wconf 90' lang='lat' dir='ltr'><strong>hominis</strong></span> <span class='ocrx_word' id='word_1_619' title='bbox 2371 3188 2692 3244; x_wconf 88' lang='lat' dir='ltr'><strong>vocabulum</strong></span> <span class='ocrx_word' id='word_1_620' title='bbox 2738 3190 3055 3259; x_wconf 90' lang='lat' dir='ltr'><strong>possident,</strong></span> <span class='ocrx_word' id='word_1_621' title='bbox 3094 3192 3139 3246; x_wconf 89' lang='lat' dir='ltr'><strong>si</strong></span> <span class='ocrx_word' id='word_1_622' title='bbox 3182 3194 3529 3261; x_wconf 89' lang='lat' dir='ltr'><strong>erraverint,</strong></span> <span class='ocrx_word' id='word_1_623' title='bbox 3558 3194 3680 3250; x_wconf 87' lang='lat' dir='ltr'><strong>ideo</strong></span> 
     </span>
    </p>
   </div>
   <div class='ocr_carea' id='block_1_78' title="bbox 2096 3278 3677 3355">
    <p class='ocr_par' dir='ltr' id='par_1_78' title="bbox 2096 3278 3677 3355">
     <span class='ocr_line' id='line_1_78' title="bbox 2096 3278 3677 3355; baseline 0.006 -22"><span class='ocrx_word' id='word_1_624' title='bbox 2096 3295 2194 3349; x_wconf 90' lang='lat' dir='ltr'><strong>per</strong></span> <span class='ocrx_word' id='word_1_625' title='bbox 2228 3278 2487 3349; x_wconf 91' lang='lat' dir='ltr'><strong>supplicia</strong></span> <span class='ocrx_word' id='word_1_626' title='bbox 2525 3279 2898 3350; x_wconf 87' lang='lat' dir='ltr'><strong>corriguntur,</strong></span> <span class='ocrx_word' id='word_1_627' title='bbox 2929 3289 2990 3336; x_wconf 91' lang='lat' dir='ltr'><strong>ut</strong></span> <span class='ocrx_word' id='word_1_628' title='bbox 3032 3282 3351 3355; x_wconf 84' lang='lat' dir='ltr'><strong>intelligant,</strong></span> <span class='ocrx_word' id='word_1_629' title='bbox 3396 3287 3539 3355; x_wconf 90' lang='lat' dir='ltr'><strong>quod</strong></span> <span class='ocrx_word' id='word_1_630' title='bbox 3568 3286 3677 3341; x_wconf 81' lang='lat' dir='ltr'><strong>Do-</strong></span> 
     </span>
    </p>
   </div>
   <div class='ocr_carea' id='block_1_79' title="bbox 2095 3369 3679 3447">
    <p class='ocr_par' dir='ltr' id='par_1_79' title="bbox 2095 3369 3679 3447">
     <span class='ocr_line' id='line_1_79' title="bbox 2095 3369 3679 3447; baseline 0.007 -25"><span class='ocrx_word' id='word_1_631' title='bbox 2095 3370 2275 3423; x_wconf 90' lang='lat' dir='ltr'><strong>minus</strong></span> <span class='ocrx_word' id='word_1_632' title='bbox 2325 3369 2440 3439; x_wconf 90' lang='lat' dir='ltr'><strong>ipse</strong></span> <span class='ocrx_word' id='word_1_633' title='bbox 2468 3379 2551 3424; x_wconf 91' lang='lat' dir='ltr'><strong>est</strong></span> <span class='ocrx_word' id='word_1_634' title='bbox 2590 3369 2753 3424; x_wconf 91' lang='lat' dir='ltr'><strong>Deus.</strong></span> <span class='ocrx_word' id='word_1_635' title='bbox 2801 3370 3058 3427; x_wconf 89' lang='lat' dir='ltr'><strong>llomines</strong></span> <span class='ocrx_word' id='word_1_636' title='bbox 3097 3374 3448 3431; x_wconf 88' lang='lat' dir='ltr'><strong>rationabiles</strong></span> <span class='ocrx_word' id='word_1_637' title='bbox 3476 3378 3679 3447; x_wconf 86' lang='lat' dir='ltr'><strong>quique</strong></span> 
     </span>
    </p>
   </div>
   <div class='ocr_carea' id='block_1_80' title="bbox 2095 3456 3677 3533">
    <p class='ocr_par' dir='ltr' id='par_1_80' title="bbox 2095 3456 3677 3533">
     <span class='ocr_line' id='line_1_80' title="bbox 2095 3456 3677 3533; baseline 0.007 -23"><span class='ocrx_word' id='word_1_638' title='bbox 2095 3456 2470 3527; x_wconf 88' lang='lat' dir='ltr'><strong>intelliguntur</strong></span> <span class='ocrx_word' id='word_1_639' title='bbox 2497 3456 2564 3512; x_wconf 90' lang='lat' dir='ltr'><strong>de</strong></span> <span class='ocrx_word' id='word_1_640' title='bbox 2601 3458 2798 3527; x_wconf 87' lang='lat' dir='ltr'><strong>quibus</strong></span> <span class='ocrx_word' id='word_1_641' title='bbox 2831 3459 2886 3512; x_wconf 91' lang='lat' dir='ltr'><strong>in</strong></span> <span class='ocrx_word' id='word_1_642' title='bbox 2917 3459 3123 3529; x_wconf 89' lang='lat' dir='ltr'><strong>psalmo</strong></span> <span class='ocrx_word' id='word_1_643' title='bbox 3152 3461 3349 3533; x_wconf 87' lang='lat' dir='ltr'><strong>legitur</strong></span> <span class='ocrx_word' id='word_1_644' title='bbox 3378 3482 3392 3517; x_wconf 91' lang='lat'><strong>:</strong></span> <span class='ocrx_word' id='word_1_645' title='bbox 3420 3464 3677 3521; x_wconf 84' lang='lat' dir='ltr'><strong>Homines</strong></span> 
     </span>
    </p>
   </div>
   <div class='ocr_carea' id='block_1_81' title="bbox 2093 3547 3677 3628">
    <p class='ocr_par' dir='ltr' id='par_1_81' title="bbox 2093 3547 3677 3628">
     <span class='ocr_line' id='line_1_81' title="bbox 2093 3547 3677 3628; baseline 0.006 -27"><span class='ocrx_word' id='word_1_646' title='bbox 2093 3556 2142 3602; x_wconf 89' lang='lat' dir='ltr'><strong>et</strong></span> <span class='ocrx_word' id='word_1_647' title='bbox 2162 3547 2404 3617; x_wconf 86' lang='lat' dir='ltr'><strong>jumenta</strong></span> <span class='ocrx_word' id='word_1_648' title='bbox 2435 3547 2606 3601; x_wconf 90' lang='lat' dir='ltr'><strong>salvos</strong></span> <span class='ocrx_word' id='word_1_649' title='bbox 2631 3548 2815 3617; x_wconf 79' lang='lat' dir='ltr'><strong>facies,</strong></span> <span class='ocrx_word' id='word_1_650' title='bbox 2843 3549 3067 3604; x_wconf 86' lang='lat' dir='ltr'><strong>Domine</strong></span> <span class='ocrx_word' id='word_1_651' title='bbox 3107 3550 3278 3621; x_wconf 89' lang='lat' dir='ltr'><strong>(Psal.</strong></span> <span class='ocrx_word' id='word_1_652' title='bbox 3317 3554 3502 3628; x_wconf 90' lang='lat' dir='ltr'><strong>xxxv).</strong></span> <span class='ocrx_word' id='word_1_653' title='bbox 3543 3556 3677 3613; x_wconf 83' lang='lat' dir='ltr'><strong>Item</strong></span> 
     </span>
    </p>
   </div>
   <div class='ocr_carea' id='block_1_82' title="bbox 2093 3638 3679 3710">
    <p class='ocr_par' dir='ltr' id='par_1_82' title="bbox 2093 3638 3679 3710">
     <span class='ocr_line' id='line_1_82' title="bbox 2093 3638 3679 3710; baseline 0.005 -16"><span class='ocrx_word' id='word_1_654' title='bbox 2093 3638 2338 3694; x_wconf 87' lang='lat' dir='ltr'><strong>homines</strong></span> <span class='ocrx_word' id='word_1_655' title='bbox 2364 3647 2680 3708; x_wconf 87' lang='lat' dir='ltr'><strong>peccatores</strong></span> <span class='ocrx_word' id='word_1_656' title='bbox 2699 3680 2713 3702; x_wconf 94' lang='lat'><strong>,</strong></span> <span class='ocrx_word' id='word_1_657' title='bbox 2751 3646 2809 3693; x_wconf 88' lang='lat' dir='ltr'><strong>ut</strong></span> <span class='ocrx_word' id='word_1_658' title='bbox 2838 3640 2891 3694; x_wconf 91' lang='lat' dir='ltr'><strong>in</strong></span> <span class='ocrx_word' id='word_1_659' title='bbox 2922 3641 3129 3710; x_wconf 86' lang='lat' dir='ltr'><strong>psalmo</strong></span> <span class='ocrx_word' id='word_1_660' title='bbox 3157 3662 3169 3697; x_wconf 92' lang='lat'>:</span> <span class='ocrx_word' id='word_1_661' title='bbox 3214 3642 3315 3698; x_wconf 80' lang='lat' dir='ltr'><strong>Vos</strong></span> <span class='ocrx_word' id='word_1_662' title='bbox 3339 3656 3514 3700; x_wconf 85' lang='lat' dir='ltr'><strong>autem</strong></span> <span class='ocrx_word' id='word_1_663' title='bbox 3541 3649 3679 3702; x_wconf 85' lang='lat' dir='ltr'><strong>sicut</strong></span> 
     </span>
    </p>
   </div>
   <div class='ocr_carea' id='block_1_83' title="bbox 2092 3731 3682 3806">
    <p class='ocr_par' dir='ltr' id='par_1_83' title="bbox 2092 3731 3682 3806">
     <span class='ocr_line' id='line_1_83' title="bbox 2092 3731 3682 3806; baseline 0.008 -22"><span class='ocrx_word' id='word_1_664' title='bbox 2092 3731 2347 3796; x_wconf 87' lang='lat' dir='ltr'><strong>homines,</strong></span> <span class='ocrx_word' id='word_1_665' title='bbox 2404 3731 2699 3786; x_wconf 86' lang='lat' dir='ltr'><strong>moriemini</strong></span> <span class='ocrx_word' id='word_1_666' title='bbox 2742 3731 2915 3803; x_wconf 86' lang='lat' dir='ltr'><strong>(Psal.</strong></span> <span class='ocrx_word' id='word_1_667' title='bbox 2958 3734 3165 3806; x_wconf 76' lang='lat' dir='ltr'><strong>um).</strong></span> <span class='ocrx_word' id='word_1_668' title='bbox 3204 3736 3509 3806; x_wconf 85' lang='lat' dir='ltr'><strong>Aliquando</strong></span> <span class='ocrx_word' id='word_1_669' title='bbox 3548 3756 3682 3795; x_wconf 87' lang='lat' dir='ltr'><strong>vero</strong></span> 
     </span>
    </p>
   </div>
   <div class='ocr_carea' id='block_1_84' title="bbox 2094 3820 3680 3903">
    <p class='ocr_par' dir='ltr' id='par_1_84' title="bbox 2094 3820 3680 3903">
     <span class='ocr_line' id='line_1_84' title="bbox 2094 3820 3680 3903; baseline 0.007 -28"><span class='ocrx_word' id='word_1_670' title='bbox 2094 3820 2258 3876; x_wconf 89' lang='lat' dir='ltr'><strong>homo</strong></span> <span class='ocrx_word' id='word_1_671' title='bbox 2289 3828 2629 3891; x_wconf 77' lang='lat' dir='ltr'><strong>peccatorum</strong></span> <span class='ocrx_word' id='word_1_672' title='bbox 2671 3823 2966 3892; x_wconf 89' lang='lat' dir='ltr'><strong>quemlibet</strong></span> <span class='ocrx_word' id='word_1_673' title='bbox 2993 3833 3047 3879; x_wconf 91' lang='lat' dir='ltr'><strong>et</strong></span> <span class='ocrx_word' id='word_1_674' title='bbox 3071 3842 3473 3896; x_wconf 88' lang='lat' dir='ltr'><strong>persecutorem</strong></span> <span class='ocrx_word' id='word_1_675' title='bbox 3512 3831 3680 3903; x_wconf 85' lang='lat' dir='ltr'><strong>signi-</strong></span> 
     </span>
    </p>
   </div>
   <div class='ocr_carea' id='block_1_85' title="bbox 2092 3911 3681 3991">
    <p class='ocr_par' dir='ltr' id='par_1_85' title="bbox 2092 3911 3681 3991">
     <span class='ocr_line' id='line_1_85' title="bbox 2092 3911 3681 3991; baseline 0.008 -24"><span class='ocrx_word' id='word_1_676' title='bbox 2092 3911 2239 3977; x_wconf 80' lang='lat' dir='ltr'><strong>ﬁcat,</strong></span> <span class='ocrx_word' id='word_1_677' title='bbox 2281 3928 2375 3968; x_wconf 90' lang='lat' dir='ltr'><strong>seu</strong></span> <span class='ocrx_word' id='word_1_678' title='bbox 2412 3913 2789 3984; x_wconf 87' lang='lat' dir='ltr'><strong>impiissimum</strong></span> <span class='ocrx_word' id='word_1_679' title='bbox 2826 3914 3240 3985; x_wconf 82' lang='lat' dir='ltr'><strong>Antichristum,</strong></span> <span class='ocrx_word' id='word_1_680' title='bbox 3288 3921 3355 3976; x_wconf 90' lang='lat' dir='ltr'><strong>de</strong></span> <span class='ocrx_word' id='word_1_681' title='bbox 3393 3937 3501 3991; x_wconf 89' lang='lat' dir='ltr'><strong>quo</strong></span> <span class='ocrx_word' id='word_1_682' title='bbox 3547 3924 3681 3979; x_wconf 86' lang='lat' dir='ltr'><strong>dicit</strong></span> 
     </span>
    </p>
   </div>
   <div class='ocr_carea' id='block_1_86' title="bbox 2090 4003 3678 4081">
    <p class='ocr_par' dir='ltr' id='par_1_86' title="bbox 2090 4003 3678 4081">
     <span class='ocr_line' id='line_1_86' title="bbox 2090 4003 3678 4081; baseline 0.007 -23"><span class='ocrx_word' id='word_1_683' title='bbox 2090 4003 2378 4059; x_wconf 89' lang='lat' dir='ltr'><strong>Psalmista</strong></span> <span class='ocrx_word' id='word_1_684' title='bbox 2407 4023 2421 4059; x_wconf 91' lang='lat'><strong>:</strong></span> <span class='ocrx_word' id='word_1_685' title='bbox 2456 4004 2717 4076; x_wconf 72' lang='lat' dir='ltr'><strong>Exsurge,</strong></span> <span class='ocrx_word' id='word_1_686' title='bbox 2754 4005 3008 4073; x_wconf 62' lang='lat' dir='ltr'><strong>Domine,</strong></span> <span class='ocrx_word' id='word_1_687' title='bbox 3034 4025 3147 4063; x_wconf 61' lang='lat' dir='ltr'><strong>non</strong></span> <span class='ocrx_word' id='word_1_688' title='bbox 3187 4010 3472 4081; x_wconf 67' lang='lat' dir='ltr'><strong>praevaleat</strong></span> <span class='ocrx_word' id='word_1_689' title='bbox 3522 4014 3678 4069; x_wconf 79' lang='lat' dir='ltr'><strong>homo</strong></span> 
     </span>
    </p>
   </div>
   <div class='ocr_carea' id='block_1_87' title="bbox 2093 4094 3674 4173">
    <p class='ocr_par' dir='ltr' id='par_1_87' title="bbox 2093 4094 3674 4173">
     <span class='ocr_line' id='line_1_87' title="bbox 2093 4094 3674 4173; baseline 0.008 -25"><span class='ocrx_word' id='word_1_690' title='bbox 2093 4094 2268 4168; x_wconf 65' lang='grc' dir='ltr'>(Ρειλ.</span> <span class='ocrx_word' id='word_1_691' title='bbox 2300 4095 2400 4167; x_wconf 81' lang='lat' dir='ltr'><strong>1s).</strong></span> <span class='ocrx_word' id='word_1_692' title='bbox 2435 4096 2555 4167; x_wconf 91' lang='lat' dir='ltr'><strong>lpse</strong></span> <span class='ocrx_word' id='word_1_693' title='bbox 2597 4105 2681 4152; x_wconf 90' lang='lat' dir='ltr'><strong>est</strong></span> <span class='ocrx_word' id='word_1_694' title='bbox 2710 4097 2854 4152; x_wconf 90' lang='lat' dir='ltr'><strong>enim</strong></span> <span class='ocrx_word' id='word_1_695' title='bbox 2879 4099 3041 4153; x_wconf 92' lang='lat' dir='ltr'><strong>homo</strong></span> <span class='ocrx_word' id='word_1_696' title='bbox 3069 4101 3361 4169; x_wconf 88' lang='lat' dir='ltr'><strong>pessimus,</strong></span> <span class='ocrx_word' id='word_1_697' title='bbox 3387 4118 3546 4173; x_wconf 71' lang='lat' dir='ltr'><strong>quoin</strong></span> <span class='ocrx_word' id='word_1_698' title='bbox 3573 4105 3674 4159; x_wconf 89' lang='lat' dir='ltr'><strong>hu-</strong></span> 
     </span>
    </p>
   </div>
   <div class='ocr_carea' id='block_1_88' title="bbox 2091 4189 3675 4263">
    <p class='ocr_par' dir='ltr' id='par_1_88' title="bbox 2091 4189 3675 4263">
     <span class='ocr_line' id='line_1_88' title="bbox 2091 4189 3675 4263; baseline 0.004 -20"><span class='ocrx_word' id='word_1_699' title='bbox 2091 4204 2250 4243; x_wconf 89' lang='lat' dir='ltr'><strong>mana</strong></span> <span class='ocrx_word' id='word_1_700' title='bbox 2297 4205 2405 4243; x_wconf 92' lang='lat' dir='ltr'><strong>non</strong></span> <span class='ocrx_word' id='word_1_701' title='bbox 2448 4196 2626 4258; x_wconf 92' lang='lat' dir='ltr'><strong>potest</strong></span> <span class='ocrx_word' id='word_1_702' title='bbox 2670 4189 2938 4245; x_wconf 88' lang='lat' dir='ltr'><strong>sustinere</strong></span> <span class='ocrx_word' id='word_1_703' title='bbox 2975 4191 3234 4257; x_wconf 87' lang='lat' dir='ltr'><strong>conditio,</strong></span> <span class='ocrx_word' id='word_1_704' title='bbox 3271 4192 3325 4246; x_wconf 94' lang='lat' dir='ltr'><strong>in</strong></span> <span class='ocrx_word' id='word_1_705' title='bbox 3372 4208 3480 4263; x_wconf 90' lang='lat' dir='ltr'><strong>quo</strong></span> <span class='ocrx_word' id='word_1_706' title='bbox 3525 4204 3675 4249; x_wconf 88' lang='lat' dir='ltr'><strong>tanta</strong></span> 
     </span>
    </p>
   </div>
   <div class='ocr_carea' id='block_1_89' title="bbox 2090 4278 3677 4349">
    <p class='ocr_par' dir='ltr' id='par_1_89' title="bbox 2090 4278 3677 4349">
     <span class='ocr_line' id='line_1_89' title="bbox 2090 4278 3677 4349; baseline 0.004 -15"><span class='ocrx_word' id='word_1_707' title='bbox 2090 4280 2196 4334; x_wconf 90' lang='lat' dir='ltr'><strong>erit</strong></span> <span class='ocrx_word' id='word_1_708' title='bbox 2238 4278 2473 4334; x_wconf 88' lang='lat' dir='ltr'><strong>versutia</strong></span> <span class='ocrx_word' id='word_1_709' title='bbox 2517 4278 2601 4333; x_wconf 92' lang='lat' dir='ltr'><strong>vel</strong></span> <span class='ocrx_word' id='word_1_710' title='bbox 2644 4287 2885 4349; x_wconf 88' lang='lat' dir='ltr'><strong>potestas</strong></span> <span class='ocrx_word' id='word_1_711' title='bbox 2910 4320 2927 4346; x_wconf 89' lang='lat'><strong>,</strong></span> <span class='ocrx_word' id='word_1_712' title='bbox 2973 4290 3035 4335; x_wconf 92' lang='lat' dir='ltr'><strong>ut</strong></span> <span class='ocrx_word' id='word_1_713' title='bbox 3072 4281 3185 4337; x_wconf 86' lang='lat' dir='ltr'><strong>sola</strong></span> <span class='ocrx_word' id='word_1_714' title='bbox 3235 4283 3448 4339; x_wconf 90' lang='lat' dir='ltr'><strong>Domini</strong></span> <span class='ocrx_word' id='word_1_715' title='bbox 3498 4287 3677 4342; x_wconf 84' lang='lat' dir='ltr'><strong>virtus</strong></span> 
     </span>
    </p>
   </div>
   <div class='ocr_carea' id='block_1_90' title="bbox 2088 4370 3675 4450">
    <p class='ocr_par' dir='ltr' id='par_1_90' title="bbox 2088 4370 3675 4450">
     <span class='ocr_line' id='line_1_90' title="bbox 2088 4370 3675 4450; baseline 0.004 -23"><span class='ocrx_word' id='word_1_716' title='bbox 2088 4370 2205 4441; x_wconf 85' lang='lat' dir='ltr'><strong>ejus</strong></span> <span class='ocrx_word' id='word_1_717' title='bbox 2238 4372 2408 4441; x_wconf 90' lang='lat' dir='ltr'><strong>possit</strong></span> <span class='ocrx_word' id='word_1_718' title='bbox 2441 4386 2700 4442; x_wconf 87' lang='lat' dir='ltr'><strong>superare</strong></span> <span class='ocrx_word' id='word_1_719' title='bbox 2743 4373 3057 4443; x_wconf 86' lang='lat' dir='ltr'><strong>nequitiam.</strong></span> <span class='ocrx_word' id='word_1_720' title='bbox 3107 4374 3330 4446; x_wconf 86' lang='lat' dir='ltr'><strong>Legitur</strong></span> <span class='ocrx_word' id='word_1_721' title='bbox 3353 4377 3487 4432; x_wconf 88' lang='lat' dir='ltr'><strong>etin</strong></span> <span class='ocrx_word' id='word_1_722' title='bbox 3530 4378 3675 4450; x_wconf 82' lang='lat' dir='ltr'><strong>Apo-</strong></span> 
     </span>
    </p>
   </div>
   <div class='ocr_carea' id='block_1_91' title="bbox 2088 4459 3674 4539">
    <p class='ocr_par' dir='ltr' id='par_1_91' title="bbox 2088 4459 3674 4539">
     <span class='ocr_line' id='line_1_91' title="bbox 2088 4459 3674 4539; baseline 0.006 -23"><span class='ocrx_word' id='word_1_723' title='bbox 2088 4460 2227 4516; x_wconf 88' lang='lat' dir='ltr'><strong>stolo</strong></span> <span class='ocrx_word' id='word_1_724' title='bbox 2252 4478 2265 4515; x_wconf 92' lang='lat'><strong>:</strong></span> <span class='ocrx_word' id='word_1_725' title='bbox 2302 4459 2459 4515; x_wconf 86' lang='lat' dir='ltr'><strong>Vetus</strong></span> <span class='ocrx_word' id='word_1_726' title='bbox 2489 4462 2643 4515; x_wconf 88' lang='lat' dir='ltr'><strong>homo</strong></span> <span class='ocrx_word' id='word_1_727' title='bbox 2671 4473 2866 4527; x_wconf 86' lang='lat' dir='ltr'><strong>noster,</strong></span> <span class='ocrx_word' id='word_1_728' title='bbox 2891 4463 2997 4519; x_wconf 92' lang='lat' dir='ltr'><strong>hoc</strong></span> <span class='ocrx_word' id='word_1_729' title='bbox 3018 4475 3123 4531; x_wconf 84' lang='lat' dir='ltr'><strong>est,</strong></span> <span class='ocrx_word' id='word_1_730' title='bbox 3147 4468 3309 4522; x_wconf 89' lang='lat' dir='ltr'><strong>homo</strong></span> <span class='ocrx_word' id='word_1_731' title='bbox 3338 4472 3545 4539; x_wconf 88' lang='lat' dir='ltr'><strong>peccati</strong></span> <span class='ocrx_word' id='word_1_732' title='bbox 3562 4512 3576 4538; x_wconf 89' lang='lat'><strong>,</strong></span> <span class='ocrx_word' id='word_1_733' title='bbox 3599 4474 3674 4526; x_wconf 85' lang='lat' dir='ltr'><strong>si-</strong></span> 
     </span>
    </p>
   </div>
   <div class='ocr_carea' id='block_1_92' title="bbox 408 4548 3672 4640">
    <p class='ocr_par' dir='ltr' id='par_1_92' title="bbox 408 4548 3672 4640">
     <span class='ocr_line' id='line_1_92' title="bbox 408 4548 3672 4640; baseline 0.005 -39"><span class='ocrx_word' id='word_1_734' title='bbox 408 4548 553 4602; x_wconf 77' lang='lat' dir='ltr'><strong>uiam</strong></span> <span class='ocrx_word' id='word_1_735' title='bbox 581 4549 757 4602; x_wconf 76' lang='lat' dir='ltr'><strong>visitas</strong></span> <span class='ocrx_word' id='word_1_736' title='bbox 784 4564 923 4603; x_wconf 83' lang='lat' dir='ltr'><strong>eum.</strong></span> <span class='ocrx_word' id='word_1_737' title='bbox 964 4548 1062 4605; x_wconf 80' lang='lat' dir='ltr'><strong>Hic</strong></span> <span class='ocrx_word' id='word_1_738' title='bbox 1078 4548 1192 4618; x_wconf 89' lang='lat' dir='ltr'><strong>jam</strong></span> <span class='ocrx_word' id='word_1_739' title='bbox 1214 4565 1347 4608; x_wconf 82' lang='lat' dir='ltr'><strong>voce</strong></span> <span class='ocrx_word' id='word_1_740' title='bbox 1369 4552 1695 4621; x_wconf 85' lang='lat' dir='ltr'><strong>surgendum</strong></span> <span class='ocrx_word' id='word_1_741' title='bbox 1722 4562 1826 4618; x_wconf 87' lang='lat' dir='ltr'><strong>est,</strong></span> <span class='ocrx_word' id='word_1_742' title='bbox 1861 4554 1985 4623; x_wconf 87' lang='lat' dir='ltr'><strong>quia</strong></span> <span class='ocrx_word' id='word_1_743' title='bbox 2013 4581 2065 4640; x_wconf 74' lang='grc' dir='ltr'>Ι)</span> <span class='ocrx_word' id='word_1_744' title='bbox 2090 4551 2200 4606; x_wconf 87' lang='lat' dir='ltr'><strong>mul</strong></span> <span class='ocrx_word' id='word_1_745' title='bbox 2217 4552 2503 4619; x_wconf 71' lang='lat' dir='ltr'><strong>cruciﬁxus</strong></span> <span class='ocrx_word' id='word_1_746' title='bbox 2531 4560 2604 4606; x_wconf 87' lang='lat' dir='ltr'><strong>est</strong></span> <span class='ocrx_word' id='word_1_747' title='bbox 2633 4569 2749 4605; x_wconf 89' lang='lat' dir='ltr'><strong>cum</strong></span> <span class='ocrx_word' id='word_1_748' title='bbox 2769 4550 2998 4621; x_wconf 87' lang='lat' dir='ltr'><strong>Christo,</strong></span> <span class='ocrx_word' id='word_1_749' title='bbox 3028 4565 3085 4609; x_wconf 88' lang='lat' dir='ltr'><strong>ut</strong></span> <span class='ocrx_word' id='word_1_750' title='bbox 3110 4557 3464 4613; x_wconf 87' lang='lat' dir='ltr'><strong>destrueretur</strong></span> <span class='ocrx_word' id='word_1_751' title='bbox 3484 4577 3672 4631; x_wconf 85' lang='lat' dir='ltr'><strong>corpus</strong></span> 
     </span>
    </p>
   </div>
   <div class='ocr_carea' id='block_1_93' title="bbox 408 4638 3673 4721">
    <p class='ocr_par' dir='ltr' id='par_1_93' title="bbox 408 4638 3673 4721">
     <span class='ocr_line' id='line_1_93' title="bbox 408 4638 3673 4721; baseline 0.003 -27"><span class='ocrx_word' id='word_1_752' title='bbox 408 4638 695 4694; x_wconf 91' lang='lat' dir='ltr'><strong>Dominum</strong></span> <span class='ocrx_word' id='word_1_753' title='bbox 730 4638 999 4710; x_wconf 78' lang='lat' dir='ltr'><strong>signiﬁcat</strong></span> <span class='ocrx_word' id='word_1_754' title='bbox 1039 4639 1398 4707; x_wconf 82' lang='lat' dir='ltr'><strong>Salvatorem,</strong></span> <span class='ocrx_word' id='word_1_755' title='bbox 1435 4642 1526 4712; x_wconf 83' lang='lat' dir='ltr'><strong>qui</strong></span> <span class='ocrx_word' id='word_1_756' title='bbox 1558 4657 1687 4707; x_wconf 88' lang='lat' dir='ltr'><strong>non,</strong></span> <span class='ocrx_word' id='word_1_757' title='bbox 1718 4650 1777 4697; x_wconf 91' lang='lat' dir='ltr'><strong>ut</strong></span> <span class='ocrx_word' id='word_1_758' title='bbox 1802 4644 1988 4699; x_wconf 63' lang='lat' dir='ltr'><strong>caeteri</strong></span> <span class='ocrx_word' id='word_1_759' title='bbox 2015 4638 2049 4640; x_wconf 63' lang='lat'>_</span> <span class='ocrx_word' id='word_1_760' title='bbox 2088 4641 2284 4711; x_wconf 87' lang='lat' dir='ltr'><strong>peccati</strong></span> <span class='ocrx_word' id='word_1_761' title='bbox 2320 4639 2493 4712; x_wconf 84' lang='lat' dir='ltr'><strong>(Rom.</strong></span> <span class='ocrx_word' id='word_1_762' title='bbox 2528 4640 2625 4712; x_wconf 75' lang='lat' dir='ltr'><strong>vr).</strong></span> <span class='ocrx_word' id='word_1_763' title='bbox 2659 4640 2812 4697; x_wconf 87' lang='lat' dir='ltr'><strong>Unde</strong></span> <span class='ocrx_word' id='word_1_764' title='bbox 2835 4641 2990 4712; x_wconf 88' lang='lat' dir='ltr'><strong>jubet</strong></span> <span class='ocrx_word' id='word_1_765' title='bbox 3016 4644 3231 4716; x_wconf 85' lang='lat' dir='ltr'><strong>(Ephes.</strong></span> <span class='ocrx_word' id='word_1_766' title='bbox 3267 4648 3342 4717; x_wconf 80' lang='lat' dir='ltr'><strong>tv)</strong></span> <span class='ocrx_word' id='word_1_767' title='bbox 3377 4664 3476 4704; x_wconf 91' lang='lat' dir='ltr'><strong>nos</strong></span> <span class='ocrx_word' id='word_1_768' title='bbox 3507 4651 3673 4721; x_wconf 86' lang='lat' dir='ltr'><strong>depo-</strong></span> 
     </span>
    </p>
   </div>
   <div class='ocr_carea' id='block_1_94' title="bbox 412 4731 1990 4797">
    <p class='ocr_par' dir='ltr' id='par_1_94' title="bbox 412 4731 1990 4797">
     <span class='ocr_line' id='line_1_94' title="bbox 412 4731 1990 4797; baseline 0.003 -11"><span class='ocrx_word' id='word_1_769' title='bbox 412 4731 700 4797; x_wconf 89' lang='lat' dir='ltr'><strong>mortales,</strong></span> <span class='ocrx_word' id='word_1_770' title='bbox 728 4745 797 4786; x_wconf 88' lang='lat' dir='ltr'><strong>ex</strong></span> <span class='ocrx_word' id='word_1_771' title='bbox 837 4731 1047 4787; x_wconf 86' lang='lat' dir='ltr'><strong>duobus</strong></span> <span class='ocrx_word' id='word_1_772' title='bbox 1084 4731 1394 4787; x_wconf 89' lang='lat' dir='ltr'><strong>hominibus</strong></span> <span class='ocrx_word' id='word_1_773' title='bbox 1435 4741 1597 4790; x_wconf 88' lang='lat' dir='ltr'><strong>natus</strong></span> <span class='ocrx_word' id='word_1_774' title='bbox 1624 4744 1710 4790; x_wconf 89' lang='lat' dir='ltr'><strong>est</strong></span> <span class='ocrx_word' id='word_1_775' title='bbox 1739 4750 1753 4788; x_wconf 89' lang='lat'><strong>:</strong></span> <span class='ocrx_word' id='word_1_776' title='bbox 1785 4735 1879 4790; x_wconf 88' lang='lat' dir='ltr'><strong>sed</strong></span> <span class='ocrx_word' id='word_1_777' title='bbox 1921 4750 1990 4790; x_wconf 86' lang='lat' dir='ltr'><strong>ex</strong></span> 
     </span>
    </p>
   </div>
   <div class='ocr_carea' id='block_1_95' title="bbox 408 4823 1988 4897">
    <p class='ocr_par' dir='ltr' id='par_1_95' title="bbox 408 4823 1988 4897">
     <span class='ocr_line' id='line_1_95' title="bbox 408 4823 1988 4897; baseline 0.001 -17"><span class='ocrx_word' id='word_1_778' title='bbox 408 4824 614 4897; x_wconf 82' lang='lat' dir='ltr'><strong>Spiritu</strong></span> <span class='ocrx_word' id='word_1_779' title='bbox 637 4833 846 4891; x_wconf 86' lang='lat' dir='ltr'><strong>sancto,</strong></span> <span class='ocrx_word' id='word_1_780' title='bbox 869 4834 927 4880; x_wconf 90' lang='lat' dir='ltr'><strong>et</strong></span> <span class='ocrx_word' id='word_1_781' title='bbox 944 4824 1116 4879; x_wconf 70' lang='lat' dir='ltr'><strong>beata:</strong></span> <span class='ocrx_word' id='word_1_782' title='bbox 1134 4823 1315 4880; x_wconf 69' lang='lat' dir='ltr'><strong>Mariae</strong></span> <span class='ocrx_word' id='word_1_783' title='bbox 1333 4838 1548 4895; x_wconf 89' lang='lat' dir='ltr'><strong>semper</strong></span> <span class='ocrx_word' id='word_1_784' title='bbox 1564 4824 1789 4896; x_wconf 87' lang='lat' dir='ltr'><strong>virginis</strong></span> <span class='ocrx_word' id='word_1_785' title='bbox 1810 4835 1988 4891; x_wconf 89' lang='lat' dir='ltr'><strong>utero,</strong></span> 
     </span>
    </p>
   </div>
   <div class='ocr_carea' id='block_1_96' title="bbox 409 4913 1987 4986">
    <p class='ocr_par' dir='ltr' id='par_1_96' title="bbox 409 4913 1987 4986">
     <span class='ocr_line' id='line_1_96' title="bbox 409 4913 1987 4986; baseline 0.001 -15"><span class='ocrx_word' id='word_1_786' title='bbox 409 4924 667 4986; x_wconf 79' lang='lat' dir='ltr'><strong>tanquam</strong></span> <span class='ocrx_word' id='word_1_787' title='bbox 698 4929 929 4984; x_wconf 87' lang='lat' dir='ltr'><strong>sponsus</strong></span> <span class='ocrx_word' id='word_1_788' title='bbox 953 4913 1018 4969; x_wconf 91' lang='lat' dir='ltr'><strong>de</strong></span> <span class='ocrx_word' id='word_1_789' title='bbox 1040 4913 1273 4985; x_wconf 87' lang='lat' dir='ltr'><strong>glorioso</strong></span> <span class='ocrx_word' id='word_1_790' title='bbox 1297 4913 1554 4979; x_wconf 86' lang='lat' dir='ltr'><strong>thalamo,</strong></span> <span class='ocrx_word' id='word_1_791' title='bbox 1575 4915 1860 4984; x_wconf 90' lang='lat' dir='ltr'><strong>processit.</strong></span> <span class='ocrx_word' id='word_1_792' title='bbox 1891 4915 1987 4972; x_wconf 86' lang='lat' dir='ltr'><strong>Se-</strong></span> 
     </span>
    </p>
   </div>
   <div class='ocr_carea' id='block_1_97' title="bbox 408 5002 1983 5075">
    <p class='ocr_par' dir='ltr' id='par_1_97' title="bbox 408 5002 1983 5075">
     <span class='ocr_line' id='line_1_97' title="bbox 408 5002 1983 5075; baseline 0 -16"><span class='ocrx_word' id='word_1_793' title='bbox 408 5004 592 5074; x_wconf 80' lang='lat' dir='ltr'><strong>quitur</strong></span> <span class='ocrx_word' id='word_1_794' title='bbox 621 5020 636 5059; x_wconf 92' lang='lat'><strong>:</strong></span> <span class='ocrx_word' id='word_1_795' title='bbox 674 5003 916 5059; x_wconf 79' lang='lat' dir='ltr'><strong>Minuisti</strong></span> <span class='ocrx_word' id='word_1_796' title='bbox 957 5020 1074 5058; x_wconf 89' lang='lat' dir='ltr'><strong>eum</strong></span> <span class='ocrx_word' id='word_1_797' title='bbox 1114 5002 1271 5073; x_wconf 90' lang='lat' dir='ltr'><strong>paulo</strong></span> <span class='ocrx_word' id='word_1_798' title='bbox 1295 5003 1468 5057; x_wconf 84' lang='lat' dir='ltr'><strong>minus</strong></span> <span class='ocrx_word' id='word_1_799' title='bbox 1494 5003 1558 5057; x_wconf 89' lang='lat' dir='ltr'><strong>ab</strong></span> <span class='ocrx_word' id='word_1_800' title='bbox 1584 5003 1782 5074; x_wconf 85' lang='lat' dir='ltr'><strong>angelis</strong></span> <span class='ocrx_word' id='word_1_801' title='bbox 1810 5003 1983 5075; x_wconf 87' lang='lat' dir='ltr'><strong>(Psal.</strong></span> 
     </span>
    </p>
   </div>
   <div class='ocr_carea' id='block_1_98' title="bbox 393 5092 1983 5166">
    <p class='ocr_par' dir='ltr' id='par_1_98' title="bbox 393 5092 1983 5166">
     <span class='ocr_line' id='line_1_98' title="bbox 393 5092 1983 5166; baseline 0.002 -17"><span class='ocrx_word' id='word_1_802' title='bbox 393 5092 544 5166; x_wconf 54' lang='lat' dir='ltr'><strong>zvm).</strong></span> <span class='ocrx_word' id='word_1_803' title='bbox 576 5095 714 5150; x_wconf 83' lang='lat' dir='ltr'><strong>Hinc</strong></span> <span class='ocrx_word' id='word_1_804' title='bbox 727 5095 840 5166; x_wconf 85' lang='lat' dir='ltr'><strong>jam</strong></span> <span class='ocrx_word' id='word_1_805' title='bbox 864 5094 1077 5150; x_wconf 91' lang='lat' dir='ltr'><strong>Domini</strong></span> <span class='ocrx_word' id='word_1_806' title='bbox 1104 5092 1400 5148; x_wconf 88' lang='lat' dir='ltr'><strong>Salvatoris</strong></span> <span class='ocrx_word' id='word_1_807' title='bbox 1425 5093 1703 5150; x_wconf 89' lang='lat' dir='ltr'><strong>humilitas</strong></span> <span class='ocrx_word' id='word_1_808' title='bbox 1727 5104 1983 5152; x_wconf 88' lang='lat' dir='ltr'><strong>narratur</strong></span> 
     </span>
    </p>
   </div>
   <div class='ocr_carea' id='block_1_99' title="bbox 383 5184 1982 5257">
    <p class='ocr_par' dir='ltr' id='par_1_99' title="bbox 383 5184 1982 5257">
     <span class='ocr_line' id='line_1_99' title="bbox 383 5184 1982 5257; baseline 0 -16"><span class='ocrx_word' id='word_1_809' title='bbox 383 5193 456 5241; x_wconf 70' lang='grc' dir='ltr'><strong>σοι</strong></span> <span class='ocrx_word' id='word_1_810' title='bbox 482 5185 672 5257; x_wconf 81' lang='lat' dir='ltr'><strong>gloria.</strong></span> <span class='ocrx_word' id='word_1_811' title='bbox 719 5185 1014 5240; x_wconf 83' lang='lat' dir='ltr'><strong>Minoratus</strong></span> <span class='ocrx_word' id='word_1_812' title='bbox 1038 5192 1121 5240; x_wconf 91' lang='lat' dir='ltr'><strong>est</strong></span> <span class='ocrx_word' id='word_1_813' title='bbox 1152 5184 1295 5239; x_wconf 90' lang='lat' dir='ltr'><strong>enim</strong></span> <span class='ocrx_word' id='word_1_814' title='bbox 1325 5199 1431 5239; x_wconf 92' lang='lat' dir='ltr'><strong>non</strong></span> <span class='ocrx_word' id='word_1_815' title='bbox 1467 5185 1793 5241; x_wconf 90' lang='lat' dir='ltr'><strong>necessitate</strong></span> <span class='ocrx_word' id='word_1_816' title='bbox 1823 5186 1982 5241; x_wconf 89' lang='lat' dir='ltr'><strong>mini-</strong></span> 
     </span>
    </p>
   </div>
   <div class='ocr_carea' id='block_1_100' title="bbox 401 5273 1980 5345">
    <p class='ocr_par' dir='ltr' id='par_1_100' title="bbox 401 5273 1980 5345">
     <span class='ocr_line' id='line_1_100' title="bbox 401 5273 1980 5345; baseline 0.001 -15"><span class='ocrx_word' id='word_1_817' title='bbox 401 5274 677 5339; x_wconf 88' lang='lat' dir='ltr'><strong>stratoria,</strong></span> <span class='ocrx_word' id='word_1_818' title='bbox 707 5273 801 5329; x_wconf 90' lang='lat' dir='ltr'><strong>sed</strong></span> <span class='ocrx_word' id='word_1_819' title='bbox 837 5274 1053 5345; x_wconf 89' lang='lat' dir='ltr'><strong>pietatis</strong></span> <span class='ocrx_word' id='word_1_820' title='bbox 1080 5288 1192 5329; x_wconf 74' lang='lat' dir='ltr'><strong>sua:</strong></span> <span class='ocrx_word' id='word_1_821' title='bbox 1218 5282 1513 5344; x_wconf 78' lang='lat' dir='ltr'><strong>spontaneo</strong></span> <span class='ocrx_word' id='word_1_822' title='bbox 1545 5274 1841 5339; x_wconf 87' lang='lat' dir='ltr'><strong>voluntate,</strong></span> <span class='ocrx_word' id='word_1_823' title='bbox 1875 5276 1980 5332; x_wconf 89' lang='lat' dir='ltr'><strong>sic-</strong></span> 
     </span>
    </p>
   </div>
   <div class='ocr_carea' id='block_1_101' title="bbox 400 5364 1977 5437">
    <p class='ocr_par' dir='ltr' id='par_1_101' title="bbox 400 5364 1977 5437">
     <span class='ocr_line' id='line_1_101' title="bbox 400 5364 1977 5437; baseline 0.003 -18"><span class='ocrx_word' id='word_1_824' title='bbox 400 5372 462 5419; x_wconf 87' lang='lat' dir='ltr'><strong>ut</strong></span> <span class='ocrx_word' id='word_1_825' title='bbox 504 5364 793 5435; x_wconf 78' lang='lat' dir='ltr'><strong>Apostolus</strong></span> <span class='ocrx_word' id='word_1_826' title='bbox 848 5367 968 5420; x_wconf 89' lang='lat' dir='ltr'><strong>ait:</strong></span> <span class='ocrx_word' id='word_1_827' title='bbox 1008 5364 1350 5436; x_wconf 87' lang='lat' dir='ltr'><strong>Semetipsum</strong></span> <span class='ocrx_word' id='word_1_828' title='bbox 1404 5367 1709 5434; x_wconf 72' lang='lat' dir='ltr'><strong>exinanivit,</strong></span> <span class='ocrx_word' id='word_1_829' title='bbox 1752 5368 1977 5437; x_wconf 76' lang='lat' dir='ltr'><strong>formam</strong></span> 
     </span>
    </p>
   </div>
   <div class='ocr_carea' id='block_1_102' title="bbox 399 5454 1976 5527">
    <p class='ocr_par' dir='ltr' id='par_1_102' title="bbox 399 5454 1976 5527">
     <span class='ocr_line' id='line_1_102' title="bbox 399 5454 1976 5527; baseline 0.003 -19"><span class='ocrx_word' id='word_1_830' title='bbox 399 5455 535 5508; x_wconf 87' lang='lat' dir='ltr'><strong>servi</strong></span> <span class='ocrx_word' id='word_1_831' title='bbox 569 5456 828 5524; x_wconf 84' lang='lat' dir='ltr'><strong>accipiens</strong></span> <span class='ocrx_word' id='word_1_832' title='bbox 860 5454 1024 5527; x_wconf 89' lang='lat' dir='ltr'><strong>(Phil.</strong></span> <span class='ocrx_word' id='word_1_833' title='bbox 1063 5455 1146 5525; x_wconf 91' lang='grc' dir='ltr'>ιι).</span> <span class='ocrx_word' id='word_1_834' title='bbox 1192 5454 1446 5526; x_wconf 89' lang='lat' dir='ltr'><strong>Sequitur</strong></span> <span class='ocrx_word' id='word_1_835' title='bbox 1482 5458 1693 5515; x_wconf 89' lang='lat' dir='ltr'><strong>:Paulo</strong></span> <span class='ocrx_word' id='word_1_836' title='bbox 1712 5461 1882 5513; x_wconf 87' lang='lat' dir='ltr'><strong>minus</strong></span> <span class='ocrx_word' id='word_1_837' title='bbox 1912 5459 1976 5512; x_wconf 90' lang='lat' dir='ltr'><strong>ab</strong></span> 
     </span>
    </p>
   </div>
   <div class='ocr_carea' id='block_1_103' title="bbox 2090 4732 3670 4796">
    <p class='ocr_par' dir='ltr' id='par_1_103' title="bbox 2090 4732 3670 4796">
     <span class='ocr_line' id='line_1_103' title="bbox 2090 4732 3670 4796; baseline 0.009 -13"><span class='ocrx_word' id='word_1_838' title='bbox 2090 4745 2219 4785; x_wconf 91' lang='lat' dir='ltr'><strong>nere</strong></span> <span class='ocrx_word' id='word_1_839' title='bbox 2254 4740 2494 4785; x_wconf 89' lang='lat' dir='ltr'><strong>veterem</strong></span> <span class='ocrx_word' id='word_1_840' title='bbox 2523 4732 2794 4787; x_wconf 89' lang='lat' dir='ltr'><strong>hominem</strong></span> <span class='ocrx_word' id='word_1_841' title='bbox 2830 4749 2953 4787; x_wconf 90' lang='lat' dir='ltr'><strong>cum</strong></span> <span class='ocrx_word' id='word_1_842' title='bbox 2980 4736 3191 4791; x_wconf 88' lang='lat' dir='ltr'><strong>actibus</strong></span> <span class='ocrx_word' id='word_1_843' title='bbox 3218 4738 3335 4792; x_wconf 88' lang='lat' dir='ltr'><strong>suis</strong></span> <span class='ocrx_word' id='word_1_844' title='bbox 3361 4747 3416 4793; x_wconf 90' lang='lat' dir='ltr'><strong>et</strong></span> <span class='ocrx_word' id='word_1_845' title='bbox 3443 4740 3670 4796; x_wconf 88' lang='lat' dir='ltr'><strong>induere</strong></span> 
     </span>
    </p>
   </div>
   <div class='ocr_carea' id='block_1_104' title="bbox 2090 4821 3667 4896">
    <p class='ocr_par' dir='ltr' id='par_1_104' title="bbox 2090 4821 3667 4896">
     <span class='ocr_line' id='line_1_104' title="bbox 2090 4821 3667 4896; baseline 0.006 -22"><span class='ocrx_word' id='word_1_846' title='bbox 2090 4836 2284 4876; x_wconf 89' lang='lat' dir='ltr'><strong>novum</strong></span> <span class='ocrx_word' id='word_1_847' title='bbox 2308 4821 2400 4890; x_wconf 88' lang='lat' dir='ltr'><strong>qui</strong></span> <span class='ocrx_word' id='word_1_848' title='bbox 2428 4822 2723 4877; x_wconf 88' lang='lat' dir='ltr'><strong>secundum</strong></span> <span class='ocrx_word' id='word_1_849' title='bbox 2755 4821 2925 4877; x_wconf 88' lang='lat' dir='ltr'><strong>Deum</strong></span> <span class='ocrx_word' id='word_1_850' title='bbox 2947 4833 3165 4880; x_wconf 87' lang='lat' dir='ltr'><strong>creatus</strong></span> <span class='ocrx_word' id='word_1_851' title='bbox 3186 4833 3270 4881; x_wconf 89' lang='lat' dir='ltr'><strong>est</strong></span> <span class='ocrx_word' id='word_1_852' title='bbox 3301 4825 3359 4880; x_wconf 90' lang='lat' dir='ltr'><strong>in</strong></span> <span class='ocrx_word' id='word_1_853' title='bbox 3372 4826 3583 4896; x_wconf 86' lang='lat' dir='ltr'><strong>justitia</strong></span> <span class='ocrx_word' id='word_1_854' title='bbox 3612 4837 3667 4884; x_wconf 91' lang='lat' dir='ltr'><strong>et</strong></span> 
     </span>
    </p>
   </div>
   <div class='ocr_carea' id='block_1_105' title="bbox 2089 4910 3665 4986">
    <p class='ocr_par' dir='ltr' id='par_1_105' title="bbox 2089 4910 3665 4986">
     <span class='ocr_line' id='line_1_105' title="bbox 2089 4910 3665 4986; baseline 0.005 -20"><span class='ocrx_word' id='word_1_855' title='bbox 2089 4911 2377 4966; x_wconf 87' lang='lat' dir='ltr'><strong>sanctitate</strong></span> <span class='ocrx_word' id='word_1_856' title='bbox 2405 4911 2670 4966; x_wconf 88' lang='lat' dir='ltr'><strong>veritatis.</strong></span> <span class='ocrx_word' id='word_1_857' title='bbox 2703 4910 2896 4967; x_wconf 89' lang='lat' dir='ltr'><strong>Omnia</strong></span> <span class='ocrx_word' id='word_1_858' title='bbox 2930 4915 3071 4969; x_wconf 89' lang='lat' dir='ltr'><strong>enim</strong></span> <span class='ocrx_word' id='word_1_859' title='bbox 3102 4925 3319 4986; x_wconf 83' lang='lat' dir='ltr'><strong>peccata</strong></span> <span class='ocrx_word' id='word_1_860' title='bbox 3353 4927 3407 4972; x_wconf 90' lang='lat' dir='ltr'><strong>et</strong></span> <span class='ocrx_word' id='word_1_861' title='bbox 3435 4920 3665 4974; x_wconf 89' lang='lat' dir='ltr'><strong>crimina</strong></span> 
     </span>
    </p>
   </div>
   <div class='ocr_carea' id='block_1_106' title="bbox 2089 5002 3665 5079">
    <p class='ocr_par' dir='ltr' id='par_1_106' title="bbox 2089 5002 3665 5079">
     <span class='ocr_line' id='line_1_106' title="bbox 2089 5002 3665 5079; baseline 0.006 -23"><span class='ocrx_word' id='word_1_862' title='bbox 2089 5002 2249 5056; x_wconf 89' lang='lat' dir='ltr'><strong>simul</strong></span> <span class='ocrx_word' id='word_1_863' title='bbox 2280 5017 2476 5071; x_wconf 87' lang='lat' dir='ltr'><strong>corpus</strong></span> <span class='ocrx_word' id='word_1_864' title='bbox 2504 5004 2763 5073; x_wconf 84' lang='lat' dir='ltr'><strong>appellat,</strong></span> <span class='ocrx_word' id='word_1_865' title='bbox 2799 5004 2944 5075; x_wconf 88' lang='lat' dir='ltr'><strong>quod</strong></span> <span class='ocrx_word' id='word_1_866' title='bbox 2969 5006 3174 5061; x_wconf 89' lang='lat' dir='ltr'><strong>destrui</strong></span> <span class='ocrx_word' id='word_1_867' title='bbox 3201 5008 3331 5062; x_wconf 86' lang='lat' dir='ltr'><strong>dicit</strong></span> <span class='ocrx_word' id='word_1_868' title='bbox 3350 5022 3447 5079; x_wconf 90' lang='lat' dir='ltr'><strong>per</strong></span> <span class='ocrx_word' id='word_1_869' title='bbox 3467 5011 3665 5065; x_wconf 89' lang='lat' dir='ltr'><strong>bonam</strong></span> 
     </span>
    </p>
   </div>
   <div class='ocr_carea' id='block_1_107' title="bbox 2088 5092 3668 5170">
    <p class='ocr_par' dir='ltr' id='par_1_107' title="bbox 2088 5092 3668 5170">
     <span class='ocr_line' id='line_1_107' title="bbox 2088 5092 3668 5170; baseline 0.006 -24"><span class='ocrx_word' id='word_1_870' title='bbox 2088 5092 2254 5146; x_wconf 86' lang='lat' dir='ltr'><strong>vitam</strong></span> <span class='ocrx_word' id='word_1_871' title='bbox 2289 5100 2345 5146; x_wconf 91' lang='lat' dir='ltr'><strong>et</strong></span> <span class='ocrx_word' id='word_1_872' title='bbox 2383 5093 2542 5148; x_wconf 76' lang='lat' dir='ltr'><strong>(idem</strong></span> <span class='ocrx_word' id='word_1_873' title='bbox 2573 5094 2928 5150; x_wconf 89' lang='lat' dir='ltr'><strong>Catholicam.</strong></span> <span class='ocrx_word' id='word_1_874' title='bbox 2964 5094 3257 5152; x_wconf 71' lang='lat' dir='ltr'><strong>Crucilisio</strong></span> <span class='ocrx_word' id='word_1_875' title='bbox 3288 5100 3486 5170; x_wconf 89' lang='lat' dir='ltr'><strong>quippe</strong></span> <span class='ocrx_word' id='word_1_876' title='bbox 3531 5099 3668 5156; x_wconf 80' lang='lat' dir='ltr'><strong>inte-</strong></span> 
     </span>
    </p>
   </div>
   <div class='ocr_carea' id='block_1_108' title="bbox 2087 5181 3666 5260">
    <p class='ocr_par' dir='ltr' id='par_1_108' title="bbox 2087 5181 3666 5260">
     <span class='ocr_line' id='line_1_108' title="bbox 2087 5181 3666 5260; baseline 0.007 -25"><span class='ocrx_word' id='word_1_877' title='bbox 2087 5181 2247 5236; x_wconf 77' lang='lat' dir='ltr'><strong>rioris</strong></span> <span class='ocrx_word' id='word_1_878' title='bbox 2289 5182 2524 5238; x_wconf 91' lang='lat' dir='ltr'><strong>hominis</strong></span> <span class='ocrx_word' id='word_1_879' title='bbox 2565 5185 2897 5252; x_wconf 75' lang='lat' dir='ltr'><strong>pmnitentia:</strong></span> <span class='ocrx_word' id='word_1_880' title='bbox 2934 5184 3150 5241; x_wconf 85' lang='lat' dir='ltr'><strong>dolores</strong></span> <span class='ocrx_word' id='word_1_881' title='bbox 3185 5186 3572 5260; x_wconf 87' lang='lat' dir='ltr'><strong>intelliguntur.</strong></span> <span class='ocrx_word' id='word_1_882' title='bbox 3608 5197 3666 5245; x_wconf 83' lang='lat' dir='ltr'><strong>et</strong></span> 
     </span>
    </p>
   </div>
   <div class='ocr_carea' id='block_1_109' title="bbox 2085 5273 3666 5348">
    <p class='ocr_par' dir='ltr' id='par_1_109' title="bbox 2085 5273 3666 5348">
     <span class='ocr_line' id='line_1_109' title="bbox 2085 5273 3666 5348; baseline 0.004 -20"><span class='ocrx_word' id='word_1_883' title='bbox 2085 5273 2428 5328; x_wconf 65' lang='lat' dir='ltr'><strong>continentiae</strong></span> <span class='ocrx_word' id='word_1_884' title='bbox 2440 5274 2658 5343; x_wconf 89' lang='lat' dir='ltr'><strong>quidem</strong></span> <span class='ocrx_word' id='word_1_885' title='bbox 2671 5274 2906 5330; x_wconf 84' lang='lat' dir='ltr'><strong>salubris</strong></span> <span class='ocrx_word' id='word_1_886' title='bbox 2919 5276 3213 5343; x_wconf 89' lang='lat' dir='ltr'><strong>cruciatus,</strong></span> <span class='ocrx_word' id='word_1_887' title='bbox 3230 5291 3329 5347; x_wconf 88' lang='lat' dir='ltr'><strong>per</strong></span> <span class='ocrx_word' id='word_1_888' title='bbox 3341 5293 3503 5348; x_wconf 87' lang='lat' dir='ltr'><strong>quam</strong></span> <span class='ocrx_word' id='word_1_889' title='bbox 3520 5294 3666 5334; x_wconf 85' lang='lat' dir='ltr'><strong>mor-</strong></span> 
     </span>
    </p>
   </div>
   <div class='ocr_carea' id='block_1_110' title="bbox 2088 5362 3660 5436">
    <p class='ocr_par' dir='ltr' id='par_1_110' title="bbox 2088 5362 3660 5436">
     <span class='ocr_line' id='line_1_110' title="bbox 2088 5362 3660 5436; baseline 0.004 -19"><span class='ocrx_word' id='word_1_890' title='bbox 2088 5374 2194 5417; x_wconf 88' lang='lat' dir='ltr'><strong>tem</strong></span> <span class='ocrx_word' id='word_1_891' title='bbox 2224 5378 2374 5417; x_wconf 90' lang='lat' dir='ltr'><strong>mors</strong></span> <span class='ocrx_word' id='word_1_892' title='bbox 2404 5362 2698 5433; x_wconf 87' lang='lat' dir='ltr'><strong>impietatis</strong></span> <span class='ocrx_word' id='word_1_893' title='bbox 2726 5364 3028 5432; x_wconf 87' lang='lat' dir='ltr'><strong>perimitur.</strong></span> <span class='ocrx_word' id='word_1_894' title='bbox 3059 5365 3319 5436; x_wconf 87' lang='lat' dir='ltr'><strong>Spiritum</strong></span> <span class='ocrx_word' id='word_1_895' title='bbox 3350 5367 3491 5423; x_wconf 88' lang='lat' dir='ltr'><strong>idem</strong></span> <span class='ocrx_word' id='word_1_896' title='bbox 3520 5382 3660 5434; x_wconf 78' lang='lat' dir='ltr'><strong>esse,</strong></span> 
     </span>
    </p>
   </div>
   <div class='ocr_carea' id='block_1_111' title="bbox 2084 5455 3661 5525">
    <p class='ocr_par' dir='ltr' id='par_1_111' title="bbox 2084 5455 3661 5525">
     <span class='ocr_line' id='line_1_111' title="bbox 2084 5455 3661 5525; baseline 0.004 -18"><span class='ocrx_word' id='word_1_897' title='bbox 2084 5456 2226 5524; x_wconf 88' lang='lat' dir='ltr'><strong>quod</strong></span> <span class='ocrx_word' id='word_1_898' title='bbox 2260 5455 2497 5509; x_wconf 89' lang='lat' dir='ltr'><strong>animam</strong></span> <span class='ocrx_word' id='word_1_899' title='bbox 2529 5455 2869 5524; x_wconf 79' lang='lat' dir='ltr'><strong>Evangelista</strong></span> <span class='ocrx_word' id='word_1_900' title='bbox 2907 5459 3244 5525; x_wconf 89' lang='lat' dir='ltr'><strong>pronuntiat,</strong></span> <span class='ocrx_word' id='word_1_901' title='bbox 3277 5459 3464 5514; x_wconf 89' lang='lat' dir='ltr'><strong>dicens</strong></span> <span class='ocrx_word' id='word_1_902' title='bbox 3494 5477 3508 5513; x_wconf 89' lang='lat'><strong>:</strong></span> <span class='ocrx_word' id='word_1_903' title='bbox 3547 5456 3661 5514; x_wconf 84' lang='lat' dir='ltr'><strong>Po-</strong></span> 
     </span>
    </p>
   </div>
   <div class='ocr_carea' id='block_1_112' title="bbox 400 5543 3663 5623">
    <p class='ocr_par' dir='ltr' id='par_1_112' title="bbox 400 5543 3663 5623">
     <span class='ocr_line' id='line_1_112' title="bbox 400 5543 3663 5623; baseline 0.002 -24"><span class='ocrx_word' id='word_1_904' title='bbox 400 5544 598 5615; x_wconf 83' lang='lat' dir='ltr'><strong>angelis</strong></span> <span class='ocrx_word' id='word_1_905' title='bbox 623 5543 794 5617; x_wconf 90' lang='lat' dir='ltr'><strong>(Psal.</strong></span> <span class='ocrx_word' id='word_1_906' title='bbox 827 5547 978 5619; x_wconf 77' lang='lat' dir='ltr'><strong>vin),</strong></span> <span class='ocrx_word' id='word_1_907' title='bbox 1008 5549 1133 5618; x_wconf 89' lang='lat' dir='ltr'><strong>quia</strong></span> <span class='ocrx_word' id='word_1_908' title='bbox 1155 5547 1384 5620; x_wconf 60' lang='lat' dir='ltr'><strong>{crucem</strong></span> <span class='ocrx_word' id='word_1_909' title='bbox 1411 5563 1510 5619; x_wconf 91' lang='lat' dir='ltr'><strong>pro</strong></span> <span class='ocrx_word' id='word_1_910' title='bbox 1539 5550 1778 5605; x_wconf 88' lang='lat' dir='ltr'><strong>omnium</strong></span> <span class='ocrx_word' id='word_1_911' title='bbox 1803 5551 1977 5606; x_wconf 79' lang='lat' dir='ltr'><strong>salute</strong></span> <span class='ocrx_word' id='word_1_912' title='bbox 2082 5557 2316 5601; x_wconf 85' lang='lat' dir='ltr'><strong>testatem</strong></span> <span class='ocrx_word' id='word_1_913' title='bbox 2355 5548 2519 5601; x_wconf 83' lang='lat' dir='ltr'><strong>habeo</strong></span> <span class='ocrx_word' id='word_1_914' title='bbox 2548 5546 2773 5617; x_wconf 87' lang='lat' dir='ltr'><strong>ponendi</strong></span> <span class='ocrx_word' id='word_1_915' title='bbox 2811 5548 3041 5602; x_wconf 84' lang='lat' dir='ltr'><strong>animam</strong></span> <span class='ocrx_word' id='word_1_916' title='bbox 3070 5566 3238 5604; x_wconf 81' lang='lat' dir='ltr'><strong>meam</strong></span> <span class='ocrx_word' id='word_1_917' title='bbox 3270 5550 3452 5623; x_wconf 84' lang='lat' dir='ltr'><strong>(Joan.</strong></span> <span class='ocrx_word' id='word_1_918' title='bbox 3492 5551 3574 5622; x_wconf 83' lang='lat' dir='ltr'><strong>x),</strong></span> <span class='ocrx_word' id='word_1_919' title='bbox 3603 5561 3663 5607; x_wconf 86' lang='lat' dir='ltr'><strong>et</strong></span> 
     </span>
    </p>
   </div>
   <div class='ocr_carea' id='block_1_113' title="bbox 398 5635 1974 5709">
    <p class='ocr_par' dir='ltr' id='par_1_113' title="bbox 398 5635 1974 5709">
     <span class='ocr_line' id='line_1_113' title="bbox 398 5635 1974 5709; baseline 0.004 -20"><span class='ocrx_word' id='word_1_920' title='bbox 398 5635 653 5704; x_wconf 87' lang='lat' dir='ltr'><strong>suscepit.</strong></span> <span class='ocrx_word' id='word_1_921' title='bbox 684 5636 761 5689; x_wconf 83' lang='lat' dir='ltr'><strong>Ex</strong></span> <span class='ocrx_word' id='word_1_922' title='bbox 784 5650 847 5690; x_wconf 90' lang='lat' dir='ltr'><strong>ea</strong></span> <span class='ocrx_word' id='word_1_923' title='bbox 890 5636 1154 5706; x_wconf 86' lang='lat' dir='ltr'><strong>siquidem</strong></span> <span class='ocrx_word' id='word_1_924' title='bbox 1184 5647 1338 5707; x_wconf 79' lang='lat' dir='ltr'><strong>parte</strong></span> <span class='ocrx_word' id='word_1_925' title='bbox 1393 5637 1619 5693; x_wconf 88' lang='lat' dir='ltr'><strong>Creator</strong></span> <span class='ocrx_word' id='word_1_926' title='bbox 1662 5639 1974 5709; x_wconf 89' lang='lat' dir='ltr'><strong>angelorum</strong></span> 
     </span>
    </p>
   </div>
   <div class='ocr_carea' id='block_1_114' title="bbox 396 5725 1974 5801">
    <p class='ocr_par' dir='ltr' id='par_1_114' title="bbox 396 5725 1974 5801">
     <span class='ocr_line' id='line_1_114' title="bbox 396 5725 1974 5801; baseline 0.003 -19"><span class='ocrx_word' id='word_1_927' title='bbox 396 5725 576 5782; x_wconf 88' lang='lat' dir='ltr'><strong>minor</strong></span> <span class='ocrx_word' id='word_1_928' title='bbox 619 5727 789 5783; x_wconf 81' lang='lat' dir='ltr'><strong>factus</strong></span> <span class='ocrx_word' id='word_1_929' title='bbox 836 5736 922 5782; x_wconf 89' lang='lat' dir='ltr'><strong>est</strong></span> <span class='ocrx_word' id='word_1_930' title='bbox 962 5728 1183 5785; x_wconf 78' lang='lat' dir='ltr'><strong>aneelis.</strong></span> <span class='ocrx_word' id='word_1_931' title='bbox 1234 5729 1377 5785; x_wconf 88' lang='lat' dir='ltr'><strong>Bene</strong></span> <span class='ocrx_word' id='word_1_932' title='bbox 1405 5739 1587 5784; x_wconf 87' lang='lat' dir='ltr'><strong>autem</strong></span> <span class='ocrx_word' id='word_1_933' title='bbox 1628 5730 1784 5795; x_wconf 79' lang='lat' dir='ltr'><strong>dixit,</strong></span> <span class='ocrx_word' id='word_1_934' title='bbox 1814 5732 1974 5801; x_wconf 87' lang='lat' dir='ltr'><strong>paulo</strong></span> 
     </span>
    </p>
   </div>
   <div class='ocr_carea' id='block_1_115' title="bbox 2083 5639 3663 5715">
    <p class='ocr_par' dir='ltr' id='par_1_115' title="bbox 2083 5639 3663 5715">
     <span class='ocr_line' id='line_1_115' title="bbox 2083 5639 3663 5715; baseline 0.004 -23"><span class='ocrx_word' id='word_1_935' title='bbox 2083 5655 2296 5695; x_wconf 88' lang='lat' dir='ltr'><strong>rursum</strong></span> <span class='ocrx_word' id='word_1_936' title='bbox 2338 5659 2351 5694; x_wconf 89' lang='lat'><strong>:</strong></span> <span class='ocrx_word' id='word_1_937' title='bbox 2395 5639 2710 5696; x_wconf 87' lang='lat' dir='ltr'><strong>Potes:atem</strong></span> <span class='ocrx_word' id='word_1_938' title='bbox 2743 5640 2906 5695; x_wconf 89' lang='lat' dir='ltr'><strong>habeo</strong></span> <span class='ocrx_word' id='word_1_939' title='bbox 2942 5642 3182 5695; x_wconf 83' lang='lat' dir='ltr'><strong>sumendi</strong></span> <span class='ocrx_word' id='word_1_940' title='bbox 3201 5660 3315 5696; x_wconf 77' lang='lat' dir='ltr'><strong>eam</strong></span> <span class='ocrx_word' id='word_1_941' title='bbox 3346 5643 3557 5715; x_wconf 86' lang='lat' dir='ltr'><strong>(Ibid.).</strong></span> <span class='ocrx_word' id='word_1_942' title='bbox 3585 5643 3663 5699; x_wconf 88' lang='lat' dir='ltr'><strong>De</strong></span> 
     </span>
    </p>
   </div>
   <div class='ocr_carea' id='block_1_116' title="bbox 2082 5731 3657 5809">
    <p class='ocr_par' dir='ltr' id='par_1_116' title="bbox 2082 5731 3657 5809">
     <span class='ocr_line' id='line_1_116' title="bbox 2082 5731 3657 5809; baseline 0.004 -25"><span class='ocrx_word' id='word_1_943' title='bbox 2082 5731 2181 5785; x_wconf 86' lang='lat' dir='ltr'><strong>hac</strong></span> <span class='ocrx_word' id='word_1_944' title='bbox 2218 5747 2431 5802; x_wconf 88' lang='lat' dir='ltr'><strong>quoque</strong></span> <span class='ocrx_word' id='word_1_945' title='bbox 2462 5734 2574 5802; x_wconf 60' lang='lat' dir='ltr'><strong>ipsa</strong></span> <span class='ocrx_word' id='word_1_946' title='bbox 2607 5732 2816 5788; x_wconf 89' lang='lat' dir='ltr'><strong>Domini</strong></span> <span class='ocrx_word' id='word_1_947' title='bbox 2852 5732 3054 5797; x_wconf 87' lang='lat' dir='ltr'><strong>anima,</strong></span> <span class='ocrx_word' id='word_1_948' title='bbox 3094 5734 3364 5801; x_wconf 84' lang='lat' dir='ltr'><strong>passionis</strong></span> <span class='ocrx_word' id='word_1_949' title='bbox 3391 5744 3657 5809; x_wconf 77' lang='lat' dir='ltr'><strong>tempore,</strong></span> 
     </span>
    </p>
   </div>
  </div>
