4064 6206
334 391 431 448 Ml

1339 392 1426 448 DE
1464 388 1813 449 UNIVERSO
1850 390 2026 445 LIBRI
2068 388 2230 444 XXII.
2272 421 2336 429 —-
2376 389 2502 447 LIB.
2548 391 2629 446 Vl.

3514 400 3619 455 Li?

329 510 674 562 memoratus
708 501 1055 571 Evangelista
1083 503 1328 575 protulit,
1361 505 1435 559 ita
1466 505 1651 562 dicens
1691 523 1704 560 :
1740 504 1808 558 Et
1844 504 1925 559 in-
1953 507 2001 566 Α
2031 509 2136 556 tur.
2167 501 2321 557 Unde
2353 502 2548 557 dicitur
2578 522 2591 556 :
2631 503 2854 559 Recessit
2889 523 2921 559 a
2967 504 3100 561 Sani
3140 508 3356 577 spiritus
3402 510 3616 570 Domini

328 594 532 651 clinato
575 593 747 663 capite
783 594 955 647 emisit
997 594 1237 663 spiritum
1286 592 1468 665 (Joan.
1498 594 1633 666 xix).
1679 593 1816 660 Quid
1845 602 1929 649 est

332 688 484 743 enim
507 685 761 742 emittere
782 684 1166 755 spiritum,nisi
1190 686 1329 754 quod
1344 686 1577 740 animam
1596 685 1930 756 ponere.Sed

331 778 521 833 anima
534 776 699 841 dicta,
720 784 940 845 propter
960 775 1103 845 quod
1118 775 1274 830 vivit:
1291 773 1527 846 Spiritus
1542 784 1723 831 autem
1735 774 1817 829 vel
1832 790 1929 844 pro

331 868 572 941 spiritali
616 876 835 931 natura,
872 866 959 922 vel
992 882 1092 937 pro
1117 882 1203 932 eo,
1246 868 1390 937 quod
1421 866 1648 936 inspiret
1678 883 1923 937 corpora.

330 961 473 1016 Item
513 960 757 1014 animum
799 958 940 1013 idem
976 974 1096 1014 esse
1129 960 1273 1029 quod
1309 959 1583 1015 animam:
1613 961 1707 1016 sed
1749 961 1928 1015 anima

333 1052 464 1106 vitae
501 1060 607 1114 est,
652 1051 869 1105 animus
920 1049 1153 1105 consilii.
1201 1049 1353 1106 Unde
1394 1050 1580 1106 dicunt
1624 1050 1928 1121 philosophi

333 1144 507 1196 etiam
536 1142 653 1196 sine
682 1141 866 1195 animo
893 1140 1061 1194 vitam
1088 1155 1330 1207 manere,
1373 1149 1428 1196 et
1456 1141 1574 1196 sine
1606 1150 1784 1195 mente
1813 1140 1930 1195 ani-

335 1247 488 1286 mam
510 1231 727 1285 durare.
753 1229 910 1287 Unde
930 1238 986 1285 et
1014 1238 1277 1286 amentes.
1306 1229 1443 1286 Nam
1464 1238 1701 1286 mentem
1720 1231 1925 1295 vocari,

334 1332 397 1376 ut
432 1322 571 1376 sciat
601 1338 616 1373 :
648 1321 921 1387 animum,
960 1331 1018 1375 ut
1042 1320 1188 1375 velit.
1223 1321 1372 1376 Mens
1412 1331 1591 1377 autem
1629 1330 1841 1385 vocata,
1869 1329 1928 1376 ut

335 1413 583 1468 emineat
607 1412 659 1466 in
686 1412 890 1477 anima,
911 1411 994 1467 vel
1021 1412 1163 1483 quod
1191 1411 1457 1467 meminit.
1483 1411 1636 1468 Unde
1657 1421 1711 1467 et
1733 1413 1925 1468 imme-

338 1517 524 1558 mores
563 1510 829 1557 amentes.
876 1499 1218 1572 Quapropter
1256 1516 1363 1556 non
1404 1501 1606 1566 anima,
1650 1502 1745 1556 sed
1783 1503 1927 1572 quod

335 1594 563 1651 excellit
597 1595 652 1649 in
697 1594 906 1659 anima,
950 1610 1104 1650 mens
1148 1602 1409 1658 vocatur,
1460 1602 1718 1664 tanquam
1766 1604 1928 1665 caput

334 1687 478 1758 ejus,
506 1686 593 1741 vel
617 1685 825 1741 oculus.
858 1685 1013 1742 Unde
1040 1693 1095 1740 et
1115 1685 1228 1756 ipse
1263 1685 1426 1741 homo
1457 1686 1751 1741 secundum
1777 1702 1927 1742 men-

335 1788 451 1834 tem
501 1780 680 1851 imago
718 1777 814 1833 Dei
862 1778 1079 1834 dicitur.
1133 1779 1211 1833 lla
1255 1786 1435 1834 autem
1467 1779 1584 1834 hzee
1622 1779 1800 1834 omnia
1831 1780 1926 1834 ad-

2032 592 2216 658 bonus,
2236 603 2282 646 et
2304 594 2487 648 invasit
2514 611 2630 648 eum
2652 597 2867 666 spiritus
2889 614 3155 668 nequama
3169 599 3395 658 Domino
3409 604 3461 675 (I
3480 605 3610 680 Reg.

2030 684 2164 755 xvi).
2215 684 2367 742 Unde
2393 694 2447 741 et
2484 687 2538 741 in
2590 687 2878 759 Evangelio
2915 690 3031 760 ipsa
3076 692 3289 750 Veritas
3314 695 3391 751 ait
3434 714 3447 751 :
3481 697 3613 755 Cum

2030 775 2331 831 immundus
2355 778 2567 848 spiritus
2591 780 2771 834 exierit
2793 783 2857 835 de
2881 782 3108 849 homine,
3136 784 3368 841 ambulat
3388 805 3482 858 per
3500 788 3616 846 loca

2030 866 2304 936 inaquosa,
2353 871 2577 935 requiem
2621 888 2887 941 quarens,
2930 882 2977 926 et
3025 889 3128 928 non
3176 876 3367 932 invenit
3396 878 3613 949 (Matth.

2032 954 2152 1025 xu).
2190 956 2259 1010 Et
2284 957 2445 1028 paulo
2478 968 2603 1028 post
2628 958 2924 1033 suljungit,
2953 964 3137 1021 dicens
3170 984 3182 1020 :
3215 966 3359 1023 Tunc
3394 974 3616 1027 assumit

2029 1057 2221 1117 septem
2251 1051 2465 1120 spiritus
2492 1053 2761 1123 nequiores
2787 1070 2873 1118 se,
2903 1066 2949 1109 et
2976 1057 3234 1113 intrantes
3262 1061 3499 1118 habitant
3544 1065 3618 1120 ibi

2032 1136 2243 1208 (Ibid),
2287 1139 2387 1195 hoc
2411 1149 2512 1206 est,
2540 1158 2662 1195 eum
2698 1143 3028 1213 plenitudine
3067 1150 3308 1205 omnium
3335 1152 3612 1210 vitiorum.

2032 1222 2182 1279 Unde
2210 1226 2342 1295 ﬁunt
2376 1230 2654 1285 novissima
2678 1232 2903 1289 hominis
2939 1234 3080 1291 illius
3118 1239 3301 1310 pejora
3329 1245 3612 1313 prioribus.

2028 1314 2237 1387 Corpus
2267 1318 2467 1374 dictum
2513 1337 2609 1389 co,
2642 1326 2784 1394 quod
2812 1338 3124 1399 corruptum
3166 1333 3327 1401 perit.
3378 1332 3618 1394 Soluhile

2028 1408 2173 1465 enim
2218 1418 2381 1480 atque
2412 1415 2640 1470 mortale
2689 1428 2802 1484 est,
2848 1428 2903 1474 et
2940 1420 3230 1491 aliquando
3276 1426 3612 1484 solvendum.

2028 1497 2168 1553 Caro
2186 1512 2364 1555 autem
2389 1519 2418 1557 a
2438 1506 2670 1560 creando
2694 1517 2777 1562 est
2792 1510 3079 1579 appellata.
3099 1511 3448 1573 Crementum
3470 1520 3613 1574 enim

2029 1603 2213 1644 semen
2261 1600 2343 1646 est
2388 1594 2636 1661 masculi,
2681 1597 2821 1653 unde
2865 1594 3180 1658 animalium
3234 1615 3287 1660 et
3336 1606 3616 1665 hominum

2027 1695 2254 1752 corpora
2296 1686 2689 1755 concipiuntur.
2747 1689 2884 1746 Hinc
2930 1701 2987 1747 et
3041 1706 3290 1766 parentes
3342 1708 3618 1758 creatores

2030 1781 2308 1828 vocantur.
2357 1773 2497 1830 Caro
2542 1786 2720 1832 autem
2766 1795 2833 1834 ex
2883 1791 3115 1851 quatuor
3142 1785 3422 1845 elementis
3463 1806 3614 1847 com-

326 1871 524 1940 juncta
568 1878 695 1925 sunt
725 1869 940 1936 animat,
981 1876 1044 1924 ut
1088 1885 1197 1924 una
1231 1885 1319 1924 res
1358 1870 1447 1926 sit.
1485 1868 1590 1924 Pro
1622 1867 1925 1925 ellicientiis
1956 1866 1998 1926 Β
2026 1875 2181 1939 pacta
2210 1877 2314 1924 est.
2348 1868 2481 1925 Nam
2508 1881 2648 1927 terra
2682 1873 2734 1927 in
2764 1868 2928 1931 carne
2958 1887 3063 1944 est,
3085 1893 3182 1934 aer
3210 1880 3260 1936 in
3294 1881 3482 1950 halitu,
3510 1885 3613 1939 hu-

333 1963 488 2018 enim
531 1976 821 2017 causarum
851 1961 1065 2017 diversa
1102 1961 1322 2017 nomina
1366 1961 1558 2016 sortita
1594 1969 1678 2016 est
1717 1961 1921 2015 anima.

335 2053 476 2108 Nam
527 2062 585 2108 et
632 2052 896 2108 memoria
938 2068 1095 2108 mens
1139 2061 1244 2109 est.
1296 2053 1450 2109 Unde
1489 2061 1545 2108 et
1582 2052 1926 2108 immemores

334 2153 603 2199 amentes.
654 2144 789 2198 Dum
830 2158 959 2215 ergo
1010 2143 1250 2199 vivilicat
1295 2159 1513 2215 corpus,
1546 2143 1725 2198 anima
1781 2151 1864 2199 est
1910 2163 1923 2198 :

334 2237 465 2290 dum
517 2235 663 2300 vult,
712 2235 927 2290 aninms
970 2243 1054 2290 est
1085 2254 1096 2288 :
1127 2235 1254 2290 dum
1290 2234 1411 2301 scit,
1447 2249 1600 2290 mens
1642 2244 1726 2290 est
1754 2254 1766 2289 :
1799 2235 1924 2289 dum

336 2326 551 2393 recolit,
594 2327 856 2383 memoria
899 2335 985 2382 est
1024 2344 1037 2380 :
1077 2327 1205 2381 dum
1250 2334 1457 2381 rectum
1515 2325 1737 2391 indicat,
1790 2325 1927 2379 ratio

334 2427 424 2472 est
454 2435 469 2470 :
501 2416 629 2472 dum
675 2417 878 2488 spirat,
909 2416 1132 2486 spiritus
1172 2424 1294 2471 est:
1326 2417 1451 2470 dum
1491 2416 1691 2487 aliquid
1740 2416 1924 2482 sentit,

336 2523 537 2564 sensus
586 2517 689 2562 est.
750 2506 885 2562 Nam
928 2508 1050 2561 inde
1088 2507 1303 2563 animus
1344 2522 1534 2562 sensus
1572 2506 1771 2561 dicitur
1828 2520 1926 2576 pro

336 2600 425 2654 his
477 2614 601 2669 qum
646 2598 825 2653 sentit.
866 2597 1021 2654 Unde
1062 2606 1117 2654 ct
1153 2598 1419 2654 sententia
1450 2613 1645 2653 nomen
1695 2597 1922 2666 accepit.

336 2690 681 2763 Signiﬁcatio
695 2691 837 2745 enim
855 2690 1073 2760 spiritus
1088 2689 1367 2760 multiplex
1381 2688 1793 2760 est.Aliquando
1809 2686 1929 2757 Spi-

343 2786 487 2839 ritus
509 2784 729 2838 nomine
752 2784 867 2854 ipse
899 2782 1038 2837 Deus
1062 2781 1479 2840 demonstratur.
1514 2796 1636 2835 cum
1663 2779 1924 2849 scriptum

343 2887 464 2932 est:
486 2874 629 2930 Deus
651 2874 878 2946 Spiritus
903 2884 978 2928 est
1009 2873 1190 2945 (Joan.
1217 2873 1322 2945 tv);
1346 2883 1403 2930 et
1421 2872 1655 2943 Spiritus
1682 2882 1923 2938 sanctus,

339 2969 411 3023 de
462 2983 571 3038 quo
628 2968 680 3021 in
729 2966 1018 3036 Evangelio
1066 2965 1291 3036 angelus
1342 2965 1410 3020 ad
1451 2963 1678 3019 Mariam
1738 2963 1866 3019 dicit
1909 2981 1921 3017 :

337 3057 579 3127 Spiritus
605 3064 819 3110 sanctus
850 3053 1168 3125 superueniet
1196 3054 1252 3109 in
1277 3062 1357 3118 te,
1403 3063 1451 3107 et
1483 3053 1645 3107 virtus
1673 3050 1927 3106 Altissimi

336 3146 671 3201 obumbrabit
727 3144 821 3199 tibi
872 3143 1024 3216 (Luc.
1076 3144 1140 3215 ι);
1188 3152 1243 3198 et
1283 3142 1614 3214 Apostolus:
1661 3141 1923 3213 Spiritus,

339 3240 542 3311 inquit,
581 3238 757 3293 omnia
784 3245 1072 3303 scrutatur,
1099 3237 1256 3291 etiam
1283 3235 1548 3307 profunda
1578 3234 1675 3290 Dei
1704 3233 1759 3308 (1
1799 3235 1922 3289 Cor.

338 3336 440 3402 tt),
488 3343 544 3389 et
571 3335 766 3388 iterum
817 3346 832 3386 :
880 3329 985 3386 Ubi
1022 3328 1280 3400 Spiritus,
1330 3329 1537 3400 inquit,
1587 3327 1815 3394 Domini,
1855 3327 1925 3381 ibi

337 3427 556 3480 libertas
588 3422 676 3497 (II
705 3421 829 3478 Cor.
860 3421 963 3494 tn).
993 3420 1294 3492 Aliquando
1315 3422 1478 3476 etiam
1508 3419 1732 3491 spiritus
1761 3417 1928 3488 signi-

340 3514 474 3570 licat
516 3511 816 3583 angelicam
849 3519 1120 3565 naturam.
1169 3507 1322 3565 Unde
1358 3508 1638 3563 Psalmista
1666 3507 1744 3562 ait
1779 3524 1791 3560 :
1823 3505 1928 3572 Qui

339 3607 472 3677 facit
519 3603 729 3675 angelos
768 3618 891 3657 suos
919 3602 1134 3673 spiritus
1164 3597 1337 3672 (Psal.
1418 3597 1575 3670 cm).
1623 3597 1926 3668 Aliquando

340 3696 581 3750 animam
609 3693 878 3758 hominis,
928 3699 988 3746 ut
1022 3706 1186 3762 supra
1223 3690 1576 3746 ostendimus.
1623 3688 1927 3759 Aliquando

339 3797 562 3844 sanctos
588 3786 734 3840 viros
763 3794 818 3840 et
845 3784 1107 3839 virtutum
1141 3782 1390 3838 decorem
1433 3789 1593 3851 atque
1633 3781 1928 3852 spiritalem

341 3879 625 3934 habentes.
661 3874 816 3931 Unde
841 3871 1129 3943 Apostolus
1154 3872 1228 3926 ait
1260 3889 1272 3925 :
1305 3870 1363 3926 Si
1392 3872 1508 3943 quis
1533 3881 1928 3941 prteoccupatns

343 3968 503 4037 fuerit
524 3969 581 4021 in
597 3967 776 4037 aliquo
791 3965 979 4019 delicto
1000 3978 1019 4016 :
1039 3980 1129 4018 vos
1147 3964 1236 4034 qui
1248 3963 1508 4034 spiritales
1524 3962 1667 4025 estis,
1687 3962 1930 4016 instruite

341 4057 648 4127 hujnsmadi
665 4058 721 4110 in
740 4057 925 4126 spiritu
939 4054 1167 4110 lenitatis
1187 4051 1327 4127 (Gal.
1345 4053 1440 4125 vr).
1469 4053 1769 4123 Aliquando
1780 4053 1933 4122 spiri-

345 4158 435 4203 tus
455 4158 678 4202 vocatur
692 4147 853 4210 ratio,
870 4161 990 4216 quzc
1003 4146 1318 4216 prmeminet
1340 4145 1551 4204 animat,
1576 4153 1636 4198 ut
1656 4144 1710 4198 in
1732 4143 1929 4198 Danie-

345 4238 435 4294 le:
468 4237 699 4309 Spiritus
723 4247 771 4291 et
802 4236 993 4290 animm
1009 4234 1299 4304 justorum,
1326 4234 1608 4288 benedicite
1653 4233 1932 4287 Dominum

345 4327 511 4399 (Dan.
546 4328 649 4398 in).
698 4323 1002 4395 Aliquando
1047 4323 1269 4393 spiritus
1292 4324 1526 4377 animam
1562 4321 1933 4391 jumentorum

345 4419 638 4491 signiﬁcat.
671 4416 826 4474 Unde
867 4415 1120 4470 Salomon
1146 4416 1223 4469 ait
1257 4431 1272 4469 :
1319 4413 1548 4486 Spiritus
1570 4414 1932 4485 jumentorum

345 4511 630 4567 descendat
682 4510 927 4564 deorsum
973 4507 1198 4581 (Eccles.
1239 4511 1345 4581 Ill).
1401 4506 1701 4578 Aliquando
1748 4523 1933 4564 vocem

347 4602 585 4659 hominis
612 4600 901 4671 signiﬁcat.
946 4569 1097 4655 Unde
1124 4598 1257 4654 dicit
1299 4569 1584 4668 Apostolus
1624 4616 1637 4652 :
1692 4597 1754 4653 Si
1793 4614 1935 4653 orem
1964 4569 2013 4629 υ

347 4693 556 4765 lingua,
601 4692 817 4763 spiritus
862 4706 1008 4745 meus
1051 4699 1211 4744 orat:
1253 4704 1399 4743 mens
1446 4697 1619 4742 autem
1666 4705 1783 4743 mea
1826 4689 1938 4742 sine

348 4786 530 4858 [ructu
569 4794 667 4838 est.
693 4782 868 4838 Orabo
884 4798 1006 4853 ergo
1029 4782 1235 4852 spiritu,
1259 4782 1419 4835 orabo
1452 4789 1500 4835 et
1530 4790 1695 4835 mente
1736 4777 1788 4853 (Ι
1812 4781 1935 4835 Cor.

349 4874 489 4944 xlv).
562 4872 867 4944 Aliquando
923 4872 1350 4942 increpationem
1411 4870 1709 4928 cmlestem.
1784 4869 1938 4927 Unde

350 4965 553 5020 dicitur
581 4963 633 5018 in
674 4963 881 5035 psalmo
925 4979 937 5015 :
966 4961 1044 5015 Ab
1070 4961 1423 5033 increpatione
1456 4970 1569 5025 tua,
1599 4960 1842 5025 Domine,
1872 4960 1938 5015 ab

349 5055 704 5124 increpatione
744 5053 960 5125 spiritus
990 5052 1085 5105 inc
1129 5062 1234 5105 tua:
1263 5048 1437 5124 (Psal.
1487 5051 1641 5123 xvn).
1688 5050 1937 5106 Ostendit

350 5159 485 5214 ergo
510 5144 893 5216 przedicatores
918 5141 1092 5209 verbi,
1127 5143 1252 5212 quia
1282 5141 1484 5212 Spiritu
1513 5153 1702 5197 sancto
1726 5142 1935 5197 inﬂam-

350 5237 518 5302 mati,
547 5235 919 5307 delinquentes
942 5232 1168 5306 populos
1197 5233 1562 5302 increpabant,
1608 5242 1875 5303 quatenus
1902 5250 1933 5290 a

350 5328 500 5384 vitiis
521 5328 857 5384 recederent.
885 5325 1187 5395 Aliquando
1213 5333 1454 5390 ventum,
1486 5333 1545 5378 ut
1564 5334 1650 5380 est
1669 5325 1799 5381 illud
1825 5344 1839 5380 :
1865 5325 1934 5381 In

347 5420 540 5491 spiritu
560 5418 839 5474 vehementi
871 5427 1106 5472 conteres
1134 5432 1288 5471 naves
1321 5415 1534 5470 Tharsis
1561 5412 1732 5489 (Psal.
1758 5416 1949 5489 XLVII).

350 5512 421 5567 Et
452 5512 506 5567 in
543 5512 875 5570 contrariam
912 5517 1123 5580 partem
1164 5508 1386 5580 spiritus
1431 5507 1644 5563 nomine
1672 5507 1933 5577 spiritalia

349 5600 479 5657 vitia
532 5600 880 5658 denotantnr.
915 5598 1068 5655 Unde
1110 5598 1309 5654 dicitur
1354 5597 1575 5667 spiritus
1635 5596 1929 5667 superbizn,

350 5692 577 5763 Spiritus
609 5691 981 5764 ira3,-spiritus
999 5690 1254 5755 tristitia),
1285 5689 1508 5761 Spiritus
1539 5686 1929 5743 fornicationis.

351 5783 656 5856 Aliquando
690 5785 909 5842 nomine
936 5782 1157 5853 spiritus
1182 5782 1296 5852 ipse
1325 5779 1572 5837 diabolus
1599 5778 1935 5835 demonstra-

2029 1972 2148 2012 mor
2172 1958 2224 2012 in
2251 1961 2533 2031 sanguine,
2563 1963 2701 2033 ignis
2729 1964 2782 2019 in
2810 1966 2989 2023 calore
3023 1968 3192 2025 vitali.
3218 1970 3432 2028 llabent
3471 1977 3612 2030 enim

2027 2049 2082 2103 in
2112 2049 2268 2105 nobis
2314 2051 2581 2107 elementa
2614 2070 2766 2109 suam
2796 2072 3023 2129 quaeque
3057 2071 3269 2129 partem
3312 2081 3325 2117 :
3354 2065 3441 2119 cui
3484 2068 3616 2137 quid

2025 2137 2309 2205 debeatur,
2340 2143 2574 2197 ostendit
2606 2159 2865 2217 compago
2889 2149 3146 2205 resoluta.
3179 2150 3318 2208 Caro
3348 2164 3529 2211 autem
3560 2166 3616 2212 et

2026 2243 2225 2300 corpus
2252 2231 2464 2287 diversa
2504 2232 2833 2305 signiﬁcant.
2884 2235 3001 2292 Non
3041 2254 3256 2312 semper
3291 2243 3345 2297 in
3387 2259 3617 2316 corpore

2027 2333 2158 2375 caro
2201 2337 2213 2374 :
2248 2320 2302 2375 in
2340 2336 2505 2377 carne
2546 2337 2764 2393 semper
2807 2340 3004 2397 corpus
3031 2337 3132 2384 est.
3185 2330 3317 2386 Nam
3347 2348 3475 2389 caro
3501 2346 3614 2400 est,

2027 2427 2148 2482 qua:
2178 2412 2335 2478 vivit,
2364 2412 2508 2468 idem
2538 2422 2593 2470 et
2619 2429 2816 2485 corpus
2846 2434 2859 2470 :
2891 2433 3111 2489 corpus,
3143 2422 3285 2490 quod
3311 2439 3418 2478 non
3448 2425 3616 2492 vivit,

2028 2498 2170 2556 idem
2215 2517 2323 2556 non
2360 2517 2508 2558 caro.
2560 2502 2694 2558 Nam
2722 2519 2918 2576 corpus
2966 2507 3164 2563 dicitur
3190 2514 3451 2583 autquod
3494 2524 3619 2584 post

2026 2597 2190 2653 vitam
2239 2608 2323 2654 est
2378 2609 2668 2665 mortuum,
2718 2609 2813 2656 aut
2861 2603 2979 2658 sine
3033 2604 3138 2659 vita
3188 2613 3272 2661 est
3313 2608 3609 2664 conditum.

2026 2687 2300 2744 Interdum
2352 2698 2408 2746 et
2470 2706 2594 2745 cum
2662 2692 2775 2747 vita
2827 2708 3024 2763 corpus
3061 2704 3117 2751 et
3163 2712 3270 2751 non
3323 2713 3492 2765 caro,
3557 2709 3616 2755 ut

2028 2781 2194 2835 herba
2222 2788 2278 2835 et
2325 2780 2547 2852 lignum.
2580 2782 2801 2854 Mystice
2849 2784 2994 2838 enim
3036 2800 3231 2857 corpus
3281 2790 3615 2859 corporalem

2028 2868 2296 2940 significat
2346 2881 2694 2938 creaturam,
2743 2872 2827 2927 vel
2881 2874 3114 2930 hominis
3154 2887 3462 2949 corruptam
3513 2897 3613 2935 na-

2027 2971 2224 3017 turam.
2260 2961 2414 3019 Unde
2452 2963 2648 3033 legitur
2675 2964 2729 3019 in
2757 2964 3037 3034 Apostolo,
3068 2982 3296 3037 corpora
3340 2984 3460 3025 esse
3504 2988 3535 3025 c
3557 2994 3615 3025 ι.-

2027 3050 2182 3105 lestia
2230 3059 2285 3106 et
2336 3066 2562 3122 corpora
2605 3053 2900 3108 terrestria.
2950 3054 3014 3109 Et
3052 3055 3209 3121 alibi,
3249 3056 3481 3129 Corpus,
3527 3061 3615 3116 in-

2031 3142 2174 3213 quit,
2225 3141 2364 3214 quod
2408 3145 2781 3214 corrumpitur,
2839 3154 3085 3215 aggravat
3125 3148 3356 3201 animam
3397 3148 3450 3220 (ι
3485 3149 3612 3205 Cor.

2033 3248 2139 3299 xv;
2168 3232 2298 3304 Sap.
2344 3232 2442 3304 1x).
2475 3232 2610 3288 Nam
2639 3249 2767 3290 caro
2789 3235 2945 3305 juxta
2974 3235 3282 3307 allegoriam
3328 3238 3617 3309 aliquando

2031 3318 2299 3391 signiﬁcat
2326 3321 2650 3376 exteriorem
2699 3323 3002 3389 hominem,
3050 3326 3339 3395 aliquando
3380 3327 3617 3385 litteram

2031 3407 2165 3480 legis
2188 3416 2240 3464 et
2269 3409 2540 3465 carnalem
2565 3426 2782 3465 sensum
2800 3451 2815 3476 ,
2847 3412 3135 3483 aliquando
3164 3416 3482 3486 sapientiam
3511 3420 3612 3474 hu-

2030 3517 2277 3568 manam,
2324 3518 2445 3573 quae
2495 3503 2767 3557 contraria
2816 3506 2979 3559 sentit
3031 3505 3160 3560 Deo.
3198 3505 3333 3561 Nam
3376 3508 3430 3563 in
3475 3509 3620 3580 Apo-

2032 3590 2170 3647 stolo
2195 3592 2455 3662 scriptum
2486 3600 2567 3647 est
2600 3609 2613 3646 :
2650 3592 2942 3647 Prudentia
2965 3595 3140 3649 carnis
3165 3612 3304 3650 mors
3330 3606 3403 3651 est
3435 3614 3454 3652 :
3494 3615 3620 3669 pru-

2030 3686 2209 3740 dentia
2238 3694 2412 3739 autem
2449 3685 2666 3755 spiritus
2693 3686 2795 3740 vita
2840 3695 2888 3739 et
2912 3703 3018 3756 pax
3046 3686 3223 3759 (Rom.
3247 3688 3391 3762 vnn).
3441 3689 3616 3746 Unum

2031 3785 2193 3847 atque
2222 3776 2363 3833 idem
2403 3792 2522 3833 esse
2556 3775 2704 3850 [est],
2761 3777 2903 3848 quod
2936 3777 3067 3832 dicit
3097 3796 3110 3831 :
3138 3779 3417 3850 prudentia
3444 3783 3618 3835 carnis

2032 3887 2172 3925 mors
2203 3878 2299 3925 :et
2329 3869 2459 3926 illud
2496 3888 2508 3923 :
2538 3869 2735 3924 Littera
2769 3869 2956 3923 occidit
2993 3868 3078 3941 (II
3143 3869 3266 3924 Cor.
3315 3869 3420 3943 ιιι).
3448 3870 3620 3941 Igitur

2031 3962 2316 4032 prudentia
2339 3963 2520 4018 carnis
2536 3978 2682 4017 mors
2704 3970 2803 4017 est.
2833 3961 2928 4016 Cui
2974 3977 3122 4016 mors
3149 3962 3267 4015 est?
3287 3963 3480 4015 anima:
3501 3963 3618 4018 sine

2033 4054 2215 4109 dubio.
2248 4053 2349 4121 Qui
2383 4055 2526 4110 enim
2570 4054 2742 4125 legem
2772 4053 3067 4108 secundum
3113 4067 3366 4118 carnem,
3413 4052 3465 4107 id
3510 4062 3614 4118 est,

2034 4147 2328 4201 secundum
2358 4145 2594 4200 litteram
2638 4143 2906 4213 intelligit,
2939 4159 3044 4198 non
3073 4142 3218 4197 venit
3243 4142 3309 4196 ad
3340 4141 3615 4197 Christum

2033 4236 2125 4306 qui
2152 4245 2237 4291 est
2278 4236 2434 4291 vita:
2482 4242 2538 4290 et
2580 4234 2701 4289 ideo
2739 4234 3025 4304 prudentia
3069 4234 3252 4289 carnis
3301 4250 3446 4290 mors
3491 4244 3616 4301 est,

2034 4324 2317 4395 prudentia
2346 4339 2475 4380 vero
2521 4323 2743 4394 spiritus
2767 4324 2878 4378 vita
2908 4332 2964 4378 et
3004 4339 3131 4396 pax.
3164 4325 3341 4380 Vitam
3387 4341 3620 4397 namque

2035 4423 2090 4471 et
2117 4430 2329 4486 pacem,
2360 4430 2480 4486 qua:
2506 4423 2592 4470 est
2614 4414 2883 4481 Christus,
2931 4416 3121 4483 habet,
3155 4416 3249 4487 qui
3303 4417 3623 4490 Spiritaliter

2038 4504 2290 4576 intelligit
2334 4505 2526 4576 legem.
2569 4505 2743 4561 Aliter
2788 4505 3073 4576 prudentia
3118 4506 3300 4564 carnis
3336 4517 3621 4578 peccatum

2037 4605 2140 4661 est,
2172 4596 2315 4665 quod
2339 4603 2560 4664 generat
2580 4603 2829 4659 mortem;
2863 4597 3148 4668 prudentia
3163 4599 3307 4654 enim
3336 4600 3458 4656 ideo
3488 4601 3623 4657 dici-

2038 4694 2148 4749 tur,
2172 4699 2292 4739 cum
2324 4700 2411 4739 res
2433 4685 2596 4739 stulta
2626 4686 2699 4740 sit
2728 4702 2741 4738 :
2765 4686 2892 4756 quia
2919 4686 3269 4744 saecularibus
3310 4689 3620 4746 hominibus

2038 4791 2253 4832 errores
2296 4776 2597 4832 visibilibus
2630 4777 2897 4849 concepti,
2947 4778 3062 4833 sive
3094 4779 3147 4834 in
3185 4795 3366 4844 sensu,
3404 4782 3517 4836 sive
3564 4781 3620 4835 in

2039 4877 2161 4923 actu
2188 4875 2373 4923 contra
2390 4867 2563 4940 legem
2590 4868 2705 4934 Dei,
2727 4869 3012 4940 prudentia
3034 4869 3305 4926 videntur.
3332 4870 3616 4936 Quoniam,

2040 4959 2212 5028 inquit
2256 4958 2565 5028 Apostolus,
2601 4959 2858 5029 sapientia
2901 4960 3076 5014 carnis
3113 4960 3326 5014 inimica
3353 4968 3429 5014 est
3462 4960 3569 5015 Deo
3599 4974 3619 5013 :

2038 5048 2141 5121 legi
2168 5051 2305 5105 enim
2339 5050 2432 5104 Dei
2455 5068 2558 5104 non
2580 5060 2652 5105 est
2680 5050 2936 5120 subjecta,
2963 5066 3056 5104 nec
3079 5051 3215 5104 enim
3242 5058 3409 5120 potest
3438 5049 3619 5123 (Rom.

2039 5140 2179 5213 vni).
2199 5141 2477 5209 Quomodo
2500 5141 2644 5195 enim
2665 5140 2930 5211 sapientia
2954 5139 3156 5204 carnis,
3175 5139 3279 5193 hoc
3297 5149 3401 5207 est,
3424 5156 3620 5196 cama-

2039 5231 2107 5287 lis
2127 5231 2476 5301 intelligentia
2514 5245 2620 5285 non
2643 5231 2713 5286 sit
2738 5231 2952 5285 inimica
2977 5229 3110 5294 Deo,
3159 5243 3278 5299 quae
3304 5230 3623 5285 adversatur

2038 5323 2289 5380 Christo?
2314 5338 2435 5393 qua:
2479 5339 2584 5378 non
2635 5322 2827 5392 recipit
2853 5337 2974 5377 eum
3001 5362 3017 5386 ,
3051 5336 3210 5392 quem
3259 5322 3407 5376 misit
3446 5323 3622 5380 Deus?

2036 5430 2158 5486 quae
2195 5415 2368 5470 dicit:
2419 5414 2533 5469 Nos
2559 5414 2721 5486 legem
2761 5415 3029 5480 habemus,
3059 5424 3110 5468 et
3147 5415 3431 5472 secundum
3458 5417 3621 5489 legem

2039 5508 2186 5562 debet
2207 5508 2366 5574 mori,
2400 5509 2649 5580 quoniam
2674 5507 2846 5576 ﬁlium
2879 5507 2973 5562 Dei
3006 5524 3062 5563 se
3088 5507 3210 5579 fecit
3239 5507 3424 5581 (Joan.
3462 5525 3554 5566 six
3575 5509 3616 5581 ).

2040 5597 2344 5655 Notandum
2373 5609 2572 5661 autem,
2599 5598 2741 5668 quod
2765 5613 2872 5654 non
2910 5613 3129 5655 carnem
3158 5599 3297 5656 dixit
3324 5601 3616 5666 inimicam,

2040 5688 2135 5743 sed
2164 5688 2485 5759 sapientiam
2507 5688 2689 5743 carnis
2714 5704 2728 5741 :
2756 5688 2809 5743 id
2841 5696 2946 5755 est,
2977 5704 3083 5744 non
3111 5690 3494 5756 substantiam,
3527 5690 3622 5746 sed

2039 5787 2193 5835 actus
2238 5786 2331 5835 aut
2354 5778 2734 5849 cogitationem
2780 5778 2894 5836 sive
2942 5780 3433 5851 asseverationem,
3497 5792 3622 5847 quae
