4064 6206
399 317 497 372 HS

383 523 446 577 .iu
479 521 596 578 loco
621 530 892 576 astrorum
935 521 1005 576 ab
1030 520 1342 576 hominibus
1371 521 1587 576 inventa
1633 521 1924 592 disputatio
1953 538 1966 574 :

390 613 584 668 deinde
613 611 898 666 visibilium
928 612 1236 667 oblectatio.
1277 611 1398 666 Ihec
1426 611 1641 666 inimica
1685 622 1810 666 sunt
1838 611 1967 676 Deo,

389 707 516 775 quia
541 704 929 758 elementorum
955 703 1263 768 Dominum,
1290 713 1343 758 et
1367 703 1622 774 Opiﬁccm
1653 703 1855 766 mundi,
1887 703 1970 756 his

389 804 688 866 numquam,
721 811 840 864 qua:
865 794 993 850 fecit
1047 813 1058 845 :
1105 801 1410 848 astruentcs
1467 792 1597 846 nihil
1623 807 1779 861 posse
1822 791 1967 856 ﬁeri,

385 895 748 954 praeterquam
782 883 963 937 mundi
993 883 1234 937 continet
1271 883 1427 936 ratio.
1463 879 1824 948 Quamobrem
1872 895 1968 932 ne-

384 984 514 1047 gant
540 975 706 1029 Deum
735 975 958 1039 fecisse,‘
976 981 1038 1028 ut
1061 974 1212 1045 virgo
1239 980 1476 1042 pareret,
1509 980 1602 1025 aut
1629 981 1968 1026 mortuorum

385 1082 610 1136 corpora
641 1073 987 1137 resurgerem
1015 1084 1028 1118 :
1057 1066 1181 1136 quia
1205 1065 1424 1118 stultum
1465 1073 1564 1127 est,
1596 1063 1867 1132 inquiunt,
1912 1071 1968 1114 ut

382 1157 561 1226 fecerit
611 1157 751 1211 Deus
805 1155 946 1210 ultra
979 1171 1136 1226 quant
1163 1156 1298 1226 sapit
1328 1153 1504 1207 homo.
1557 1153 1690 1208 Hinc
1734 1161 1790 1208 et
1841 1152 1969 1206 alibi

383 1249 642 1318 scriptum
677 1257 756 1303 est
790 1265 803 1301 :
837 1245 974 1301 Caro
1015 1246 1328 1317 concupiscit
1375 1244 1622 1298 adversus
1679 1243 1919 1313 spiritum
1947 1255 1966 1292 :

381 1339 596 1407 spiritus
639 1353 754 1391 vero
783 1335 1030 1390 adrersus
1059 1351 1268 1388 carnem
1318 1331 1460 1404 (Cal.
1492 1334 1568 1404 v).
1613 1333 1682 1386 Et
1708 1348 1924 1386 rursum
1951 1349 1964 1384 :

381 1429 520 1484 Caro
549 1439 594 1482 et
634 1429 846 1499 sanguis
882 1444 1095 1498 regnum
1122 1427 1219 1480 Dei
1247 1443 1350 1480 non
1390 1425 1724 1498 possidebunt
1765 1423 1812 1496 (Ι
1841 1421 1965 1478 Cor.

383 1522 496 1595 xv),
541 1523 644 1578 hoc
688 1530 802 1586 est,
845 1520 1118 1590 peccatrix
1164 1521 1272 1572 vita
1319 1526 1375 1572 et
1415 1516 1820 1588 sanguinolenta
1857 1532 1964 1570 non

381 1621 621 1668 meretur
669 1612 832 1666 vitam
888 1611 1088 1666 habere
1135 1618 1415 1664 aeternam.
1468 1607 1651 1678 Neque
1692 1608 1967 1678 corruptio

382 1706 801 1776 incorruptelam
839 1704 1177 1775 possidebit:
1207 1703 1300 1758 sed
1349 1701 1523 1757 sancti
1574 1710 1629 1755 et
1669 1699 1804 1769 justi
1861 1700 1964 1754 viri

1047 314 1106 370 Β.
1149 314 1400 372 RABANI
1439 316 1657 374 MAURI
1693 315 2010 374 ARCHIEP.
2052 313 2360 373 MOGUNT.
2400 311 2683 370 OPERUM
2719 310 2900 366 PARS
2933 309 2993 367 ll.

393 431 632 487 nascitur
654 429 718 484 de
745 445 949 484 errore.
970 428 1244 502 Sapientia
1271 447 1402 503 ergo
1421 431 1600 486 carnis
1626 439 1710 486 est
1732 432 1966 502 primum
1997 442 2043 498 Α
2074 429 2330 485 interiore
2375 444 2496 483 esse
2543 425 2956 480 manifestantur
3007 445 3018 478 :

3565 318 3663 372 Hi

3071 425 3195 495 quia
3233 426 3504 496 spiritales
3570 446 3661 486 res

2076 537 2182 574 non
2212 519 2578 590 corporalibus
2601 517 2867 581 sensibus,
2893 517 2985 570 sed
3009 516 3378 586 spiritualibus
3401 519 3661 577 rimandze

2074 619 2216 664 sunt.
2250 609 2400 665 Unde
2427 608 2609 662 divina
2638 623 2742 661 vox
2773 607 2825 660 in
2867 607 3082 661 cantico
3112 607 3513 664 Deuteronomii
3538 611 3614 665 ait
3641 629 3656 666 :

2083 701 2283 766 Videte,
2304 702 2549 772 quoniam
2573 717 2665 770 ego
2688 716 2802 752 sum
2827 699 2986 763 Deus,
3013 709 3059 752 et
3087 717 3190 753 non
3210 710 3282 754 est
3307 700 3445 755 alius
3469 714 3663 772 purter

2072 807 2152 844 me
2184 790 2359 860 (Deut.
2405 805 2554 844 xxx"
2583 789 2622 860 ).
2666 789 2731 843 Et
2759 789 2812 843 in
2841 789 3056 844 Psalmo
3087 807 3098 842 :
3126 791 3406 857 Attendite,
3436 794 3662 864 populus

2072 896 2234 943 meus,
2268 879 2430 948 legem
2461 879 2920 944 uteam,inrlinate
2948 897 3128 934 aurem
3164 892 3384 936 vestram
3426 884 3478 937 in
3507 885 3658 939 verba

2072 969 2178 1023 oris
2210 970 2309 1022 mei
2336 967 2511 1040 (Psal.
2542 968 2767 1040 Lxxvn).
2799 969 2864 1024 Et
2893 971 2945 1024 in
2981 971 3267 1040 Evangelio
3303 972 3415 1042 ipsa
3446 973 3661 1031 Veritas

2072 1061 2148 1114 ait
2177 1079 2188 1114 :
2225 1060 2326 1126 Qui
2358 1061 2510 1114 habet
2538 1076 2693 1114 aures
2738 1061 3024 1126 audiendi,
3052 1062 3233 1116 audiat
3292 1063 3510 1134 (Matth.
3555 1071 3654 1136 XI).

2073 1152 2138 1206 Et
2169 1153 2221 1206 in
2249 1153 2570 1223 Apocalypsi
2604 1171 2615 1205 :
2650 1153 2754 1219 Qui
2783 1154 2959 1219 habet,
2989 1155 3182 1224 inquit,
3209 1175 3362 1212 aures
3385 1161 3656 1226 audiendi,

2068 1247 2251 1300 audiat
2303 1247 2428 1317 quid
2469 1247 2698 1316 Spiritus
2721 1247 2862 1300 dicat
2888 1248 3136 1304 Ecclesiis
3165 1250 3348 1323 (Apoc.
3383 1252 3466 1324 ιι).
3500 1253 3566 1307 Εῐ
3603 1255 3658 1308 in

2069 1334 2341 1390 Psalterio‘
2394 1356 2408 1391 :
2465 1333 2684 1390 Custate
2732 1347 2782 1391 et
2832 1339 3037 1404 ridete,
3084 1343 3330 1412 quoniam
3359 1345 3534 1398 suavis
3580 1356 3657 1398 ett

2068 1425 2326 1480 Dominus
2347 1426 2520 1496 (Psal.
2548 1430 2764 1502 χχχιιι).
2793 1430 3160 1499 EtApostolus
3189 1451 3201 1484 :
3227 1429 3440 1497 Christi,
3462 1433 3655 1504 inquit,

2069 1517 2231 1570 bonus
2258 1517 2388 1571 odor
2415 1536 2596 1574 smnus
2627 1531 2673 1574 et
2702 1523 2756 1575 in
2804 1523 2886 1575 his
2921 1523 3010 1592 qui
3035 1533 3274 1592 pereunt,
3301 1533 3350 1577 et
3384 1524 3438 1578 in
3461 1525 3539 1577 his
3565 1526 3656 1596 qui

2067 1605 2198 1660 salvi
2223 1606 2354 1675 ﬁunt
2396 1607 2478 1676 (11
2509 1605 2631 1663 Cor.
2665 1607 2748 1680 ιι).
2773 1609 2841 1664 Et
2869 1610 2920 1664 in
2947 1609 3234 1682 Evangelio
3260 1613 3517 1668 Dominus
3539 1631 3658 1668 [nu-

2067 1697 2254 1753 lierem
2289 1701 2722 1755 luemorroissam
2773 1701 2877 1756 ﬁde
2921 1719 2980 1756 se
3010 1704 3247 1775 tetigisse
3280 1708 3450 1775 magis
3489 1724 3655 1778 quam

380 1799 646 1854 immutati
697 1805 752 1852 et
796 1796 1128 1850 immortales
1161 1793 1337 1850 effecti
1385 1807 1481 1862 per
1509 1792 1964 1848 resurrectionem
1995 1784 2038 1842 Β
2067 1805 2294 1859 corpore
2320 1791 2579 1856 ostendit,
2609 1791 2792 1846 dicens
2825 1809 2838 1845 :
2876 1791 3060 1864 Tetigit
3091 1811 3171 1848 me
3195 1794 3406 1866 m’iquis,
3436 1813 3554 1850 nam
3605 1806 3653 1850 et

377 1891 560 1946 carnis
587 1890 639 1944 in
668 1889 753 1943 die
791 1887 981 1957 judicii
1021 1887 1087 1942 ad
1118 1901 1340 1958 regnum
1390 1883 1549 1940 simul
1581 1899 1702 1939 cum
1748 1883 1966 1939 Christo

379 1983 684 2038 transibunt
741 1989 1080 2050 perpetuum.
1157 1978 1362 2034 Sensus
1420 1978 1667 2047 corporis
1725 1977 1965 2046 quinque

377 2083 504 2130 stmt
534 2091 547 2128 :
579 2074 744 2137 visus,
777 2072 1011 2135 auditus,
1044 2071 1322 2135 odoratus,
1352 2079 1542 2142 gustus
1569 2079 1624 2124 et
1654 2079 1845 2125 tactus.
1885 2069 1964 2124 Ex

375 2165 572 2236 quibus
625 2164 730 2219 duo
768 2163 1084 2234 aperiuntur
1121 2169 1178 2216 et
1223 2161 1570 2226 clauduntur,
1602 2161 1708 2216 duo
1753 2175 1966 2231 semper

376 2267 624 2330 patentes
644 2267 790 2312 sunt.
819 2255 1026 2312 Sensus
1051 2257 1204 2322 dicti,
1231 2257 1356 2326 quia
1385 2271 1482 2326 per
1511 2270 1604 2310 eos
1627 2257 1805 2310 anima
1838 2256 1965 2311 su‘b—

375 2351 622 2408 tilissime
652 2358 821 2405 totum
843 2365 1039 2420 corpus
1066 2349 1232 2420 agitat
1274 2349 1460 2420 vigore
1491 2347 1780 2403 sentiendi.
1811 2347 1964 2403 Unde

371 2450 428 2496 et
460 2441 748 2512 praesentia
795 2449 1191 2510 nuncupantur,
1217 2440 1360 2508 quod
1390 2439 1498 2494 sint
1523 2455 1634 2510 pra:
1665 2439 1914 2494 sensibus
1946 2457 1958 2492 :

374 2531 516 2586 sicut
543 2545 654 2600 pra:
683 2529 873 2593 oculis,
905 2545 1024 2599 quae
1065 2538 1262 2601 praesto
1303 2537 1428 2584 sunt
1460 2529 1651 2584 oculis.
1693 2527 1852 2584 Visus
1879 2537 1965 2583 est

373 2621 464 2690 qui
497 2635 527 2673 a
569 2619 904 2690 philosophis
947 2619 1142 2674 humor
1181 2620 1384 2674 vitreus
1421 2619 1739 2690 appellatur.
1774 2619 1961 2676 Visum

373 2721 552 2766 autem
595 2709 712 2766 ﬁeri
743 2710 960 2780 quidam
997 2719 1307 2764 asseverant
1336 2717 1429 2764 aut
1455 2717 1696 2764 extrema
1723 2710 1961 2766 aetherea

373 2801 490 2856 luce
516 2840 532 2865 ,
581 2810 675 2855 aut
724 2801 937 2856 interno
983 2800 1176 2871 spiritu
1208 2800 1387 2854 lucido
1427 2817 1522 2872 per
1553 2809 1740 2856 tenues
1784 2801 1899 2856 vias
1929 2816 1959 2855 a

368 2899 595 2954 cerebro
635 2898 912 2952 venientes
945 2905 1105 2968 atque
1133 2895 1434 2967 penetralis
1465 2896 1662 2951 tunicis
1689 2896 1743 2950 in
1779 2911 1960 2950 aerem

367 2998 672 3054 exeuntes,
729 2998 786 3044 et
856 2997 986 3042 tunc
1037 2987 1412 3042 commistione
1471 2985 1666 3042 similis
1719 2987 1960 3041 materiae

371 3083 544 3138 visum
573 3082 782 3138 dantes.
815 3079 976 3135 Visus
997 3080 1193 3143 dictus,
1221 3078 1362 3149 quod
1391 3079 1630 3132 vivacior
1657 3077 1729 3132 sit
1747 3077 1958 3132 ueteris

369 3173 648 3236 sensibus,
703 3186 764 3226 ac
789 3169 1132 3240 praestantior
1159 3169 1272 3224 sive
1318 3167 1577 3234 velocior,
1619 3167 1956 3238 ampliusque

371 3262 570 3334 vigeat,
602 3269 864 3332 quantum
890 3259 1150 3315 memoria
1183 3259 1324 3315 inter
1355 3259 1552 3316 mentis
1578 3257 1773 3314 ollicia.
1807 3257 1954 3314 Vici-

369 3354 492 3407 nior
524 3361 608 3406 est
653 3353 899 3418 cerebro,
933 3351 1073 3406 unde
1118 3352 1299 3407 omnia
1328 3359 1568 3406 manant.
1606 3351 1686 3404 Ex
1726 3365 1833 3420 quo
1864 3349 1956 3415 ﬁt,

369 3453 539 3510 utea,
569 3459 688 3514 quae
707 3444 772 3498 ad
797 3443 932 3500 alios
956 3445 1226 3514 pertinent
1247 3457 1438 3500 sensus
1459 3443 1642 3498 videre
1667 3441 1912 3498 dicamus
1939 3461 1951 3496 :

370 3534 533 3588 veluti
561 3551 684 3590 cum
709 3533 968 3600 dicimus;
997 3535 1128 3600 vide,
1155 3534 1414 3606 quomodo
1445 3543 1598 3588 sonat
1627 3549 1644 3587 .'
1673 3532 1805 3597 vide,
1829 3549 1958 3603 quo-

369 3626 524 3681 modo
553 3627 688 3698 sapit
718 3626 858 3692 :sic,
891 3634 996 3682 etc.
1029 3625 1256 3680 Auditus
1277 3624 1598 3696 appellatus,
1623 3623 1768 3694 quod
1797 3638 1958 3679 voces

372 3717 623 3783 hauriat,
666 3717 768 3772 hoc
815 3724 916 3781 est,
973 3730 1094 3770 aere
1119 3715 1404 3770 verberato
1465 3714 1722 3784 suscipiat
1771 3729 1952 3769 sonos.

371 3805 669 3871 Odoratus,
714 3805 868 3875 quasi
913 3804 1056 3860 aeris
1085 3804 1269 3860 odoris
1313 3813 1564 3860 attactus.
1607 3803 1776 3858 Tacto
1812 3803 1955 3856 enim

372 3909 500 3950 aere
529 3895 782 3950 sentitur.
815 3892 906 3948 Sic
933 3902 988 3948 et
1017 3891 1264 3957 olfactus,
1297 3894 1439 3962 quod
1469 3893 1723 3948 odoribus
1759 3891 1956 3946 cilicia-

375 3993 485 4038 tur.
518 3983 720 4039 Gustus
747 3999 776 4036 a
807 3991 1024 4054 gutture
1065 3984 1264 4038 dictus.
1294 3983 1492 4040 Tactus
1531 3998 1618 4048 eo,
1647 3983 1788 4052 quod
1831 3995 1956 4053 per-

373 4083 568 4132 tractet
620 4084 676 4131 et
720 4083 930 4146 tangat,
979 4083 1034 4130 et
1079 4091 1175 4145 per
1203 4075 1383 4130 omnia
1426 4076 1668 4130 membra
1716 4073 1956 4142 vigorem

372 4184 562 4224 sensus
611 4176 884 4240 aspergat.
927 4167 1063 4222 Nam
1123 4175 1268 4222 tactu
1319 4169 1646 4238 probamus,
1697 4165 1956 4235 quidquid

372 4259 586 4315 casteria
627 4258 874 4313 sensibus
896 4256 1144 4326 judicare
1171 4273 1276 4312 non
1304 4273 1605 4326 possumus.
1637 4256 1748 4312 Duo
1775 4267 1955 4310 autem

373 4364 573 4419 genera
600 4356 776 4403 tactus
805 4359 949 4402 sunt.
979 4346 1112 4402 Nam
1135 4357 1228 4402 aut
1255 4348 1592 4402 extrinsecus
1617 4348 1782 4413 venit,
1814 4345 1956 4417 quod

374 4439 576 4494 feriat:
605 4447 698 4493 aut
739 4438 886 4494 intus
914 4439 968 4493 in
998 4438 1116 4508 ipso
1155 4455 1380 4510 corpore
1416 4439 1608 4494 oritur.
1656 4437 1954 4507 Unicuique

374 4535 556 4582 autem
633 4527 818 4582 sensui
879 4529 1096 4598 propria
1158 4537 1350 4582 natura
1406 4528 1551 4583 data.
1624 4526 1760 4580 Nam
1807 4526 1952 4596 quod

374 4617 666 4673 videndum
693 4627 809 4682 est,
831 4618 1003 4674 oculis
1033 4619 1244 4689 capitur
1276 4637 1289 4673 :
1320 4619 1462 4690 quod
1501 4618 1821 4673 audiendum
1845 4626 1950 4684 est,

375 4710 628 4774 auribus;
684 4709 865 4764 mollia
914 4718 971 4764 et
1011 4709 1147 4764 dura
1193 4718 1338 4765 tactu
1381 4709 1734 4764 mstimantur.
1780 4707 1953 4778 Sapor

362 4812 557 4876 gustu,
577 4802 710 4857 odor
734 4802 958 4856 naribus
975 4803 1207 4857 ducitur.
1224 4801 1280 4856 In
1303 4801 1484 4855 multis
1507 4801 1638 4856 locis
1661 4799 1953 4871 Scriptum

375 4909 546 4951 sacrae
561 4895 614 4950 hi
635 4893 872 4964 quinque
892 4907 1082 4947 sensus
1093 4892 1334 4962 corporis
1349 4892 1652 4960 quinarium
1671 4908 1952 4947 numerum

376 5005 456 5062 ιιι)
468 4989 602 5044 stice
623 4987 1016 5058 exprimuntur;
1034 4992 1089 5039 ut
1106 4993 1190 5039 est
1207 4983 1334 5040 illud
1361 4984 1414 5037 in
1431 4982 1685 5054 parabole
1705 4981 1955 5038 Salvato-

379 5085 454 5140 ris
499 5082 712 5156 (Matth.
741 5081 888 5151 xxv),
922 5079 1012 5134 ubi
1039 5087 1293 5133 narratur
1315 5091 1505 5133 servus
1535 5091 1566 5130 a
1604 5075 1822 5131 domino
1861 5091 1960 5131 suo

379 5173 616 5245 quinque
647 5169 843 5225 talenta
868 5167 1163 5240 accepisse,
1180 5175 1235 5222 et
1255 5180 1317 5220 ea
1343 5181 1462 5220 cum
1483 5172 1768 5236 augmento
1784 5164 1959 5220 eidem

380 5268 600 5323 (lolnino
631 5264 924 5320 revertenti
951 5269 1384 5334 repra‘sentasse.
1416 5258 1676 5314 Similiter
1699 5258 1830 5313 etin
1858 5273 1961 5313 ca:-

383 5357 688 5422 terislocis,
714 5355 802 5410 ubi
830 5354 1111 5424 quinarius
1157 5366 1413 5407 numerus
1448 5351 1682 5405 insertus
1718 5358 1824 5414 est,
1865 5356 1960 5402 aut

383 5448 623 5518 quinque
653 5447 818 5500 libros
844 5443 1022 5512 Legis,
1050 5451 1143 5496 aut
1189 5442 1427 5514 quinque
1485 5455 1678 5496 sensus
1717 5439 1961 5510 corporis

386 5539 612 5610 mystica
633 5535 1024 5607 signiﬁcatione
1051 5535 1403 5591 demonstrat.
1431 5531 1732 5588 Notandum
1758 5539 1958 5596 autem,

387 5632 530 5704 quod
554 5628 712 5684 iidem
752 5629 852 5700 ipsi
895 5643 1090 5684 sensus
1123 5627 1214 5698 qui
1244 5627 1294 5681 in
1321 5627 1590 5681 exteriore
1619 5624 1836 5680 homine
1865 5623 1962 5678 de-

387 5725 698 5785 scribuntur
727 5721 887 5776 simili
931 5719 1089 5775 modo
1115 5719 1409 5775 secundum
1443 5716 1658 5772 modum
1698 5729 1856 5771 suum
1906 5714 1962 5770 in

1981 4489 2032 4548 D

2065 1897 2158 1952 ego
2185 1882 2320 1935 sensi
2351 1882 2590 1936 virtutem
2619 1883 2683 1935 de
2709 1899 2790 1936 me
2817 1883 3004 1937 exiisse
3031 1883 3182 1956 (Luc.
3209 1885 3348 1957 vm).
3395 1885 3485 1942 Sic
3523 1903 3655 1958 ergo

2066 1988 2188 2026 cum
2207 1973 2355 2027 omni
2379 1974 2590 2028 cautela
2615 1974 3010 2029 observandum
3035 1987 3140 2040 est,
3167 1977 3294 2046 quid
3316 1979 3382 2032 ad
3408 1981 3654 2048 corporis

2066 2080 2286 2130 sensus,
2313 2073 2368 2120 et
2397 2065 2526 2134 quid
2561 2065 2630 2120 ad
2655 2066 2848 2120 anima:
2880 2066 3148 2131 pertineat
3177 2067 3494 2138 dignitatem
3531 2087 3544 2122 :
3586 2086 3654 2122 ne

2064 2155 2206 2210 forte
2227 2155 2485 2210 confusus
2511 2155 2662 2220 ordo,
2708 2165 2763 2210 et
2804 2155 3194 2211 irrationabilis
3220 2158 3507 2213 aestimatio
3549 2158 3652 2212 ali-

2064 2244 2188 2300 cubi
2231 2260 2532 2315 repugnare
2587 2245 2836 2299 videatur
2869 2246 3103 2300 veritati.
3147 2246 3326 2301 Prima
3360 2263 3488 2318 pars
3526 2265 3651 2304 eor-

2062 2335 2210 2404 poris
2257 2344 2441 2403 caput,
2496 2335 2788 2404 datumque
2831 2334 2906 2389 illi
2967 2337 3069 2391 hoc
3121 2352 3316 2392 nomen
3351 2353 3456 2403 eo,
3506 2341 3650 2408 quo!

2065 2442 2256 2483 sensus
2283 2443 2472 2482 omnes
2495 2435 2549 2480 et
2571 2429 2720 2482 nervi
2747 2429 2870 2484 inde
2890 2429 3100 2484 initfum
3129 2431 3368 2502 capiunt,
3395 2441 3556 2502 atque
3583 2447 3650 2487 ex

2062 2536 2128 2576 eo
2171 2521 2348 2574 oxnnis
2379 2519 2590 2574 vivendi
2633 2536 2794 2575 causa
2845 2521 3073 2576 oriatur.
3129 2521 3206 2576 lbi
3258 2523 3401 2578 enim
3457 2539 3652 2578 omnes

2061 2625 2254 2666 sensus
2301 2619 2581 2681 apparent.
2616 2611 2768 2668 Unde
2807 2613 2976 2684 ipsius
3005 2615 3220 2681 animm,
3253 2632 3373 2685 quae
3417 2616 3654 2672 consulit

2063 2701 2315 2773 corpori,
2342 2701 2737 2772 quodammodo
2762 2719 3050 2774 personam
3087 2706 3248 2776 gerit.
3281 2706 3455 2777 Caput
3493 2723 3648 2771 vero,

2061 2795 2202 2864 quod
2225 2795 2396 2865 prima
2413 2796 2656 2864 corporis
2677 2811 2804 2866 pars
2829 2807 2909 2852 est
2933 2795 3014 2869 (ut
3035 2813 3194 2868 supra
3217 2799 3472 2871 diximus)
3495 2798 3649 2868 juxta

2061 2886 2375 2957 allegoriam
2418 2895 2510 2940 aut
2550 2886 2823 2942 Christum
2859 2889 3165 2960 siguiiicat,
3214 2890 3305 2960 qui
3351 2900 3434 2944 est
3484 2898 3647 2960 caput

2060 2976 2306 3046 corporis
2340 2975 2594 3030 Ecclesia:
2633 2975 2794 3048 (Eph.
2827 2976 2881 3050 v)
2920 2996 2931 3030 :
2965 2987 3057 3032 aut
3089 2979 3424 3033 divinitatem
3459 2979 3649 3034 Salva-

2062 3069 2214 3124 toris.
2254 3068 2406 3122 Unde
2439 3066 2634 3138 legitur
2659 3069 2712 3122 in
2738 3068 2998 3138 Apostolo
3044 3087 3056 3122 :
3087 3067 3258 3140 Caput
3285 3069 3516 3124 mulieris
3547 3070 3651 3135 rir,

1985 3147 2028 3210 C
2061 3170 2212 3232 caput
2237 3159 2332 3214 υἱνί
2355 3157 2626 3226 Christus,
2673 3169 2827 3230 caput
2877 3157 3071 3214 Christi
3117 3159 3256 3214 Deus
3299 3159 3350 3232 (1
3376 3157 3500 3215 Cor.
3546 3159 3647 3232 χι).

2061 3255 2292 3311 Ponitur
2339 3259 2484 3312 enim
2533 3255 2823 3327 aliquando
2878 3262 3040 3325 caput
3101 3271 3200 3326 pro
3250 3254 3650 3326 principalitate

2060 3353 2276 3407 mentis.
2318 3352 2471 3408 Unde
2508 3353 2769 3422 scriptum
2799 3359 2883 3406 est
2916 3369 2929 3404 :
2969 3349 3126 3406 Omni
3157 3362 3384 3421 tempore
3431 3353 3534 3406 sint
3565 3369 3647 3406 ve-

2056 3443 2299 3496 stimenta
2325 3452 2418 3496 tua
2447 3442 2756 3508 candida,ct
2783 3441 2954 3496 oleum
2979 3443 3044 3497 de
3069 3443 3237 3512 capite
3265 3452 3354 3496 tuo
3385 3460 3486 3496 non
3517 3443 3650 3513 deﬁ-

2058 3535 2160 3587 ciat
2207 3533 2404 3604 (Eccle.
2450 3535 2526 3606 lx)
2558 3552 2571 3587 :
2606 3535 2710 3591 hoc
2733 3543 2834 3598 est,
2871 3535 3018 3589 omni
3064 3543 3303 3604 tempore
3335 3535 3442 3590 sint
3479 3551 3647 3606 opera

2059 3631 2148 3677 tua
2179 3632 2235 3678 et
2273 3625 2611 3680 conversatio
2633 3625 2856 3690 munda,
2885 3633 2942 3678 et
2966 3624 3142 3678 oleum
3172 3624 3454 3679 charitatis
3482 3634 3646 3695 atque

2057 3713 2441 3770 misericordia:
2481 3716 2546 3770 de
2586 3724 2766 3770 mente
2807 3725 2897 3770 tua
2942 3731 3049 3771 non
3088 3715 3322 3771 deﬁciat.
3371 3717 3648 3772 Invenitur

2058 3805 2350 3875 aliquando
2396 3815 2559 3876 caput
2598 3821 2697 3876 pro
2731 3807 2888 3862 initio
2930 3807 3088 3878 poni,
3127 3817 3187 3862 ut
3230 3816 3314 3864 est
3352 3809 3480 3863 illud
3515 3827 3529 3862 :
3579 3809 3644 3862 In

2057 3897 2222 3967 capite
2251 3896 2372 3950 libri
2399 3899 2647 3968 scriptum
2680 3909 2753 3952 cst
2777 3899 2840 3952 de
2862 3915 2942 3953 me
2969 3899 3139 3963 (Psal.
3171 3899 3356 3970 suis)
3393 3918 3406 3954 :
3437 3909 3493 3954 et
3519 3901 3644 3969 quia

2057 3984 2124 4039 1η
2150 3986 2406 4057 principio
2437 3988 2556 4056 fecit
2590 3987 2729 4040 Deus
2761 3987 2942 4042 caelum
2971 3997 3018 4042 et
3046 3998 3242 4042 terram
3275 3987 3426 4060 (Cen.
3458 3989 3499 4059 ι)
3527 4007 3542 4055 ;
3591 3999 3647 4043 et

2058 4077 2124 4130 In
2172 4079 2427 4148 principio
2476 4089 2586 4131 erat
2651 4076 2914 4144 Verbum,
2961 4091 3010 4132 et
3073 4076 3294 4134 Verbum
3345 4089 3464 4133 erat
3500 4081 3644 4148 apud

2055 4168 2255 4234 Deum,
2303 4179 2350 4222 et
2387 4168 2528 4222 Deus
2563 4179 2673 4222 erat
2720 4167 2941 4223 Verbum
2973 4169 3152 4240 (Joan.
3197 4167 3258 4240 ι).
3287 4168 3561 4223 Invenitur
3591 4179 3650 4223 et

2058 4259 2345 4329 aliquando
2375 4260 2590 4314 nomine
2630 4259 2822 4331 capitis
2861 4261 3125 4330 primatus
3152 4259 3438 4328 cujuslibet
3482 4261 3641 4316 ollicii

2059 4349 2346 4418 designari.
2375 4348 2526 4404 Unde
2552 4349 2806 4404 dicuntur
2831 4351 3058 4421 apostoli
3083 4361 3138 4407 et
3179 4351 3429 4408 doctores
3457 4351 3640 4408 Ecclec

2057 4438 2152 4492 size
2179 4441 2353 4509 capita
2389 4455 2510 4496 esse
2534 4441 2771 4512 gentium
2792 4483 2807 4507 ,
2839 4444 2963 4512 quia
2995 4444 3268 4514 principes
3300 4451 3354 4498 et
3396 4445 3640 4514 magistri

2057 4536 2187 4583 sunt
2207 4527 2442 4584 ﬁdelium
2462 4531 2802 4600 populorum.
2820 4531 2951 4586 Item
2983 4542 3144 4603 caput
3165 4533 3438 4589 inchoatio
3469 4535 3641 4589 lmno-

2056 4635 2180 4674 rum
2199 4635 2442 4690 operum,
2464 4623 2603 4677 sicut
2629 4623 2742 4694 ipsa
2763 4623 3012 4679 voluntas
3051 4625 3303 4690 hominis,
3334 4635 3391 4680 ut
3422 4625 3474 4678 in
3491 4625 3644 4679 Levi-

2060 4711 2201 4766 tico:
2234 4709 2399 4767 Ponet
2421 4729 2633 4767 manum
2651 4730 2806 4784 super
2827 4723 2980 4784 caput
3009 4715 3194 4769 hostire
3219 4731 3330 4769 sua:
3354 4713 3540 4787 (Levii.
3577 4716 3638 4782 l).

2061 4799 2322 4857 Similiter
2364 4810 2419 4856 et
2445 4801 2498 4854 in
2531 4803 2849 4870 quibusdam
2889 4802 3022 4858 locis
3066 4805 3230 4858 duces
3269 4812 3322 4858 et
3369 4804 3641 4872 principes

2063 4890 2368 4960 iniquorum
2394 4888 2586 4959 capitis
2629 4889 2844 4943 nomine
2875 4899 3182 4944 censentur.
3212 4889 3364 4945 Unde
3393 4891 3591 4946 dicitur
3623 4911 3636 4945 :

2063 4979 2399 5052 Multiplicati
2429 4991 2549 5034 sunt
2579 4997 2733 5051 super
2761 4977 2976 5051 capiilos
3015 4981 3200 5052 capitis
3229 4982 3360 5045 mei,
3391 4981 3480 5052 qui
3520 4984 3644 5035 ode-

2061 5081 2182 5124 runt
2234 5087 2316 5124 me
2356 5070 2522 5140 gratis
2565 5067 2735 5140 (Psal.
2781 5068 2993 5141 vam).
3045 5067 3113 5124 Ut
3154 5084 3283 5140 ergo
3331 5067 3644 5123 ostenderet

2059 5159 2180 5231 plus
2227 5175 2348 5214 esse
2389 5173 2676 5214 numerum
2722 5157 3049 5221 inﬁdelium,
3093 5172 3254 5226 quam
3289 5157 3636 5219 devotorum,

2062 5249 2222 5315 dicit,
2253 5248 2632 5320 multiplicatos
2663 5262 2784 5302 esse
2810 5246 3048 5316 perﬁdos
3085 5243 3300 5301 Judacos
3340 5257 3502 5314 super
3543 5259 3644 5298 nu-

2063 5359 2270 5398 merum
2296 5342 2642 5414 capillorum,
2681 5341 2734 5394 id
2759 5347 2862 5406 est,
2890 5347 3034 5394 recte
3063 5338 3416 5393 credentium.
3446 5334 3644 5391 Verte:

2063 5444 2146 5490 est
2173 5451 2236 5490 ea
2259 5449 2404 5505 pars,
2433 5449 2539 5504 qua
2569 5430 2746 5502 capilli
2780 5430 2974 5500 capitis
3000 5429 3342 5500 colliguntur,
3372 5435 3426 5482 et
3455 5427 3508 5481 iu
3535 5441 3644 5494 qua

2065 5527 2316 5582 caesaries
2333 5525 2580 5588 vertitur,
2609 5523 2751 5577 unde
2775 5529 2829 5576 et
2854 5533 3214 5590 nuncupatur.
3253 5520 3450 5576 Verte:
3497 5517 3646 5570 enim

2065 5620 2280 5690 quando
2307 5618 2360 5674 in
2389 5619 2586 5674 bonam
2612 5623 2822 5686 partem
2859 5615 3145 5686 accipitur,
3186 5612 3456 5684 signiﬁcat
3493 5626 3647 5667 suin-

2069 5713 2308 5770 mitatem
2326 5711 2548 5784 iustitia:
2565 5708 2646 5764 vel
2666 5705 3051 5779 perfectionem
3078 5708 3318 5765 omnium
3339 5707 3604 5763 virtutum
3631 5720 3646 5760 :
