4064 6206
356 354 464 411 HS

1356 343 1446 400 DE
1487 340 1833 400 UNIV’ERSO
1867 339 2047 396 LIBRI
2085 336 2248 395 XXll.
2288 368 2358 379 ——
2394 336 2521 390 LIB.
2563 335 2650 391 Vl.

3520 335 3625 392 Hﬁ

353 480 418 524 ut
444 478 528 524 est
570 466 702 522 illud
743 465 797 519 iu
830 463 1152 519 Salomone:
1185 459 1446 515 Coronam
1488 459 1624 513 enim
1649 458 1938 529 gratiarum
1970 459 2018 520 Α
2046 453 2314 509 Caesaries
2340 467 2370 506 a
2405 451 2660 506 ctedendo
2685 457 2876 505 vocata
2910 467 2922 503 :
2973 450 3199 520 ideoque
3234 458 3439 506 tantum
3483 453 3628 508 viro-

358 560 571 630 :trripiet
599 567 776 612 vertex
799 567 923 610 tuus
946 552 1128 626 (Prov.
1158 552 1253 622 tv).
1276 553 1408 606 item
1434 552 1486 604 in
1516 550 1713 604 malam
1736 559 1943 618 partem

350 651 577 722 ponitur
609 658 829 710 vertex,
872 644 1088 714 quando
1119 656 1387 698 summam
1417 640 1710 711 nequitiam
1742 636 1947 709 signiﬁ-

351 754 444 798 cat
477 760 491 795 :
526 749 585 795 ut
608 749 694 795 est
721 737 852 792 illud
874 734 1175 789 Psalmista:
1206 750 1218 785 :
1256 732 1626 786 Verumtamen
1652 729 1793 783 Deus
1823 744 1947 782 con-

348 830 623 903 quassabit
667 827 842 897 capita
872 825 1199 878 inimicorum
1230 838 1466 885 suorum,
1502 819 1741 875 verticem
1769 814 1950 886 capilli

348 919 830 995 perambulantium
850 918 905 970 in
926 915 1131 969 delictis
1151 916 1261 969 suis
1285 911 1401 985 (Ps.
1420 912 1610 982 va'n).
1630 910 1821 981 Capita
1844 909 1948 963 ini-

350 1014 622 1069 micorum
646 1016 771 1064 sunt
793 1005 1291 1062 auctoresJudaicm
1303 1004 1611 1069 seditionis;
1640 1003 1734 1057 sed
1762 1009 1817 1056 et
1838 1002 1947 1056 lia:-

350 1108 648 1163 reticorum
677 1106 793 1160 sine
808 1103 1142 1160 dubitatione
1163 1102 1428 1156 doctores.
1454 1099 1532 1153 illi
1552 1099 1699 1153 enim
1719 1098 1770 1151 in
1786 1111 1948 1152 carne

350 1200 632 1255 Christum
648 1196 916 1267 persecuti
940 1203 1086 1254 sunt,
1108 1192 1211 1263 ipsi
1232 1200 1411 1246 autem
1436 1188 1764 1245 crudeliores
1787 1188 1838 1242 in
1863 1189 1945 1259 ip-

351 1309 475 1348 sam
496 1293 659 1347 etiam
682 1290 974 1345 desaeviunt
996 1287 1284 1352 Dcitatem,
1301 1286 1343 1339 si
1361 1284 1464 1340 dici
1492 1283 1575 1339 fas
1599 1292 1702 1338 est.
1733 1280 1795 1336 Hi
1813 1281 1947 1336 tales

353 1385 456 1439 sibi
485 1382 877 1439 calumniarum
902 1379 1214 1434 inimicitias
1239 1385 1519 1448 qmeruut,
1545 1386 1604 1429 ut
1643 1375 1788 1444 ipsos
1817 1388 1950 1443 quo-

351 1490 463 1542 que
493 1474 807 1545 capillorum
852 1472 1084 1527 vertices
1126 1466 1504 1539 perambulare
1530 1483 1594 1521 ac
1616 1465 1947 1536 perscrutari

355 1583 518 1637 posse
540 1567 844 1620 videantur.
878 1562 1126 1619 Calvaria
1157 1562 1224 1617 ab
1251 1562 1463 1616 ossibus
1490 1559 1659 1615 calvis
1681 1559 1824 1613 dicta
1854 1571 1951 1627 per

355 1655 738 1721 deiectionem,
762 1663 817 1709 et
837 1654 1155 1708 neutraliter
1180 1652 1584 1723 pronuntiatur.
1604 1650 1660 1704 In
1684 1649 1947 1720 Golgotha

354 1751 579 1821 quippe,
606 1749 749 1819 quod
797 1748 1187 1816 interpretatur
1215 1745 1482 1807 Calvaria,
1523 1759 1589 1799 eo
1617 1743 1759 1813 quod
1792 1752 1947 1796 trun-

2050 562 2172 601 rum
2198 553 2308 610 est;
2342 544 2515 598 virum
2559 542 2704 597 enim
2735 550 2947 596 tonsum
2974 555 3093 597 esse
3126 542 3317 607 decet,
3346 542 3626 598 mulierem

2048 652 2154 692 non
2180 636 2355 691 decet.
2388 634 2594 688 Tamen
2626 633 2679 687 in
2704 632 3126 688 Deuteronomio
3148 632 3326 701 (Deut.
3355 634 3472 704 χιι)
3499 633 3631 703 legi-

2049 745 2169 783 mus
2193 727 2459 797 captivam
2499 725 2778 780 mulierem
2807 732 2933 778 ante
2963 732 3185 795 nuptum
3216 723 3406 779 radere
3420 723 3629 792 jussatn

2048 817 2344 881 caesariem,
2381 823 2436 869 et
2460 814 2850 870 circumcidere
2886 830 3113 885 ungues,
3140 821 3196 869 et
3235 814 3504 884 deponere
3530 831 3626 870 ve-

2048 916 2207 972 stem,
2225 906 2276 960 in
2300 922 2403 975 qua
2420 912 2577 976 capta
2593 914 2705 959 est:
2732 905 2872 974 quod
2889 904 3155 976 signiﬁcat
3176 906 3431 969 animam,
3456 921 3575 976 qua:
3597 923 3630 961 ιι

2048 998 2160 1054 Deo
2179 997 2402 1069 pulchre
2417 1006 2598 1055 creata
2615 1005 2717 1061 est,
2734 997 2778 1052 si
2802 997 2854 1051 in
2876 997 3060 1069 gentili
3083 999 3495 1053 conversatione
3506 1015 3628 1054 eam

2049 1088 2431 1150 invenerimus,
2464 1097 2519 1142 et
2538 1088 2746 1143 sociare
2792 1088 3119 1144 voluerimus
3155 1089 3371 1158 corpori
3403 1088 3624 1151 Christi.

2046 1190 2261 1253 oportet
2282 1191 2337 1237 ut
2351 1181 2594 1252 deposito
2616 1181 2932 1237 idololatria:
2951 1182 3095 1237 cultu
3121 1182 3374 1237 induatur
3394 1183 3630 1255 lugubri-

2047 1271 2149 1326 bus
2163 1271 2493 1341 pmnitentiae
2513 1270 3215 1343 indumentis,deploretque
3226 1281 3434 1343 patrem
3454 1283 3506 1329 et
3522 1290 3635 1330 ma-

2051 1375 2211 1427 trem,
2235 1366 2338 1419 hoc
2351 1373 2456 1429 est,
2472 1380 2684 1419 omnem
2703 1367 3019 1420 memoriam
3047 1369 3253 1432 mundi,
3269 1367 3489 1438 ejusque
3514 1384 3634 1424 car-

2050 1458 2203 1513 nales
2220 1458 2518 1513 illecebras.
2534 1456 2737 1513 Deinde
2755 1460 3013 1515 novacula
3035 1460 3181 1514 verbi
3198 1459 3290 1516 Dei
3311 1473 3366 1516 et
3386 1462 3630 1518 doctrina

2050 1563 2211 1603 omne
2238 1557 2521 1620 peccatum
2556 1549 2890 1605 inﬁdelitatis
2931 1551 3068 1621 ejus,
3099 1553 3242 1621 quod
3280 1562 3551 1608 mortuum
3580 1562 3634 1609 et

2052 1637 2212 1692 inane
2241 1646 2345 1704 est,
2376 1639 2668 1694 abradatur
2713 1639 2838 1711 (hoc
2869 1641 3011 1695 enim
3058 1650 3183 1697 sunt
3208 1643 3387 1713 capilli
3419 1644 3630 1713 capitis,

2052 1738 2108 1785 et
2137 1730 2348 1802 ungula:
2377 1730 2841 1804 mulieris),atque
2888 1734 3105 1788 demum
3155 1736 3378 1789 salutari
3416 1735 3634 1790 lavacro

355 1843 628 1897 cabantur
655 1856 722 1896 eo
748 1840 924 1909 capita
970 1839 1371 1901 damnatorum,
1398 1836 1691 1891 crucifixus
1716 1844 1799 1890 est
1840 1835 1947 1889 Do-

2059 1821 2308 1875 mnndata
2333 1830 2390 1876 et
2418 1822 2698 1891 puriﬁcata
2726 1822 3085 1893 coniungatur
3109 1825 3312 1900 sanctis
3351 1825 3478 1892 Dei;
3530 1825 3635 1880 sci—

352 1933 560 1996 miuus,
597 1939 656 1986 ut
686 1932 774 1985 ubi
806 1932 956 2001 prius
991 1937 1109 1986 erat
1133 1944 1260 1984 area
1290 1929 1687 1991 damnatorum,
1722 1927 1795 1981 ibi
1837 1927 1947 1981 eri-

352 2032 616 2096 gerentur
655 2022 849 2077 vexilla
904 2021 1146 2092 martyrii
1194 2039 1207 2075 :
1256 2028 1311 2073 et
1340 2019 1612 2090 quomodo
1654 2033 1753 2089 pro
1794 2017 1949 2072 nobis

354 2113 706 2169 maledictum
730 2112 908 2167 crucis
935 2111 1109 2166 factus
1129 2119 1234 2173 est,
1264 2119 1319 2164 et
1342 2109 1662 2180 ﬁagellatus,
1690 2117 1745 2162 et
1768 2107 1948 2163 cruci-

356 2202 520 2268 ﬁxus,
572 2203 650 2257 sic
688 2218 786 2272 pro
835 2202 1079 2256 οιιιιιίιιιιι
1145 2199 1319 2255 salute
1365 2198 1523 2268 quasi
1571 2197 1763 2252 noxius
1809 2196 1951 2250 inter

356 2294 555 2348 noxios
597 2292 949 2364 cruciﬁgitur.
980 2291 1169 2362 Capilli
1199 2290 1399 2352 vocati,
1430 2288 1586 2359 quasi
1611 2288 1804 2358 capitis
1833 2286 1948 2357 pili,

356 2383 512 2450 facti,
539 2390 603 2437 ut
622 2390 679 2437 et
712 2382 960 2437 decorem
986 2388 1272 2451 praestent,
1299 2388 1354 2435 et
1381 2380 1663 2434 cerebrum
1694 2378 1952 2431 adversus

357 2472 533 2545 frigus
585 2473 831 2528 muniant
874 2482 1036 2541 atque
1067 2488 1098 2526 a
1130 2472 1244 2527 sole
1287 2470 1596 2526 defendant.
1638 2470 1696 2524 in
1745 2468 1953 2538 capillis

356 2580 491 2619 vero
534 2571 762 2619 ornatus
821 2564 1066 2634 justitiae,
1092 2571 1146 2619 et
1194 2563 1359 2618 decor
1410 2563 1669 2616 virtutum
1716 2560 1771 2614 in
1808 2558 1952 2614 ﬁdeli

356 2655 541 2709 anima
566 2656 988 2710 demonstratur.
1005 2654 1100 2709 Cui
1129 2669 1229 2725 pro
1250 2653 1408 2708 bonis
1430 2653 1637 2709 meritis
1660 2661 1715 2706 et
1735 2651 1951 2722 sapien-

361 2745 451 2800 tia:
479 2745 726 2801 doctrina
757 2745 1034 2814 multiplex
1065 2760 1275 2800 merces
1305 2745 1356 2799 in
1386 2753 1586 2799 :ctcrna
1622 2743 1955 2799 beatitudine

364 2845 697 2891 reservatur.
722 2836 872 2891 Unde
903 2837 1015 2905 ipse
1038 2837 1091 2890 in
1118 2836 1408 2907 Evangelio
1428 2836 1502 2889 ait
1528 2854 1540 2888 :
1580 2834 1749 2889 Vestri
1780 2843 1954 2888 autem

365 2936 415 2979 et
439 2924 617 2994 capilli
644 2925 829 2994 capitis
847 2941 1023 2980 omnes
1049 2927 1307 2980 numerati
1330 2935 1451 2980 sunt
1477 2925 1689 2996 (Matth.
1716 2925 1792 2997 Χ).
1822 2925 1954 2982 Item

362 3014 546 3083 capilli
600 3015 829 3070 virtutes
883 3015 1078 3069 animae
1124 3016 1408 3087 designant
1458 3035 1470 3069 :
1521 3016 1664 3071 sicut
1710 3018 1763 3071 in
1818 3017 1956 3072 libro

362 3107 614 3164 Iudicum
643 3108 711 3163 de
759 3107 987 3164 Samson
1033 3108 1227 3179 legitur
1255 3108 1406 3179 (Jud.
1447 3108 1583 3180 xvi),
1616 3109 1706 3178 qui
1736 3108 1958 3178 capillos

2050 1911 2177 1966 licet
2198 1926 2319 1965 cum
2350 1909 2462 1979 jam
2493 1912 2627 1966 nihil
2657 1912 2710 1966 in
2737 1914 2916 1983 capite
2943 1923 3244 1980 mortuum,
3269 1915 3404 1970 nihil
3431 1917 3483 1970 in
3514 1930 3630 1968 ma-

2048 2001 2208 2056 nibus
2230 2015 2296 2055 ex
2323 2001 2448 2066 illis,
2478 2016 2598 2071 quae
2624 2018 2722 2072 per
2744 2003 3118 2059 inﬁdelitatem
3143 2005 3336 2060 mortis
3355 2005 3628 2068 dicuntur,

2050 2090 2298 2145 habuerit
2328 2107 2341 2142 :
2372 2097 2430 2143 ut
2453 2104 2628 2159 neque
2653 2091 2923 2155 sensibus,
2956 2107 3131 2162 neque
3157 2094 3370 2149 actibus
3399 2095 3634 2149 immun-

2051 2182 2176 2237 dum
2212 2181 2416 2248 aliquid
2443 2190 2538 2235 aut
2559 2190 2829 2236 mortuum
2853 2194 3024 2255 gerat.
3060 2184 3240 2239 Coma:
3263 2195 3390 2240 sunt
3416 2188 3634 2257 proprie

2050 2288 2156 2327 non
2174 2273 2296 2326 αἓεί
2312 2272 2514 2342 capilli,
2527 2280 2676 2328 etest
2689 2272 2909 2329 Cnemis
2919 2289 3117 2330 sermo.
3136 2275 3270 2329 Nam
3287 2292 3472 2332 comas
3486 2277 3636 2332 Grae-

2051 2363 2102 2417 ci
2142 2363 2348 2418 caimos
2373 2378 2404 2417 a
2438 2364 2674 2418 secando
2701 2366 3005 2420 nominant.
3024 2366 3177 2422 Unde
3199 2379 3256 2423 et
3274 2367 3478 2424 keirein
3511 2378 3633 2425 ton-

2052 2456 2166 2511 deri
2197 2456 2397 2510 dicunt.
2414 2455 2542 2511 Inde
2564 2465 2619 2511 et
2640 2457 2770 2512 cirri
2788 2466 3072 2525 vocantur,
3090 2461 3233 2529 quod
3263 2462 3424 2516 etiam
3459 2462 3634 2519 ϐπερὶ

2052 2547 2247 2603 mallon
2266 2555 2479 2603 vocant.
2495 2549 2675 2606 Coma:
2688 2566 2817 2607 vero
2833 2553 3025 2622 capitis
3037 2554 3260 2624 mystice
3273 2562 3500 2610 caterva:
3510 2565 3640 2611 sunt

2053 2649 2364 2696 sanctorum
2389 2682 2403 2705 ,
2433 2642 2524 2712 qui
2555 2642 2772 2700 Christo
2798 2646 2962 2715 capiti
2991 2645 3133 2701 ﬁdeli
3168 2647 3428 2703 famulatu
3458 2650 3638 2704 adhae-

2054 2740 2194 2787 rent.
2227 2732 2379 2787 Unzle
2401 2734 2454 2788 in
2482 2733 2707 2789 Cantico
2735 2738 3069 2793 canticorum
3093 2739 3301 2808 Sponsa
3334 2742 3398 2795 de
3426 2741 3639 2812 Sponso

2054 2825 2184 2880 dicit
2208 2842 2222 2878 :
2264 2824 2441 2880 Coma?
2467 2826 2582 2897 ejus
2608 2828 2742 2882 sicut
2772 2834 2925 2883 elata:
2955 2830 3272 2900 palmarum,
3298 2834 3461 2904 nigra:
3480 2837 3636 2905 quasi

2054 2934 2237 2972 corvus
2270 2917 2446 2989 (Cant.
2471 2920 2548 2990 v).
2579 2918 2672 2973 Har.
2691 2935 2821 2991 ergo
2841 2936 3034 2989 conus,
3062 2906 3215 2978 elata?
3233 2925 3426 2995 palmw
3453 2927 3639 2980 dicun-

2057 3008 2771 3078 turproptercaputDomini
2793 3029 2806 3065 :
2832 3012 2995 3082 nigrm
3006 3024 3227 3084 propter
3239 3000 3638 3087 despcctionem

2056 3098 2197 3166 apud
2226 3097 2472 3152 homines
2496 3116 2509 3151 :
2538 3098 2691 3154 elata:
2726 3101 2795 3156 ob
2843 3102 3123 3158 victoriam
3149 3121 3163 3158 :
3192 3105 3354 3178 nigrae
3382 3109 3454 3163 ob
3491 3125 3641 3178 pres-

364 3209 652 3271 postquam
691 3200 956 3271 perdidit,
985 3200 1168 3254 statim
1201 3200 1269 3254 ab
1297 3196 1530 3253 inimicis
1555 3210 1745 3269 captus
1775 3199 1953 3253 lumen
1984 3194 2027 3254 C
2059 3205 2234 3245 SUPaS-
2279 3189 2468 3246 Crines
2510 3192 2728 3261 ιποιιτὶθ
2765 3193 3050 3250 mulierum
3096 3208 3258 3263 sunt;
3296 3200 3424 3254 dicti
3461 3210 3642 3256 autem

366 3290 610 3345 scientia:
634 3290 838 3345 amisit.
885 3289 1118 3345 Possunt
1146 3297 1201 3344 et
1235 3290 1287 3344 in
1320 3288 1526 3359 capillis
1551 3289 1735 3345 ﬁdeles
1772 3291 1954 3361 populi

362 3382 564 3452 accipi,
585 3382 678 3452 qui
695 3382 992 3436 maximum
1017 3382 1180 3437 decus
1201 3397 1296 3436 sua
1315 3382 1702 3437 numerositate
1714 3381 1958 3451 przebent

365 3473 647 3530 Ecclesia.
679 3473 833 3530 Unde
871 3475 924 3529 in
964 3474 1189 3529 Cantico
1228 3469 1559 3529 canticorum
1612 3473 1851 3545 Sponsus
1890 3477 1958 3531 ad

367 3578 624 3633 Sponsam
652 3564 785 3618 dicit
810 3581 823 3617 :
850 3563 1041 3634 Capilli
1064 3564 1141 3618 tui
1163 3566 1295 3618 sicut
1319 3581 1494 3635 greges
1519 3581 1819 3635 caprarum,
1841 3582 1958 3636 qua:

369 3654 721 3708 ascenderunt
748 3655 811 3709 de
832 3664 1008 3708 monte
1027 3652 1234 3708 Calaad
1262 3652 1437 3725 (Cant.
1462 3653 1560 3727 vi).
1588 3652 1790 3709 Galaad
1813 3654 1958 3708 enim

367 3763 583 3800 acervus
605 3746 890 3800 testimonii
931 3746 1318 3816 interpretatur
1344 3764 1355 3799 :
1387 3746 1530 3815 quod
1552 3745 1690 3801 bene
1709 3746 1962 3801 convenit

372 3836 626 3891 adunata:
656 3835 985 3890 multitudini
1011 3843 1341 3891 Sanctorum.
1375 3837 1510 3892 item
1540 3837 1719 3906 capilli
1751 3838 1804 3891 in
1827 3853 1959 3892 con-

372 3925 598 3980 trariam
635 3933 843 3996 partem
888 3926 1051 3995 positi
1096 3927 1437 3996 reperiuntur
1478 3926 1534 3982 in
1585 3927 1829 3992 Psalmo;
1868 3928 1960 3983 ubi

367 4016 503 4069 vitia
554 4017 908 4086 designantur
956 4033 968 4069 :
1013 4015 1521 4086 Multiplicatwsunt,
1571 4017 1774 4087 inquit,
1806 4034 1962 4087 super

369 4105 593 4175 capillos
625 4106 814 4175 capitis
843 4106 965 4170 mei,
992 4114 1042 4159 et
1069 4122 1158 4159 cor
1185 4122 1357 4160 meum
1380 4105 1655 4177 dereliquit
1685 4124 1765 4161 me
1787 4106 1957 4179 (Psal.

369 4200 586 4269 xxxix).
618 4198 731 4254 Nec
761 4198 959 4253 frustra
987 4198 1041 4252 in
1082 4198 1486 4268 comparatione
1528 4199 1845 4254 delictorum
1873 4214 1963 4254 ca-

370 4291 487 4361 pilli
532 4299 810 4359 ponuntur
859 4309 872 4343 :
925 4290 1052 4359 quia
1102 4289 1311 4344 Domini
1366 4298 1639 4359 prmcepto
1689 4290 1744 4344 in
1780 4288 1964 4345 Veteri

369 4381 727 4436 Testamento
747 4383 1056 4437 sacerdotes
1087 4381 1201 4451 ipsa
1230 4381 1586 4436 similitudine
1611 4382 1961 4436 radebantur.

366 4469 472 4524 Pili
506 4481 691 4525 autem
736 4471 861 4526 dicti
892 4479 1017 4525 sunt
1045 4486 1075 4525 a
1111 4471 1266 4541 pelle,
1297 4487 1403 4541 qua
1431 4473 1715 4541 prodeunt,
1740 4472 1879 4528 sicut
1911 4480 1967 4527 et
1996 4474 2003 4481 ’

367 4565 484 4635 pilo
506 4564 707 4619 dicitur
732 4580 763 4618 a
789 4564 914 4634 pila,
959 4564 1049 4618 ubi
1078 4564 1347 4634 pigmenta
1391 4564 1714 4620 conduntur.
1748 4563 1966 4636 Signiﬁ-
1990 4543 2043 4601 D

370 4664 501 4711 cant
527 4656 625 4726 pili
671 4655 855 4711 carnis
902 4657 1255 4725 cogitationes
1289 4655 1564 4720 carnales,
1610 4671 1746 4725 quas
1775 4657 1965 4712 radere

372 4761 477 4801 nos
507 4760 538 4799 a
557 4745 814 4800 cordibus
839 4746 1039 4800 nostris
1059 4746 1339 4816 Scriptura
1370 4755 1555 4802 sancta
1578 4755 1781 4802 monet.
1815 4746 1966 4803 Unde

373 4838 506 4891 etin
531 4836 671 4891 libro
696 4835 1051 4891 Numerorum
1069 4837 1329 4907 jubentur
1350 4837 1550 4892 Levitae
1570 4837 1759 4892 radere
1777 4854 1965 4892 omnes

373 4928 514 5000 pilos
545 4928 727 4982 carnis
758 4943 889 4981 sum.
922 4926 1022 4981 Pili
1048 4927 1229 4981 carnis
1259 4936 1383 4982 sunt
1416 4927 1666 4997 quaﬂibet
1693 4927 1963 4996 superﬂua

373 5019 631 5074 humana:
678 5019 1061 5088 corruptionis.
1099 5018 1197 5073 Pili
1237 5020 1419 5073 carnis
1463 5028 1590 5073 sunt
1613 5020 1739 5075 vitae
1765 5021 1965 5075 veteris

376 5110 779 5180 cogitationes,
835 5123 971 5178 quas
1025 5110 1105 5164 sic
1152 5125 1182 5162 a
1240 5118 1419 5164 mente
1449 5109 1767 5176 incidimus,
1797 5120 1856 5164 ut
1902 5111 1969 5166 de

376 5203 675 5257 amissio.;e
715 5216 902 5255 earum
952 5199 1098 5254 nullo
1144 5199 1327 5255 dolore
1359 5200 1731 5271 defatigenmr.
1780 5201 1968 5257 Levita

375 5307 638 5361 namque,
687 5302 1015 5361 assumptus,
1050 5298 1295 5345 vocatur.
1349 5289 1571 5360 Oportet
1596 5305 1725 5361 ergo
1753 5289 1971 5347 chitas

376 5397 571 5437 oames
598 5382 742 5452 pilos
766 5383 947 5438 carnis
970 5383 1159 5438 radere
1196 5398 1211 5437 :
1237 5382 1360 5453 quia
1389 5384 1460 5447 is,
1492 5384 1582 5454 qui
1613 5384 1666 5438 in
1695 5384 1968 5456 obsequiis

379 5473 581 5527 divinis
609 5473 924 5537 assumitur,
965 5472 1126 5528 debet
1154 5481 1281 5527 ante
1324 5473 1417 5528 Dei
1459 5473 1644 5530 oculos
1678 5491 1706 5527 a
1758 5476 1969 5530 cunctis

376 5567 566 5621 carnis
594 5566 1015 5636 cogitationibus
1052 5566 1282 5620 mundus
1324 5581 1616 5635 apparere,
1659 5582 1726 5620 ne
1758 5567 1969 5622 illicitas

382 5672 539 5711 mens
562 5658 921 5726 cogitat'ones
946 5657 1185 5725 proferat
1223 5666 1278 5712 et
1304 5657 1585 5726 pulchram
1613 5658 1806 5713 animm
1850 5674 1970 5728 spc-

381 5749 547 5815 cicm,
577 5752 732 5822 quasi
777 5752 901 5821 pilis
929 5750 1404 5817 l'ructiﬁcantibus,
1434 5750 1725 5808 deformem
1757 5753 1963 5808 reddat.

2058 3280 2237 3336 crines
2270 3296 2357 3346 eo,
2378 3282 2521 3351 quod
2550 3282 2698 3338 vittis
2726 3284 3125 3341 discernantur.
3166 3288 3316 3344 Unde
3365 3299 3420 3345 et
3452 3290 3645 3346 discri-

2061 3376 2280 3430 minalia
2308 3378 2580 3445 dicuntur,
2615 3395 2643 3432 a
2668 3379 2864 3448 quibus
2884 3379 3039 3436 divisi
3070 3382 3384 3453 religantur.
3418 3383 3644 3453 Mystiee

2060 3475 2240 3522 autem
2269 3469 2445 3523 crines
2488 3469 2794 3539 signiﬁcant
2822 3471 2963 3527 facta
2996 3474 3255 3528 virtutum
3276 3517 3292 3541 ,
3321 3490 3455 3545 quas
3482 3477 3646 3531 homo

2061 3557 2215 3612 habet
2248 3573 2315 3613 ex
2338 3558 2480 3615 dono
2504 3560 2737 3630 Spiritus
2757 3563 2950 3617 sancti.
2974 3564 3123 3620 Unde
3146 3566 3199 3619 in
3228 3565 3366 3621 libro
3390 3565 3639 3622 Judicum

2063 3647 2276 3717 legitur,
2303 3649 2442 3727 quod
2467 3649 2695 3706 Samson
2735 3655 2969 3723 qnandiu
3012 3666 3216 3728 septem
3254 3659 3433 3714 crines
3452 3661 3646 3730 capitis

2060 3740 2301 3811 integros
2349 3743 2561 3809 habuit,
2612 3745 2844 3801 invictus
2892 3748 3023 3816 fuit;
3067 3759 3351 3820 postquam
3384 3768 3512 3807 vero
3550 3768 3648 3823 per

2063 3829 2307 3887 fraudem
2330 3834 2573 3889 mulieris
2601 3843 2787 3892 tonsus
2811 3847 2915 3905 est,
2939 3842 3166 3896 recessit
3189 3843 3258 3897 ab
3278 3859 3342 3898 eo
3366 3844 3643 3911 fortitudo;

2063 3922 2188 3990 quia
2232 3924 2478 3994 quisquis
2522 3940 2619 3995 per
2651 3928 2882 3997 gratiam
2929 3928 3164 4000 Spiritus
3194 3934 3369 3988 sancti
3418 3935 3648 3991 virtutes

2064 4012 2334 4080 spiritales
2383 4024 2606 4081 servat,
2659 4016 2856 4074 illazsus
2899 4030 3101 4075 manet.
3154 4023 3209 4077 Si
3238 4024 3382 4078 enim
3430 4036 3650 4096 propter

2064 4112 2346 4172 peccatum
2366 4138 2373 4151 ι
2397 4114 2692 4161 evacuatus
2718 4106 2882 4163 fuerit
2921 4110 3092 4180 gratia
3120 4112 3369 4182 spiritali,
3402 4115 3649 4171 inﬁrmus

2066 4194 2245 4251 factus
2276 4206 2423 4266 patet
2452 4198 2793 4254 inimicorum
2836 4200 3092 4272 captioni.
3126 4203 3358 4260 Possunt
3383 4216 3438 4261 et
3470 4209 3650 4264 crines

2066 4285 2529 4357 eleemosynarum
2585 4287 2890 4359 largitatem
2946 4292 3270 4361 signiﬁcare.
3330 4295 3467 4351 Hinc
3519 4306 3645 4363 est,

2067 4383 2209 4452 quod
2241 4383 2292 4436 in
2320 4383 2610 4452 Evangelio
2644 4384 2793 4456 (Luc.
2839 4386 2935 4459 vn)
2967 4388 3158 4444 mulier
3188 4390 3297 4456 illa,
3324 4408 3444 4462 qum
3485 4394 3652 4463 pedes

2066 4471 2192 4526 Jesu
2223 4470 2478 4541 lacrymis
2525 4472 2675 4538 lavit,
2726 4474 2970 4531 crinibus
2997 4480 3241 4545 extersit,
3282 4490 3335 4535 et
3377 4494 3651 4553 unguento

2072 4563 2227 4617 unxit
2257 4580 2270 4616 :
2302 4572 2363 4617 ut
2404 4564 2695 4619 instrueret
2725 4581 2825 4620 nos
2860 4568 3099 4624 minimis
3140 4572 3398 4627 membris
3447 4574 3651 4630 Christi

2073 4651 2309 4722 compati
2333 4652 2549 4719 debere,
2576 4661 2630 4708 et
2656 4654 2924 4726 superﬂua
2953 4660 3281 4729 pauperibus
3310 4680 3561 4736 erogare,
3596 4675 3653 4720 et

2072 4744 2239 4798 odore
2261 4744 2522 4799 bonarum
2552 4745 2809 4800 virtutum
2838 4747 2943 4803 illis
2981 4749 3123 4805 ferre
3149 4769 3325 4822 opem.
3355 4755 3428 4808 De
3457 4759 3652 4825 quibus

2074 4834 2187 4903 ipse
2210 4832 2470 4889 Dominus
2491 4836 2544 4891 in
2577 4835 2686 4891 ﬁne
2717 4838 2960 4894 dicturus
2983 4842 3088 4895 erit
3114 4861 3125 4895 :
3163 4843 3317 4909 Quod
3347 4847 3439 4900 uni
3467 4865 3531 4903 ea:
3567 4850 3651 4904 Itis

2073 4926 2301 4980 minimis
2345 4927 2597 4994 fratribus
2620 4931 2746 4984 meis
2785 4931 3001 5000 fecistis,
3028 4935 3154 4987 mihi
3192 4937 3387 5005 fecistis
3427 4939 3643 5008 (Matth.

2078 5017 2226 5087 xxv).
2250 5018 2550 5088 Aliquando
2566 5020 2728 5075 etiam
2751 5022 2804 5075 in
2827 5023 3067 5078 crinibus
3079 5028 3455 5095 exprimuntur
3475 5041 3649 5087 cater-

2076 5124 2154 5161 va:
2176 5109 2432 5174 ﬁdelium,
2451 5119 2508 5164 ut
2538 5119 2622 5165 est
2655 5112 2784 5167 illud
2806 5114 2857 5167 in
2882 5112 3106 5169 Cantica
3132 5119 3651 5193 canticorum,quod

2078 5202 2317 5273 Sponsus
2365 5205 2432 5258 ad
2476 5219 2727 5273 sponsam
2773 5207 2948 5261 dicit:
3002 5207 3301 5264 Vulnerasti
3341 5230 3431 5267 cor
3457 5233 3650 5285 meum,

2074 5310 2224 5347 soror
2248 5310 2363 5347 mea
2387 5311 2597 5363 sponsa,
2628 5295 2908 5350 vulnerasti
2936 5315 3025 5351 cor
3052 5315 3222 5354 meum
3244 5304 3298 5357 in
3327 5321 3430 5358 uno
3468 5308 3651 5363 oculo-

2077 5400 2193 5438 rum
2221 5393 2453 5450 tuorum,
2498 5394 2546 5439 et
2576 5387 2629 5440 in
2658 5403 2761 5441 uno
2790 5388 2931 5442 crine
2953 5389 3074 5444 colli
3105 5392 3183 5443 tui
3223 5391 3401 5464 (Cant.
3439 5397 3534 5468 Iv).
3592 5399 3651 5455 In

2077 5475 2446 5531 vulneratione
2470 5478 2648 5532 cordis
2672 5480 2982 5549 magnitudo
3009 5484 3211 5539 amoris
3239 5484 3438 5542 Christi
3470 5491 3522 5545 in
3551 5492 3653 5548 Ec-

2077 5568 2296 5623 clesiam
2328 5569 2661 5639 intelligitur,
2697 5571 2787 5639 qui
2820 5570 2877 5625 ﬁt
2907 5574 2957 5624 in
2987 5573 3192 5630 unitate
3227 5588 3412 5632 sancta
3439 5593 3653 5638 sancto-

2078 5675 2220 5723 rum,
2276 5657 2326 5712 id
2350 5668 2456 5723 est,
2503 5658 2816 5723 oculorum,
2859 5662 2995 5715 etin
3042 5665 3246 5721 unitate
3272 5669 3358 5737 pia
3402 5670 3655 5737 subiecta:

2076 5754 2268 5822 plebis,
2300 5754 2351 5808 id
2379 5762 2481 5817 est,
2509 5754 2758 5807 cr'nium.
2787 5754 3047 5825 Tempora
3086 5771 3228 5826 sunt,
3259 5780 3377 5833 quae
3405 5765 3653 5824 calvaria;
