4064 6206
396 336 498 390 H7

1032 331 1092 386 Β.
1133 329 1384 384 ΒΑΒΑΝῘ
1420 328 1637 386 MAURI
1676 327 1993 383 ARCHlEP.
2036 326 2345 383 MOGUNT.
2386 324 2671 381 OPERUM
2710 322 2889 379 PARS
2929 324 2992 378 ll.

3534 325 3639 382 NR

392 378 583 479 destra
604 378 848 492 laevaque
885 378 1516 492 subja-een-lnz—t—[u-a-zwideo—
1980 378 2266 481 ⁷,(Ἲᾶιῖιῶ
2293 378 2523 487 unquam
2554 378 2719 467 Deum
2749 412 3053 483 spiritaliter
3074 414 3223 479 vidit,
3245 423 3292 468 et
3314 430 3508 469 munoo

394 524 502 578 tur,
529 515 656 584 quia
708 520 1010 576 moventur,
1042 513 1264 582 ipsaque
1290 510 1618 575 mobilitate,
1647 508 1801 579 quasi
1831 518 1964 563 tem-

392 620 526 673 pora
551 644 567 667 ,
606 602 924 674 quibusdam
972 601 1265 655 intervallis
1305 608 1603 655 mutantur.
1647 597 1966 668 Signiﬁcant

395 704 575 749 autem
626 694 840 763 vigilias
880 692 1160 761 corporis,
1197 706 1333 760 quas
1357 690 1519 744 homo
1561 688 1720 745 debet
1766 687 1966 742 habere

397 792 763 855 temporanter
788 784 841 837 in
882 792 1024 839 statu
1054 782 1335 852 pmsentis
1375 780 1654 850 temporis,
1682 779 1853 835 donec
1875 793 1968 833 ve-

395 878 510 932 niat
559 891 779 932 somnus
834 875 1043 930 mortis.
1097 873 1232 928 Hinc
1279 873 1550 942 Propheta
1608 888 1671 927 ex
1736 884 1965 941 persona

394 965 593 1021 Christi
640 965 694 1019 in
737 962 999 1019 Psalterio
1027 962 1101 1018 ait
1148 977 1164 1016 :
1196 960 1259 1017 Si
1298 961 1488 1015 dedero
1524 975 1765 1015 somnum
1802 956 1967 1012 oculis

394 1057 520 1110 meis
544 1096 560 1121 ,
611 1063 702 1108 aut
756 1052 1014 1124 palpebris
1063 1052 1192 1106 meis
1230 1050 1651 1105 dormitationem
1679 1089 1694 1113 ,
1747 1057 1838 1102 aut
1888 1062 1969 1100 re-

392 1147 564 1219 quiem
631 1145 945 1216 temporibus
1000 1144 1131 1198 meis
1155 1184 1172 1208 ,
1238 1143 1402 1198 donec
1461 1142 1721 1197 inveniam
1795 1140 1968 1195 locum

398 1235 641 1301 Domino,
667 1232 1062 1289 tabernaculum
1116 1232 1227 1287 Deo
1284 1231 1452 1293 Iacob
1509 1229 1700 1303 (Psal.
1744 1229 1966 1298 cum).

392 1327 520 1382 llzec
549 1326 730 1383 omnia
771 1324 1162 1380 rationabiliter
1186 1323 1506 1379 humanitati
1530 1323 1731 1380 Christi
1777 1338 1970 1380 conte

393 1417 514 1472 nire
563 1423 879 1471 noscuntur.
910 1413 1147 1468 Somnus
1193 1412 1295 1467 iste
1341 1411 1718 1483 intelligendus
1757 1419 1841 1468 est
1885 1426 1970 1467 re-

392 1504 548 1574 quies
569 1503 777 1558 mortis.
801 1502 1187 1571 Palpebrarum
1210 1516 1425 1572 quoque
1447 1510 1502 1556 et
1523 1510 1825 1572 temporum
1850 1515 1941 1555 mo
1962 1532 1973 1544 -

395 1604 482 1650 tus
506 1592 837 1665 vigilantiam
865 1591 980 1661 ejus
1004 1599 1130 1646 ante
1150 1599 1377 1646 mortem
1402 1590 1773 1647 demonstrant
1796 1607 1812 1646 :
1835 1607 1972 1662 quo-

393 1685 541 1740 niam
594 1699 781 1740 revera
833 1692 1072 1753 tempora
1123 1682 1318 1753 capitis
1358 1682 1527 1738 nostri
1575 1684 1816 1754 requiem
1874 1684 1971 1738 ha-

2064 507 2253 562 naliter
2280 509 2422 562 vivit.
2458 507 2648 563 Vultus
2689 507 2831 562 enim
2879 506 3164 577 aliquando
3193 522 3293 577 pro
3347 508 3642 576 intellectu,

2064 598 2353 670 aliquando
2376 614 2475 669 pro
2512 599 2785 654 voluntate
2810 608 2864 653 et
2889 597 3081 654 aﬁ‘ectu
3126 598 3332 670 positus
3374 608 3478 656 est.
3508 601 3646 658 Nam

2064 689 2207 758 quod
2227 688 2281 743 in
2307 688 2510 758 psalmo
2530 687 2796 757 PrOpheta
2823 687 2959 742 dixit
2982 707 2995 741 :
3021 687 3297 759 Projectus
3316 707 3431 744 sum
3451 708 3484 744 a
3503 692 3647 747 vultu

2063 778 2334 832 oculorum
2360 790 2568 833 tuorum
2619 776 2791 849 (Psal.
2819 779 2974 850 xxx),
3038 778 3188 834 Patri
3237 780 3372 835 dicit
3408 780 3576 837 Filius
3614 797 3647 837 a

2067 866 2168 939 [in]
2183 866 2353 923 forma
2368 868 2532 922 servi.
2550 866 2797 938 Speravi,
2812 868 2938 938 quia
2953 882 3040 922 me
3059 869 3235 940 gratia
3252 878 3339 924 tua
3366 887 3474 927 non
3494 869 3647 928 dese-

2066 966 2231 1023 reret,
2262 974 2385 1014 cum
2429 957 2696 1028 passionis
2722 958 2941 1013 tristitia
2991 958 3326 1029 praevaleret.
3355 960 3411 1015 ln
3446 975 3652 1032 pavore

2067 1049 2254 1119 utique
2297 1048 2491 1104 mortis
2534 1065 2566 1103 a
2618 1048 2765 1103 vultu
2796 1048 3075 1104 oculorum
3132 1059 3347 1105 tuorum
3374 1052 3653 1123 projectus

2067 1154 2207 1203 sum,
2236 1138 2289 1193 id
2313 1146 2415 1204 est,
2440 1138 2494 1192 in
2535 1145 2829 1207 conspectu
2869 1137 3252 1194 misericordia:
3278 1148 3401 1194 tuae.
3439 1140 3507 1195 Et
3532 1141 3653 1211 pul-

2069 1230 2199 1284 chre
2235 1228 2440 1284 vultum
2487 1229 2633 1286 dedit
2677 1228 2867 1294 oculis,
2898 1229 3023 1299 quia
3071 1229 3173 1300 ipsi
3216 1246 3378 1301 quam
3417 1232 3652 1286 maxime

2069 1319 2375 1390 signiﬁcant
2397 1318 2697 1375 voluntates
2718 1318 3042 1373 animorum.
3072 1317 3263 1373 Vultus
3283 1318 3429 1373 enim
3452 1319 3655 1375 dicitur

2068 1411 2137 1466 ab
2160 1424 2246 1476 eo,
2270 1410 2413 1481 quod
2455 1409 2637 1465 cordis
2677 1408 2813 1464 velle
2839 1425 2937 1479 per
2964 1423 3058 1464 sua
3102 1408 3254 1480 signa
3281 1409 3648 1465 demonstret:

2070 1501 2211 1557 sicut
2232 1500 2371 1555 oculi
2386 1500 2706 1566 divinitatis,
2726 1515 2849 1555 cum
2876 1499 3190 1570 respiciunt,
3218 1515 3371 1556 suam
3394 1501 3650 1570 gratiam,

2070 1591 2413 1663 pollicentur.
2458 1590 2596 1646 lllud
2641 1598 2842 1654 autem,
2875 1588 3017 1660 quod
3047 1590 3284 1646 dicitur:
3324 1588 3512 1645 Vultus
3541 1591 3649 1646 Do—

2070 1682 2199 1735 mini
2225 1698 2381 1752 super
2423 1681 2672 1750 facientes
2713 1678 2853 1733 mala
2903 1677 3075 1751 (Psal.
3102 1681 3317 1752 χιιιιιι),
3341 1682 3653 1752 pronuntiat

394 1773 521 1830 bere
558 1789 664 1829 non
717 1782 960 1844 possunt,
1017 1774 1230 1843 quando
1285 1774 1425 1829 oculi
1488 1775 1693 1830 crebris
1744 1776 1979 1832 motibus
2005 1763 2052 1823 Β
2081 1773 2283 1827 vultum
2315 1772 2547 1837 Domini,
2571 1771 2746 1838 idest,
2773 1771 3104 1829 intellectum
3126 1789 3247 1830 esse
3269 1791 3431 1845 supra
3459 1776 3647 1843 malos,

393 1866 580 1938 agitati
621 1865 845 1936 vigilare
891 1872 1207 1920 noscuntur.
1257 1863 1414 1920 Prius
1442 1865 1586 1920 enim
1620 1866 1799 1936 posuit
1827 1881 1972 1922 som-

395 1974 546 2022 num,
591 1965 645 2013 et
693 1964 903 2027 postea,
948 1954 1399 2025 quemadmodum
1436 1955 1549 2025 ipse
1603 1970 1824 2010 somnus
1869 1956 1973 2010 im-

392 2047 621 2116 pleatur,
652 2044 920 2115 exposuit.
975 2044 1119 2098 Bene
1145 2058 1275 2113 ergo
1324 2058 1473 2098 mors
1529 2043 1737 2098 Domini
1785 2059 1975 2099 somno

393 2136 664 2191 similatur
686 2154 699 2189 :
722 2134 975 2205 quoniam
1005 2132 1251 2188 triduana
1275 2142 1482 2189 tantum
1507 2134 1824 2203 pausatione
1849 2150 1970 2189 sus-

391 2237 578 2296 ceptus
625 2235 730 2291 est,
759 2226 850 2296 qui
887 2225 1086 2280 nullam
1114 2224 1326 2293 corpori
1350 2224 1748 2294 corruptionem
1771 2225 1971 2290 intulit,

391 2318 484 2372 sed
511 2317 766 2386 quietem.
796 2315 985 2370 Facies
1009 2314 1151 2369 dicta
1174 2314 1242 2368 ab
1266 2312 1459 2384 efﬁgie.
1490 2314 1567 2369 lbi
1592 2323 1675 2369 εει
1714 2315 1858 2370 enim
1889 2323 1972 2370 to-

395 2417 448 2462 ta
478 2406 648 2475 ﬁgura
673 2405 907 2461 hominis
931 2413 984 2457 et
1008 2403 1427 2474 uniuscujusque
1450 2418 1693 2472 persona:
1712 2405 1967 2475 cognitio.

390 2496 586 2551 Vultus
611 2510 740 2549 vero
779 2493 954 2548 dictus
979 2508 1064 2557 eo,
1095 2492 1237 2563 quod
1266 2508 1363 2563 per
1383 2509 1505 2547 eum
1532 2493 1696 2547 animi
1725 2493 1972 2550 voluntas

390 2586 729 2644 ostenditur:
781 2584 1074 2640 secundum
1128 2583 1458 2638 voluntatem
1497 2584 1641 2639 enim
1691 2584 1742 2637 in
1792 2584 1974 2640 varios

393 2686 575 2734 motus
600 2684 855 2735 mutatur.
900 2674 1035 2728 Nam
1070 2673 1233 2729 facies
1273 2673 1589 2745 simpliciter
1620 2674 1886 2744 accipitur
1904 2675 1972 2730 de

394 2772 814 2844 uniuscujusque
834 2771 1065 2827 naturali
1089 2779 1330 2842 aspectu.
1356 2771 1547 2827 Vultus
1569 2780 1748 2827 autem
1768 2773 1972 2827 animo-

389 2881 509 2922 rum
524 2865 834 2934 qualitatem
857 2863 1144 2935 signiﬁcat.
1163 2863 1350 2919 Facies
1366 2872 1544 2919 autem
1568 2865 1777 2921 duobus
1798 2865 1973 2922 modis

390 2954 728 3025 intelligitur,
758 2954 862 3009 hoc
890 2961 992 3018 εει,
1020 2968 1281 3024 corporea
1306 2963 1360 3007 et
1387 2954 1663 3024 spiritalis.
1690 2953 1801 3009 Nisi
1825 2955 1967 3009 enim

388 3055 537 3104 esset
585 3046 860 3102 interioris
910 3045 1145 3100 hominis
1197 3044 1387 3110 facies,
1442 3061 1546 3100 non
1581 3046 1785 3101 diceret
1823 3045 1969 3116 Apo-

2074 1878 2211 1933 quos
2240 1865 2318 1920 sic
2340 1864 2588 1929 attendit,
2612 1873 2671 1918 ut
2697 1880 2801 1920 non
2832 1865 3124 1935 respiciat:
3157 1867 3236 1922 sic
3272 1883 3380 1923 non
3410 1870 3651 1940 respicit,

2074 1965 2132 2009 ut
2164 1964 2341 2012 tamen
2366 1971 2552 2012 eorum
2582 1955 2722 2011 facta
2751 1966 3058 2028 cognoscat.
3093 1956 3266 2014 Frons
3286 1961 3353 2016 ab
3373 1962 3652 2017 oculorum

2074 2045 2429 2102 foraminibus
2456 2049 2729 2101 nominata
2771 2055 2873 2102 est.
2906 2047 3032 2103 Haec
3058 2048 3235 2121 imago
3260 2051 3504 2121 quaedam
3535 2054 3653 2107 ani-

2072 2136 2168 2199 mi,
2198 2135 2392 2191 mentis
2423 2144 2624 2191 motum
2647 2137 2828 2206 specie
2848 2152 2945 2192 sua
2971 2140 3243 2209 exprimit,
3269 2141 3394 2197 dum
3424 2143 3508 2198 vel
3530 2144 3647 2199 hcta

2070 2227 2155 2281 vel
2187 2227 2357 2282 tristis
2400 2235 2503 2282 est.
2550 2225 2712 2283 Juxta
2739 2227 3046 2299 allegoriam
3095 2229 3243 2285 frons
3269 2233 3649 2287 verecundiam

2072 2316 2268 2371 mentis
2296 2324 2389 2370 aut
2410 2316 2798 2386 impudentiam
2826 2318 3115 2389 signiﬁcat.
3144 2320 3298 2377 Unde
3331 2322 3652 2378 erubescere

2071 2408 2283 2474 dicitur,
2301 2409 2390 2478 qui
2405 2409 2781 2480 compungitur
2802 2424 2900 2478 pro
2919 2408 3129 2465 delictis
3143 2411 3274 2477 suis,
3292 2420 3346 2467 et
3372 2428 3430 2468 se
3464 2413 3652 2468 melio-

2071 2514 2192 2553 rare
2205 2498 2668 2554 studuerit.Aliter
2679 2499 2744 2554 de
2760 2499 3085 2569 impudentis
3103 2499 3277 2557 fronte
3296 2504 3652 2574 exprobratur

2068 2589 2361 2645 Jerusalem
2386 2606 2481 2661 per
2503 2590 2824 2660 Prophetam
2842 2592 3250 2664 redargueutem
3272 2595 3446 2651 scelus
3472 2612 3649 2662 suum,

2069 2694 2189 2733 cum
2217 2679 2264 2732 ei
2289 2679 2512 2733 dititur:
2541 2677 2713 2733 Frons
2734 2679 2967 2734 mulieris
2987 2682 3268 2737 meretricis
3295 2682 3436 2751 facta
3462 2694 3536 2739 est
3560 2684 3653 2739 tibi

2072 2769 2283 2842 (Jcrem.
2318 2770 2421 2840 ιιι).
2450 2771 2518 2824 Ει
2546 2771 2742 2826 iterum
2782 2771 3040 2828 Dominus
3069 2773 3135 2828 ad
3162 2773 3497 2830 Ezechielem
3536 2776 3648 2831 ait:

2071 2860 2205 2915 Ecce
2229 2861 2350 2915 dedi
2375 2862 2561 2930 faciem
2582 2871 2729 2916 tuam
2752 2861 3085 2917 valentiorem
3111 2863 3344 2933 faciebus
3364 2882 3565 2931 eorum,
3600 2877 3648 2921 et

2068 2950 2287 3019 frontem
2302 2962 2445 3005 tuam
2465 2952 2729 3006 duriorem
2744 2951 3001 3022 frontibus
3016 2970 3215 3009 eorum.
3235 2952 3303 3009 Ut
3317 2955 3650 3011 adamantcm

2067 3054 2113 3098 et
2137 3053 2193 3097 ut
2214 3043 2433 3110 silicem,
2464 3044 2584 3099 dedi
2611 3044 2801 3114 faciem
2829 3054 2992 3099 tuam.
3024 3044 3223 3101 Domus
3257 3046 3427 3102 Israel
3456 3049 3650 3103 attrita:

389 3138 597 3193 stolus:
627 3136 739 3191 Nos
762 3145 935 3191 autem
959 3134 1182 3189 revelata
1218 3135 1354 3204 facie
1378 3134 1600 3205 gloriam
1626 3135 1839 3189 Domini
1860 3152 1974 3206 spe-
1997 3121 2042 3183 C
2074 3134 2261 3204 frontis
2286 3145 2382 3201 est,
2412 3145 2461 3190 et
2485 3137 2720 3206 procacis
2749 3136 3008 3201 audacia’,
3047 3146 3095 3191 et
3135 3138 3267 3192 duro
3289 3136 3348 3207 ﬁt
3392 3139 3566 3204 corde,
3600 3149 3648 3193 et

389 3229 621 3284 calantes
643 3226 1086 3297 transformamur
1109 3225 1174 3278 de
1194 3224 1362 3295 gloria
1390 3226 1444 3278 in
1466 3224 1685 3295 gloriam
1715 3235 1966 3295 tanquam

386 3337 418 3373 a
445 3318 654 3373 Domini
675 3317 862 3388 spiritu
893 3314 977 3386 (ΙΙ
1001 3313 1123 3369 Cor.
1145 3312 1253 3385 ιιι).
1299 3314 1365 3368 Ει
1411 3314 1602 3369 iterum
1630 3329 1644 3367 :
1694 3312 1965 3379 Videmus,

388 3411 581 3480 inquit,
628 3426 766 3463 nunc
792 3425 887 3480 per
910 3406 1176 3479 speculum
1223 3408 1278 3461 in
1325 3406 1622 3477 mraigmate,
1670 3415 1793 3459 tunc
1846 3423 1965 3460 vero

387 3502 522 3573 facie
544 3502 612 3554 ad
638 3501 825 3571 faciem
870 3498 923 3572 (I
943 3497 1066 3553 Cor.
1092 3499 1233 3570 xm).
1282 3497 1417 3551 Item
1464 3496 1632 3553 facies
1657 3513 1867 3552 summa
1909 3497 1965 3552 in

386 3601 565 3647 mente
602 3591 916 3656 declaratio,
946 3599 1007 3644 ut
1036 3589 1088 3644 in
1114 3588 1437 3659 Evangelio:
1485 3588 1555 3642 Et
1594 3588 1781 3658 faciem
1819 3599 1965 3643 tuam

384 3685 501 3739 lava
531 3682 742 3756 (Matth.
767 3683 863 3755 v1).
889 3682 1145 3752 Apertum
1175 3689 1257 3736 est
1280 3681 1422 3736 enim
1476 3695 1575 3735 nos
1607 3696 1749 3735 nunc
1777 3680 1965 3748 imagi-

384 3790 483 3831 nes
512 3774 694 3829 videre
717 3789 814 3845 per
843 3773 1000 3828 ﬁdem
1026 3790 1039 3826 :
1082 3780 1208 3827 tunc
1255 3786 1342 3826 res
1372 3770 1534 3841 ipsas,
1581 3769 1684 3823 hoc
1712 3777 1813 3831 est,
1844 3776 1967 3839 post

383 3864 834 3919 resurrectionem
852 3863 904 3917 in
919 3871 1118 3917 aeterna
1136 3860 1323 3931 gloria.
1344 3859 1494 3927 Quod
1511 3868 1690 3915 autem
1708 3858 1964 3913 Dominus

382 3957 450 4013 ad
473 3956 688 4026 Moysen
718 3956 881 4011 dixit:
923 3952 1139 4008 Faciem
1174 3969 1344 4006 meam
1381 3951 1555 4005 videre
1588 3967 1690 4004 non
1728 3950 1919 4020 poteris
1942 3965 1961 4003 :

382 4064 487 4102 non
516 4047 652 4101 enim
695 4044 882 4099 videbit
909 4061 990 4098 me
1027 4043 1201 4108 homo,
1233 4052 1281 4097 et
1323 4042 1450 4097 vivet
1500 4040 1697 4126 (Expd.
1720 4040 1915 4108 χχχιιι)
1944 4055 1960 4104 ;

383 4149 459 4215 et,
483 4139 636 4210 juxta
664 4137 887 4193 Joannis
914 4150 1100 4191 vocem
1127 4154 1140 4189 :
1190 4134 1356 4188 Deum
1400 4149 1548 4187 nemo
1578 4132 1705 4186 uidit
1731 4147 1961 4203 unquam

384 4230 559 4303 (Joan.
592 4230 671 4301 t):
701 4230 774 4283 ita
814 4226 1220 4298 intelligendum
1244 4236 1348 4290 εει,
1378 4223 1520 4294 quod
1550 4223 1602 4277 in
1643 4224 1745 4277 hac
1770 4237 1959 4277 corru-

379 4318 554 4390 ptibili
580 4318 689 4371 vita
719 4316 898 4370 nullus
937 4313 1179 4384 perfecte
1216 4312 1719 4382 contemplationem
1748 4311 1840 4365 Dei
1865 4312 1960 4365 ha-

384 4411 510 4463 bere
523 4415 718 4478 potest.
734 4408 993 4463 Viderunt
1008 4406 1151 4461 enim
1172 4414 1354 4475 patres
1375 4402 1702 4459 Testamenti
1726 4400 1956 4466 Veteris,

2071 3225 2428 3295 scorpionibus
2453 3235 2788 3295 comparatur
2806 3239 2826 3277 :
2852 3225 2968 3280 ideo
2995 3226 3117 3281 dedi
3139 3228 3234 3281 tibi
3257 3226 3454 3282 vultum
3477 3228 3649 3283 duris-

2068 3316 2280 3381 simum,
2338 3325 2386 3370 et
2451 3317 2698 3385 frontem,
2755 3333 2872 3388 qua:
2920 3316 3063 3371 nullo
3119 3321 3317 3389 pudore
3377 3330 3650 3391 superetur

2070 3405 2283 3479 (Ezech.
2308 3406 2413 3478 ιιι).
2459 3407 2534 3461 Ex
2560 3423 2666 3478 quo
2699 3408 2958 3464 discimus
3005 3408 3274 3463 interdum
3303 3410 3488 3480 gratia:
3527 3426 3649 3466 esse

2072 3499 2187 3565 Dei,
2221 3500 2563 3570 imprudentiae
2591 3499 2865 3566 resistere,
2888 3508 2940 3556 et
2969 3516 3092 3556 cum
3135 3500 3289 3557 locus
3315 3504 3643 3573 poposcerit,

2066 3588 2297 3646 frontem
2328 3591 2503 3646 fronte
2546 3601 2844 3647 conterere.
2889 3591 3004 3649 lloc
3050 3601 3229 3648 autem
3270 3594 3542 3662 tribuitur,
3578 3613 3647 3651 ne

2067 3688 2254 3734 nostra
2275 3679 2599 3735 verecundia
2628 3690 2684 3736 et
2705 3681 2971 3737 humanus
2995 3682 3168 3751 pudor
3194 3684 3543 3752 pertimescat
3563 3685 3645 3738 in-

2066 3773 2230 3827 sidias
2274 3772 2610 3827 aamulorum.
2670 3772 2736 3827 Et
2783 3774 2837 3827 in
2885 3774 3071 3828 eodem
3126 3775 3389 3846 propheta
3446 3776 3643 3846 legitur

2066 3861 2283 3934 (Ezech.
2310 3864 2410 3934 ιιι),
2440 3862 2581 3932 quod
2610 3862 2869 3918 Dominus
2890 3862 3106 3933 juberet
3134 3864 3270 3929 viro,
3310 3864 3401 3935 qui
3427 3864 3646 3921 lndutus

2064 3963 2178 4009 erat
2210 3953 2383 4015 lineis,
2416 3961 2473 4008 et
2522 3954 2965 4008 atramentarium
3007 3953 3286 4024 scriptoris
3333 3955 3641 4010 habebatin

2063 4045 2259 4101 lumbis
2287 4045 2419 4109 suis,
2454 4053 2514 4099 ut
2564 4045 2822 4100 transiret
2868 4060 2964 4115 per
2997 4045 3226 4100 mediam
3284 4046 3555 4101 civitatem
3590 4048 3644 4102 in

2063 4139 2239 4194 medio
2266 4138 2584 4203 Jerusalem,
2613 4145 2668 4193 et
2703 4138 2940 4208 signaret
2968 4135 3119 4192 Thau
3144 4153 3306 4209 super
3330 4136 3535 4194 frontes
3567 4140 3647 4192 vi-

2064 4244 2249 4286 rorum
2305 4228 2631 4298 gementium
2665 4236 2722 4283 et
2765 4228 3057 4283 dolentium
3083 4244 3244 4298 super
3272 4229 3481 4285 cunctis
3508 4227 3643 4284 abo-

2061 4320 2468 4384 minationibus,
2524 4334 2643 4389 qua:
2684 4318 2818 4373 ﬁunt
2852 4319 2904 4373 in
2939 4320 3115 4375 medio
3144 4317 3278 4387 ejus.
3312 4320 3438 4387 Quae
3463 4321 3643 4376 littera

2063 4409 2297 4478 speciem
2318 4409 2494 4464 crucis
2522 4408 2724 4464 Christi
2756 4417 2920 4473 tenet,
2951 4417 3008 4463 et
3034 4409 3273 4480 signatur
3294 4411 3348 4464 in
3376 4409 3644 4466 frontibus

382 4467 687 4561 Dominum,
729 4497 781 4551 in
803 4498 905 4552 hac
929 4496 1037 4550 vita
1066 4467 1247 4566 positi,
1272 4511 1370 4566 per
1398 4495 1654 4566 quasdam
1677 4493 1955 4563 imagines,
1986 4467 2037 4525 Β
2063 4467 2318 4564 fidelium,
2346 4506 2402 4554 et
2421 4497 2772 4553 conﬁrmatur
2794 4498 2845 4552 in
2867 4467 3119 4554 cordibus
3145 4498 3457 4554 electorum.
3493 4498 3644 4554 Unde

381 4589 576 4657 quibus
609 4588 723 4657 ipse
749 4602 807 4642 se
832 4587 1003 4641 voluit
1027 4588 1345 4642 ostendere:
1378 4585 1473 4641 sed
1517 4583 1710 4640 futura:
1738 4583 1958 4639 visionis

377 4681 496 4752 ejus
523 4678 750 4751 gloriam
805 4678 909 4734 illis
964 4679 1285 4743 reservavit,
1339 4678 1429 4748 qui
1469 4693 1592 4733 eum
1644 4678 1699 4732 in
1750 4676 1958 4732 cmlesti

377 4770 708 4827 beatitudine
728 4769 1108 4841 perpetualiter
1143 4769 1309 4824 visuri
1336 4776 1479 4823 sunt.
1524 4767 1696 4822 Aliter
1717 4768 1785 4822 ab
1809 4766 1955 4836 ejus—

374 4863 496 4918 dem
520 4861 801 4919 sententite
829 4861 1027 4916 virtute
1063 4877 1170 4914 non
1213 4860 1490 4925 abhorret,
1530 4859 1671 4930 quod
1717 4860 1951 4915 dicitur:

381 4953 503 5008 Non
529 4954 666 5008 enim
695 4951 884 5007 videbit
921 4968 1002 5004 me
1029 4952 1202 5015 homo,
1245 4961 1290 5006 et
1337 4952 1462 5006 vivet
1500 4949 1694 5022 (Exod.
1720 4952 1953 5022 xxxnl);

372 5044 629 5112 quoniam
672 5039 915 5112 quisquis
964 5038 1301 5109 sapientiam,
1330 5054 1451 5109 quae
1476 5040 1616 5094 Deus
1658 5046 1760 5104 est,
1787 5040 1952 5105 videt,

376 5135 501 5190 huic
522 5135 646 5189 vita:
677 5133 914 5188 funditus
955 5133 1205 5197 moritur,
1254 5148 1321 5186 ne
1352 5130 1463 5200 jam
1508 5129 1624 5199 ejus
1654 5147 1837 5187 amore
1876 5140 1955 5186 te-

373 5235 584 5283 neatur.
620 5226 807 5281 Nullus
836 5227 1031 5296 quippe
1057 5239 1176 5280 eam
1216 5225 1378 5287 videt,
1423 5224 1512 5294 qui
1550 5224 1723 5279 adhuc
1765 5239 1956 5278 carna-

371 5325 499 5378 liter
532 5321 701 5377 vivit:
734 5320 860 5391 quia
891 5333 1050 5374 nemo
1093 5325 1269 5388 potest
1300 5314 1550 5386 amplecti
1589 5315 1758 5371 Deum
1791 5316 1950 5370 simul

373 5422 427 5468 et
449 5413 723 5467 saeculum.
758 5410 859 5478 Qui
899 5410 1043 5466 enim
1076 5409 1244 5464 Deum
1270 5408 1434 5473 videt,
1459 5421 1526 5462 eo
1560 5408 1675 5477 ipso
1703 5407 1948 5471 moritur,

372 5518 480 5573 quo
506 5503 592 5558 vel
616 5504 915 5559 intentione
937 5501 1137 5567 cordis,
1163 5500 1246 5555 vel
1274 5498 1464 5554 effectu
1494 5498 1675 5567 operis
1703 5498 1771 5551 ab
1794 5495 1952 5565 lmjus

375 5595 499 5649 vita:
540 5592 985 5650 delectationibus
1033 5601 1144 5648 tota
1194 5599 1371 5646 mente
1428 5597 1726 5658 separatur.
1784 5586 1952 5641 Nemo

315 5746 319 5751 _
375 5698 502 5755 ergo
526 5685 695 5740 Deum
744 5686 896 5748 vidit,
950 5696 1002 5739 ct
1055 5686 1206 5745 vixit,
1256 5700 1315 5738 ac
1358 5683 1400 5736 si
1434 5691 1615 5750 aperte
1646 5679 1947 5733 diceretur:

2059 4590 2191 4646 dicit
2217 4591 2503 4646 Psalmista
2531 4609 2542 4643 :
2573 4588 2848 4661 Signatum
2875 4599 2949 4644 est
2973 4607 3129 4661 super
3155 4608 3247 4645 nos
3274 4590 3447 4645 lumen
3471 4590 3642 4646 vultus

2057 4682 2161 4745 tui,
2192 4680 2410 4735 Domine
2460 4677 2633 4752 (Psal.
2658 4679 2731 4752 tv)
2758 4697 2771 4745 ;
2799 4680 2924 4750 quia
2954 4680 3093 4735 sicut
3119 4696 3367 4736 nummus
3408 4680 3641 4751 Impera-

2059 4771 2192 4825 toris
2216 4779 2398 4839 portat
2419 4771 2727 4842 imaginem,
2752 4769 2825 4824 ita
2857 4780 2913 4824 et
2941 4769 3186 4826 ﬁdelibus
3214 4773 3362 4842 signa
3405 4771 3639 4826 cmlestis

2058 4861 2317 4932 principis
2375 4861 2775 4931 imprimuntur.
2820 4860 2971 4916 Oculi
3009 4861 3202 4926 vocati,
3237 4860 3350 4916 sive
3392 4861 3515 4931 quia
3545 4876 3639 4916 eos

2061 4954 2308 5008 ciliorum
2362 4954 2598 5024 tegmina
2647 4954 2943 5019 occultum,
2980 4969 3048 5008 ne
3096 4968 3200 5022 qua
3239 4953 3526 5009 incidentis
3556 4954 3639 5008 in-

2054 5041 2213 5111 juria:
2232 5041 2526 5098 offensione
2546 5043 2808 5098 laedantur
2831 5060 2845 5108 ;
2876 5044 2988 5098 sive
3011 5044 3135 5113 quia
3166 5043 3431 5098 occultum
3454 5042 3635 5100 lumen

2060 5135 2280 5201 habent,
2311 5135 2363 5189 id
2391 5144 2493 5200 est,
2526 5144 2792 5189 secretum
2822 5133 2907 5188 vel
2936 5135 3082 5188 intus
3102 5134 3353 5203 positum.
3400 5132 3465 5187 Hi
3494 5134 3637 5189 inter

2058 5241 2246 5281 omnes
2296 5240 2487 5281 sensus
2529 5224 2817 5279 vicinibres
2863 5225 3059 5278 anima:
3085 5223 3342 5278 existunt.
3374 5221 3430 5277 In
3462 5223 3635 5280 oculis

2057 5315 2198 5369 enim
2230 5330 2387 5370 omne
2408 5314 2603 5369 mentis
2621 5312 2886 5382 judicium
2912 5320 3015 5368 est.
3068 5311 3218 5368 Unde
3247 5321 3301 5366 et
3324 5312 3487 5366 animi
3513 5329 3635 5383 per-

2052 5404 2288 5461 turbatio
2318 5404 2399 5457 vel
2430 5402 2672 5458 hilaritas
2701 5402 2754 5456 in
2789 5400 2961 5456 oculis
2999 5408 3242 5470 apparet.
3273 5397 3426 5455 Oculi
3450 5408 3632 5456 autem

2054 5496 2196 5550 idem
2221 5502 2276 5549 et
2304 5493 2504 5547 lumina
2532 5512 2543 5546 :
2577 5499 2633 5547 et
2658 5485 2799 5547 dicta
2829 5491 3052 5554 lumina,
3082 5493 3223 5561 quod
3251 5506 3318 5546 ex
3346 5492 3427 5547 eis
3445 5490 3630 5549 lumen

2055 5593 2256 5647 manat,
2286 5584 2369 5637 vel
2390 5584 2530 5653 quod
2556 5597 2623 5637 ex
2649 5582 2804 5637 initio
2826 5581 2910 5637 sui
2932 5579 3164 5635 clausam
3190 5583 3624 5650 teneantlnrem,

2056 5686 2147 5732 aut
2177 5676 2511 5730 extrinsecus
2560 5680 2832 5743 acceptam
2884 5672 3017 5726 visui
3056 5669 3417 5741 praeponenda
3443 5666 3626 5724 refun-
