4064 6206
371 261 489 318 {£9
1378 262 1466 317 DE
1504 247 1850 319 U'NIV'ERSO
1887 261 2068 318 LIBRI
2103 260 2264 317 XXII.
2307 292 2376 302 -—-
2411 259 2539 317 LIB.
2583 263 2667 318 Vl.
3544 261 3646 320 l50

379 373 537 429 dant.
564 369 764 429 Oculus
815 371 977 442 igitur
1025 385 1131 426 nou
1162 371 1332 426 solum
1361 374 1608 444 corporis
1646 375 1840 440 visum,
1870 373 1966 430 sed
1991 382 2040 438 Α
2068 382 2229 443 atque
2259 372 2556 444 impolluta,
2583 382 2642 428 ut
2668 382 2791 428 sunt
2820 374 3025 445 puellm.
3057 373 3272 448 Physici
3300 376 3486 433 dicunt
3525 391 3647 434 eas-

377 463 549 517 etiam
576 461 757 516 cordis
810 460 1147 515 demonstrat
1189 460 1465 517 intuitum.
1504 462 1659 530 Quod
1685 463 1970 519 Psalmista
2069 463 2190 519 dem
2240 465 2489 535 pupillas,
2541 480 2679 534 q-xas
2728 464 2973 520 videmus
3020 465 3076 519 in
3110 465 3304 533 oculis,
3352 467 3649 524 morituros

377 551 640 616 ostendit,
698 550 923 606 dicens:
982 549 1171 604 Levavi
1238 548 1417 606 oculos
1475 568 1615 607 meos
1665 553 1722 607 in
1772 562 1970 607 montes
2067 562 2193 609 ante
2225 554 2460 609 triduum
2488 569 2593 608 non
2619 554 2839 619 habere,
2869 554 3065 624 quibus
3091 570 3198 611 non
3227 555 3358 612 visis
3385 565 3532 612 certa
3560 564 3648 614 est

376 637 559 712 (Psal.
580 638 708 709 cu)
729 655 744 703 ;
768 648 824 693 et
842 638 895 692 in
914 637 1207 704 liiercmia,
1234 639 1390 707 Lena,
1412 641 1606 711 inquit,
1630 642 1806 697 oculos
1828 653 1965 709 tuos,

376 742 431 787 et
457 732 573 805 ride
598 731 816 803 (Jerern.
844 730 950 799 ιιι).
985 729 1119 784 Nam
1145 744 1269 785 cum
1301 731 1466 786 dicit:
1517 732 1701 797 levavi,
1731 734 1969 789 ostendit

379 822 452 876 ad
475 819 986 891 contemplationem
1027 805 1263 889 aliquam
1310 819 1476 875 fuisse
1501 830 1836 889 provectum.
1867 822 1965 878 Lc-

374 923 514 963 vare
548 909 693 963 enim
725 916 810 963 est
836 908 1037 976 aliquid
1079 908 1147 962 ad
1179 908 1371 962 altiora
1420 908 1729 963 transferre.
1773 909 1967 965 Oculos

374 1015 544 1064 meos,
576 999 762 1068 utique
806 998 987 1053 cordis
1033 1006 1330 1069 aspectum,
1359 996 1427 1053 de
1479 1000 1677 1069 quibus
1705 1000 1964 1069 scriptum

372 1099 462 1144 est
487 1108 502 1143 :
541 1087 730 1144 Revela
751 1087 932 1143 oculos
961 1104 1123 1153 meos,
1149 1096 1197 1141 et
1226 1088 1565 1143 considerabo
1611 1089 1876 1144 mirabilia
1901 1090 1966 1144 de

379 1182 496 1253 lege
519 1192 614 1235 tua
641 1178 818 1249 (Psal.
842 1177 1054 1250 εχνιιι).
1086 1178 1155 1233 Ει
1182 1178 1349 1234 illud:
1397 1176 1722 1249 Prteceptum
1750 1178 1964 1233 Domini

374 1271 636 1336 lucidum,
660 1270 966 1325 illuminans
989 1268 1167 1324 oculos
1190 1268 1361 1342 (Psal.
1388 1269 1563 1342 mu).
1595 1269 1729 1324 Nam
1759 1270 1804 1325 si
1831 1270 1965 1326 istos

375 1363 628 1420 carnales
667 1363 939 1427 advertas,
969 1362 1098 1433 quid
1122 1363 1391 1434 potuisset
1420 1361 1546 1417 inde
1584 1361 1867 1433 perﬁcere,
1916 1362 1962 1418 si

376 1464 591 1510 utentes
616 1454 855 1510 consitos
877 1453 1028 1509 silvis
1048 1460 1143 1508 aut
1169 1452 1319 1509 saxis
1344 1452 1717 1523 squalentibus
1746 1452 1964 1525 legisset

377 1547 696 1603 intendere?
723 1544 833 1601 Sed
857 1547 962 1602 hoc
988 1545 1033 1600 si
1084 1544 1403 1615 spiritaliter
1430 1544 1691 1614 inquiras,
1740 1544 1963 1599 omnino

373 1638 679 1707 proﬁcuum
706 1646 809 1703 est,
851 1646 909 1692 ut
943 1636 1130 1692 oculos
1154 1635 1334 1691 cordis
1360 1635 1468 1700 sui,
1498 1635 1613 1690 sive
1641 1634 1708 1689 ad
1746 1643 1962 1690 sanctos

2066 648 2390 720 desperatio.
2424 649 2670 705 Circulos
2698 664 2848 714 vero,
2894 664 3002 719 quo
3028 666 3059 704 a
3082 649 3283 722 pupilla
3309 649 3444 706 alba:
3465 660 3648 721 partes

2065 739 2205 794 oculi
2236 746 2558 808 separantur
2582 738 2814 794 discreta
2857 738 3158 809 nigredine,
3184 754 3386 795 corona
3424 738 3644 804 dicitur,

2064 832 2206 902 quod
2240 830 2566 886 rotunditate
2594 830 2678 886 sui
2702 838 2859 885 ornet
2877 830 3138 886 ambitum
3158 829 3387 900 papulas.
3422 828 3645 902 Mystice

2064 920 2265 991 pupilla
2291 920 2433 975 oculi
2479 917 2747 990 signiﬁcat
2779 921 3137 975 intentionem
3167 919 3287 991 puri
3315 920 3512 982 cordis,
3546 934 3644 990 per

2063 1023 2225 1078 quam
2248 1008 2490 1063 cernitur
2510 1007 2740 1076 justitia,
2773 1016 2827 1062 et
2853 1008 3181 1064 discernitur
3213 1023 3400 1064 verum
3423 1023 3453 1062 a
3484 1006 3642 1064 falso.

2065 1098 2221 1154 Unde
2255 1098 2525 1168 Propheta
2557 1108 2812 1169 precatur
2841 1099 2896 1153 in
2932 1099 3141 1169 psalmo
3159 1099 3385 1158 dicens:
3426 1097 3647 1153 Custodi

2062 1208 2167 1257 me,
2196 1191 2435 1257 Domine,
2458 1200 2515 1244 ut
2536 1190 2788 1263 pupillam
2811 1190 2949 1246 oculi
2975 1188 3146 1262 (Psal.
3170 1188 3303 1261 svi).
3334 1188 3540 1261 Pupilla
3562 1198 3648 1246 est

2061 1286 2204 1340 enim
2232 1283 2314 1355 (ut
2357 1299 2521 1354 supra
2557 1282 2913 1354 ostendimus)
2944 1282 2997 1337 in
3027 1282 3205 1338 medio
3233 1281 3406 1351 posita
3436 1280 3647 1351 perspi-

2062 1392 2161 1432 cua
2187 1392 2312 1447 pars
2339 1376 2499 1441 oculi,
2529 1391 2634 1446 qua
2662 1390 2950 1446 corporum
2973 1375 3183 1431 colores
3206 1375 3353 1428 varia
3380 1373 3643 1443 qualitate

2063 1465 2443 1529 discernimus,
2475 1464 2616 1520 dicta
2647 1481 2678 1520 a
2708 1466 2973 1535 parvitate
2999 1464 3083 1520 sui
3106 1463 3327 1536 pupilla,
3358 1464 3512 1534 quasi
3543 1478 3643 1532 pu-

2061 1553 2202 1608 silla.
2254 1553 2390 1610 Huic
2437 1554 2821 1610 convenienter
2862 1564 3208 1626 comparatus
3239 1562 3324 1610 est
3366 1552 3639 1619 Christus,

2061 1645 2146 1700 cui
2180 1645 2364 1700 datum
2419 1656 2501 1701 est
2542 1645 2598 1699 in
2637 1644 2841 1714 judicio
2868 1660 2966 1700 suo
3001 1644 3181 1714 justos
3203 1659 3233 1699 a
3262 1645 3640 1715 peccatoribus

374 1730 547 1794 viros,
575 1730 690 1784 sive
720 1728 787 1782 ad
814 1728 982 1782 libros
1001 1727 1231 1790 divinos,
1259 1726 1373 1781 sive
1398 1726 1464 1780 ad
1507 1726 1767 1781 sublimes
1793 1741 1958 1797 ange-
1987 1752 2033 1813 Β
2061 1750 2364 1806 segregare,
2411 1734 2705 1803 Aptissima
2757 1735 2940 1804 itaque
2982 1736 3118 1805 petit,
3158 1734 3418 1790 custodiri
3468 1749 3546 1800 se,
3579 1741 3639 1789 ιιι

372 1818 457 1873 los
486 1818 740 1873 credatur
770 1817 1027 1881 elevasse,
1068 1818 1156 1888 qui
1206 1818 1572 1887 magnitudine
1611 1826 1666 1872 et
1704 1817 1959 1872 ﬁrmitate

372 1926 506 1965 vere
532 1919 744 1964 montes
791 1917 936 1964 sunt.
995 1908 1147 1964 Unde
1194 1908 1359 1963 etiam
1389 1916 1698 1977 competens
1728 1907 1958 1964 sustine—

372 2005 542 2060 batur
581 2002 862 2057 auxilium.
896 2002 962 2055 Et
1003 2002 1056 2054 in
1105 1999 1393 2071 Evangelia
1435 2000 1548 2069 ipsa
1580 1999 1794 2055 Veritas
1834 2000 1954 2054 ait:

374 2095 534 2162 Quod
566 2095 614 2149 si
638 2093 819 2149 oculus
848 2103 967 2146 tuus
995 2092 1175 2145 dexter
1208 2089 1533 2146 scandalizat
1562 2099 1632 2154 te,
1660 2107 1783 2144 erue
1814 2105 1954 2153 eum,

373 2195 422 2240 et
444 2185 644 2256 projice
681 2184 773 2237 abs
795 2195 843 2237 te
866 2183 1078 2255 (Matth.
1103 2182 1178 2255 v).
1212 2182 1312 2236 Hic
1339 2197 1468 2237 vero
1497 2181 1877 2252 cogitationem
1903 2188 1958 2234 et

372 2289 598 2330 sensum
632 2274 685 2328 in
735 2273 944 2328 diversa
999 2272 1310 2327 volitantem
1341 2272 1671 2342 nuncupavit
1696 2270 1908 2327 oculum
1939 2288 1952 2325 :

373 2376 473 2431 per
501 2361 781 2416 dexteram
830 2370 1010 2415 autem
1055 2361 1350 2416 voluntatis
1378 2369 1432 2415 et
1466 2359 1753 2415 ati‘ectuum
1803 2359 1957 2414 initia

373 2452 840 2506 demonstrantur.
877 2450 1046 2517 Quam
1083 2452 1407 2505 sententiam
1463 2459 1517 2505 et
1566 2449 1724 2505 aliter
1768 2465 1959 2519 possu-

372 2557 497 2597 mus
526 2541 845 2612 intelligere.
902 2540 1124 2596 Videtur
1154 2541 1286 2595 mibi
1331 2555 1438 2595 non
1466 2539 1761 2610 incongrue
1786 2539 1957 2610 accipi

372 2630 429 2685 in
458 2631 563 2685 hoc
592 2630 711 2686 loco
741 2631 940 2686 debere
982 2630 1217 2693 oculum,
1266 2629 1671 2685 dilectissimum
1700 2630 1954 2684 amicum.

374 2719 512 2774 Nam
542 2721 648 2777 hoc
666 2730 747 2777 est
768 2722 973 2792 utique,
1001 2721 1143 2791 quod
1174 2721 1473 2775 membrum
1501 2728 1647 2776 recte
1672 2736 1958 2790 possumus

375 2812 674 2882 appellare,
727 2814 870 2882 quod
920 2813 1266 2867 vehementer
1317 2812 1611 2883 diligimus,
1667 2822 1722 2866 et
1784 2813 1958 2882 ipsum

373 2903 767 2969 consiliarium,
793 2904 918 2974 quia
945 2903 1132 2959 oculos
1173 2913 1277 2969 est,
1302 2912 1554 2973 tanquam
1582 2904 1959 2959 demonstrans

373 2994 481 3050 iter
508 2994 564 3049 in
591 2995 753 3064 rebus
779 2994 998 3061 divinis,
1027 2994 1153 3064 quia
1178 2994 1367 3050 dextra
1395 3002 1478 3050 est
1505 3008 1519 3048 :
1552 3000 1612 3049 ut
1652 2994 1872 3048 sinister
1888 2992 1959 3049 sit

2061 1825 2312 1896 pupillam
2336 1825 2496 1887 oculi,
2522 1825 2736 1895 quando
2758 1833 2813 1879 et
2846 1840 2941 1894 per
2962 1825 3132 1895 ipsam
3164 1839 3253 1879 res
3277 1823 3510 1879 visuales
3536 1821 3644 1878 dis-

2060 1916 2356 1981 cernimus,
2412 1924 2468 1969 et
2516 1916 2569 1970 in
2608 1923 2794 1971 nostro
2836 1929 3064 1984 corpore
3106 1914 3242 1970 nihil
3291 1913 3636 1984 praastautius

2059 2004 2348 2081 invenitur.
2380 2004 2655 2074 Palpebras
2682 2013 2809 2061 sunt
2847 2004 2999 2060 sinus
3039 2004 3316 2059 oculorum
3346 2020 3375 2058 a
3413 2003 3638 2074 palpita-

2057 2096 2204 2151 tione
2224 2096 2404 2160 dictae,
2424 2096 2553 2166 quia
2573 2110 2790 2165 semper
2808 2105 3112 2151 moventur.
3133 2094 3474 2150 Concurrunt
3492 2095 3635 2149 enim

2057 2185 2288 2240 invicem
2317 2192 2375 2239 ut
2399 2185 2615 2240 assiduo
2647 2193 2796 2240 motu
2840 2184 3084 2240 reﬁciant
3120 2184 3389 2240 obtutum.
3420 2183 3637 2237 Munitze

2057 2282 2184 2331 sunt
2213 2284 2395 2329 autem
2417 2275 2557 2330 vallo
2583 2275 2837 2345 pilorum,
2877 2285 2939 2330 ut
2981 2275 3184 2345 apertis
3215 2275 3386 2331 oculis
3426 2276 3472 2329 si
3503 2274 3635 2344 quid

2057 2365 2307 2421 inciderit
2330 2364 2640 2434 repellatur,
2659 2374 2713 2420 et
2733 2378 2923 2420 somno
2946 2364 3356 2421 conniventibus
3380 2372 3634 2432 tanquam

2055 2454 2300 2520 involuti,
2325 2454 2605 2525 quiescant
2629 2453 2875 2508 latentes.
2896 2454 2953 2509 lu
2980 2455 3287 2510 summitate
3311 2462 3490 2509 autem
3518 2453 3636 2524 pal-

2058 2544 2348 2616 pcbmrum
2392 2544 2526 2600 locis
2569 2544 2765 2613 quibus
2791 2558 2852 2598 se
2901 2552 3142 2612 utraeque
3180 2543 3376 2598 clausa:
3420 2543 3636 2598 contin-

2057 2643 2213 2704 gunt,
2247 2642 2464 2690 exstant
2499 2633 2701 2689 admoti
2729 2634 2922 2689 ordine
2949 2641 3165 2689 servato
3193 2633 3391 2703 capilli,
3416 2634 3636 2689 tutelam

2058 2727 2228 2783 oculis
2279 2728 2732 2792 demonstrantes,
2780 2733 2841 2780 ut
2889 2725 3161 2780 irruentes
3207 2724 3363 2780 facile
3412 2725 3636 2795 injurias

2057 2818 2353 2889 excipiant,
2380 2833 2449 2874 ue
2466 2832 2532 2873 ex
2561 2832 2626 2872 eo
2655 2824 2916 2872 noceatur
2940 2833 2955 2883 ;
2987 2825 3047 2870 ut
3071 2815 3309 2886 pulveris
3335 2815 3416 2870 vel
3454 2815 3640 2885 cujus-

2059 2926 2223 2981 quam
2282 2909 2569 2966 crassioris
2618 2908 2859 2964 materiae
2893 2914 3116 2963 arceant
3164 2913 3493 2971 contactum,
3545 2916 3640 2961 aut

2060 3001 2233 3071 ipsum
2257 3013 2473 3071 quoque
2519 3012 2700 3054 aerem
2729 2998 3062 3055 concidenda
3098 2998 3402 3062 mitiﬁcent,
3430 3012 3538 3068 quo
3563 3006 3641 3053 te—

374 3084 608 3140 dilcctus
630 3083 992 3150 consiliarius,
1021 3085 1117 3141 sed
1146 3084 1199 3139 in
1230 3084 1392 3160 rebus
1420 3083 1650 3140 terrenis
1679 3085 1746 3140 ad
1770 3098 1958 3140 neces-
1983 3100 2029 3163 ρ
2058 3107 2220 3147 nucm
2244 3100 2407 3162 atque
2454 3104 2705 3146 serenum
2739 3089 2936 3146 faciant
2978 3089 3172 3144 visum.
3221 3088 3494 3160 Palpebrae
3522 3104 3642 3161 my-

373 3176 597 3231 sitatem
640 3174 884 3246 corporis
925 3174 1339 3245 pertinentibus.
1386 3173 1523 3231 Item
1573 3174 1628 3228 in
1659 3173 1751 3228 illo
1776 3173 1955 3228 Evan-

371 3266 538 3336 gelia,
567 3265 658 3320 ubi
710 3265 967 3320 Dominus
992 3264 1268 3335 discipulis
1299 3264 1411 3320 ait:
1459 3263 1611 3319 Beati
1656 3262 1817 3330 oculi,
1865 3263 1956 3334 qui

372 3359 548 3413 vident
584 3373 702 3428 quia
741 3374 831 3412 vos
878 3357 1058 3412 videtis
1107 3356 1258 3429 (Luc.
1284 3356 1339 3429 ι)
1364 3396 1381 3423 ,
1425 3356 1498 3411 ibi
1546 3355 1850 3411 intellectus
1892 3354 1956 3409 ﬁ-

371 3447 512 3503 delis
529 3455 590 3504 et
608 3447 832 3520 simplex
864 3446 1087 3505 allectus
1112 3447 1533 3513 demonstratur,
1562 3462 1669 3517 quo
1699 3446 1957 3502 Dominus

371 3537 664 3595 intuendus
692 3548 794 3595 est.
829 3539 961 3595 Nam
997 3541 1131 3596 etin
1179 3541 1269 3596 illa
1316 3538 1603 3605 sententia,
1633 3551 1737 3607 qua
1764 3535 1954 3592 Salva-

371 3637 461 3685 tor
487 3631 565 3685 ait
589 3649 603 3684 :
651 3629 710 3686 Si
740 3630 922 3685 oculus
946 3642 1068 3687 tuus
1098 3631 1257 3702 fuerit
1283 3631 1522 3703 simplex,
1570 3638 1735 3686 totum
1764 3643 1955 3703 corpus

370 3730 523 3775 tuum
571 3718 803 3774 Incidunt
843 3722 988 3776 erit:
1028 3721 1075 3776 si
1120 3730 1293 3777 autem
1321 3738 1541 3792 nequam
1585 3722 1765 3792 fuerit,
1796 3724 1955 3777 etiam

370 3828 563 3880 corpus
589 3820 736 3864 tuum
758 3812 1084 3866 tenebrosum
1111 3813 1210 3867 erit
1239 3811 1453 3884 (Matth.
1490 3812 1588 3882 v1),
1628 3827 1724 3882 per
1743 3812 1956 3868 oculum

371 3899 734 3956 intentionem
780 3900 975 3962 cordis,
1022 3908 1077 3956 et
1108 3901 1437 3957 intellectum
1479 3901 1646 3956 animi
1691 3901 1955 3973 designat,

373 3991 503 4061 quia
534 4005 658 4045 cum
681 3991 821 4046 bona
868 3991 1164 4046 intentione
1189 4001 1244 4047 et
1272 4001 1398 4047 voto
1421 3992 1669 4063 placendi
1715 3993 1827 4049 Deo
1856 3992 1958 4047 ali-

373 4081 505 4152 quid
531 4081 763 4152 agimus,
789 4090 959 4136 totum
981 4097 1178 4152 corpus
1197 4084 1376 4152 operis
1403 4084 1572 4139 nostri
1604 4081 1956 4138 illuminatur.

372 4170 531 4237 Quod
556 4171 599 4224 si
627 4169 854 4224 intentio
898 4185 1148 4240 perversa
1177 4171 1301 4235 erit,
1348 4171 1511 4225 etiam
1548 4186 1685 4243 opus
1706 4186 1806 4243 per
1838 4187 1959 4227 eam

374 4264 686 4321 confectum
718 4265 1062 4319 tenebrosum
1107 4264 1231 4318 erit.
1282 4264 1434 4320 Oculi
1485 4265 1592 4320 duo
1641 4266 1875 4320 activam
1905 4273 1961 4320 et

378 4356 856 4426 contemplativam
888 4355 1054 4409 vitam
1101 4355 1183 4427 (ut
1223 4356 1441 4425 quidam
1470 4356 1678 4427 volunt)
1725 4356 1962 4427 ﬁgurare

2056 3184 2192 3241 stice
2219 3193 2445 3254 possunt
2469 3184 2636 3252 accipi
2659 3181 2883 3238 occultae
2919 3181 3346 3251 dispensationes
3372 3181 3486 3245 Dei,
3516 3197 3637 3251 quae

2058 3284 2321 3349 geruntur
2344 3275 2399 3330 in
2430 3271 2660 3330 homine.
2698 3272 2853 3331 Unde
2877 3272 3076 3327 dicitur
3106 3273 3159 3326 in
3187 3270 3402 3327 Psalmo
3431 3272 3497 3327 de
3530 3270 3636 3325 Do.-

2056 3370 2243 3424 mino:
2291 3367 2444 3423 Oculi
2483 3366 2601 3438 ejus
2629 3367 2686 3420 in
2723 3380 3003 3436 pauperem
3047 3364 3351 3434 respiciunt.
3380 3363 3638 3434 palpebrae

2056 3460 2171 3529 ejus
2199 3460 2521 3528 interrogant
2545 3456 2684 3526 filios
2707 3457 2978 3510 hominum
3022 3453 3195 3527 (Psal.
3219 3454 3294 3526 ιι).
3340 3454 3481 3526 Ergo
3515 3454 3641 3524 quia

2056 3551 2111 3605 in
2139 3549 2368 3605 Domino
2388 3547 2750 3603 membrorum
2772 3545 3066 3601 ministeria
3089 3560 3186 3616 per
3204 3545 3510 3616 allegoriam
3532 3543 3643 3600 fre-

2057 3648 2286 3714 quenter
2312 3644 2565 3709 aptantur
2591 3676 2606 3703 ,
2635 3637 2765 3692 dicit
2789 3651 2914 3691 eum
2955 3637 3063 3691 uoti
3091 3635 3283 3700 solum,
3309 3636 3526 3706 quando
3550 3635 3637 3689 iu-

2057 3731 2224 3790 tendit
2255 3728 2443 3797 oculis,
2471 3728 2562 3787 sed
2587 3727 2749 3787 etiam
2791 3736 2920 3786 tunc
2960 3726 3267 3798 requirere,
3296 3725 3349 3781 id
3377 3734 3489 3791 est,
3511 3740 3642 3780 con-

2057 3827 2301 3882 siderare
2345 3825 2487 3880 ﬁlios
2533 3821 2838 3886 hominum,
2881 3834 3006 3875 cum
3050 3834 3125 3873 ea
3166 3817 3435 3889 negligere
3484 3818 3639 3888 quasi

2057 3921 2333 3978 dormiens
2354 3919 2673 3975 aestimatur.
2706 3914 2979 3987 Palpebras
3012 3913 3210 3983 quippe
3236 3912 3357 3977 Dei,
3391 3912 3511 3982 ejus
3544 3910 3639 3981 ju--

2057 4013 2196 4068 dicia
2227 4020 2374 4077 sunt,
2404 4025 2523 4082 quae
2546 4009 2747 4079 aliquid
2796 4007 2950 4062 nobis
2983 4004 3256 4069 claudunt,
3285 4003 3484 4072 aliquid
3514 4019 3640 4073 ape-

2058 4102 2241 4167 riunt;
2276 4115 2396 4171 qua:
2423 4098 2714 4167 aperiendo
2751 4110 2850 4149 nos
2881 4094 3238 4162 interrogant,
3266 4090 3313 4146 si
3339 4090 3641 4161 intelligen-

2058 4190 2127 4245 do
2162 4204 2267 4244 nou
2318 4187 2663 4243 extollimur:
2711 4182 3007 4239 claudendo
3056 4196 3158 4237 nos
3199 4181 3556 4251 interrogant,
3592 4180 3641 4235 si

2058 4294 2164 4335 non
2194 4278 2543 4348 despicimus,
2582 4290 2702 4345 qua:
2746 4272 3045 4342 intelligere
3075 4285 3182 4326 non
3214 4269 3472 4325 valemus.
3502 4270 3636 4325 Item

2061 4368 2116 4422 in
2139 4365 2239 4421 Job
2265 4366 2333 4421 de
2360 4363 2653 4420 Leviathan
2686 4363 2759 4416 ita
2788 4362 3046 4430 scriptum
3072 4371 3157 4416 est
3180 4377 3194 4414 :
3243 4358 3399 4414 Oculi
3437 4359 3552 4431 ejus
3578 4368 3636 4414 ut

375 4448 589 4503 dicunt.
619 4447 858 4516 Denique
882 4447 1098 4516 quando
1123 4445 1351 4517 legimus
1395 4445 1582 4503 oculos
1617 4447 1829 4502 Domini
1860 4461 1958 4502 nos
1988 4454 2035 4513 D
2058 4456 2318 4528 palpebra!
2364 4453 2604 4508 diluculi.
2675 4451 2994 4508 Sternutatio
3045 4450 3159 4520 ejus
3210 4449 3457 4521 splendor
3502 4452 3638 4522 ignis

377 4540 674 4609 respicere,
707 4546 769 4593 ut
796 4546 881 4593 est
904 4537 1074 4592 illud:
1117 4536 1252 4591 Ecce
1279 4537 1417 4592 oculi
1460 4537 1675 4592 Domini
1701 4554 1858 4607 super
1884 4538 1956 4591 ti-

377 4635 577 4678 mentes
592 4639 737 4692 eum;
754 4637 808 4679 et
828 4627 967 4680 oculi
985 4627 1199 4681 Domini
1218 4642 1379 4694 super
1387 4627 1567 4695 justas
1587 4623 1764 4697 (Psal.
1785 4637 1958 4690 sun,

380 4717 608 4784 xxsln):
627 4718 947 4772 continuam
968 4720 1198 4787 gratiam
1219 4717 1527 4773 divinitatis
1548 4716 1807 4772 ostendit:
1828 4715 1958 4784 quia

380 4807 557 4878 pietas
579 4805 746 4874 ipsius
774 4819 867 4859 eos
895 4805 1147 4875 protegit,
1186 4820 1322 4874 quos
1348 4820 1406 4861 se
1434 4806 1625 4863 timere
1664 4808 1959 4878 cognoscit.

385 4897 543 4953 Scire
568 4896 770 4952 etenim
816 4895 1091 4960 debemus,
1123 4895 1267 4965 quod
1306 4896 1447 4952 oculi
1478 4897 1692 4952 Domini
1721 4898 1777 4952 iu
1812 4899 1959 4953 omni

381 4987 506 5043 loco
532 4985 965 5056 contemplantur
991 4986 1161 5041 bonos
1182 4995 1237 5040 et
1261 4986 1467 5041 malos:
1496 4987 1621 5056 quia
1650 4987 1781 5043 nihil
1812 4988 1959 5042 illum

382 5080 545 5136 latet:
562 5080 739 5134 omnia
753 5080 891 5133 enim
912 5077 1054 5132 nuda
1076 5088 1123 5132 et
1144 5088 1324 5149 aperta
1342 5088 1460 5133 sunt
1487 5078 1650 5134 oculis
1664 5079 1779 5149 ejus
1800 5078 1957 5149 (lleb.

382 5172 487 5241 iv);
511 5171 605 5225 sed
644 5170 818 5225 bonos
844 5169 1069 5239 respicit
1112 5169 1437 5234 miserando,
1469 5168 1639 5224 malos
1660 5178 1838 5224 autem
1865 5184 1963 5239 per

375 5261 639 5334 judicium
689 5260 1014 5315 damnando.
1074 5258 1276 5328 Pupilla
1328 5267 1414 5314 est
1471 5258 1679 5314 medius
1733 5269 1963 5329 punctus

378 5353 545 5418 oculi,
569 5353 626 5407 in
657 5367 767 5422 quo
795 5352 880 5407 vis
903 5358 986 5406 est
1018 5351 1231 5406 videndi
1257 5368 1270 5402 :
1321 5351 1410 5406 ubi
1455 5350 1580 5420 quia
1609 5365 1790 5421 parva:
1826 5352 1963 5406 ima-

380 5445 535 5516 gines
562 5445 721 5500 nobis
750 5444 1013 5506 videntur,
1047 5454 1331 5513 propterea
1367 5442 1582 5512 pupillae
1603 5443 1961 5513 appellantur.

378 5533 516 5591 Nam
536 5535 751 5604 parvuli
783 5534 967 5604 pupilli
1007 5534 1279 5590 dicuntur.
1331 5533 1479 5588 lianc
1522 5533 1771 5603 plerique
1797 5548 1965 5604 papu-

380 5623 489 5681 lam
514 5634 731 5682 vocant.
766 5625 1004 5682 Vocatur
1039 5634 1218 5680 autem
1264 5623 1482 5695 pupilla,
1528 5624 1673 5693 quod
1715 5624 1785 5679 sit
1829 5639 1963 5693 pura

2064 4546 2206 4620 (Job.
2256 4545 2408 4618 xu);
2469 4545 2596 4615 quia
2651 4543 2978 4599 sternutatio
3009 4550 3172 4612 caput
3220 4543 3453 4597 maxime
3505 4559 3637 4598 cou-

2063 4638 2256 4693 cutit:
2322 4635 2647 4693 sternutatio
2714 4634 2875 4690 istius
2942 4643 3167 4689 vocatur
3235 4633 3325 4688 illa
3394 4642 3638 4689 extrema

2063 4728 2375 4794 commotio,
2423 4741 2527 4797 qua
2559 4726 2868 4781 dammtum
2919 4723 3192 4779 hominem
3240 4723 3558 4795 ingreditur,
3585 4732 3642 4778 et

2063 4833 2160 4888 per
2187 4832 2310 4872 eum
2348 4816 2593 4888 superbis
2618 4815 2971 4886 principatur.
3013 4814 3181 4869 Recte
3220 4814 3338 4884 ejus
3369 4821 3641 4869 sternuta-

2065 4909 2140 4963 tio
2173 4908 2421 4977 splendor
2460 4905 2600 4977 iguis
2622 4913 2865 4961 vocatur.
2914 4903 3054 4959 Ante
3095 4902 3443 4973 reproborum
3493 4903 3639 4957 enim

2061 5000 2246 5056 oculos
2275 5001 2411 5072 ignis
2434 5006 2675 5068 apparet,
2715 5012 2838 5052 cum
2861 4996 3136 5066 signorum
3166 4993 3451 5048 virtutibus
3476 4992 3636 5049 lucet.

2063 5094 2130 5148 Et
2159 5093 2299 5148 oculi
2329 5092 2467 5162 ejus,
2496 5098 2556 5146 ιιι
2592 5089 2863 5159 palpebra:
2893 5087 3130 5143 diluenti.
3164 5085 3298 5140 Nam
3345 5086 3636 5144 consiliarii

2062 5183 2179 5251 ejus
2204 5184 2257 5238 in
2280 5182 2451 5238 oculis
2473 5180 2843 5250 designantur.
2876 5177 2976 5245 Qui
3022 5184 3168 5231 recte
3211 5176 3482 5247 palpebris
3510 5177 3636 5232 dilu-

2063 5273 2168 5329 culi
2193 5280 2592 5341 comparantur.
2621 5268 2898 5338 Palpebris
2939 5280 3171 5337 namque
3214 5265 3431 5323 diluenti
3461 5276 3642 5323 extre-

2067 5379 2179 5420 mas
2225 5362 2400 5418 noctis
2444 5363 2607 5416 horas
2655 5360 2969 5430 accipimus,
3019 5358 3073 5412 in
3102 5358 3299 5428 quibus
3350 5375 3456 5415 nox
3485 5361 3640 5430 quasi

2065 5458 2252 5516 oculos
2275 5456 2468 5526 aperit,
2500 5454 2627 5508 dum
2654 5461 2896 5508 ventum
2919 5450 3056 5505 lucis
3074 5449 3187 5519 jam
3210 5450 3362 5506 initia
3382 5454 3638 5510 ostendit.

2068 5551 2358 5619 Lacrymas
2390 5546 2609 5616 quidam
2632 5558 2662 5597 a
2676 5541 3005 5598 laceratione
3024 5540 3218 5597 mentis
3236 5550 3427 5612 putant
3447 5543 3637 5607 dictas,

2069 5641 2155 5697 alii
2191 5638 2504 5696 existimant
2540 5634 2687 5700 ideo,
2734 5631 2865 5704 quid
2904 5630 3076 5687 (ἓηεί
3122 5631 3349 5688 darsiria
3394 5630 3639 5707 [dacrya]
