4064 6206
423 251 514 313 llil
1055 249 1116 311 B.
1159 249 1410 314 RABANI
1448 253 1667 310 MAUBI
1703 251 2022 309 ARCHIEP.
2066 248 2374 310 MOGUNT.
2417 243 2700 306 OPEBUM
2738 251 2916 306 PARS
2954 251 3018 306 ll.

3567 254 3672 309 152

411 375 625 422 rorant.
675 363 813 432 Quid
863 364 1007 419 enim
1057 365 1306 436 Iacrymae
1362 380 1426 419 ex
1472 373 1796 433 compuncto
1827 363 1990 418 corde
2017 359 2494 440 Asimplicitatem
2543 367 2704 431 atque
2747 361 3061 431 patientiam
3104 361 3508 431 prtulicnntium
3562 381 3676 422 suae

405 458 592 514 effusae
635 455 848 512 eﬂicere
890 455 1122 524 possint,
1175 456 1412 511 ostendit
1462 455 1730 525 Propheta
1765 455 1986 509 dicens:

410 548 646 603 Fuerunt
691 546 819 600 mihi
843 545 1089 617 lacrymtc
1117 563 1241 601 mea:
1268 564 1426 615 panes
1452 547 1536 602 die
1559 564 1622 600 ac
1648 555 1794 600 nocte
1816 543 1988 616 (Psal.

409 636 546 709 xu).
577 635 814 691 Audiam
857 637 978 697 hoc,
1025 635 1119 705 qui
1154 635 1381 690 Domino
1414 634 1544 690 ﬂere
1570 650 1676 691 non
1711 641 1990 704 appetunt,

403 729 563 800 juges
589 728 858 799 lacrymas
894 742 1001 782 non
1048 725 1304 789 inediam,
1341 724 1432 779 sed
1471 723 1776 778 satietatem
1814 722 1995 793 potius

409 822 674 877 intulisse.
716 821 826 877 Nec
869 819 1179 883 immerito;
1218 817 1344 886 quia
1397 815 1554 872 ﬂetus
1599 815 1687 870 ille
1723 814 1876 870 cibus
1913 822 1997 870 est

410 913 735 977 animarum,
764 910 1136 966 corroboratio
1183 919 1464 972 sensuum,
1509 905 1776 960 absolutio
1803 918 1995 975 pecca-

411 1014 624 1066 torum;
682 1001 904 1057 refectio
963 1001 1246 1064 mentium,
1289 997 1503 1054 lavacra
1531 997 1829 1066 culparum.
1888 994 1994 1051 Sed

412 1111 510 1166 per
576 1096 676 1150 has
725 1095 994 1166 lacrymas
1047 1090 1319 1162 signiﬁcat
1367 1088 1745 1144 afflictionibus
1791 1087 1996 1142 erudiri

407 1203 566 1258 posse
593 1186 866 1258 p0pulum.
912 1185 1063 1240 Diem
1105 1181 1517 1254 prosperitalem
1566 1180 1823 1236 debemus
1847 1178 1990 1234 acci-

408 1291 556 1346 pere,
601 1285 814 1330 noctem
855 1289 986 1328 vero
1050 1271 1346 1327 tristitiam.
1397 1269 1533 1326 Cilia
1583 1277 1710 1324 sunt
1759 1266 1994 1337 tegmina

353 1418 360 1424 .
409 1367 602 1437 quibus
625 1365 1009 1436 cooperiuntur
1033 1361 1170 1418 oculi
1197 1379 1209 1414 :
1239 1369 1294 1415 et
1319 1360 1459 1416 dicta
1485 1359 1627 1424 cilia,
1655 1357 1796 1428 quod
1817 1357 1997 1413 celant

409 1457 930 1527 oculos,tegantque
987 1462 1100 1510 tuta
1151 1452 1415 1508 custodia.
1470 1449 1768 1522 Supercilia
1824 1449 1990 1514 dicta,

409 1550 534 1620 quia
568 1547 843 1618 supposita
880 1557 1009 1602 sunt
1053 1545 1214 1610 ciliis,
1255 1559 1376 1615 quae
1402 1543 1606 1598 idcirco
1650 1541 1772 1617 pilis
1801 1541 1994 1596 vestita

410 1650 559 1706 sunt,
589 1648 649 1694 ut
675 1639 848 1694 oculis
879 1637 1213 1692 munimenta
1259 1633 1616 1706 prmtendant,
1645 1640 1700 1688 et
1742 1631 1992 1687 sudorem

2094 464 2288 504 manus
2329 448 2526 504 virtute
2557 458 2765 515 tenens,
2796 464 2827 503 a
2866 450 3011 504 vitiis
3057 451 3171 506 suis
3215 451 3462 507 carnales
3507 453 3677 510 inter-

2094 538 2246 604 fecit,
2299 547 2353 594 et
2399 537 2620 592 maxilla
2675 539 2730 593 in
2789 549 2986 593 terram
3037 537 3277 610 projects
3332 543 3674 611 postmodum

2095 643 2264 698 aquas
2291 627 2464 682 fudit:
2498 629 2622 698 quia
2655 629 2778 682 data
2809 629 2968 682 morti
3003 630 3418 699 prardicatorum
3445 647 3677 702 corpora
3758 674 3766 682 .

2096 735 2288 790 magna
2327 719 2540 790 populis
2570 728 2938 774 n'innstravere
2977 720 3258 776 miracula.
3300 721 3452 789 Quod
3494 733 3676 778 autem

2097 813 2150 866 in
2173 811 2388 866 Psalmo
2415 812 2680 881 scriptmn
2708 806 2830 866 est:
2889 812 3065 867 Nolite
3114 813 3234 883 ﬁeri
3286 816 3418 870 sicut
3441 833 3604 888 equm
3625 828 3676 874 et

2095 898 2291 964 mulus,
2321 900 2376 952 in
2416 899 2603 970 quibus
2632 916 2735 953 non
2763 907 2838 954 est
2864 900 3152 956 intellectus
3173 917 3192 954 :
3215 903 3270 957 in
3307 903 3456 972 freno
3483 915 3532 960 et
3551 907 3679 962 cha-

2095 1008 2180 1046 mo
2205 991 2452 1046 maxillas
2480 1008 2659 1046 eorum
2683 994 2977 1064 constringe
3003 991 3176 1064 (Psal.
3201 996 3374 1068 xxxr),
3405 995 3528 1054 ideo
3547 1013 3678 1069 ergo

2096 1084 2214 1139 istae
2252 1084 2686 1153 comparationes
2740 1093 2866 1138 sunt
2913 1086 3125 1154 positae,
3169 1087 3296 1156 quia
3345 1103 3518 1158 equus
3561 1091 3679 1146 sine

2095 1177 2423 1232 discretione
2465 1175 2693 1230 sessoris
2719 1177 2886 1230 servit
2925 1177 3173 1242 arbitrio,
3219 1188 3276 1233 et
3297 1194 3327 1233 a
3355 1195 3680 1250 quocunque

2093 1267 2256 1322 fuerit
2277 1282 2556 1332 ascensus,
2583 1267 2842 1322 excurrit.
2886 1267 3059 1323 Mulus
3086 1278 3265 1322 autem
3293 1271 3563 1339 patienter
3588 1285 3674 1326 ac-

2092 1357 2225 1428 cipit
2249 1357 2515 1423 sarcinas,
2567 1358 2764 1427 quibus
2811 1357 2974 1422 fuerit
2999 1367 3294 1414 oneratus:
3349 1368 3405 1413 et
3432 1377 3528 1430 pro
3577 1362 3682 1416 hoc

2093 1451 2309 1522 utrique
2334 1450 2664 1506 intellectum
2709 1465 2814 1505 non
2853 1451 3076 1516 habent,
3101 1451 3227 1521 quia
3258 1467 3358 1506 nec
3385 1452 3474 1507 ille
3509 1452 3676 1523 eligit,

2093 1542 2179 1596 cui
2204 1541 2462 1606 obediat;
2490 1556 2590 1596 nec
2617 1541 2720 1596 iste
2748 1539 2904 1610 cujus
2939 1543 3198 1598 oneribus
3235 1543 3548 1614 ingravetur
3601 1545 3682 1600 in-

2094 1631 2306 1702 telligit.
2337 1631 2596 1686 Prohibet
2619 1647 2750 1702 ergo
2773 1630 3148 1700 hujuscemodi
3185 1632 3430 1688 homines
3465 1633 3684 1688 diaboli-

410 1751 440 1791 a
468 1734 645 1805 capite
682 1729 1004 1787 deﬂuentem
1033 1728 1322 1800 depellant.
1366 1725 1696 1782 lntercilium
1733 1739 1866 1780 vero
1909 1731 1993 1778 est
2021 1733 2067 1792 Β
2096 1722 2174 1778 cis
2203 1720 2482 1777 fraudibus
2517 1722 2766 1788 insideri,
2810 1730 2866 1776 et
2889 1722 3141 1778 vitiorum
3169 1725 3421 1780 oneribus
3447 1742 3683 1798 przcgra-

410 1825 646 1880 medimn
671 1822 798 1878 illud
827 1822 969 1876 inter
995 1820 1120 1876 cilia
1151 1826 1204 1874 et
1225 1817 1536 1888 supercilia,
1559 1816 1702 1886 quod
1723 1815 1842 1870 sine
1869 1813 1994 1885 pilis

410 1925 512 1972 est.
540 1915 678 1982 Quid
702 1912 986 1984 supercilia
1018 1909 1322 1982 signiﬁcent
1367 1908 1615 1978 superius
1639 1906 1842 1961 dictum
1870 1912 1953 1958 est
1977 1921 1990 1956 :

412 2007 500 2062 tibi
531 2022 629 2075 per
663 2005 1027 2075 lcgislatorem
1053 2002 1107 2056 in
1136 2000 1486 2063 mundatione
1526 1998 1726 2068 leprosi
1767 1996 1882 2051 radi
1909 1996 1996 2066 jn-

410 2095 606 2152 bentur
655 2093 834 2164 capilli
887 2091 1100 2162 capitis,
1153 2090 1428 2158 barbaque
1473 2095 1530 2144 et
1581 2085 1889 2156 supercilia,
1940 2092 1998 2140 et

407 2184 586 2241 omnis
637 2183 778 2254 pilus
819 2181 911 2253 qui
943 2182 997 2236 in
1027 2193 1252 2250 corpore
1279 2187 1382 2234 est.
1422 2177 1587 2234 Genua
1623 2186 1750 2231 sunt
1777 2175 1996 2230 infcrio-

410 2289 498 2330 res
533 2273 810 2330 oculorum
863 2280 1066 2343 partes,
1114 2271 1258 2325 unde
1308 2269 1490 2324 barbae
1549 2269 1824 2324 inchoant.
1860 2266 1996 2321 Nam

408 2365 579 2420 Grarci
607 2364 833 2435 gcncion
857 2364 1036 2417 barba:
1057 2375 1072 2416 ε
1095 2362 1220 2417 hinc
1240 2376 1411 2432 gente,
1425 2360 1568 2430 quod
1591 2360 1714 2414 inde
1737 2359 1996 2430 incipiant

409 2458 556 2529 gigni
601 2456 799 2510 barbae.
831 2454 889 2509 In
931 2455 1083 2524 genis
1109 2467 1240 2524 ergo
1285 2451 1575 2522 aliquando
1613 2451 1868 2516 virtutes,
1900 2449 1998 2504 ali-

410 2547 628 2617 quando
678 2545 953 2616 spiritales
990 2552 1170 2613 patres
1221 2543 1379 2612 juxta
1427 2541 1742 2612 allegoriam
1792 2539 1998 2609 signiti-

407 2645 625 2694 cuntur.
653 2634 787 2690 Nam
833 2634 1040 2705 Sponsa
1080 2634 1146 2689 de
1171 2632 1384 2704 Spouso
1413 2633 1467 2687 in
1511 2631 1736 2688 Cantica
1759 2630 1998 2686 cantico—

410 2745 532 2784 rum
557 2729 722 2784 dicit:
767 2725 925 2782 Getice
948 2727 1092 2782 illius
1130 2727 1266 2780 sicut
1305 2724 1498 2780 areola:
1543 2733 1839 2780 aromatum
1868 2740 1992 2777 con-

409 2821 524 2874 sita:
547 2836 577 2874 a
605 2819 965 2890 pigmentariis
995 2815 1172 2889 (Cant.
1194 2815 1272 2889 v).
1312 2817 1371 2872 lu
1397 2816 1549 2888 genis
1571 2815 1870 2871 Salvatoris
1900 2830 1997 2870 no-

411 2911 534 2977 stri,
566 2903 684 2980 ejus
712 2910 994 2974 modestia,
1030 2909 1228 2981 pietas,
1253 2908 1414 2964 simul
1441 2917 1496 2964 et
1523 2909 1786 2964 severitas
1814 2907 1996 2978 expri-

413 3003 598 3057 mitur.
627 3001 836 3056 Areolae
873 3009 1196 3066 aromatum,
1226 2999 1458 3055 virtutes
1483 3007 1538 3054 et
1559 2999 1789 3055 dulcedo
1831 3008 1888 3054 et
1915 2997 1994 3053 fa-

2096 1812 2234 1878 vari,
2263 1827 2332 1867 ne
2359 1812 2499 1867 male
2524 1812 2824 1869 obediendo
2841 1815 3108 1884 superbiae
3132 1817 3304 1886 magis
3324 1819 3566 1888 partibus
3589 1820 3684 1873 ad-

2095 1905 2368 1961 dicuntur.
2399 1905 2534 1960 Nam
2573 1905 2717 1976 quod
2747 1906 2844 1972 ait,
2893 1907 2948 1960 in
2997 1907 3167 1977 freno,
3223 1910 3290 1963 ad
3319 1925 3514 1979 equum
3558 1926 3684 1980 per-

2097 2001 2267 2056 tinet:
2301 2001 2514 2054 frenum
2558 1999 2703 2054 enim
2735 2015 2765 2054 a
2806 1997 2983 2054 ferum
3022 2001 3305 2056 retinendo
3339 2002 3541 2056 dictum
3575 2011 3678 2058 est.

2095 2091 2294 2148 Ferum
2327 2093 2525 2162 quippe
2549 2092 2757 2163 antiqui
2780 2092 3048 2148 caballum
3075 2093 3347 2148 dixerunt.
3379 2093 3444 2149 In
3473 2095 3679 2160 chamo,

2096 2182 2164 2237 ad
2207 2183 2414 2238 mulum
2459 2183 2700 2254 respicit.
2742 2182 2960 2238 Maxilla
3009 2197 3139 2239 vero
3182 2184 3509 2240 adminicula
3557 2195 3684 2242 sunt

2097 2271 2412 2326 animalium
2449 2273 2648 2344 quibus
2701 2288 2824 2329 esca
2857 2273 3150 2338 manditur,
3198 2283 3258 2329 ut
3301 2277 3546 2346 corporis
3572 2279 3683 2334 vita

2096 2371 2438 2433 procuretur.
2492 2363 2640 2433 lpsas
2667 2377 2797 2434 ergo
2826 2363 3075 2418 maxillas
3099 2380 3198 2435 per
3219 2364 3444 2434 ﬁguram
3489 2366 3685 2438 allego-

2099 2455 2264 2510 ricam
2292 2454 2422 2510 dicit
2449 2454 2877 2510 inobedieutihus
2907 2456 3105 2510 debere
3142 2455 3463 2526 constringi,
3501 2457 3551 2511 id
3573 2466 3681 2523 est,

2095 2546 2279 2616 copias
2317 2545 2579 2600 victuales
2617 2545 2835 2616 parcius
2862 2545 2999 2610 dari,
3031 2554 3092 2600 ut
3126 2544 3453 2616 jejuniorum
3498 2563 3684 2602 neces-

2096 2636 2255 2691 sitate
2274 2635 2534 2701 conclusi,
2557 2634 2833 2690 Creatoris
2854 2637 3153 2691 subdantur
3177 2637 3422 2707 imperio.
3454 2637 3681 2694 Barbam
3703 2694 3711 2701 ,

2096 2735 2306 2782 veteres
2327 2735 2678 2791 vocaverunt,
2702 2727 2843 2798 quod
2871 2727 3105 2780 virorum
3126 2727 3217 2790 sit,
3241 2743 3348 2784 non
3372 2727 3678 2784 mulierum.

2096 2818 2272 2875 Barba
2299 2828 2477 2876 autem
2509 2819 2780 2890 signiﬁcat
2823 2818 3094 2889 apostolos
3129 2819 3214 2874 vel
3257 2821 3581 2890 apostolicos
3604 2822 3681 2876 vi-

2098 2927 2208 2966 ros.
2241 2911 2396 2966 Unde
2421 2919 2504 2965 est
2535 2910 2664 2965 illud
2687 2929 2699 2964 :
2725 2908 2872 2965 Sicut
2903 2921 3224 2980 unguentum
3252 2913 3306 2965 in
3331 2914 3514 2982 capite,
3539 2913 3679 2984 quod

2097 3002 2360 3056 descendit
2390 3002 2444 3054 in
2470 3001 2685 3054 barbam
2734 3001 2936 3066 Aaron,
2984 3001 3124 3072 quod
3163 3000 3425 3056 descendit
3451 3002 3506 3056 in
3531 3019 3680 3056 oram

416 3107 503 3149 ma
547 3093 729 3165 gloria:
768 3093 887 3164 ejus
945 3091 1275 3163 designatur.
1307 3090 1660 3163 Pigmentarii
1691 3105 1822 3146 vero
1866 3105 1993 3162 pro-
2019 3077 2065 3140 C
2096 3093 2383 3148 vestimenti
2406 3092 2521 3159 eius
2549 3089 2720 3162 (Psal.
2744 3089 2974 3162 cxxxn).
3002 3089 3232 3145 Barbam
3254 3091 3516 3161 siquidem
3544 3093 3682 3148 bene

409 3187 584 3256 phetm
613 3193 739 3241 sunt
778 3192 834 3240 et
879 3182 1137 3254 apostoli,
1179 3190 1234 3238 et
1261 3183 1354 3253 qui
1395 3182 1576 3237 futura
1607 3182 1998 3238 incarnationis

407 3275 527 3345 ejus
557 3289 754 3330 arcana
803 3272 1195 3344 patefecerunt.
1241 3269 1374 3326 Item
1423 3271 1668 3342 Sponsus
1695 3270 1761 3324 de
1787 3269 1996 3339 Sponsa

411 3367 580 3422 dicit:
629 3365 820 3419 Cortex
869 3363 998 3418 ntali
1045 3362 1241 3434 punici,
1291 3377 1436 3432 gena:
1465 3372 1572 3415 tua:
1607 3361 1797 3430 absque
1827 3358 1996 3414 oculis

411 3461 516 3512 tuis
539 3454 717 3528 (Cant.
740 3457 838 3528 vr).
865 3454 1032 3511 Cena:
1073 3462 1278 3509 sancite
1322 3451 1590 3522 spiritales
1634 3459 1760 3505 sunt
1783 3449 1994 3515 Patres,

413 3549 502 3619 qui
525 3547 814 3604 virtutibus
843 3555 971 3602 sunt
988 3545 1282 3610 mirabiles,
1301 3552 1356 3600 et
1381 3544 1620 3600 moribus
1639 3541 1994 3606 venerabiles,

412 3648 467 3695 et
496 3639 549 3693 in
588 3654 750 3694 cruce
801 3637 1004 3694 Christi
1045 3636 1263 3708 gloriari
1315 3651 1422 3690 non
1480 3635 1886 3689 erubescentes.
1933 3632 1998 3686 Et

412 3730 530 3784 lucc
560 3743 752 3799 magna
807 3735 936 3783 sunt
979 3727 1156 3792 valde,
1187 3740 1306 3796 qua:
1354 3727 1642 3792 videntur;
1697 3726 1793 3780 sed
1829 3725 1998 3780 multo

414 3816 640 3886 majora,
665 3829 784 3887 qua:
809 3833 916 3872 non
954 3817 1228 3884 videntur,
1263 3826 1320 3872 et
1367 3817 1421 3872 in
1449 3816 1686 3871 futurum
1715 3831 1996 3871 reservan-

415 3920 504 3963 tur
527 3923 542 3962 :
565 3925 684 3980 qute
713 3907 895 3962 oculus
919 3921 1022 3963 non
1045 3908 1192 3973 vidit,
1218 3923 1311 3963 nec
1347 3909 1494 3962 auris
1529 3907 1752 3974 audivit,
1802 3925 1894 3962 nec
1943 3909 1998 3962 in

413 4021 506 4060 cor
529 4004 754 4059 hominis
783 4003 1034 4069 ascendit,
1081 4019 1200 4074 quae
1231 3994 1546 4074 prtcparaitit
1597 4002 1738 4057 Deus
1785 4001 1866 4056 his
1907 4001 1998 4073 qui

411 4093 641 4165 diligunt
670 4111 788 4148 eum
821 4092 871 4165 (1
903 4091 1030 4148 Cor.
1057 4091 1140 4164 ιι).
1186 4092 1320 4147 Item
1364 4091 1605 4163 Sponsus
1633 4091 1699 4147 ad
1730 4089 1998 4162 Sponsam

413 4183 578 4239 dicit:
621 4182 866 4238 Pulchrae
893 4191 1015 4236 sunt
1042 4198 1186 4254 gente
1213 4191 1340 4248 tua',
1365 4181 1499 4236 sicut
1523 4181 1686 4236 turris
1715 4178 1890 4252 (Cant.
1914 4180 1954 4254 ι)
1979 4201 1992 4235 :

415 4275 519 4329 hoc
553 4282 658 4340 est,
689 4281 839 4328 tanta
871 4283 924 4328 te
953 4273 1286 4329 verecundia:
1317 4272 1572 4328 salutaris
1601 4273 1802 4328 virtute
1840 4273 1998 4328 deco-

415 4363 551 4428 ravi,
585 4371 645 4418 ut
681 4363 988 4419 castitatem
1029 4362 1310 4432 promissa:
1341 4362 1472 4416 mihi
1521 4362 1645 4417 ﬁdei
1690 4363 1835 4417 nulla
1872 4379 1996 4433 pra-

417 4469 607 4509 vorum
639 4455 922 4510 doctorum
950 4455 1265 4510 seductione
1306 4469 1642 4526 corrumpas.
1688 4455 1839 4510 Malas
1869 4465 1994 4511 sunt

411 4544 715 4600 eminentes
740 4543 841 4599 sub
865 4543 1036 4599 oculis
1062 4554 1246 4614 partes
1273 4544 1339 4598 ad
1380 4545 1772 4616 protectionem
1805 4560 1993 4598 eorum

409 4635 732 4705 suppositae;
757 4641 962 4690 vocatae
987 4634 1162 4700 malae,
1194 4635 1307 4689 sive
1330 4634 1472 4704 quod
1499 4633 1638 4689 infra
1659 4634 1846 4691 oculos
1868 4651 1995 4706 pro-

413 4727 621 4782 minent
650 4726 703 4780 in
732 4725 1141 4790 rotunditatem,
1190 4740 1354 4796 quam
1403 4725 1578 4781 Graeci
1628 4727 1769 4782 mela
1816 4728 1996 4798 appel-

411 4818 561 4874 lant:
599 4815 713 4872 sive
762 4815 906 4888 quod
956 4815 1063 4870 sint
1111 4830 1275 4886 supra
1329 4815 1595 4870 maxillas.
1638 4816 1865 4872 Maxilla:
1899 4833 1998 4887 per

411 4911 824 4968 diminutionem
848 4925 880 4965 a
915 4909 1090 4974 malis,
1125 4911 1266 4966 sicut
1289 4909 1520 4981 paxillus
1550 4926 1578 4964 a
1609 4910 1752 4981 palo,
1781 4911 1996 4968 taxillus

412 5020 443 5059 a
467 5003 596 5060 talo.
627 5001 839 5058 Maxilla
869 5015 1000 5074 ergo
1029 5009 1123 5056 aut
1168 5001 1418 5056 doctores
1461 5001 1750 5072 signiﬁcat,
1788 5011 1883 5056 aut
1909 5003 1991 5057 di-

411 5095 694 5165 sciplinam
723 5093 1084 5165 corporalem,
1116 5105 1214 5163 per
1232 5105 1396 5162 quam
1423 5092 1566 5146 bruti
1605 5101 1660 5146 et
1685 5091 1995 5147 inobedien-

411 5197 496 5242 tes
515 5187 980 5257 constringuntur.
1010 5184 1144 5239 Nam
1173 5183 1316 5254 quod
1343 5183 1396 5237 in
1427 5183 1566 5237 libro
1591 5180 1840 5238 Judicum
1865 5183 1997 5238 scri-

407 5285 558 5349 ptum
602 5286 689 5334 est
737 5276 940 5349 (Judic.
971 5274 1064 5349 xv)
1116 5294 1130 5330 :
1183 5273 1416 5330 Samson
1465 5275 1683 5330 maxilla
1732 5275 1866 5329 asini
1904 5275 1990 5328 vel

407 5368 721 5424 mamlibula
764 5369 895 5440 pulli
927 5370 1202 5424 asinorum
1252 5367 1514 5424 delevisse
1552 5377 1608 5424 et
1655 5369 1991 5438 percussisse

407 5457 556 5512 mille
583 5459 750 5525 viros,
778 5461 954 5532 typice
993 5459 1246 5530 exprimit
1273 5468 1454 5530 gestas
1477 5459 1775 5515 Salvatoris
1799 5458 1988 5513 nostri.

405 5547 548 5613 Quid
576 5547 663 5601 hic
688 5563 786 5617 per
813 5549 1086 5602 maxillam
1119 5549 1281 5612 asini,
1314 5548 1415 5602 nisi
1453 5547 1869 5617 praedicatorum
1885 5547 1990 5603 Ec—

399 5637 588 5693 clesiae
613 5653 859 5710 personae
895 5639 1222 5710 signantur?
1256 5638 1585 5708 Redemptor
1610 5637 1753 5693 enim
1783 5647 1990 5702 noster,

2025 4423 2072 4482 D

2098 3186 2326 3241 dicimus
2364 3184 2670 3256 apostolos:
2718 3185 2974 3255 quoniam
2998 3186 3113 3240 haec
3141 3186 3527 3242 robustissima:
3549 3187 3681 3241 viri-

2098 3275 2263 3331 litatis
2290 3277 2548 3331 indicium
2597 3284 2701 3342 est,
2747 3285 2803 3330 et
2846 3275 2951 3330 ﬁxa
2981 3277 3081 3330 sub
3121 3292 3220 3331 suo
3256 3278 3454 3347 capite,
3487 3278 3538 3332 id
3572 3287 3677 3342 est,

2096 3369 2337 3434 Christo,
2365 3377 2694 3439 perseverat.
2721 3367 2901 3423 Multis
2943 3369 3086 3423 enim
3133 3370 3474 3440 passionihns
3498 3371 3680 3426 divino

2097 3477 2324 3516 munere
2345 3461 2635 3530 superatis,
2673 3459 2900 3530 apostoli
2939 3459 3086 3515 viros
3115 3477 3173 3515 se
3212 3461 3679 3517 constantissimus

2097 3567 2195 3622 per
2233 3551 2325 3607 Dei
2370 3552 2596 3623 gratiam
2643 3551 3004 3620 probaverunt
3034 3565 3050 3604 :
3077 3561 3356 3606 servantes
3393 3553 3554 3620 etiam
3597 3567 3679 3606 re-

2097 3643 2266 3714 gulas,
2296 3657 2432 3712 quas
2455 3658 2485 3696 a
2523 3641 2751 3696 Domino
2779 3650 3122 3710 acceperunt,
3156 3643 3256 3696 sub
3291 3658 3388 3697 suo
3417 3645 3679 3698 mansisse

2097 3734 2274 3804 capite
2305 3740 2760 3787 monstraverunt.
2808 3731 2913 3787 Sed
2957 3748 3024 3786 ne
3055 3733 3194 3787 hanc
3235 3731 3457 3787 barbam
3487 3735 3674 3803 cujus--

2097 3840 2311 3894 cunque
2343 3825 2576 3880 hominis
2599 3822 2846 3879 fortassis
2881 3824 3210 3889 adverteres,
3243 3823 3446 3878 adlidit
3472 3824 3676 3887 Aaron,

2097 3917 2188 3988 qni
2216 3915 2416 3972 Christi
2448 3915 2683 3984 speciem
2710 3913 3012 3984 proferens,
3043 3912 3156 3981 jam
3185 3913 3355 3982 ipsum
3399 3913 3450 3966 in
3491 3928 3676 3966 sacer-

2097 4011 2243 4065 dotio
2271 4025 2368 4064 suo
2405 4009 2504 4064 sub
2535 4008 2765 4078 quadam
2813 4007 3046 4078 imagine
3082 4006 3344 4076 gestabat.
3395 4004 3548 4070 Quod
3585 4005 3679 4058 den

2096 4098 2292 4153 scendit
2323 4098 2377 4151 in
2413 4113 2559 4150 oram
2595 4097 2881 4151 vestimenti
2908 4097 3042 4166 ejus.
3091 4095 3198 4151 Ora
3235 4097 3540 4150 vestimenti
3571 4095 3674 4149 Do-

2099 4182 2231 4242 mini
2259 4186 2556 4242 Salvatoris
2602 4185 2938 4256 significatur
2963 4185 3224 4250 Ecclesia,
3255 4187 3380 4257 quia
3408 4201 3578 4256 usque
3605 4187 3672 4240 ad

2096 4279 2466 4334 extremitates
2491 4276 2607 4346 ejus
2631 4277 2908 4332 descendit
2938 4276 3171 4347 Spiritus
3197 4286 3434 4341 sanctus,
3461 4278 3676 4346 quando

2097 4369 2398 4437 baptizatos
2443 4382 2612 4436 usque
2641 4368 2694 4421 in
2736 4368 2897 4421 ﬁnem
2927 4367 3105 4422 saeculi
3154 4368 3536 4422 misericordia:
3564 4384 3677 4422 sua:

2097 4458 2406 4528 dignatione
2443 4457 2765 4512 sanctiﬁcat.
2792 4459 3029 4512 Auribus
3064 4460 3289 4512 inditum
3314 4475 3505 4514 nomen
3529 4477 3557 4514 a
3586 4477 3680 4515 vo—

2095 4549 2250 4604 cibus
2289 4549 2618 4602 hauriendis.
2663 4548 2816 4604 Unde
2852 4557 2907 4603 et
2935 4548 3227 4618 Virgilius:
3268 4549 3554 4622 Vocemrjue
3594 4553 3677 4606 his

2097 4638 2314 4693 auribus
2359 4639 2532 4692 hausi.
2565 4640 2672 4693 Aut
2715 4639 2842 4708 quia
2887 4654 3072 4694 vocem
3133 4641 3303 4710 ipsam
3345 4641 3518 4695 ϐττιξεί
3573 4657 3674 4695 au-

2098 4729 2201 4783 den
2251 4721 2578 4794 vocant,‘ab
2628 4729 2810 4783 auditu
2853 4744 2952 4799 per
2999 4731 3427 4785 immutationem
3458 4731 3674 4798 littertc,

2098 4835 2278 4884 aures,
2307 4820 2463 4889 quasi
2489 4819 2675 4883 audes,
2704 4829 3024 4889 nuncupata:
3073 4827 3215 4874 sunt.
3262 4821 3374 4874 Vox
3413 4821 3556 4874 enim
3585 4837 3673 4875 rc-

2097 4926 2349 4980 percussa
2373 4924 2472 4980 per
2498 4910 2774 4964 anfractus
2799 4925 2984 4964 eorum
3015 4925 3204 4964 sonum
3230 4909 3376 4975 facit,
3416 4925 3524 4980 quo
3553 4925 3677 4964 sen-

2097 5016 2215 5056 sum
2243 5002 2516 5071 excipiant
2542 5001 2812 5056 audiendi.
2846 5001 2950 5055 Per
2977 5017 3136 5056 aures
3170 5002 3312 5054 enim
3341 5007 3422 5070 (ut
3455 4999 3568 5068 jam
3602 5001 3678 5054 di-

2097 5090 2296 5162 ximus)
2324 5091 2548 5162 mystice
2570 5091 2788 5146 auditus
2813 5091 3058 5146 internus
3086 5091 3279 5145 animae
3317 5090 3672 5162 signiﬁcatur,

2097 5182 2211 5236 sive
2234 5182 2536 5235 ohedientia
2581 5182 2635 5236 in
2681 5182 2964 5251 praeceptis
3017 5183 3133 5244 Dei,
3167 5197 3260 5235 seu
3292 5182 3508 5237 auditus
3549 5181 3674 5236 ﬁdei

2097 5273 2180 5328 vel
2211 5273 2530 5328 intellectus.
2582 5273 2734 5329 Unde
2764 5275 3020 5342 scriptum
3056 5282 3140 5328 est
3181 5273 3394 5344 (Matth.
3418 5273 3498 5344 χι)
3524 5292 3536 5328 :
3571 5274 3676 5339 Qui

2097 5365 2248 5418 habet
2273 5380 2426 5419 aures
2451 5366 2720 5430 audiendi,
2745 5365 2946 5424 audiat,
2973 5365 3076 5419 hoc
3103 5373 3184 5419 est
3211 5365 3372 5418 corde
3395 5363 3675 5434 intelligat.

2097 5455 2163 5508 Et
2192 5454 2386 5508 iterum
2419 5455 2472 5508 in
2496 5456 2691 5509 malam
2715 5463 2926 5524 partem
2953 5472 2965 5508 :
3007 5454 3174 5518 Aures
3201 5470 3382 5509 eorum
3424 5470 3674 5524 aggrava,

2097 5561 2160 5600 ne
2210 5545 2342 5615 forte
2388 5547 2606 5600 audiant
2653 5543 2788 5617 (lsa.
2823 5546 2920 5616 vi).
2971 5546 3244 5616 Rogamus
3289 5545 3454 5598 etiam
3507 5544 3678 5598 Deum

2096 5639 2354 5694 exaudire
2380 5653 2570 5708 preces
2597 5647 2830 5694 nostras.
2881 5637 3037 5693 Unde
3062 5645 3141 5692 est
3178 5635 3305 5690 illud
3333 5634 3675 5690 Psalmistsc:
