4064 6206
372 312 480 369 ίόὂ

1382 312 1469 375 DE
1512 314 1855 379 UNIVERSO
1892 320 2069 378 LIBRI
2109 325 2271 381 XXII.
2313 358 2377 368 —
2415 325 2543 384 LIB.
2587 324 2672 385 VI.

3538 334 3639 394 I54

368 423 615 490 Exaudi,
643 425 886 491 Domine,
910 427 1173 496 justitiam
1202 443 1403 491 meam,
1454 431 1661 485 intende
1704 432 1956 503 depreca—
1989 442 2032 497 Α
2061 452 2178 491 sum
2230 438 2529 508 Christum,
2559 442 2649 510 qui
2706 442 2861 497 nobis
2914 459 3065 498 suam
3108 446 3383 515 patrisque
3427 460 3640 506 annuu-

368 513 503 566 tioni
526 531 654 568 mea:
676 513 850 583 (Psal.
881 516 1030 587 xvi);
1073 516 1174 570 hoc
1222 526 1325 580 est,
1355 517 1606 573 clementi
1636 536 1822 589 preces
1861 538 1958 577 no-

367 612 515 655 stras
541 602 755 672 suscipe
781 602 995 657 affectu.
1042 602 1175 657 Nam
1217 605 1497 659 intendere
1530 608 1808 662 oculorum
1850 619 1954 674 est,

368 706 565 760 preces
604 693 895 748 admittere
941 694 1176 748 aurium.
1229 694 1334 749 Sed
1381 694 1501 750 ideo
1541 697 1646 751 ista
1677 700 1839 752 verba
1871 714 1957 753 so-

367 786 511 838 ciata
539 794 708 849 sunt,
756 795 816 840 ut
859 787 1139 840 ambarum
1173 802 1351 841 rerum
1384 804 1522 842 unus
1570 788 1957 860 intelligeretur

365 873 617 928 ell'ectus.
648 875 917 946 Quidquid
944 877 1086 930 enim
1116 876 1202 931 vel
1232 878 1380 932 auris
1412 880 1565 932 audit
1590 919 1605 944 ,
1656 880 1740 933 vel
1769 881 1956 935 oculus

367 965 544 1028 videt,
570 965 654 1019 vel
681 982 874 1019 manus
920 966 1100 1036 palpat
1127 1007 1142 1032 ,
1212 968 1296 1022 vel
1332 983 1451 1037 qua:
1494 968 1708 1039 palatus
1752 980 1951 1041 gustat,

360 1053 449 1107 vel
486 1071 654 1109 nasus
688 1056 978 1118 odoratur,
1018 1056 1127 1110 Deo
1168 1057 1280 1111 sola
1326 1060 1797 1128 contemplationis
1840 1062 1951 1114 vir-

361 1151 479 1197 tute
502 1144 779 1199 notissima
809 1156 955 1201 sunt.
989 1146 1157 1203 Nares
1196 1149 1398 1206 idcirco
1426 1152 1797 1217 nominantur,
1825 1155 1949 1221 quia

358 1251 459 1304 per
484 1253 579 1290 eas
603 1238 683 1290 vel
712 1238 867 1303 odor,
898 1239 982 1291 vel
1028 1240 1249 1309 spiritus
1289 1256 1513 1297 manare
1562 1259 1670 1296 non
1709 1243 1947 1298 desinit:

360 1324 479 1378 sive
498 1326 627 1394 quia
652 1342 749 1380 nos
769 1327 935 1382 odore
965 1328 1274 1393 admonent,
1292 1340 1350 1383 ut
1370 1331 1611 1385 norimus
1634 1331 1859 1399 aliquid,
1885 1349 1946 1388 ac

358 1413 615 1468 sciamus.
646 1414 798 1470 Unde
834 1424 1020 1471 contra
1047 1418 1199 1471 inscii
1243 1433 1308 1473 ac
1360 1419 1520 1474 rudes
1562 1419 1732 1491 ignari
1762 1422 1948 1475 dicun-

359 1513 468 1556 tur.
498 1503 759 1559 Oll'ecisse
794 1506 938 1560 enim
976 1508 1144 1561 scisse
1171 1515 1380 1563 veteres
1421 1509 1691 1564 dicebant.
1734 1510 1790 1564 In
1819 1509 1949 1565 odo-

354 1606 476 1649 ratu
503 1597 649 1651 enim
672 1599 929 1653 discretio
954 1599 1077 1653 boni
1108 1616 1171 1655 ac
1192 1601 1317 1655 mali
1348 1601 1677 1673 designatur.
1706 1602 1762 1657 III
1796 1600 1946 1658 Scri-

353 1700 511 1760 ptura
529 1708 659 1747 vero
684 1708 839 1747 sacra
864 1694 1124 1750 vocabulo
1146 1695 1358 1750 narium
1382 1696 1669 1766 aliquando
1700 1697 1940 1764 fatuitas,

2062 532 2161 583 tiat
2210 532 2559 596 voluntatem,
2610 534 2899 603 aliquando
2957 534 3217 604 Spiritum
3259 549 3519 599 sanctum.
3581 551 3641 599 ut

2057 630 2140 673 est
2174 620 2338 675 illud:
2373 620 2444 676 Os
2491 623 2697 677 Domini
2728 623 2956 677 locutunt
2984 636 3057 678 est
3091 626 3244 697 (lsai.
3282 630 3341 697 t).
3377 629 3638 699 Loquitur

2058 713 2241 781 utique
2270 715 2403 783 ipse,
2442 716 2532 784 qui
2566 715 2706 785 loqui
2735 714 2880 771 facit.
2911 716 3039 771 Nam
3065 721 3311 787 quamvis
3344 721 3515 776 alieno
3542 725 3634 779 mi-

2056 805 2281 858 nisterio
2307 820 2484 860 sermo
2519 807 2898 876 depromatnr,
2940 806 3174 877 Spiritus
3203 820 3423 864 sanctus
3458 820 3636 865 tamen

2055 894 2309 964 loquitur,
2334 896 2485 963 cujus
2523 908 2785 967 prteccpta
2825 897 3129 968 vulgantur,
3167 900 3304 953 sicut.
3353 901 3481 954 dicit
3510 900 3634 954 bea-

2056 993 2140 1038 tus
2166 984 2439 1054 apostolus
2471 984 2699 1039 Petrus:
2735 984 2857 1038 Non
2912 985 3046 1039 enim
3105 1003 3335 1055 unquam
3374 987 3637 1042 voluntate

2051 1075 2283 1129 humana
2313 1075 2475 1129 allata
2497 1087 2569 1129 est
2605 1076 2873 1145 prophetia
2898 1092 2916 1128 :
2945 1075 3034 1129 sed
3065 1074 3265 1146 Spiritu
3290 1087 3470 1131 sancto
3494 1087 3632 1131 atta-

2052 1164 2122 1218 cti
2162 1163 2323 1218 locuti
2367 1175 2485 1219 sunt
2526 1165 2695 1219 sancti
2723 1166 2954 1219 homines
2987 1165 3082 1219 Dei
3104 1165 3189 1237 (ll
3231 1164 3375 1220 Petr.
3427 1167 3486 1237 I).
3525 1164 3634 1221 Ali-

2050 1255 2265 1324 quando
2304 1251 2569 1310 iuteruam
2604 1256 2979 1326 cogitationem
3003 1256 3234 1310 hominis
3272 1259 3534 1321 ostendit,
3576 1267 3636 1312 ut

2050 1354 2132 1399 est
2187 1344 2355 1397 illud:
2393 1344 2463 1399 Os
2514 1347 2648 1414 Justi
2706 1345 3041 1399 meditabitur
3091 1346 3396 1416 sapientiam
3441 1345 3631 1417 (l’sal.

2049 1433 2255 1504 χχχιιι).
2283 1433 2398 1488 Non
2440 1435 2584 1487 enim
2610 1431 2762 1499 dicit,
2794 1432 3075 1489 meditatur
3096 1474 3111 1499 ,
3156 1418 3250 1490 scd
3279 1437 3629 1505 meditabitur,

2047 1525 2113 1580 de
2156 1525 2351 1580 futuro.
2385 1526 2456 1583 Os
2487 1528 2574 1581 hic
2626 1528 3004 1597 cogitationem
3036 1528 3292 1582 debemus
3343 1530 3627 1599 accipere:

2047 1618 2171 1686 quia
2202 1619 2265 1672 de
2303 1620 2481 1688 lingua
2511 1620 2778 1689 sequitur,
2809 1617 2937 1689 quid
2985 1617 3252 1689 loquatur.
3290 1619 3635 1677 Meditabitur

2045 1724 2172 1778 ergo
2198 1709 2537 1779 sapientiam,
2565 1726 2668 1764 non
2693 1708 3097 1779 Scripturarum
3122 1710 3368 1775 lectione,
3396 1713 3489 1766 sed
3512 1729 3630 1767 ρον.

350 1783 645 1851 aliquando
698 1785 909 1853 antiqui
957 1786 1127 1840 hostis
1175 1787 1471 1857 instigatio,
1505 1787 1790 1857 aliquando
1818 1804 1934 1843 verc

2048 1800 2130 1856 dis
2159 1805 2443 1872 purissima
2474 1805 2696 1859 visione.
2736 1806 2807 1860 Ibi
2838 1806 2981 1860 enim
3009 1822 3114 1860 non
3148 1804 3339 1863 litteris
3369 1810 3630 1878 sapientia

349 1875 694 1942 pnescieutia
724 1874 859 1929 solet
889 1873 1128 1946 intelligi.
1173 1874 1403 1931 Naribus
1435 1892 1666 1947 namque
1724 1876 1943 1933 fatuitas

348 1963 667 2033 designatur
691 1965 949 2029 scienti-.c,
981 1973 1039 2019 ut
1076 1967 1321 2034 superius
1346 1965 1634 2021 Salomone
1654 1975 1942 2022 attestantc

346 2054 652 2118 docuimus,
681 2055 771 2124 qui
823 2056 937 2108 ait:
978 2049 1221 2109 Circulus
1257 2073 1447 2109 aureus
1481 2057 1536 2109 in
1571 2054 1784 2111 naribus
1809 2057 1937 2122 suis,

347 2145 540 2197 mulier
573 2144 793 2214 pulchra
817 2155 863 2198 et
907 2147 1055 2214 fatua
1084 2142 1265 2217 (Prov.
1307 2147 1408 2219 XI).
1458 2144 1676 2202 Narium
1725 2150 1940 2204 nomine

345 2235 667 2291 exhalantes
694 2237 900 2291 insidim
929 2248 1088 2307 atque
1120 2237 1392 2308 instigatio
1417 2239 1623 2309 antiqui
1649 2240 1819 2294 hostis
1841 2256 1936 2296 ac-

343 2326 570 2394 c'pitur,
596 2327 741 2396 quod
770 2328 823 2381 in
846 2328 984 2382 libro
1008 2324 1108 2384 Job
1134 2328 1200 2383 de
1230 2328 1320 2382 illo
1350 2329 1607 2384 Dominus
1628 2339 1936 2395 attestatur,

344 2417 575 2471 dicens:
610 2417 688 2471 De
714 2419 927 2472 naribus
979 2417 1092 2488 ejus
1145 2420 1377 2490 procedit
1410 2418 1586 2488 fumus
1618 2420 1759 2491 (Job.
1790 2422 1934 2493 xu);

344 2524 410 2562 ac
436 2510 481 2564 si
539 2510 724 2566 dicat:
761 2511 835 2566 De
884 2529 1123 2582 perversa
1164 2512 1559 2584 investigatione
1595 2513 1739 2569 illius
1767 2517 1819 2569 in
1842 2514 1939 2572 hu-

343 2599 520 2653 manis
549 2600 794 2655 cordibus
816 2600 984 2670 caligo
1022 2603 1351 2673 nequissima:
1396 2604 1723 2673 cogitationis
1746 2606 1934 2676 surgit,

342 2708 437 2763 per
451 2709 612 2763 quam
632 2692 911 2746 videntium
935 2694 1071 2747 oculi
1096 2695 1470 2749 tenebrescant.
1493 2695 1548 2749 In
1569 2696 1789 2750 naribus
1805 2712 1937 2766 quu-

339 2798 451 2854 que
483 2784 824 2853 praescicntia
851 2784 1183 2855 designatur,
1207 2786 1345 2839 sicut
1376 2801 1471 2855 per
1501 2785 1823 2857 Prophetam
1856 2787 1937 2840 di-

339 2872 489 2927 citur
515 2891 529 2926 :
559 2868 821 2937 Quiescite
867 2877 931 2926 ob
966 2873 1193 2939 homine,
1230 2876 1382 2944 cujus
1411 2875 1628 2944 spiritus
1656 2885 1729 2929 est
1761 2877 1815 2929 in
1838 2893 1934 2928 na-

341 2965 490 3018 ribus
513 2973 665 3033 ejus:
701 2966 825 3036 quia
852 2964 1082 3019 excelsus
1136 2976 1403 3036 reputatus
1442 2974 1516 3020 est
1542 2966 1650 3037 ipse
1683 2966 1816 3037 (Isa.
1847 2966 1929 3038 ιι).

342 3048 724 3124 Redemptoris
749 3070 878 3125 ergo
901 3055 1070 3109 nostri
1097 3056 1318 3125 Spiritus
1343 3071 1461 3112 esse
1487 3057 1541 3111 iu
1573 3057 1791 3111 naribus
1817 3055 1932 3127 ejus

2043 1894 2333 1963 colligitur,
2366 1897 2698 1976 sed‘cmlcsti
2747 1895 2994 1967 largitate
3035 1897 3365 1951 inelaborata
3408 1912 3631 1967 ῃιςιξδιτιο

2040 1996 2144 2040 tur.
2186 1986 2445 2041 Similiter
2481 2003 2541 2041 os
2573 1988 2622 2041 in
2650 1988 2976 2041 contrariam
3020 1999 3225 2056 partem
3273 1989 3507 2056 ponitur,
3534 1988 3623 2041 ubi

2040 2079 2106 2131 ad
2142 2091 2482 2148 peccanrem
2516 2074 2747 2132 dicitur:
2782 2074 2854 2133 Os
2881 2089 3027 2130 tuum
3055 2078 3333 2131 abundavit
3367 2080 3624 2147 nequitia,

2038 2178 2083 2221 et
2110 2166 2287 2236 lingua
2310 2177 2401 2220 tua
2424 2166 2644 2221 concinn
2665 2166 2750 2221 ivit
2797 2166 2975 2221 dolum
3000 2164 3171 2238 (Psal.
3205 2167 3375 2237 XLIX).
3407 2168 3479 2223 Os
3528 2183 3627 2237 pro

2038 2256 2222 2310 dolosa
2253 2256 2574 2326 cogitatione
2607 2256 2841 2326 positum
2876 2263 2995 2320 est,
3043 2265 3097 2310 et
3144 2254 3325 2326 lingua
3368 2272 3467 2326 pro
3492 2256 3626 2313 falsa

2038 2345 2360 2408 laudatione,
2388 2347 2471 2401 vel
2501 2347 2724 2401 consilio
2753 2347 3005 2418 maligno.
3028 2345 3101 2401 Os
3145 2346 3342 2401 locutio
3367 2346 3504 2401 bona
3536 2349 3621 2402 vel

2037 2437 2197 2502 mala,
2230 2449 2289 2491 ut
2317 2438 2368 2491 iu
2409 2437 2699 2509 Evangelio
2729 2458 2741 2491 :
2774 2438 2857 2493 Ea:
2896 2438 3058 2492 verbis
3086 2439 3190 2492 tuis
3222 2438 3620 2508 justi/ieaberis,

2036 2541 2082 2581 et
2111 2544 2175 2581 ετ
2205 2529 2366 2582 verbis
2416 2530 2519 2582 tuis
2562 2529 2986 2583 condemnaberis
3036 2528 3250 2599 (Matth.
3330 2530 3451 2600 XII).
3509 2530 3623 2585 Ali-

2036 2619 2250 2689 quando
2277 2635 2403 2674 vero
2439 2634 2501 2674 os
2530 2620 2747 2690 ponitur
2784 2637 2880 2689 pro
2903 2621 3033 2690 ipsis
3056 2620 3255 2684 verbis,
3284 2629 3342 2674 ut
3380 2630 3462 2675 est
3487 2620 3615 2674 illul

2038 2709 2088 2762 in
2129 2711 2478 2781 Apocalypsi:
2508 2709 2574 2762 Et
2608 2713 2661 2764 in
2689 2726 2778 2764 ore
2819 2711 3073 2781 ipsorum,
3102 2712 3204 2766 hoc
3235 2718 3337 2775 est,
3367 2712 3417 2765 in
3443 2712 3624 2767 verbis

2034 2818 2241 2867 eorum,
2267 2819 2368 2855 non
2388 2811 2461 2855 est
2485 2800 2721 2855 auditum
2751 2802 3078 2855 mendacium
3104 2801 3285 2872 (Apoc.
3318 2800 3451 2871 Inv).
3484 2801 3547 2855 Et
3570 2800 3621 2855 in

2034 2890 2239 2960 psalmo
2267 2908 2280 2945 :
2307 2889 2378 2944 Os
2419 2908 2588 2943 meum
2616 2890 2855 2961 loquetur
2887 2892 3198 2959 sapientiam
3226 2932 3241 2955 ,
3280 2901 3324 2945 et
3356 2891 3620 2944 meditatio

2032 2980 2204 3034 cordis
2229 2981 2329 3033 mei
2360 2981 2689 3050 prudentiam
2728 2977 2898 3052 (Psal.
2924 2983 3134 3052 XLVIII).
3182 2980 3457 3051 Sapientia
3495 2998 3618 3051 per—

2034 3070 2171 3125 tinet
2218 3071 2282 3124 ad
2336 3081 2447 3125 tres
2494 3072 2701 3126 divinas
2755 3073 2857 3126 edo
2890 3073 3085 3136 endas,
3117 3074 3401 3142 prudentia
3439 3074 3503 3127 ad
3535 3089 3621 3129 res

342 3145 543 3199 dicitur
570 3163 583 3197 :
620 3151 677 3199 ut
705 3144 951 3199 videlicet
977 3142 1198 3199 scientia
1243 3144 1384 3200 illius
1415 3162 1536 3200 esse
1560 3142 1612 3199 in
1641 3146 1930 3215 prrescien-

2037 3164 2340 3232 probabiles
2389 3163 2764 3218 instituendas.
2817 3162 2908 3217 Sic
2954 3165 3131 3219 oainis
3184 3180 3361 3219 sermo
3407 3165 3620 3219 divinus

342 3235 416 3287 tia
448 3233 782 3305 designetur.
824 3233 929 3287 Per
981 3248 1138 3289 nares
1168 3234 1454 3304 aliquando
1490 3234 1697 3289 insidia:
1724 3236 1927 3305 antiqui

339 3325 533 3378 bustis.
558 3322 695 3377 Nam
725 3324 776 3377 in
800 3323 1023 3379 Cantico
1048 3326 1382 3378 canticorum
1412 3320 1652 3392 Sponsus
1675 3324 1738 3377 ad
1765 3323 1931 3393 Spon-

338 3431 457 3469 sam
491 3412 626 3468 dicit
652 3429 667 3466 :
706 3413 881 3468 Nasus
912 3424 1033 3469 tuus
1055 3416 1189 3469 sicut
1218 3417 1379 3470 turris
1395 3414 1584 3470 Libani
1613 3414 1925 3487 (Cant.vII).

338 3505 396 3558 In
432 3521 568 3560 naso
596 3504 745 3559 verbi
793 3505 886 3559 Dei
920 3506 1339 3575 dispensatores,
1372 3523 1535 3562 causa
1564 3507 1927 3573 discretionis,

338 3596 725 3665 designantur;
750 3596 936 3661 turris,
980 3598 1103 3666 quia
1132 3598 1617 3652 eminentissimum
1647 3599 1821 3653 locum
1847 3608 1927 3653 te-

338 3701 470 3742 nent
510 3688 563 3742 in
598 3685 859 3745 Ecclesia.
905 3690 1035 3744 Item
1080 3692 1132 3745 in
1162 3692 1384 3748 naribus
1432 3694 1758 3762 spiraculum
1805 3695 1927 3750 ﬁdei

336 3779 716 3847 lunatumque
764 3780 1020 3835 virtutum
1055 3783 1407 3850 exprimitur,
1457 3796 1514 3838 ut
1564 3794 1649 3839 est
1697 3785 1825 3840 illud
1875 3787 1927 3841 in

337 3863 438 3919 Job
463 3886 476 3920 :
513 3868 745 3937 Spiritus
766 3869 972 3924 divinus
999 3871 1052 3925 in
1076 3871 1287 3925 naribus
1316 3874 1441 3927 meis
1469 3873 1610 3944 (Job.
1641 3876 1770 3947 xu).
1796 3876 1927 3932 Item

336 3960 392 4013 in
439 3961 640 4015 malam
672 3974 879 4030 parIem
927 3964 1138 4017 narium
1189 3966 1422 4019 trahitur
1464 3966 1809 4036 signiﬁcatio,
1839 3970 1927 4023 ubi

339 4046 606 4106 Dominus
645 4051 712 4105 de
743 4051 1037 4106 Leviatban
1065 4054 1130 4108 ad
1150 4053 1251 4109 Job
1293 4054 1504 4110 locutus
1543 4057 1653 4110 ait:
1686 4057 1758 4111 De
1791 4060 1931 4111 nari-

336 4144 430 4193 bus
457 4141 577 4210 ejus
612 4141 842 4203 procedit
875 4142 1048 4210 fumus
1080 4141 1223 4213 (Job.
1276 4140 1406 4211 xu),
1460 4144 1511 4197 id
1560 4153 1663 4209 est,
1690 4146 1922 4200 diaboli:

336 4231 461 4299 quia
495 4230 563 4283 de
606 4230 985 4283 miraculorum
1036 4231 1245 4287 insidiis
1290 4234 1357 4288 ad
1404 4244 1731 4288 momentum
1764 4236 1927 4289 etiam

336 4322 636 4391 caliginosa
664 4322 911 4376 dubietas
959 4332 1267 4393 generatur.
1309 4324 1445 4379 llizic
1476 4340 1688 4380 rursum
1720 4327 1785 4380 de
1829 4327 1927 4380 Be-

336 4410 561 4465 liemotlt
582 4412 693 4464 ait:
719 4409 779 4464 lu
807 4412 1023 4465 sudibus
1048 4412 1335 4482 perforabts
1360 4431 1511 4469 nares
1532 4415 1663 4485 ejus.
1683 4416 1817 4482 Quid
1834 4433 1930 4485 per

2032 3252 2237 3307 duabus
2271 3252 2354 3306 his
2383 3252 2673 3306 virtutibus
2709 3252 2995 3306 indicatur.
3042 3253 3204 3307 Labia
3256 3269 3285 3307 a
3335 3253 3619 3306 lambendo

2032 3344 2329 3397 nominata.
2389 3342 2540 3408 Quod
2565 3352 2743 3397 autem
2788 3344 3036 3412 superilts
3083 3350 3197 3408 est,
3243 3343 3439 3395 (obium
3487 3343 3621 3397 dici-

2032 3449 2149 3488 mus
2182 3452 2193 3485 :
2243 3433 2386 3502 quod
2425 3432 2669 3498 inferius,
2703 3450 2767 3487 eo
2810 3435 2951 3504 quod
2980 3434 3219 3505 grossius
3264 3434 3352 3498 sit,
3390 3434 3615 3487 labrum.

2029 3525 2132 3578 Alii
2165 3525 2399 3578 virorum
2454 3524 2637 3588 labra,
2687 3524 2973 3578 mulierum
3013 3524 3154 3579 labia
3197 3523 3400 3580 dicunt.
3452 3524 3617 3578 Labia

2032 3616 2316 3686 aliquando
2346 3631 2444 3685 pro
2486 3616 2700 3670 occulto
2726 3616 2906 3680 verbo,
2939 3603 3226 3686 aliquando
3267 3631 3367 3686 pro
3396 3613 3619 3669 manile-

2030 3716 2113 3762 sto
2136 3717 2423 3777 ponuntur.
2468 3706 2573 3761 Pro
2594 3707 2824 3772 occulto,
2859 3715 2918 3760 ut
2960 3717 3045 3761 est
3086 3706 3219 3759 illud
3268 3705 3612 3760 Salomonis:

2032 3797 2194 3851 Labia
2235 3798 2371 3867 justi
2400 3797 2730 3851 considerant
2775 3796 2991 3868 placita,
3019 3805 3064 3850 et
3095 3812 3148 3849 os
3176 3796 3452 3864 impiorum
3497 3810 3612 3862 per-

2028 3904 2176 3941 versa
2206 3886 2386 3959 (Prov.
2426 3886 2502 3957 x).
2533 3886 2637 3940 Pro
2669 3885 2956 3940 manifesto
2981 3894 3183 3946 autem,
3205 3895 3265 3937 ut
3286 3891 3369 3937 est
3397 3882 3525 3936 illud
3558 3882 3610 3935 in

2029 3973 2242 4032 Psalmo
2273 3992 2288 4030 :
2315 3974 2479 4029 Labia
2505 3992 2618 4029 mea
2641 3975 2932 4029 laudabunt
2962 3984 3008 4027 te
3038 3970 3208 4044 (Psal.
3260 3971 3427 4041 an).
3478 3970 3612 4023 Item

2029 4067 2082 4122 in
2110 4066 2335 4122 Cantico
2385 4067 2716 4121 canticorum
2751 4063 3097 4133 Sponsusal
3142 4061 3407 4132 Sponsam
3438 4061 3568 4115 dicit
3598 4079 3609 4112 :

2030 4155 2177 4210 Sicut
2234 4158 2357 4208 vitta
2405 4157 2642 4209 coccinea
2670 4194 2684 4219 ,
2735 4153 2873 4207 labia
2918 4163 3049 4205 tua:
3093 4163 3139 4205 et
3169 4152 3430 4221 eloquium
3463 4160 3611 4203 tuum

2027 4245 2178 4299 du.'ce
2204 4243 2378 4319 (Cant.
2410 4246 2504 4315 Iv).
2533 4244 2674 4298 Vitta
2701 4243 2950 4298 coccinea
2980 4242 3225 4296 doctrina
3256 4241 3503 4295 Veritatis
3532 4242 3613 4294 in-

2031 4336 2304 4406 telligitur.
2364 4334 2528 4388 Labia
2557 4348 2763 4403 sponsa:
2816 4347 2979 4387 cocco
3023 4332 3430 4396 assimilantur,
3484 4333 3609 4401 quia

2029 4424 2239 4478 Domini
2271 4422 2569 4493 sanguinis,
2597 4437 2703 4490 quo
2750 4421 3022 4490 redempta
3060 4429 3162 4483 est,
3205 4422 3435 4491 pretium
3470 4437 3610 4490 pra:-

337 4499 522 4564 sades,
552 4499 659 4554 nisi
691 4509 846 4554 acuta
877 4501 1101 4555 consilia
1130 4512 1462 4570 sanctorum,
1492 4521 1612 4574 quae
1642 4505 1799 4574 hujus
1830 4506 1928 4560 Be-
1962 4491 2007 4548 θ
2031 4517 2212 4570 dicare
2242 4529 2346 4569 non
2377 4491 2553 4568 cessat
2576 4511 2837 4577 Ecclesia,
2865 4513 2948 4566 vel
2979 4511 3105 4581 quia
3148 4511 3460 4581 pmdicaiio
3487 4527 3613 4567 san-

338 4591 559 4645 bcmoth
591 4608 749 4646 nares
777 4592 1077 4661 perforant,
1110 4595 1236 4647 dum
1264 4596 1640 4666 sagacissimus
1660 4596 1774 4664 ejus
1802 4598 1931 4652 insi-

336 4686 454 4739 dias
484 4694 538 4738 et
574 4685 844 4755 vigilando
878 4685 1317 4754 circumspiciunt
1343 4694 1399 4740 et
1426 4689 1727 4757 superando
1750 4696 1927 4743 trans-

335 4777 543 4848 ﬁgant?
582 4778 708 4831 Sive
739 4777 906 4846 ipsius
943 4777 1106 4831 verba
1152 4777 1362 4831 Domini
1409 4780 1571 4833 sudes
1609 4788 1766 4843 sunt,
1811 4779 1928 4847 qui-

336 4871 436 4924 bus
473 4870 769 4923 Bcliemotli
819 4882 979 4921 nares
1027 4867 1407 4937 pet-forantur?
1430 4869 1534 4934 Qui
1591 4884 1710 4922 cum
1755 4869 1922 4922 Deum

336 4961 681 5015 incarnatum
705 4973 823 5013 csse
866 4958 1157 5023 dubitaret,
1184 4958 1285 5012 hoc
1316 4973 1381 5011 ex
1426 4958 1609 5027 petitis
1651 4958 1925 5011 miraculis

337 5050 597 5102 tentando
625 5062 952 5118 cognoscere
976 5047 1164 5111 voluit,
1182 5047 1367 5101 dicens
1391 5062 1403 5099 :
1438 5045 1500 5100 Si
1525 5044 1696 5099 Filius
1732 5046 1824 5100 Dei
1845 5065 1920 5111 es,

334 5141 418 5193 die
447 5150 501 5193 ut
524 5138 729 5209 lapides
758 5140 845 5192 isti
893 5155 1051 5209 panes
1074 5139 1204 5207 ﬁant
1237 5137 1451 5209 (Matth.
1497 5137 1591 5208 Iv).
1629 5137 1733 5192 Sed
1764 5153 1793 5190 a
1822 5138 1924 5191 Do—

333 5229 480 5283 mino
493 5228 703 5283 audivit
724 5230 905 5283 haec...
924 5235 979 5282 et
1004 5228 1089 5282 his
1110 5227 1499 5281 sententiarum
1518 5227 1635 5296 ejus
1663 5228 1926 5281 acumini-

334 5323 431 5376 bus
458 5321 735 5394 indagatio
764 5321 972 5391 antiqui
996 5320 1165 5374 lIostis
1186 5319 1429 5389 perculsa
1469 5330 1571 5374 est.
1598 5320 1671 5375 Os
1696 5321 1919 5385 dictum,

331 5411 473 5480 quod
500 5425 603 5481 per
630 5411 841 5481 ipsum,
895 5410 1046 5480 quasi
1076 5424 1171 5479 per
1191 5410 1412 5473 ostium,
1444 5420 1498 5463 et
1542 5410 1689 5463 cibos
1744 5408 1919 5463 intro-

331 5500 618 5565 mittimus,
638 5512 694 5555 et
720 5511 934 5570 sputum
962 5500 1104 5555 foras
1134 5499 1447 5570 projicimus
1472 5517 1484 5551 :
1516 5499 1594 5553 vel
1622 5499 1748 5567 quia
1780 5498 1920 5553 unde

332 5585 712 5659 ingrediuntur
766 5590 904 5655 cibi,
964 5590 1088 5645 inde
1124 5591 1473 5661 egrediuntur
1517 5604 1811 5644 sermones.
1849 5589 1919 5644 Os

329 5678 620 5751 Iliquando
681 5680 951 5751 signiﬁcat
992 5681 1165 5751 ipsum
1212 5681 1484 5745 Verbum,
1528 5680 1630 5735 hoc
1675 5689 1777 5744 est,
1827 5678 1919 5735 Je-

2030 4611 2114 4659 cta
2154 4602 2431 4658 charitatis
2482 4601 2672 4655 ardore
2707 4598 3042 4654 ﬂammescit.
3090 4599 3222 4653 Item
3264 4598 3508 4670 Sponsus
3544 4600 3612 4654 de

2029 4709 2220 4763 sponsa
2249 4693 2379 4748 dicit
2406 4710 2418 4745 :
2449 4690 2611 4744 Labia
2640 4690 2783 4744 illius
2832 4689 2945 4744 lilia
2994 4690 3308 4744 distillantia
3344 4691 3610 4760 myrrham

2025 4784 2247 4852 primam
2275 4780 2449 4848 (Cant.
2474 4780 2548 4851 v).
2590 4780 2753 4835 Labia
2774 4779 2940 4845 illius,
2968 4781 3133 4833 verba
3163 4788 3287 4833 sunt
3316 4780 3601 4844 doctrina;

2025 4871 2159 4933 lilia,
2191 4870 2314 4940 quia
2347 4866 2643 4923 claritatem
2678 4868 2826 4938 regni
2862 4868 3100 4922 emlestis
3128 4868 3490 4937 promittunt:
3516 4867 3603 4920 di-

2024 4960 2279 5016 stillantia
2326 4962 2589 5030 myrrham
2639 4961 2905 5029 primam:
2945 4960 3067 5027 quia
3118 4973 3213 5026 per
3237 4965 3605 5025 contemptum

2023 5053 2355 5107 voluntatum
2386 5051 2728 5120 prnsentium
2756 5050 2822 5103 ad
2851 5050 2991 5103 hanc
3035 5048 3453 5117 perveniendum
3482 5061 3607 5102 esse

2021 5143 2333 5212 pnedicant.
2368 5140 2588 5210 Lingua:
2615 5155 2645 5192 a
2675 5138 2892 5209 ligando
2944 5139 3064 5192 cibo
3109 5145 3260 5207 putat
3301 5137 3469 5191 Varro
3507 5151 3602 5189 no-

2024 5249 2146 5287 men
2196 5232 2538 5301 impositum:
2572 5230 2683 5295 alii,
2708 5231 2851 5299 quod
2907 5229 3256 5297 particulatos
3291 5243 3454 5282 sonos
3483 5243 3603 5283 ver-

2024 5322 2212 5375 borum
2240 5321 2385 5389 ligat.
2419 5320 2569 5373 Sicut
2592 5319 2735 5373 enim
2762 5318 3023 5386 plectrum
3050 5316 3288 5379 chordis,
3320 5318 3392 5370 ita
3421 5317 3604 5386 lingua

2026 5412 2247 5465 illiditur
2296 5411 2546 5464 dentibus
2578 5418 2635 5464 et
2678 5409 2917 5463 vocalem
2973 5422 3164 5461 sonum
3209 5407 3389 5461 ellicit.
3429 5406 3519 5461 Sic
3545 5415 3604 5461 ct

2025 5503 2225 5572 lingua,
2252 5516 2317 5554 eo
2344 5498 2487 5569 quod
2515 5499 2782 5569 eloquium
2832 5497 3043 5555 format.
3075 5512 3173 5566 pro
3202 5496 3411 5567 loquela
3445 5499 3602 5568 poni-

2026 5598 2131 5643 tur.
2162 5588 2315 5642 Unde
2340 5588 2590 5641 dicuntur
2622 5601 2820 5652 genera
2854 5585 3194 5655 linguarum:
3227 5587 3354 5657 quia
3401 5586 3602 5641 diversi

2026 5688 2147 5733 sunt
2173 5679 2288 5733 soni
2307 5678 2614 5732 verborum.
2642 5676 3022 5746 Loquebantur
3050 5676 3196 5732 enim
3220 5678 3385 5733 variis
3409 5676 3605 5746 linguis
