4072 6198
410 384 420 391 .
457 333 562 390 155

1101 328 1162 384 Β.
1204 326 1457 383 ΒΑΒΑΝΙ
1496 324 1714 385 MAUR]
1750 324 2041 381 ARCHIEP

2143 320 2421 381 IOGUNT.
2462 319 2749 378 OPERUM
2786 319 2969 377 PARS
3004 320 3069 378 ll.

3620 320 3727 383 {56

453 442 681 514 apostoli
713 440 980 513 magnalia
1013 440 1110 494 Dei
1153 438 1291 512 (Act.
1326 439 1387 511 ιι)
1440 440 1565 509 quia
1600 438 1834 509 Spiritus
1870 436 2043 494 sancti
2073 445 2122 503 Α
2149 436 2291 506 quod
2313 434 2449 490 Joab
2485 434 2700 491 Amasze
2736 444 2978 490 mentum
3002 434 3190 490 dextra
3219 450 3381 492 manu
3409 440 3601 504 tenuit,
3636 441 3733 498 sed

454 534 684 606 gratiam
724 539 1047 602 acceperunt
1065 529 1211 600 loqui
1240 545 1400 602 posse
1425 531 1677 585 omnibus
1708 528 2040 600 linguislau-

454 626 577 680 dem
609 624 724 679 Dei.
752 621 885 678 Item
916 622 1096 691 lingua
1126 621 1370 677 doctrina
1401 629 1548 674 recta
1581 619 1663 675 vel
1692 633 1881 689 prava,
1905 619 2042 674 utin

461 713 791 769 Salomone:
825 711 992 765 Labia
1042 710 1353 781 sapientium
1393 706 1802 762 disseminubunt
1831 708 2043 777 sapien-

459 806 627 872 tiam,
677 804 857 875 lingua
901 817 1179 873 pravorum
1226 800 1410 871 peribit
1440 797 1623 866 (Prov.
1675 800 1788 868 xv).
1848 798 2044 853 Dentes

467 899 640 956 Caeci
660 898 873 952 odontes
899 904 1093 950 vocant
1120 903 1175 949 et
1212 893 1335 949 inde
1362 893 1417 947 in
1448 893 1671 947 latinum
1705 893 1920 947 trahere
1949 906 2046 946 no—

456 1005 581 1045 men
616 988 887 1043 videntur.
912 984 1229 1057 Signiﬁcant
1268 985 1459 1038 dentes
1480 982 1768 1053 aliquando
1795 982 2046 1038 doctores

454 1078 728 1143 Ecclesiae,
754 1085 815 1131 ut
842 1085 925 1133 est
952 1076 1080 1130 illud
1122 1076 1177 1130 in
1226 1073 1452 1130 Cantico
1501 1074 1857 1128 canticorum:
1909 1072 2046 1127 Den-

454 1180 529 1224 tes
557 1171 635 1223 tui
667 1169 800 1223 sicut
826 1183 1004 1239 greges
1043 1176 1315 1220 tonsarum
1343 1163 1523 1232 (Cant.
1556 1161 1653 1236 tv).
1709 1164 1765 1218 ln
1796 1162 2045 1218 dentibus

458 1274 591 1314 vero
617 1258 969 1329 perfectiores
997 1257 1214 1328 quique,
1249 1262 1305 1309 et
1331 1255 1400 1310 ad
1432 1255 1721 1327 regendam
1748 1255 2044 1310 Ecclesium

456 1347 552 1402 Dei
579 1347 818 1417 aptiores
834 1346 1205 1416 designantur.
1234 1344 1313 1399 Illi
1343 1344 1487 1399 enim
1517 1343 1892 1399 comminuunt
1916 1359 2043 1398 sen-

454 1438 654 1493 tentias
678 1452 957 1493 sacrarum
1004 1435 1426 1504 Scripturarum,
1454 1442 1512 1488 et
1561 1434 1614 1488 in
1650 1446 1865 1504 pastum
1904 1434 2047 1488 redi—

453 1535 589 1598 gunt
637 1525 873 1581 fidelium
915 1525 1238 1580 animarum.
1271 1523 1404 1578 Item
1451 1523 1503 1576 in
1532 1521 1748 1577 Psalmo
1775 1521 2046 1592 Propheta

458 1618 525 1672 ad
576 1617 860 1672 Dominum
911 1616 1077 1671 dicit:
1128 1614 1318 1669 Dentes
1379 1624 1710 1684 peccatorum
1758 1614 2046 1668 contrivisti

455 1709 627 1783 (Psal.
648 1711 752 1781 ιιι),
784 1711 835 1764 id
876 1721 979 1775 cst,
1004 1708 1398 1764 detrahentium
1427 1707 1591 1760 verba
1620 1704 1922 1772 mordacia,
1953 1706 2045 1777 qui

2147 526 2367 582 sinistra
2395 525 2628 594 gladium
2654 525 2885 580 latenter
2909 526 3130 581 mittens
3157 525 3271 595 ejus
3294 528 3505 584 viscera
3543 529 3738 588 eﬂudit

2147 618 2233 691 (II
2257 619 2381 690 Reg.
2414 617 2530 688 xx).
2582 619 2814 673 Dextera
2862 632 3095 689 namque
3150 630 3389 676 mentum
3437 629 3619 680 tenere
3650 636 3738 680 est

2144 711 2299 780 quasi
2327 726 2393 764 ex
2436 709 2858 780 bcnignitatibus
2901 710 3134 765 blandiri
3163 728 3179 766 :
3213 713 3307 767 sed
3360 714 3633 771 sinistram
3665 717 3738 771 ad

2144 800 2377 870 gladium
2414 800 2598 863 mittit,
2630 800 2721 868 qui
2751 801 2984 856 latenter
3008 818 3077 857 ex
3103 802 3306 858 malitia
3334 807 3584 875 percutit.
3610 806 3737 863 Col-

2144 889 2254 943 lum
2279 890 2501 954 dictum,
2526 892 2666 960 quod
2697 891 2768 946 sit
2812 890 3067 961 rigidum,
3105 900 3159 947 et
3194 894 3364 949 haeret
3391 904 3451 949 ut
3483 897 3734 953 columna

2143 978 2392 1049 bajulans
2413 990 2578 1051 caput
2608 990 2663 1035 et
2694 990 3023 1047 sustentans,
3047 986 3200 1054 quasi
3222 986 3543 1057 capitolium.
3566 989 3736 1058 Cujus

2144 1072 2384 1127 anterior
2410 1088 2536 1142 pars
2558 1071 2681 1143 gula
2714 1081 2960 1139 vocatur,
2983 1075 3253 1143 posterior
3291 1079 3494 1133 cervix.
3535 1078 3733 1135 Cervi:

2145 1169 2324 1215 autem
2357 1170 2565 1227 vocata,
2590 1160 2730 1231 quod
2760 1175 2858 1231 per
2910 1177 3028 1217 eam
3068 1172 3274 1232 partem
3328 1167 3611 1222 cerebrum
3664 1170 3733 1224 ad

2145 1252 2432 1309 medullam
2465 1254 2632 1322 spina:
2654 1253 3109 1325 dirigatur,quasi
3137 1256 3346 1312 cerebri
3370 1258 3476 1313 via.
3508 1258 3736 1316 Veteres

2145 1357 2324 1400 autem
2353 1344 2546 1415 plurali
2576 1353 2786 1401 tantum
2816 1362 3042 1402 numero
3066 1349 3286 1403 cervices
3316 1349 3584 1407 dicebant.
3610 1351 3733 1407 Pri-

2144 1451 2266 1491 mus
2290 1435 2573 1493 Ostensius
2599 1438 2847 1492 cervicem
2868 1439 3217 1510 singulariter
3242 1440 3397 1495 dixit.
3420 1440 3612 1498 Cervix
3638 1459 3735 1498 au-

2145 1535 2254 1582 tem
2292 1543 2518 1583 numero
2552 1528 2807 1599 singulari
2861 1531 3162 1586 membrum
3216 1532 3388 1602 ipsum
3440 1534 3728 1605 significat.

2145 1620 2281 1675 Nam
2304 1620 2583 1691 pluraliter
2600 1624 2996 1677 contumaciam
3020 1640 3159 1694 saepe
3171 1623 3524 1680 demonstrat.
3540 1626 3732 1682 Cicero

2147 1709 2199 1764 in
2217 1711 2460 1766 Verrinis
2484 1728 2496 1764 :
2524 1708 2814 1765 Pra'torem
2836 1721 2893 1766 tu
2917 1730 3151 1780 accuses,
3171 1714 3354 1785 frange
3376 1716 3641 1770 cervicem.
3673 1716 3727 1770 In

453 1801 705 1870 potestati
735 1800 929 1855 divina:
983 1798 1230 1853 nefandis
1270 1797 1609 1867 dogmatibus
1657 1797 2041 1867 obloquuntur.
2076 1796 2119 1854 Β
2148 1800 2286 1857 collo
2318 1801 2683 1873 intelligentia:
2709 1803 2870 1859 decor
2892 1803 2972 1858 vel
3013 1806 3409 1875 prmdicationis
3452 1805 3729 1872 fortitudo,

456 1895 659 1949 Dentes
700 1895 844 1949 enim
881 1893 1008 1948 dicti
1050 1900 1173 1947 sunt
1199 1908 1228 1945 a
1261 1891 1556 1946 demendo:
1586 1898 1640 1945 ct
1669 1889 1791 1945 ideo
1820 1888 2042 1960 pulchre

458 1986 620 2040 nimis
669 1987 863 2058 lingua:
907 1986 1306 2040 detrahentium
1351 1985 1538 2039 dentes
1585 1992 1886 2037 vocantur:
1916 1981 2044 2052 quia

454 2078 596 2133 sicut
629 2078 702 2133 illi
731 2079 972 2134 ciborum
1024 2087 1206 2147 partes
1251 2077 1494 2141 demunt,
1522 2074 1597 2128 ita
1632 2083 1687 2129 et
1712 2074 1801 2129 isti
1836 2073 2045 2144 opinio-

455 2185 553 2225 nes
596 2171 874 2224 hominum
897 2168 1136 2223 adhibita
1170 2167 1506 2223 detractione
1547 2165 1860 2221 corrodunt.
1902 2164 2043 2219 Den-

452 2268 535 2314 tes
557 2260 862 2315 intellectus
884 2259 998 2315 sive
1024 2259 1224 2314 locutio
1251 2258 1392 2313 bona
1422 2257 1504 2313 vel
1549 2257 1715 2322 mala,
1739 2265 1798 2311 ut
1824 2257 1877 2311 in
1902 2256 2043 2312 Exo-

451 2353 560 2409 do:
604 2351 827 2408 Oculum
874 2369 969 2423 pro
1016 2352 1187 2417 oculo,
1235 2352 1440 2406 dentem
1494 2367 1589 2423 pro
1640 2350 1794 2405 dente
1842 2349 2040 2422 (Exod.

452 2443 590 2515 XXI).
632 2443 877 2498 Palatnm
908 2450 1172 2508 nostrum,
1197 2443 1336 2497 sicut
1362 2441 1559 2497 coelum
1587 2450 1672 2497 est
1697 2442 1965 2511 positum;
1989 2449 2046 2496 et

454 2536 580 2591 inde
608 2536 845 2605 palatum
870 2551 900 2589 a
927 2534 1049 2605 polo
1091 2549 1189 2604 per
1216 2532 1625 2589 derivationem.
1656 2532 1766 2587 Sed
1786 2540 1842 2585 et
1869 2531 2044 2587 Grazci

452 2624 704 2679 similiter
736 2623 1032 2694 appellant,
1061 2637 1127 2677 eo
1157 2621 1300 2691 quod
1331 2637 1428 2691 pro
1452 2620 1535 2675 sui
1555 2619 1895 2676 concavitate
1920 2617 2043 2673 coeli

451 2717 857 2774 similitudinem
888 2717 1106 2772 habeat.
1162 2714 1313 2771 Sicut
1337 2713 1574 2784 palatum
1598 2729 1762 2785 super
1806 2712 2043 2784 linguam

457 2817 658 2875 exstat,
684 2819 741 2863 et
761 2809 863 2864 sub
888 2823 954 2863 eo
980 2807 1141 2862 verba
1175 2805 1480 2862 formantur
1516 2822 1531 2871 ;
1563 2804 1645 2860 sic
1689 2812 1874 2860 nostra
1898 2804 2046 2859 locu-

453 2903 529 2956 tio
551 2899 758 2957 ctelesti
792 2898 1069 2970 sapientiae
1096 2905 1152 2952 et
1178 2895 1407 2967 spiritali
1436 2895 1698 2951 doctrina:
1720 2894 2045 2966 subjungere

452 3008 511 3048 se
541 2992 720 3057 debet,
743 3000 805 3046 ut
835 2990 1020 3045 utilem
1048 2988 1352 3044 doctrinam
1378 2994 1434 3042 et
1460 2985 1759 3056 proficuum
1783 2982 2044 3039 auditori-

452 3085 557 3139 bus
583 3083 696 3139 suis
735 3081 979 3153 proferre
1019 3079 1207 3151 possit.
1259 3077 1468 3133 Fauces
1504 3093 1534 3130 a
1581 3073 1869 3130 fundendis
1896 3073 2045 3129 voci-

2145 1890 2259 1944 sive
2288 1890 2450 1945 etiam
2473 1891 2720 1946 doctores
2742 1892 2915 1946 sancti
2945 1893 3323 1963 exprimuntur
3349 1913 3362 1947 :
3394 1903 3455 1949 ut
3483 1905 3567 1951 est
3602 1897 3730 1951 illud

2146 1979 2198 2033 in
2229 1978 2453 2034 Cantico
2477 1981 2812 2035 canticorum
2844 1999 2857 2035 :
2888 1981 3091 2036 Collum
3119 1992 3289 2049 tuum,
3338 1984 3472 2038 sicut
3504 1986 3723 2040 monilia

2147 2068 2322 2142 (Cant.
2352 2071 2423 2146 1);
2463 2082 2519 2128 et
2553 2072 2786 2127 iterum:
2819 2074 2955 2127 sicut
2980 2075 3162 2140 turris,
3201 2074 3393 2144 inquit,
3420 2075 3585 2129 Dauid
3618 2076 3730 2129 eol-

2144 2165 2254 2218 lum
2279 2175 2428 2219 tuum
2460 2165 2635 2236 (Cant.
2664 2165 2761 2239 tv).
2792 2165 2980 2220 Turris
3019 2166 3187 2222 David
3228 2166 3469 2222 Ecclesia
3498 2176 3581 2223 est
3626 2166 3730 2222 Ca-

2146 2255 2342 2311 tholica
2372 2270 2388 2309 :
2422 2256 2642 2321 collum,
2667 2243 3047 2326 praedicatores
3071 2258 3263 2311 sancti.
3285 2256 3440 2313 Unde
3462 2258 3515 2312 in
3538 2259 3731 2314 eadem

2146 2347 2364 2403 civitate
2388 2349 2693 2403 constantia
2741 2347 2895 2402 ﬁrma
2920 2355 3023 2414 est,
3050 2359 3104 2404 et
3129 2349 3365 2419 undique
3416 2351 3731 2421 inexplana—

2145 2439 2269 2494 bilis
2300 2438 2796 2513 [inexpugnabilis].
2828 2441 2958 2495 item
2989 2441 3185 2496 collum
3213 2442 3296 2497 vel
3321 2444 3506 2498 cervix
3531 2444 3583 2498 in
3613 2459 3731 2496 ma-

2144 2530 2249 2586 lam
2278 2542 2485 2602 partem
2516 2534 2808 2604 accipitur;
2834 2542 2893 2589 ut
2922 2542 3004 2589 est
3040 2534 3168 2589 illud
3199 2536 3263 2591 de
3289 2536 3553 2605 sapientia
3578 2537 3731 2592 testi-

2146 2624 2383 2679 monium
2409 2642 2423 2679 :
2455 2623 2810 2696 Superborum
2845 2635 2891 2680 et
2916 2625 3217 2680 sublimium
3238 2626 3373 2681 colla
3393 2628 3603 2697 propria
3626 2627 3723 2682 t'ir-

2145 2724 2254 2769 tu!e
2281 2714 2519 2769 calcavit.
2555 2715 2620 2769 Et
2646 2714 2699 2770 in
2724 2714 2942 2771 Psalmo
2967 2734 2980 2769 :
3008 2715 3286 2782 Dominus,
3316 2715 3510 2785 inquit,
3545 2717 3727 2786 justus

2144 2805 2379 2859 concidet
2401 2805 2620 2859 cervices
2646 2816 2978 2875 peccatorum
3003 2804 3174 2878 (Psal.
3196 2809 3454 2877 CXXVIII).
3478 2806 3729 2863 Cervices

2144 2903 2327 2949 autem
2356 2911 2453 2966 pro
2492 2897 2741 2966 superbia
2788 2897 2990 2967 positas
3044 2895 3319 2969 Scriptura
3370 2906 3615 2966 testatur,
3647 2899 3729 2956 di-

2146 2998 2312 3039 cens:
2376 2983 2543 3040 Cerno
2594 2985 2735 3057 quod
2787 2985 3009 3056 populus
3064 2987 3160 3041 iste
3207 2987 3356 3041 dura:
3396 2989 3608 3043 cervicis
3657 2990 3727 3044 sit

2147 3072 2343 3145 (Exod.
2386 3074 2583 3147 xxxii).
2622 3075 2690 3130 Et
2714 3074 2903 3131 beatus
2938 3075 3244 3147 Stephanus
3275 3077 3328 3132 in
3356 3078 3607 3148 passione
3627 3094 3726 3135 sua

451 3174 551 3229 bus
586 3173 896 3237 nominatae,
919 3185 987 3225 eo
1017 3169 1160 3239 quod
1192 3183 1290 3239 per
1326 3182 1422 3223 eas
1467 3164 1647 3221 famur
1672 3179 1852 3221 voces.
1880 3164 2043 3218 Arte-
2071 3169 2116 3230 Ο
2146 3164 2357 3221 Iudaeos
2379 3182 2612 3239 arguens
2633 3168 2802 3223 dicit:
2833 3167 2981 3222 Dura
3021 3170 3217 3224 cervice
3254 3180 3301 3223 et
3351 3169 3728 3226 incircumcisis

452 3267 548 3321 ria:
569 3273 798 3330 vocatae,
823 3264 938 3318 sive
962 3261 1105 3333 quod
1129 3276 1228 3333 per
1262 3276 1356 3316 eas
1408 3276 1439 3315 a
1488 3259 1743 3329 pulmone
1795 3274 1907 3323 aer,
1941 3258 2045 3312 hoc
2146 3257 2391 3312 cordibus
2416 3267 2465 3313 et
2497 3258 2733 3325 auribus,
2765 3276 2850 3314 vos
2883 3276 3085 3329 semper
3123 3258 3349 3330 Spiritui
3375 3271 3554 3315 sancto
3579 3262 3729 3315 resti-

451 3363 540 3411 est
565 3355 810 3425 spiritus,
842 3352 1034 3418 fertur,
1065 3367 1160 3409 seu
1190 3351 1332 3422 quod
1358 3350 1524 3405 arctis
1549 3357 1605 3405 et
1629 3349 1873 3419 angustis
1899 3362 2046 3403 mea—
2145 3350 2298 3415 tistis,
2324 3352 2459 3405 sicut
2497 3362 2670 3421 patres
2698 3352 2856 3406 vestri
2884 3353 3019 3424 (Act.
3057 3351 3164 3423 vn).
3203 3351 3323 3407 Istis
3351 3367 3480 3423 ergo
3501 3352 3615 3407 haec
3644 3352 3727 3407 vi-

455 3444 601 3501 tibus
655 3444 905 3514 spiritum
938 3443 1156 3499 vitalem
1199 3450 1435 3497 teneant.
1470 3440 1626 3497 Unde
1679 3439 1830 3495 vocis
1882 3455 2045 3496 sonos
2144 3440 2403 3496 cissitudo
2455 3441 2715 3504 redditur,
2744 3449 2804 3495 ut
2840 3441 3097 3504 cervices,
3126 3458 3261 3512 quas
3304 3453 3493 3498 contra
3544 3443 3727 3498 Domi-

451 3535 724 3601 emittunt,
739 3534 831 3604 qui
852 3534 970 3589 soni
993 3548 1099 3589 uno
1118 3532 1274 3588 modo
1295 3541 1570 3596 sonarent,
1597 3529 1701 3586 nisi
1721 3530 1916 3602 lingua:
1936 3546 2047 3585 mo-

447 3633 540 3682 tus
565 3626 850 3682 distantias
878 3625 1028 3681 vocis
1055 3622 1308 3681 efﬁceret.
1356 3622 1563 3679 Fauces
1595 3620 1861 3692 judicium
1887 3622 2046 3679 intel-

456 3716 631 3772 lectus
658 3714 964 3788 signiﬁcare
1003 3715 1220 3781 valent,
1248 3723 1308 3769 ut
1334 3721 1417 3769 est
1446 3712 1576 3768 illud
1604 3730 1616 3767 :
1646 3711 1745 3767 Ubi
1771 3720 1891 3767 sunt
1918 3712 2042 3783 {au-

450 3824 535 3863 ces
580 3808 749 3863 mete?
804 3824 975 3863 nonne
1010 3807 1320 3878 sapientiam
1356 3805 1719 3861 meditantur?
1759 3803 1900 3877 (Job.
1922 3803 2044 3869 xu).

448 3899 585 3955 Item
619 3898 804 3954 fauces
833 3898 1210 3953 mandatorum
1239 3897 1335 3952 Dei
1366 3897 1667 3952 custodiam
1702 3894 2040 3968 significant:

452 3989 578 4059 quia
605 3988 744 4045 sicut
768 3986 975 4062 [homo]
1004 4002 1103 4060 per
1129 4002 1291 4043 sonos
1332 3986 1571 4042 faucium
1603 3985 1769 4041 verba
1798 3983 2045 4055 proferre

452 4077 645 4146 debet,
677 4079 757 4135 sic
811 4078 1001 4134 doctor
1039 4076 1349 4133 Catholicus
1379 4093 1480 4150 per
1513 4077 1888 4132 mandatorum
1944 4075 2043 4131 Dei

449 4170 772 4236 custodiam,
814 4169 1214 4240 praedicationis
1257 4185 1368 4225 sua:
1405 4168 1707 4240 profectum
1759 4167 2045 4224 ostendere

451 4263 630 4320 debet.
658 4263 796 4319 Hinc
840 4264 896 4319 in
943 4263 1157 4318 Psalmo
1202 4263 1464 4333 scriptum
1519 4271 1604 4318 est
1631 4280 1645 4316 :
1677 4259 1883 4333 Lingua
1927 4278 2044 4316 mea

454 4354 676 4409 adbtrsit
706 4353 948 4424 faucibus
974 4355 1101 4407 meis
1142 4351 1315 4426 (Psal.
1347 4351 1484 4424 ut).
1534 4351 1667 4406 Nam
1709 4367 1834 4408 cum
1865 4351 2043 4407 omnis

449 4450 640 4514 gustus
665 4443 844 4513 sapiat
871 4443 924 4497 in
951 4442 1131 4513 palato
1152 4482 1168 4507 ,
1227 4442 1681 4499 considerandum
1732 4441 1841 4507 hic,
1872 4456 2044 4511 quare

2145 3547 2273 3585 num
2300 3529 2570 3588 lethaliter
2603 3531 2945 3598 extulerunt,
2977 3531 3107 3604 jugo
3130 3532 3300 3604 ipsius
3323 3533 3472 3589 suavi
3502 3534 3727 3590 salutari

2147 3622 2449 3678 humilitate
2479 3623 2797 3679 subdantur.
2822 3623 2976 3692 Quod
3008 3639 3149 3694 sazpe
3177 3626 3243 3680 de
3288 3626 3729 3696 persecutoribus

2143 3711 2344 3770 factum
2371 3730 2491 3770 esse
2512 3716 2879 3782 meminimus,
2901 3725 2960 3771 ut
2989 3716 3178 3772 ﬁerent
3199 3718 3580 3786 praedicatores
3600 3733 3730 3773 san-

2143 3808 2399 3864 ctissima:
2435 3810 2747 3880 religionis,
2798 3811 2888 3881 qui
2936 3810 3087 3882 prius
3142 3810 3281 3866 idola
3329 3809 3730 3866 nefandissimis

2142 3899 2582 3969 persuasionibus
2610 3901 2974 3956 vindicabant.
3029 3900 3284 3973 Gurgulio
3310 3918 3340 3956 a
3368 3910 3583 3974 gutture
3631 3918 3729 3957 no-

2145 4004 2267 4043 men
2296 3990 2521 4061 accepit,
2555 3991 2708 4062 cujus
2730 4001 2937 4048 meatus
2958 3991 3026 4046 ad
3049 4007 3111 4047 os
3150 3999 3204 4046 et
3243 4006 3403 4047 nares
3433 3992 3722 4061 pertendit,

2143 4079 2351 4137 habens
2370 4082 2533 4147 viam,
2557 4097 2664 4152 qua
2707 4098 2807 4138 vox
2844 4083 2913 4137 ad
2953 4083 3187 4154 linguam
3222 4083 3635 4147 transmittitur,
3667 4092 3729 4138 ut

2142 4174 2314 4244 possit
2367 4175 2530 4230 verba
2574 4174 2828 4231 collidere
2869 4193 2882 4230 :
2917 4176 3057 4231 unde
3106 4184 3163 4230 et
3208 4176 3415 4246 garrire
3472 4175 3722 4230 dicimus.

2142 4265 2341 4321 Cuttur
2394 4265 2681 4335 aliquando
2730 4266 3000 4338 significat
3052 4266 3389 4321 dulcedinem
3436 4264 3566 4337 legis
3602 4264 3723 4329 Dei,

2144 4369 2205 4413 ut
2231 4364 2315 4413 est
2341 4356 2469 4412 illud
2497 4373 2707 4429 spons:e
2736 4359 2801 4414 de
2823 4357 3032 4428 Sponso
3058 4377 3071 4413 :
3104 4357 3298 4413 Guttur
3342 4357 3485 4411 illius
3523 4358 3721 4411 suavis-

2145 4449 2357 4515 simum,
2390 4459 2438 4503 et
2468 4458 2607 4504 totus
2651 4448 3010 4504 desiderabilis
3039 4446 3214 4521 (Cant.
3265 4446 3369 4519 ιιι).
3403 4447 3459 4501 ln
3506 4455 3726 4518 gutture

450 4532 606 4597 dixit,
635 4532 878 4603 faucibus
904 4509 1072 4586 mltis?
1098 4530 1306 4588 Fauces
1334 4532 1483 4587 enim
1513 4538 1640 4586 sunt
1667 4509 1907 4601 gutturis;
1941 4546 2038 4585 nO-
2069 4509 2117 4569 θ
2143 4509 2355 4595 interna
2381 4538 2607 4596 dulcedo
2626 4541 2913 4614 verborum
2937 4509 3078 4595 illius
3104 4509 3450 4604 memoratur,
3474 4509 3578 4608 qua
3602 4537 3725 4607 quis

448 4628 550 4684 stri
581 4627 687 4693 via,
706 4627 795 4682 ubi
814 4625 928 4696 jam
949 4626 1209 4697 deglutita
1229 4625 1457 4681 dulcedo
1483 4624 1627 4679 nulla
1646 4625 1898 4680 sentitur.
1928 4623 2035 4680 Sed

451 4717 598 4789 quod
629 4718 695 4774 de
717 4716 931 4787 eloquio
968 4715 1183 4770 Domini
1208 4724 1330 4772 erat
1370 4714 1619 4771 absolute
1654 4715 1895 4771 dicturus
1930 4714 2033 4769 mi-

451 4809 698 4866 rabiliter
724 4809 872 4864 illam
901 4816 1108 4879 partem
1140 4807 1338 4877 posuit,
1372 4814 1435 4862 ut
1468 4808 1579 4863 cito
1623 4808 1691 4864 ad
1736 4807 1915 4864 cordis
1942 4822 2037 4863 no-

448 4903 550 4959 stri
574 4900 930 4974 penetrabilia
956 4899 1283 4972 perveniret.
1330 4898 1568 4954 Rursum
1619 4898 1877 4967 scriptum
1904 4907 1990 4954 est
2020 4916 2033 4952 :

450 4993 710 5050 Laborasi
757 4992 1032 5048 clamans:
1078 5007 1252 5047 rauca:
1301 4991 1462 5062 facta
1508 5000 1630 5045 sunt
1684 4990 1863 5060 fauces
1908 5007 2038 5046 mea:

451 5081 625 5157 (Psal.
673 5083 886 5157 uvm).
941 5083 1249 5140 Laborabat
1300 5097 1435 5154 ergo
1484 5080 1732 5138 Christus
1775 5081 2034 5149 clamans,

450 5179 666 5247 quando
688 5193 793 5235 non
816 5178 1137 5235 audiebatur
1157 5191 1188 5232 a
1218 5177 1478 5248 perﬁdis;
1528 5192 1705 5233 rauca:
1732 5175 1888 5232 factae
1913 5185 2038 5232 sunt

452 5269 636 5327 fauces
663 5270 801 5342 ejus,
838 5271 964 5341 quia
1013 5271 1157 5327 dicta
1196 5270 1316 5341 ejus
1367 5284 1714 5339 nequaquam
1741 5270 2037 5341 sacrilegus

449 5364 679 5432 populus
726 5363 998 5420 audiebat.
1033 5363 1270 5420 Mentum
1298 5362 1528 5429 dictum,
1554 5362 1695 5433 quod
1724 5362 1847 5417 inde
1882 5377 2036 5416 man-

451 5452 647 5508 dibula:
665 5455 945 5510 oriantur:
977 5454 1064 5510 vel
1099 5454 1245 5524 quod
1290 5453 1370 5509 ibi
1392 5453 1709 5524 jungantur.
1741 5451 1800 5507 In
1849 5458 2034 5507 mento

451 5543 596 5598 enim
626 5544 717 5600 ubi
759 5546 923 5601 barba
962 5545 1198 5601 maxime
1246 5544 1591 5615 protenditur
1614 5581 1630 5607 ,
1681 5541 1916 5598 ostendit
1943 5541 2036 5596 ad-

450 5647 574 5689 esse
604 5632 804 5691 debere
824 5636 1291 5691 mansuetudinem
1320 5650 1467 5690 verae
1492 5634 1776 5699 doctrinae,
1802 5648 1904 5689 nec
1930 5632 2032 5687 ali-

451 5724 581 5793 quid
607 5724 681 5782 ibi
702 5725 1038 5783 commisceri
1066 5725 1272 5783 fraudis
1296 5732 1355 5782 ct
1402 5725 1637 5783 malitize.
1694 5725 1832 5781 lliuc
1862 5725 2028 5791 enim,

2141 4629 2300 4699 sapit,
2324 4645 2429 4685 non
2461 4630 2649 4686 esurit.
2679 4630 2846 4685 Totus
2893 4628 3262 4685 desiderabilis
3285 4636 3399 4692 est,
3427 4628 3552 4698 quia
3580 4636 3725 4682 totus

2143 4719 2315 4786 Deus;
2343 4728 2399 4774 et
2446 4727 2588 4775 totus
2613 4721 2793 4785 homo,
2826 4719 2879 4775 in
2908 4736 3068 4790 quem
3116 4720 3421 4775 desiderant
3447 4726 3503 4774 et
3546 4718 3724 4789 angeli

2143 4810 2451 4879 prospicere
2481 4807 2533 4881 (Ι
2569 4806 2716 4864 Petr.
2747 4808 2809 4880 ι).
2839 4810 2982 4865 Deus
3014 4809 3069 4863 in
3106 4810 3383 4879 majestate
3416 4808 3603 4878 patris,
3632 4809 3724 4862 ho-

2145 4912 2234 4950 mo
2259 4898 2312 4951 in
2343 4898 2653 4969 virginitate
2682 4899 2906 4966 matris;
2939 4899 2992 4954 in
3022 4899 3111 4952 illa
3136 4898 3380 4964 Creator,
3408 4899 3459 4953 in
3488 4899 3588 4954 hac
3602 4896 3721 4952 Sal-

2140 4993 2297 5040 vator
2342 4984 2474 5040 Item
2498 4988 2550 5041 in
2572 4989 2898 5044 contrariam
2921 4998 3127 5059 partem
3151 4997 3336 5060 guttur
3360 4988 3639 5059 accipitur,
3661 4996 3723 5041 ut

2139 5076 2268 5131 illud
2295 5091 2310 5131 :
2342 5077 2652 5148 Sepulcrum
2679 5090 2861 5151 patens
2878 5092 2951 5134 cst
2973 5090 3153 5150 guttur
3178 5096 3379 5145 eorum,
3395 5080 3586 5150 linguis
3611 5080 3721 5133 suis

2138 5168 2317 5223 dolose
2342 5169 2557 5239 agebant
2582 5168 2753 5241 (Psal.
2783 5169 2924 5240 xm).
2952 5167 3055 5224 Per
3093 5169 3319 5240 ﬁguram
3346 5168 3616 5240 parabolae
3639 5168 3724 5221 ni-

2137 5260 2240 5314 mis
2282 5268 2592 5329 competens
2634 5259 2776 5314 facta
2821 5260 3082 5329 probatur
3132 5259 3344 5314 allusio.
3401 5258 3722 5330 Sepulcrum

2137 5353 2281 5407 enim
2310 5353 2504 5408 mortui
2527 5360 2712 5423 guttur
2737 5361 2821 5408 est
2861 5352 3191 5419 mentientis,
3222 5352 3437 5423 quando
3476 5350 3724 5407 exitiabi-

2139 5447 2248 5501 lem
2279 5447 2381 5501 sibi
2407 5447 2698 5501 vanitatem
2725 5445 2779 5499 in
2814 5446 3053 5501 faucibus
3096 5445 3342 5512 revolvit,
3373 5459 3495 5516 quae
3519 5442 3721 5498 malum

2139 5538 2329 5596 mortis
2364 5536 2573 5610 inﬂigit.
2606 5536 2796 5592 Merito
2840 5551 2970 5606 ergo
3025 5536 3331 5607 scpulcrum
3387 5534 3588 5590 dictum
3639 5544 3722 5589 est

2137 5640 2323 5703 guttur
2344 5646 2555 5695 eorum,
2578 5630 2669 5699 qui
2697 5628 2976 5684 mortifera
3007 5628 3381 5699 loquebantur.
3418 5624 3551 5681 Nam
3581 5625 3721 5679 sicut

2139 5722 2228 5778 illa
2276 5738 2397 5779 cum
2469 5732 2699 5791 patent,
2746 5721 2941 5777 fetidos
2989 5722 3181 5776 odores
3226 5718 3481 5775 exhalant
3546 5718 3617 5771 ita
3670 5726 3728 5771 ct
