4072 6198
334 252 440 307 137

1349 258 1438 315 DE
1480 261 1825 323 UNIVERSO
1864 267 2040 324 LIBRI
2080 271 2240 329 XXII.
2280 307 2351 317 —
2386 277 2512 333 LIB.
2561 281 2648 338 Vl.

3509 297 3616 354 1728

334 372 570 427 istorum
595 368 1095 468 gutturpestileros
1127 386 1408 430 sermones
1436 379 1763 445 proferebat.
1795 381 1932 439 Gula
1963 384 2010 445 A
2036 401 2197 456 quam
2229 389 2404 460 ipsum
2429 391 2708 450 Christum
2739 399 3098 468 amplectitur.
3130 401 3241 459 Αιω
3296 408 3623 467 sublimem;

333 468 545 523 autem,
572 475 691 528 qum
718 476 748 513 a
777 459 1122 530 deglutiendo
1168 474 1474 534 nuncupata
1511 478 1618 534 est,
1643 471 1935 542 aliquando

334 567 443 622 pro
470 552 786 621 acceptione
810 553 916 608 cibi
939 554 1021 608 vel
1044 564 1202 625 potus
1229 558 1484 626 ponitur;
1527 562 1816 633 aliquando
1836 583 1936 638 pro

336 650 663 711 voracitate.
714 653 767 706 id
810 661 915 718 est,
948 655 1344 709 comessatione
1378 665 1433 711 et
1470 658 1770 724 ebrietate,
1815 676 1936 730 qua:

336 737 719 808 gastrimargia
751 737 971 802 dicitur,
999 746 1055 794 et
1078 755 1244 794 unum
1275 750 1360 796 est
1379 742 1445 797 de
1472 751 1594 798 octo
1625 744 1935 815 principali-

335 824 443 883 bus
467 828 638 883 vitiis.
669 827 871 883 Contra
904 844 1061 899 quam
1108 831 1222 900 ipsa
1267 831 1483 887 Veritas
1530 834 1596 888 ad
1642 835 1934 906 discipulos

335 919 419 973 ait
446 937 460 973 :
503 919 770 974 Attendite
805 921 968 985 vobis,
993 938 1056 975 ne
1083 921 1219 991 forte
1266 933 1549 992 graventur
1578 924 1739 978 corda
1764 936 1936 980 vestra

331 1011 394 1066 in
428 1010 648 1082 crapula
668 1020 716 1066 et
739 1011 984 1067 ebrietate
1012 1011 1161 1083 (Luc.
1189 1013 1326 1083 XXI).
1358 1013 1428 1069 Et
1453 1014 1741 1084 Apostolus
1767 1034 1781 1070 :
1815 1015 1936 1071 Non

332 1104 392 1157 in
439 1104 938 1168 comessationibus,
1007 1103 1219 1175 inquit,
1278 1113 1326 1158 et
1378 1105 1749 1168 ebrietatibus,
1808 1107 1933 1176 quia

330 1194 531 1248 ebriosi
578 1209 794 1264 regnum
851 1194 947 1248 Dei
1009 1211 1112 1249 non
1174 1195 1513 1265 possidebunt
1553 1195 1749 1268 (Rom.
1798 1214 1930 1263 xm;

333 1285 367 1341 1
388 1286 516 1341 Cor.
543 1287 643 1359 vt).
660 1286 881 1343 Homeri
914 1287 1067 1353 dicti,
1088 1287 1247 1358 quasi
1274 1287 1411 1342 armi
1438 1289 1503 1343 ad
1533 1288 1934 1345 distinctionem

333 1378 576 1435 hominis
603 1396 633 1433 a
682 1380 976 1450 pecudibus
1015 1380 1200 1445 mutis,
1228 1389 1289 1435 ut
1332 1381 1387 1436 hi
1438 1383 1712 1447 humeros,
1746 1383 1817 1438 illi
1848 1399 1936 1437 ar-

334 1482 458 1522 mos
494 1468 699 1523 habere
728 1469 996 1525 dicantur.
1031 1468 1165 1525 Nam
1194 1471 1410 1541 preprie
1455 1472 1590 1527 armi
1632 1474 1937 1544 quadrupe-

334 1558 464 1613 dum
490 1567 638 1612 sunt.
666 1558 888 1614 Homeri
914 1560 1157 1629 operatio
1184 1559 1267 1615 vel
1292 1560 1502 1630 pondus
1536 1559 1776 1630 ejusdem
1805 1580 1934 1634 ope-

333 1649 431 1710 ris,
460 1649 608 1704 sicut
642 1650 697 1705 in
727 1650 915 1706 Exodo
942 1651 993 1705 in
1030 1660 1350 1708 ornamento
1400 1653 1702 1709 sacerdotis
1750 1670 1937 1724 super~

2039 487 2165 533 sunt
2192 482 2469 549 appellatae
2495 524 2511 549 ,
2558 500 2624 540 co
2667 489 2810 556 quod
2860 490 2913 542 in
2959 491 3037 545 eis
3082 493 3135 546 in
3164 494 3380 551 modum
3413 498 3622 554 alarum

2038 578 2215 624 motus
2265 571 2607 629 brachiorum
2667 578 2903 633 inchoat.
2951 580 3096 648 Quas
3124 584 3344 653 quidam
3395 590 3621 647 ascellas

2038 672 2253 726 vocant,
2275 665 2415 732 quod
2443 681 2508 720 ex
2540 667 2619 722 eis
2643 668 2911 735 cillentur,
2937 672 2988 726 id
3012 682 3113 740 est,
3137 685 3442 732 moventur.
3472 680 3622 737 Unde

2037 760 2092 806 et
2122 755 2303 809 ascilla
2326 756 2469 811 dicta
2498 757 2566 812 ab
2590 774 2676 824 eo,
2705 762 2849 830 quod
2879 761 3163 831 cillantnr,
3222 767 3324 822 hoc
3359 777 3461 832 est,
3506 786 3623 826 mo-

2037 856 2267 902 veantur
2284 850 2483 905 omnia.
2513 851 2645 907 Nam
2671 853 2855 910 cillere
2890 866 2974 911 est
3007 874 3243 914 movere.
3279 860 3488 915 Ascella
3518 863 3620 917 ali-

2037 945 2251 1011 quando
2277 961 2374 1014 pro
2399 946 2665 1002 desideria
2705 950 2882 1020 posita
2906 953 3179 1022 reperitur
3206 969 3273 1009 ex
3308 953 3581 1010 otiositate
3604 972 3620 1011 :

2039 1027 2192 1086 Unde
2217 1042 2300 1087 est
2332 1034 2457 1088 illud
2490 1035 2540 1090 in
2579 1036 2885 1096 Proverbiis
2914 1039 3169 1097 Salomon
3201 1061 3214 1097 :
3245 1041 3314 1098 In
3351 1044 3624 1100 desideriis

2036 1133 2111 1176 est
2141 1124 2308 1178 omnis
2335 1126 2531 1180 otiosus
2558 1126 2740 1199 (Prov.
2766 1130 2937 1200 xxvr).
2978 1131 3046 1186 Et
3074 1132 3266 1187 iterum
3291 1151 3304 1187 :
3339 1133 3626 1188 Abscondit

2035 1214 2183 1283 piger
2211 1232 2423 1270 manuni
2458 1233 2607 1271 suam
2648 1218 2744 1273 sub
2773 1220 2987 1287 ascella,
3028 1232 3075 1276 et
3116 1223 3318 1278 laborat
3375 1225 3420 1278 si
3457 1225 3528 1279 ad
3563 1242 3621 1280 os

2035 1319 2191 1357 suum
2217 1303 2551 1374 applicaverit
2571 1323 2686 1361 eam
2717 1307 2927 1381 (IbiJ.).
2956 1309 3091 1379 Quia
3120 1313 3275 1383 piger
3302 1323 3358 1369 et
3386 1314 3624 1371 desidio-

2037 1412 2131 1452 sus
2153 1397 2326 1467 magis
2352 1399 2555 1468 appetit
2581 1400 2840 1456 desidiam
2854 1405 3144 1471 carnalem,
3175 1421 3336 1476 quam
3363 1407 3623 1464 virtutum

2037 1486 2438 1553 operationem;
2472 1488 2753 1545 abscondit
2799 1508 3016 1548 manum
3048 1509 3201 1549 suam
3253 1497 3354 1551 sub
3402 1497 3619 1563 ascella,

2040 1591 2141 1631 nec
2176 1576 2290 1631 vult
2312 1580 2680 1648 operationem
2712 1596 2863 1636 suam
2911 1582 3231 1652 professioni
3261 1601 3370 1640 sua:
3394 1602 3621 1643 concor-

1990 1694 2001 1699 κ
2039 1667 2160 1722 dem
2186 1667 2385 1735 facere,
2414 1671 2648 1724 maxime
2670 1687 2793 1726 cum
2823 1673 2993 1742 script
3016 1689 3082 1728 rm
3106 1675 3177 1729 sit
3202 1694 3215 1728 :
3250 1674 3419 1731 Corde
3445 1678 3618 1733 credi-

332 1741 617 1796 humerale
640 1742 970 1813 praecipitur.
994 1741 1225 1798 Brachia
1244 1760 1273 1798 a
1296 1743 1611 1800 fortitudine
1628 1746 1925 1801 nominata.

2033 1770 2119 1815 tur
2146 1761 2215 1814 ad
2243 1762 2509 1831 justitiam
2535 1803 2550 1829 ,
2602 1782 2691 1819 ore
2727 1776 2901 1820 autem
2931 1741 3185 1836 confessio
3210 1769 3270 1838 ﬁt
3302 1770 3370 1824 ad
3399 1770 3619 1825 salutem

333 1832 479 1902 Bary
519 1835 663 1888 enim
691 1832 878 1890 Graece
907 1850 1067 1903 grave
1092 1844 1148 1889 et
1179 1834 1315 1890 forte
1345 1836 1694 1906 signiﬁcatur.
1720 1836 1777 1890 ln
1805 1837 1927 1891 bra-

335 1924 478 1979 chiis
512 1925 657 1978 enim
689 1925 830 1979 thori
854 1925 1179 1979 lacertorum
1195 1935 1342 1991 sunt,
1368 1926 1646 1996 etinsigne
1662 1926 1932 1983 musculo-

334 2030 457 2069 rum
494 2014 661 2069 robur
686 2015 890 2070 existit.
940 2014 1003 2068 lli
1041 2023 1169 2069 sunt
1199 2015 1361 2078 thori,
1389 2015 1440 2069 id
1468 2025 1552 2069 est
1575 2015 1798 2069 musculi
1832 2034 1844 2069 :
1875 2023 1932 2070 et

334 2107 465 2162 dicti
489 2107 660 2172 thori,
674 2108 815 2177 quod
838 2107 947 2161 illic
959 2108 1163 2162 viscera
1182 2116 1321 2161 torta
1336 2107 1636 2163 vidcantur.
1661 2106 1929 2162 "umerus

335 2206 518 2252 autem
533 2213 633 2267 pro
646 2212 814 2252 onere
823 2197 1112 2268 aliquando
1126 2198 1331 2267 positus
1346 2197 1929 2269 reperitur,aliquando

332 2304 435 2360 pro
458 2288 796 2344 fortitudine.
813 2289 1022 2343 Dicitur
1039 2289 1182 2343 enim
1204 2289 1256 2342 in
1284 2289 1654 2344 benedictione
1680 2286 1930 2343 lssachar

333 2381 491 2453 (Cen.
522 2379 698 2450 χιιι),
721 2380 862 2450 quod
892 2381 1006 2450 ipse
1051 2379 1214 2435 fuerit
1236 2380 1421 2435 asinus
1451 2380 1627 2447 fortis,
1654 2389 1709 2437 et
1733 2398 1929 2454 suppo-

332 2473 507 2528 suerit
535 2473 822 2527 humerum
847 2488 1000 2527 suum
1025 2473 1090 2527 ad
1104 2473 1449 2543 portandum.
1469 2472 1528 2527 In
1550 2489 1657 2548 quo
1684 2474 1931 2548 intelligi-

336 2572 425 2617 tur
435 2562 665 2631 simplex
684 2562 1099 2634 gentilitas,qtue
1111 2578 1169 2617 se
1183 2562 1384 2618 idcirco
1396 2564 1462 2618 ad
1481 2562 1643 2618 robur
1656 2564 1780 2621 boni
1803 2580 1930 2636 ope-

332 2657 409 2711 ris
424 2656 590 2726 erigit
612 2673 625 2708 :
658 2654 784 2725 quia
802 2654 868 2708 ad
898 2664 1156 2710 aeternam
1171 2656 1294 2711 vita:
1307 2657 1539 2727 patriam
1566 2657 1753 2712 tendit.
1776 2656 1929 2714 Unde

331 2749 501 2803 etiam
522 2755 581 2802 et
603 2747 756 2817 ponit
785 2747 1066 2803 humerum
1093 2748 1158 2803 ad
1185 2748 1526 2818 portandum,
1558 2749 1683 2818 quia
1705 2750 1831 2804 dum
1859 2749 1927 2804 ad

330 2837 660 2906 promissam
687 2837 922 2905 requiem
946 2836 1229 2907 pervenire
1253 2837 1546 2903 desiderat,
1567 2846 1759 2893 cuncta
1776 2853 1928 2893 man-

333 2927 587 2981 datorum
609 2942 774 2996 opera
802 2927 1030 2983 libenter
1063 2936 1261 2998 portat.
1287 2929 1506 3001 Legitur
1526 2938 1581 2985 et
1611 2930 1666 2985 in
1688 2929 1823 2986 Isaia
1860 2930 1929 2987 de

334 3016 566 3073 Domino
599 3018 897 3081 Salvatore,
927 3022 1069 3090 quod
1093 3019 1266 3077 factus
1297 3021 1370 3076 sit
1408 3021 1739 3092 principatus
1765 3037 1929 3093 super

2035 1850 2212 1923 (Rom.
2242 1853 2319 1924 χ).
2350 1853 2501 1909 Unde
2530 1864 2585 1909 et
2608 1856 2875 1926 sapientia
2906 1858 3030 1913 alibi
3065 1860 3236 1914 dicit:
3270 1859 3372 1926 Qui
3402 1879 3622 1929 operan-

2031 1950 2119 1994 tur
2144 1942 2196 1996 in
2232 1960 2332 2008 me,
2365 1961 2467 1999 non
2492 1947 2777 2014 peccabunt
2819 1947 3008 2019 (Eccli.
3037 1952 3207 2022 xxtv).
3240 1952 3376 2007 Hinc
3405 1962 3458 2008 et
3503 1954 3617 2024 ipsa

2032 2032 2242 2088 Veritas
2270 2036 2346 2088 ait
2371 2054 2383 2088 :
2426 2036 2548 2089 Non
2574 2039 2765 2103 omnis,
2794 2041 2883 2109 qui
2909 2041 3035 2095 dicit
3062 2044 3212 2109 mihi,
3245 2044 3486 2111 Domine,
3512 2046 3619 2102 Do-

2030 2123 2188 2187 mine,
2219 2123 2432 2177 intrabit
2465 2125 2518 2179 in
2558 2142 2772 2195 regnum
2805 2128 3052 2183 calorum
3075 2146 3094 2183 :
3122 2134 3213 2186 sed
3240 2136 3332 2205 qui
3371 2135 3499 2204 facit
3522 2154 3618 2192 vo-

2030 2211 2281 2267 luntatem
2306 2213 2503 2279 Patris,
2525 2217 2615 2285 qui
2643 2218 2696 2271 in
2743 2217 2882 2274 caelis
2916 2230 3013 2288 est,
3040 2222 3148 2292 ipse
3172 2224 3386 2279 intrabit
3429 2227 3486 2281 in
3529 2244 3613 2282 re-

2030 2319 2189 2373 gnum
2211 2303 2455 2358 cazlorum
2479 2304 2693 2377 (Matth.
2719 2308 2841 2379 vn).
2865 2309 3054 2367 Manus
3076 2313 3239 2379 dicta,
3268 2316 3411 2384 quod
3436 2317 3507 2372 sit
3531 2329 3614 2373 to-

2031 2393 2138 2448 tius
2158 2394 2400 2465 corporis
2425 2412 2641 2452 munus.
2675 2396 2796 2469 Ipsa
2826 2401 2969 2455 enim
2995 2403 3173 2458 cibum
3194 2406 3275 2459 ori
3305 2407 3608 2462 ministrat:

2031 2482 2145 2552 ipsa
2170 2495 2428 2554 operatur
2451 2487 2631 2541 omnia
2667 2498 2830 2561 atque
2855 2491 3134 2562 dispensat
3160 2512 3172 2548 :
3201 2510 3300 2564 per
3324 2511 3443 2551 eam
3468 2498 3613 2553 acci-

2031 2574 2208 2644 pimus
2234 2584 2288 2629 et
2311 2577 2521 2633 damus.
2542 2577 2778 2637 Abusive
2819 2598 3011 2640 manus
3037 2585 3201 2641 etiam
3231 2603 3322 2643 ars
3351 2589 3433 2644 vel
3478 2592 3617 2645 arti-

2030 2663 2160 2720 l‘ex:
2194 2668 2336 2723 unde
2362 2676 2418 2723 et
2460 2685 2654 2727 manus
2705 2675 2939 2743 pretium
2985 2676 3234 2733 dicimus.
3282 2678 3472 2736 Manus
3515 2681 3616 2735 ali-

2027 2759 2242 2859 quando
2264 2768 2585 2830 potestatem
2612 2763 2897 2835 signiﬁcat,
2928 2775 2987 2822 ut
3015 2776 3101 2823 est
3135 2767 3264 2824 illud
3290 2769 3610 2859 Psalmist-g.

2036 2866 2146 2919 quo
2162 2850 2230 2905 ad
2251 2852 2538 2908 Dominum
2559 2855 2633 2907 ait
2654 2855 2845 2926 (tu):
2875 2857 2935 2912 In
2957 2862 3200 2915 manibus
3222 2862 3329 2916 tuis
3349 2850 3608 2930 tempora.

2034 2939 2282 3012 Etﬁlacob
2299 2944 2608 3014 patriarcha
2622 2946 2691 2999 ad
2704 2945 2733 3000 .l
2742 2949 2898 3002 udam
2924 2934 3032 3004 tilio
3043 2968 3093 3002 ιιι
3112 2967 3268 3006 suum
3279 2951 3514 3019 ,chns,
3532 2952 3612 3006 in-

2029 3032 2188 3103 quit,
2227 3042 2321 3087 tua
2378 3034 2435 3088 in
2481 3035 2762 3091 cervicibus
2812 3037 3145 3094 inimicorum
3174 3048 3386 3094 tuorum
3438 3038 3610 3111 (Gen.

331 3110 621 3166 humerum
646 3111 764 3183 ejus
789 3111 944 3184 (lsai.
1002 3113 1103 3183 ιλ),
1137 3128 1202 3169 eo
1226 3114 1367 3182 quod
1386 3129 1603 3168 crucem
1627 3129 1780 3170 suam
1806 3115 1923 3184 ipse
1952 3110 1997 3173 C
2031 3121 2203 3194 χιιι).
2229 3122 2537 3193 Aliquando
2575 3124 2957 3197 discretionem
2978 3125 3190 3196 judicii,
3220 3138 3279 3182 ut
3317 3138 3401 3184 est
3439 3110 3566 3184 illud
3594 3148 3607 3184 :

332 3201 652 3271 portaverit,
686 3202 767 3256 vel
802 3217 899 3272 per
938 3202 1226 3257 humerum
1247 3203 1537 3260 ostendens
1564 3204 1772 3260 brachii
1816 3203 1927 3261 for-

336 3293 645 3357 titndinetn,
678 3290 866 3348 eodem
915 3293 1051 3348 lsaia
1083 3293 1333 3349 dicente:
1378 3292 1638 3348 Revelavit
1670 3292 1926 3349 Dominus

333 3384 608 3438 brachium
636 3394 875 3438 sanctum
905 3401 1058 3440 suum
1082 3385 1320 3440 omnibus
1357 3385 1591 3457 gentibus
1623 3384 1776 3457 (Isai.
1805 3384 1923 3458 ιιι).

330 3475 398 3531 Et
424 3488 643 3529 rursum
670 3493 684 3528 :
716 3474 956 3539 Domine,
980 3476 1097 3547 quis
1122 3475 1342 3530 credidit
1375 3476 1585 3531 auditui
1615 3486 1791 3531 nostro
1816 3516 1831 3540 ,
1873 3486 1922 3530 et

330 3568 605 3622 brachium
634 3566 846 3620 Domini
866 3568 951 3620 cui
975 3567 1256 3622 revelatam
1291 3578 1366 3623 est
1393 3568 1547 3640 (Isai.
1587 3568 1729 3639 Lttt).
1765 3567 1928 3624 Cubi-

329 3667 446 3713 tum
476 3658 705 3726 dictum,
729 3657 873 3726 quod
895 3657 962 3711 ad
1012 3658 1162 3712 cibos
1203 3658 1494 3713 sumendos
1522 3657 1577 3712 in
1612 3658 1729 3728 ipso
1764 3658 1927 3713 cuba-

329 3763 474 3803 mus.
501 3747 558 3802 In
580 3747 767 3802 cubito
793 3759 972 3802 autem
1004 3747 1289 3817 aliquando
1310 3755 1501 3803 auctor
1535 3756 1591 3803 et
1621 3748 1930 3819 redemptor

330 3838 555 3895 humani
585 3838 803 3909 generis
832 3838 1163 3908 designatur,
1207 3847 1267 3892 ut
1300 3846 1384 3894 est
1417 3838 1546 3893 illud
1596 3837 1653 3893 in
1680 3847 1929 3894 constru-

331 3931 513 3985 ctione
539 3943 681 3983 arca:
710 3926 822 3983 Noe
846 3946 859 3981 :
898 3926 962 3982 Et
989 3929 1043 3982 in
1071 3927 1240 3983 cubito
1264 3970 1279 3995 ,
1319 3929 1519 4001 inquit,
1542 3929 1926 3985 consummabis

332 4022 689 4076 summitatem
734 4021 850 4089 eius
882 4019 1034 4093 (Gen.
1067 4019 1165 4092 vx).
1196 4020 1254 4076 In
1285 4036 1393 4077 uno
1426 4037 1555 4094 ergo
1584 4023 1766 4078 cubito
1792 4038 1924 4078 con-

331 4122 641 4169 summatur
677 4127 805 4167 arca
833 4132 846 4168 :
890 4114 1017 4183 quia
1042 4129 1181 4168 unus
1203 4121 1287 4169 est
1315 4121 1507 4170 auctor
1527 4122 1583 4169 et
1620 4114 1928 4184 redemptor

333 4210 540 4258 sanctas
561 4202 817 4257 Ecclesiae
843 4203 960 4257 sine
995 4211 1242 4273 peccato,
1268 4203 1334 4259 ad
1362 4219 1520 4274 quem
1551 4213 1601 4259 et
1625 4220 1724 4275 per
1763 4220 1926 4275 quem

333 4309 527 4349 omnes
552 4294 875 4364 proﬁciunt,
921 4295 1014 4365 qui
1058 4310 1118 4351 se
1151 4310 1270 4351 esse
1291 4305 1605 4366 peccatores
1634 4303 1921 4351 noverunt.

330 4383 464 4439 Item
498 4384 666 4439 cubiti
712 4386 817 4440 duo
847 4394 1116 4457 praecepta
1163 4386 1463 4442 charitatis.
1502 4387 1653 4442 Unde
1697 4398 1753 4443 et
1792 4403 1919 4442 arca

332 4474 693 4540 Testamenti,
724 4490 845 4544 qua:
870 4485 1051 4547 typum
1081 4476 1335 4533 Ecclesia:
1364 4477 1574 4540 habuit,
1603 4477 1737 4532 duos
1763 4477 1918 4533 cubi-

337 4563 684 4619 toshabuisse
698 4564 751 4619 in
774 4564 1104 4635 longitudine
1116 4565 1451 4638 perhibetur.
1468 4565 1604 4620 Ulna
1620 4567 1917 4621 secundum

334 4653 598 4722 quosdam
650 4652 929 4723 utriusque
974 4669 1162 4709 manus
1187 4654 1436 4710 extensio
1466 4663 1589 4709 est:
1622 4656 1918 4711 secundum

333 4743 474 4798 alios
502 4742 735 4806 cubitus,
768 4743 909 4813 quod
948 4743 1116 4814 magis
1160 4760 1347 4798 verum
1391 4752 1504 4809 est;
1558 4744 1682 4814 quia
1733 4743 1921 4800 Graece

333 4834 491 4888 olene
515 4833 733 4888 cubitus
776 4834 989 4888 dicitur.
1033 4833 1168 4888 Ulna
1195 4834 1469 4905 signiﬁcat
1497 4834 1691 4889 bonam
1731 4850 1921 4904 opera-

337 4922 564 4977 tionem.
602 4921 758 4978 Unde
788 4921 1004 4979 Simeon
1030 4924 1231 4979 dicitur
1250 4922 1523 4979 Christum
1547 4925 1602 4978 in
1632 4925 1772 4979 ulnis
1799 4940 1919 4980 sus-

333 5013 544 5082 cepisse
567 5022 622 5068 et
672 5013 954 5067 Dominum
995 5016 1334 5070 henedixisse
1358 5014 1508 5088 (Luc.
1556 5015 1639 5085 ιι).
1673 5016 1810 5081 Quid
1833 5023 1915 5069 est

333 5105 478 5158 enim
508 5103 785 5158 Christum
836 5104 889 5158 in
939 5105 1080 5159 ulnis
1131 5105 1425 5174 suscipere,
1468 5106 1573 5160 nisi
1627 5106 1730 5175 piis
1772 5108 1915 5161 hunc

334 5194 590 5263 opermus
617 5193 768 5247 velut
802 5195 1058 5248 membris
1089 5195 1287 5249 nostris
1308 5194 1668 5265 amplectere?
1695 5193 1799 5249 Per
1829 5195 1912 5249 nl-

336 5299 433 5338 ttas
457 5283 601 5338 enim
625 5283 886 5337 virtutum
925 5285 1168 5354 Operatio
1221 5286 1561 5355 exprimitur.
1593 5285 1723 5340 Cum
1772 5289 1916 5341 enim

338 5376 461 5445 quis
507 5376 563 5429 in
596 5376 706 5429 alio
733 5377 1060 5431 esurientem
1086 5377 1360 5431 Christum
1393 5378 1570 5440 satiat,
1596 5379 1649 5432 in
1688 5379 1795 5433 alio
1842 5379 1922 5433 si-

338 5466 561 5520 tientem
587 5472 759 5536 potat,
794 5467 846 5519 in
871 5466 976 5520 alio
1013 5467 1276 5538 hospitem
1309 5469 1552 5538 suscipit,
1583 5470 1636 5523 in
1685 5469 1793 5524 alio
1819 5486 1924 5524 nu-

340 5555 463 5608 dum
486 5556 702 5625 operit,
734 5555 787 5608 in
808 5555 915 5611 alio
939 5556 1207 5612 inﬁrmum
1244 5557 1326 5613 vel
1356 5559 1409 5612 in
1446 5574 1662 5615 carcere
1688 5561 1922 5631 positum

346 5644 562 5700 visitat:
624 5644 710 5699 his
762 5645 948 5716 procul
992 5647 1153 5705 dubio
1203 5648 1409 5705 devotis
1460 5650 1758 5711 actionibus
1799 5659 1922 5707 tan-

2028 3213 2281 3268 Extendit
2306 3230 2522 3268 manum
2546 3230 2700 3269 suam
2724 3217 2779 3270 in
2805 3217 3133 3272 retribuendo
3153 3218 3259 3274 illis
3281 3215 3454 3291 (Psal.
3479 3220 3611 3289 Liv).

2029 3304 2217 3360 Manus
2237 3305 2322 3361 his
2343 3305 2598 3362 virtutem
2617 3306 2807 3376 judicii
2838 3309 3105 3380 signiﬁcat
3123 3327 3245 3382 qua:
3268 3321 3395 3369 tunc
3423 3323 3615 3369 osten-

2028 3395 2202 3459 ditur,
2253 3398 2470 3467 quando
2520 3398 2666 3452 illam
2695 3399 3077 3455 discretionem
3125 3402 3388 3458 bonorum
3441 3403 3615 3458 malo—

2028 3504 2257 3557 rumque
2281 3490 2486 3545 lecerit.
2518 3489 2707 3545 Manus
2733 3504 2831 3559 pro
2868 3489 3008 3544 bona
3031 3492 3345 3560 operatione
3370 3492 3617 3563 aliquan-

2028 3579 2098 3635 do
2121 3580 2363 3651 ponitur,
2386 3589 2446 3635 ut
2491 3581 2546 3635 in
2581 3579 2833 3636 Psaitno:
2865 3580 3059 3636 Manus
3088 3591 3193 3637 tua:
3239 3583 3471 3653 fecerunt
3498 3601 3611 3650 me,

2027 3681 2075 3726 et
2111 3669 2500 3741 plasmavernnt
2525 3688 2605 3726 me
2647 3669 2820 3744 (Psal.
2871 3671 3081 3741 cxvttt).
3116 3672 3181 3727 Et
3226 3673 3390 3728 alibi:
3426 3673 3611 3740 Deum,

2027 3763 2226 3833 inquit,
2253 3763 2504 3834 exquisivi
2552 3763 2795 3817 manibus
2845 3763 2975 3817 meis
3017 3761 3190 3835 (Psal.
3227 3764 3430 3832 Lxxvt).
3480 3763 3611 3818 Item

2027 3869 2222 3910 manus
2249 3855 2421 3909 virtus
2437 3854 2632 3909 animae
2659 3854 2773 3909 sive
2799 3868 2936 3924 opus
2954 3854 3250 3919 bonum,ut
3269 3854 3326 3909 in
3351 3854 3567 3910 Psalmo
3592 3871 3608 3911 :

2030 3942 2255 3997 Labores
2275 3959 2525 3997 manuum
2566 3952 2778 3997 tuarum
2810 3942 3151 3997 manducabis
3181 3941 3352 4012 (Psal.
3377 3942 3606 4014 cxxvu).

2027 4034 2083 4088 lu
2105 4034 2432 4090 contrariam
2455 4048 2582 4088 vero
2600 4040 2813 4102 partem
2842 4047 3035 4087 manus
3055 4031 3415 4101 accipiuntur,
3447 4040 3505 4086 ut
3528 4039 3614 4087 est

2027 4124 2189 4179 illud:
2222 4122 2519 4179 Secundum
2544 4123 2899 4192 operationem
2927 4138 3178 4177 manuum
3197 4137 3418 4176 suarum
3454 4121 3608 4176 retri-

2027 4216 2123 4270 bue
2155 4216 2262 4270 illis
2292 4212 2474 4285 (Prov.
2509 4213 2633 4281 xu).
2658 4212 2892 4267 Dextera
2915 4221 3142 4266 vocatur
3177 4228 3208 4266 a
3243 4209 3440 4267 dando.
3489 4211 3608 4282 Ipsa

2023 4303 2168 4359 enim
2192 4302 2383 4373 pignus
2409 4301 2557 4372 pacis
2583 4302 2759 4364 datur,
2787 4301 2901 4370 ipsa
2931 4300 3055 4356 ﬁdei
3087 4301 3238 4356 testis
3269 4307 3430 4369 atque
3464 4300 3610 4356 salu-

2028 4397 2094 4447 tis
2124 4390 2439 4456 adhibetur;
2490 4399 2547 4445 et
2578 4391 2679 4446 hoc
2719 4401 2802 4444 est
2827 4390 2955 4446 illud
2985 4390 3125 4460 apud
3153 4389 3382 4445 Tullium
3409 4409 3421 4444 :
3454 4408 3475 4441 ι
3515 4390 3608 4446 Fi-

2023 4482 2143 4536 dem
2166 4479 2434 4551 publicam
2475 4479 2629 4549 jussu
2658 4487 2878 4534 senatus
2891 4478 3036 4544 dedi,
3060 4497 3079 4530 »
3104 4476 3157 4533 id
3189 4492 3291 4544 est,
3305 4480 3603 4536 dexteram.

2022 4568 2174 4625 Unde
2209 4577 2265 4622 et
2316 4569 2624 4639 Apostolus,
2656 4568 2930 4634 Dexteras,
2956 4569 3160 4639 inquit,
3201 4569 3455 4625 dederunt
3480 4572 3607 4626 mihi

2019 4672 2068 4718 et
2101 4660 2363 4716 Barnabw
2400 4661 2661 4716 societatis
2705 4657 2846 4732 (Gal.
2884 4660 2968 4734 tt).
3022 4660 3252 4717 Sinistra
3294 4674 3473 4718 autem
3508 4678 3604 4719 vo-

2017 4764 2159 4819 cata,
2198 4754 2351 4825 quasi
2392 4752 2508 4809 sine
2543 4752 2785 4817 dextera,
2826 4753 2940 4808 sive
2973 4752 3117 4823 quod
3150 4769 3262 4809 rem
3292 4754 3407 4810 ﬁeri
3434 4755 3600 4810 sinat.

2019 4844 2065 4899 Α
2090 4845 2316 4900 sinendo
2345 4854 2522 4899 autem
2551 4844 2768 4899 sinistra
2794 4852 2879 4898 est
2907 4853 3234 4914 nuncupata.
3288 4841 3392 4898 Per
3417 4843 3605 4899 dexte-

2024 4952 2137 4991 ram
2167 4937 2311 4990 enim
2339 4934 2625 5004 aliquando
2655 4933 2966 5005 designatur
3008 4933 3254 4988 Christus
3289 4932 3455 4988 Filius
3483 4931 3601 4999 Dei,

2023 5034 2245 5095 propter
2271 5025 2568 5079 eﬂ'ectivam
2596 5025 2890 5093 potentiam
2908 5064 2923 5087 ,
2950 5022 3017 5079 de
3048 5040 3156 5094 quo
3181 5023 3439 5092 scriptum
3475 5033 3599 5079 est:

2026 5116 2252 5171 Dextera
2280 5116 2490 5170 Domini
2517 5116 2636 5185 fecit
2662 5118 2920 5182 virtutem,
2948 5115 3173 5170 Dextera
3215 5115 3424 5171 Domini
3463 5117 3604 5173 exal-

2026 5208 2150 5261 tavit
2181 5223 2262 5259 me
2289 5204 2461 5277 (Psal.
2490 5206 2678 5274 cxvn).
2716 5205 3017 5274 Aliquando
3051 5214 3250 5261 mterna
3289 5206 3598 5264 beatitudo:

2023 5298 2165 5352 unde
2188 5296 2302 5365 ipse
2323 5294 2567 5349 Christus
2596 5295 2790 5349 dicitur
2820 5294 2872 5348 in
2902 5294 3122 5349 dextera
3144 5294 3239 5350 Dei
3260 5294 3472 5363 sedere,
3499 5296 3605 5354 hoc

2019 5394 2119 5448 est,
2163 5384 2214 5438 in
2257 5391 2456 5436 aeterna
2494 5382 2824 5436 beatitudine
2863 5397 3106 5452 regnare.
3148 5383 3449 5455 Aliquando
3486 5386 3600 5442 ele-

2020 5476 2129 5530 ctio
2176 5482 2519 5537 sanctorum,
2588 5471 2729 5525 unde
2796 5471 3051 5526 dicuntur
3106 5472 3242 5543 justi
3307 5484 3453 5531 stare
3530 5476 3601 5531 ad

2020 5564 2295 5619 dexteram
2328 5559 2531 5616 Iudicis
2564 5558 2777 5632 (Matth.
2819 5558 2963 5633 xxv),
2993 5560 3097 5617 hoc
3122 5571 3226 5628 est,
3248 5568 3450 5619 :eterna
3474 5564 3603 5619 bea-

2022 5651 2251 5707 titudine
2285 5651 2449 5723 digni,
2491 5658 2545 5706 et
2582 5657 2892 5721 peccatores
2929 5650 2996 5708 ad
3033 5652 3328 5719 sinistram,
3358 5655 3458 5711 hoc
3497 5664 3605 5721 cst,
