  <div class='ocr_page' id='page_1' title='image "/cluster/home/n/w/nwhite01/storage/ocr_20150623/111/hvd.32044054759766/085.png"; bbox 0 0 4072 6198; ppageno 0'>
   <div class='ocr_carea' id='block_1_1' title="bbox 461 326 563 385">
    <p class='ocr_par' dir='ltr' id='par_1_1' title="bbox 461 326 563 385">
     <span class='ocr_line' id='line_1_1' title="bbox 461 326 563 385; baseline -0.02 0"><span class='ocrx_word' id='word_1_1' title='bbox 461 326 563 385; x_wconf 70' lang='grc'><strong>139</strong></span> 
     </span>
    </p>
   </div>
   <div class='ocr_carea' id='block_1_2' title="bbox 1095 307 3066 376">
    <p class='ocr_par' dir='ltr' id='par_1_2' title="bbox 1095 307 3066 376">
     <span class='ocr_line' id='line_1_2' title="bbox 1095 307 3066 376; baseline -0.006 -1"><span class='ocrx_word' id='word_1_2' title='bbox 1095 319 1157 376; x_wconf 85' lang='grc' dir='ltr'><strong>Β.</strong></span> <span class='ocrx_word' id='word_1_3' title='bbox 1198 311 1456 374; x_wconf 79' lang='lat' dir='ltr'><strong>RABANI</strong></span> <span class='ocrx_word' id='word_1_4' title='bbox 1493 311 1713 374; x_wconf 76' lang='lat' dir='ltr'><strong>MAURI</strong></span> <span class='ocrx_word' id='word_1_5' title='bbox 1750 309 2070 372; x_wconf 79' lang='lat' dir='ltr'><strong>ARCiilEP.</strong></span> <span class='ocrx_word' id='word_1_6' title='bbox 2111 307 2420 370; x_wconf 84' lang='lat' dir='ltr'><strong>MOGUNT.</strong></span> <span class='ocrx_word' id='word_1_7' title='bbox 2462 309 2744 370; x_wconf 81' lang='lat' dir='ltr'><strong>OPERUM</strong></span> <span class='ocrx_word' id='word_1_8' title='bbox 2784 309 2963 366; x_wconf 78' lang='lat' dir='ltr'><strong>PARS</strong></span> <span class='ocrx_word' id='word_1_9' title='bbox 2999 308 3066 365; x_wconf 90' lang='lat' dir='ltr'><strong>ll.</strong></span> 
     </span>
    </p>
   </div>
   <div class='ocr_carea' id='block_1_3' title="bbox 3620 309 3724 364">
    <p class='ocr_par' dir='ltr' id='par_1_3' title="bbox 3620 309 3724 364">
     <span class='ocr_line' id='line_1_3' title="bbox 3620 309 3724 364; baseline 0.019 -2"><span class='ocrx_word' id='word_1_10' title='bbox 3620 309 3724 364; x_wconf 81' lang='lat' dir='ltr'><strong>i60</strong></span> 
     </span>
    </p>
   </div>
   <div class='ocr_carea' id='block_1_4' title="bbox 454 419 3724 512">
    <p class='ocr_par' dir='ltr' id='par_1_4' title="bbox 454 419 3724 512">
     <span class='ocr_line' id='line_1_4' title="bbox 454 419 3724 512; baseline -0.006 -15"><span class='ocrx_word' id='word_1_11' title='bbox 454 443 510 498; x_wconf 86' lang='lat' dir='ltr'><strong>in</strong></span> <span class='ocrx_word' id='word_1_12' title='bbox 539 445 744 512; x_wconf 88' lang='lat' dir='ltr'><strong>partem</strong></span> <span class='ocrx_word' id='word_1_13' title='bbox 772 435 1080 508; x_wconf 88' lang='lat' dir='ltr'><strong>reprobam,</strong></span> <span class='ocrx_word' id='word_1_14' title='bbox 1117 433 1209 505; x_wconf 99' lang='lat' dir='ltr'><strong>qui</strong></span> <span class='ocrx_word' id='word_1_15' title='bbox 1240 431 1500 504; x_wconf 87' lang='lat' dir='ltr'><strong>supplicio</strong></span> <span class='ocrx_word' id='word_1_16' title='bbox 1531 429 1712 485; x_wconf 90' lang='lat' dir='ltr'><strong>traditi</strong></span> <span class='ocrx_word' id='word_1_17' title='bbox 1743 436 1887 484; x_wconf 91' lang='lat' dir='ltr'><strong>sunt.</strong></span> <span class='ocrx_word' id='word_1_18' title='bbox 1941 425 2042 480; x_wconf 79' lang='lat' dir='ltr'><strong>ilic</strong></span> <span class='ocrx_word' id='word_1_19' title='bbox 2071 425 2116 484; x_wconf 82' lang='lat' dir='ltr'><strong>A</strong></span> <span class='ocrx_word' id='word_1_20' title='bbox 2145 424 2446 497; x_wconf 69' lang='lat' dir='ltr'><strong>praesentia:</strong></span> <span class='ocrx_word' id='word_1_21' title='bbox 2473 426 2698 498; x_wconf 76' lang='lat' dir='ltr'><strong>gratiam</strong></span> <span class='ocrx_word' id='word_1_22' title='bbox 2729 432 3008 494; x_wconf 85' lang='lat' dir='ltr'><strong>respuunt.</strong></span> <span class='ocrx_word' id='word_1_23' title='bbox 3041 423 3172 476; x_wconf 83' lang='lat' dir='ltr'><strong>item</strong></span> <span class='ocrx_word' id='word_1_24' title='bbox 3205 419 3447 491; x_wconf 82' lang='lat' dir='ltr'><strong>colaphis</strong></span> <span class='ocrx_word' id='word_1_25' title='bbox 3475 437 3597 476; x_wconf 82' lang='lat' dir='ltr'><strong>cum</strong></span> <span class='ocrx_word' id='word_1_26' title='bbox 3629 439 3724 479; x_wconf 79' lang='lat' dir='ltr'><strong>ca:-</strong></span> 
     </span>
    </p>
   </div>
   <div class='ocr_carea' id='block_1_5' title="bbox 456 517 2046 602">
    <p class='ocr_par' dir='ltr' id='par_1_5' title="bbox 456 517 2046 602">
     <span class='ocr_line' id='line_1_5' title="bbox 456 517 2046 602; baseline -0.011 -14"><span class='ocrx_word' id='word_1_27' title='bbox 456 529 713 602; x_wconf 88' lang='lat' dir='ltr'><strong>impletur</strong></span> <span class='ocrx_word' id='word_1_28' title='bbox 751 527 893 598; x_wconf 87' lang='lat' dir='ltr'><strong>quod</strong></span> <span class='ocrx_word' id='word_1_29' title='bbox 935 525 1062 581; x_wconf 84' lang='lat' dir='ltr'><strong>alibi</strong></span> <span class='ocrx_word' id='word_1_30' title='bbox 1109 525 1369 594; x_wconf 89' lang='lat' dir='ltr'><strong>scriptum</strong></span> <span class='ocrx_word' id='word_1_31' title='bbox 1415 531 1498 578; x_wconf 90' lang='lat' dir='ltr'><strong>est</strong></span> <span class='ocrx_word' id='word_1_32' title='bbox 1531 540 1544 575; x_wconf 73' lang='grc' dir='ltr'>ε</span> <span class='ocrx_word' id='word_1_33' title='bbox 1577 521 1646 575; x_wconf 87' lang='lat' dir='ltr'><strong>In</strong></span> <span class='ocrx_word' id='word_1_34' title='bbox 1691 521 1903 574; x_wconf 78' lang='lat' dir='ltr'><strong>dextera</strong></span> <span class='ocrx_word' id='word_1_35' title='bbox 1947 517 2046 572; x_wconf 92' lang='lat' dir='ltr'><strong>Dei</strong></span> 
     </span>
    </p>
   </div>
   <div class='ocr_carea' id='block_1_6' title="bbox 457 611 2044 696">
    <p class='ocr_par' dir='ltr' id='par_1_6' title="bbox 457 611 2044 696">
     <span class='ocr_line' id='line_1_6' title="bbox 457 611 2044 696; baseline -0.01 -16"><span class='ocrx_word' id='word_1_36' title='bbox 457 624 609 696; x_wconf 77' lang='lat' dir='ltr'><strong>ignea</strong></span> <span class='ocrx_word' id='word_1_37' title='bbox 634 622 718 677; x_wconf 79' lang='lat' dir='ltr'><strong>lex</strong></span> <span class='ocrx_word' id='word_1_38' title='bbox 759 620 935 693; x_wconf 83' lang='lat' dir='ltr'><strong>(Deut.</strong></span> <span class='ocrx_word' id='word_1_39' title='bbox 968 616 1189 687; x_wconf 88' lang='grc' dir='ltr'>χχχιιι),</span> <span class='ocrx_word' id='word_1_40' title='bbox 1233 633 1264 670; x_wconf 89' lang='lat' dir='ltr'><strong>a</strong></span> <span class='ocrx_word' id='word_1_41' title='bbox 1309 615 1529 671; x_wconf 89' lang='lat' dir='ltr'><strong>sinistra</strong></span> <span class='ocrx_word' id='word_1_42' title='bbox 1575 625 1755 668; x_wconf 89' lang='lat' dir='ltr'><strong>autem</strong></span> <span class='ocrx_word' id='word_1_43' title='bbox 1793 611 1910 680; x_wconf 79' lang='lat' dir='ltr'><strong>ejus</strong></span> <span class='ocrx_word' id='word_1_44' title='bbox 1957 625 2044 665; x_wconf 88' lang='lat' dir='ltr'><strong>re-</strong></span> 
     </span>
    </p>
   </div>
   <div class='ocr_carea' id='block_1_7' title="bbox 460 702 2042 786">
    <p class='ocr_par' dir='ltr' id='par_1_7' title="bbox 460 702 2042 786">
     <span class='ocr_line' id='line_1_7' title="bbox 460 702 2042 786; baseline -0.009 -20"><span class='ocrx_word' id='word_1_45' title='bbox 460 713 637 786; x_wconf 82' lang='lat' dir='ltr'><strong>probi.</strong></span> <span class='ocrx_word' id='word_1_46' title='bbox 689 711 744 765; x_wconf 93' lang='lat' dir='ltr'><strong>ln</strong></span> <span class='ocrx_word' id='word_1_47' title='bbox 781 710 998 766; x_wconf 84' lang='lat' dir='ltr'><strong>sinistra</strong></span> <span class='ocrx_word' id='word_1_48' title='bbox 1029 722 1158 778; x_wconf 88' lang='lat' dir='ltr'><strong>ergo</strong></span> <span class='ocrx_word' id='word_1_49' title='bbox 1198 705 1406 762; x_wconf 84' lang='lat' dir='ltr'><strong>Domini</strong></span> <span class='ocrx_word' id='word_1_50' title='bbox 1435 703 1649 775; x_wconf 86' lang='lat' dir='ltr'><strong>reprobi</strong></span> <span class='ocrx_word' id='word_1_51' title='bbox 1677 702 1837 774; x_wconf 85' lang='lat' dir='ltr'><strong>positi</strong></span> <span class='ocrx_word' id='word_1_52' title='bbox 1865 707 2042 763; x_wconf 89' lang='lat' dir='ltr'><strong>erunt,</strong></span> 
     </span>
    </p>
   </div>
   <div class='ocr_carea' id='block_1_8' title="bbox 459 792 2045 875">
    <p class='ocr_par' dir='ltr' id='par_1_8' title="bbox 459 792 2045 875">
     <span class='ocr_line' id='line_1_8' title="bbox 459 792 2045 875; baseline -0.008 -16"><span class='ocrx_word' id='word_1_53' title='bbox 459 805 555 875; x_wconf 85' lang='lat' dir='ltr'><strong>qui</strong></span> <span class='ocrx_word' id='word_1_54' title='bbox 611 811 666 858; x_wconf 86' lang='lat' dir='ltr'><strong>et</strong></span> <span class='ocrx_word' id='word_1_55' title='bbox 695 802 932 865; x_wconf 88' lang='lat' dir='ltr'><strong>sinistra,</strong></span> <span class='ocrx_word' id='word_1_56' title='bbox 961 801 1064 855; x_wconf 91' lang='lat' dir='ltr'><strong>hoc</strong></span> <span class='ocrx_word' id='word_1_57' title='bbox 1121 805 1224 862; x_wconf 89' lang='lat' dir='ltr'><strong>est,</strong></span> <span class='ocrx_word' id='word_1_58' title='bbox 1256 796 1566 867; x_wconf 84' lang='lat' dir='ltr'><strong>praesentia,</strong></span> <span class='ocrx_word' id='word_1_59' title='bbox 1609 793 1847 864; x_wconf 89' lang='lat' dir='ltr'><strong>quandiu</strong></span> <span class='ocrx_word' id='word_1_60' title='bbox 1894 792 2045 846; x_wconf 81' lang='lat' dir='ltr'><strong>vixe-</strong></span> 
     </span>
    </p>
   </div>
   <div class='ocr_carea' id='block_1_9' title="bbox 458 891 2044 962">
    <p class='ocr_par' dir='ltr' id='par_1_9' title="bbox 458 891 2044 962">
     <span class='ocr_line' id='line_1_9' title="bbox 458 891 2044 962; baseline -0.01 -12"><span class='ocrx_word' id='word_1_61' title='bbox 458 904 606 960; x_wconf 88' lang='lat' dir='ltr'><strong>runt,</strong></span> <span class='ocrx_word' id='word_1_62' title='bbox 632 893 839 948; x_wconf 87' lang='lat' dir='ltr'><strong>ardenti</strong></span> <span class='ocrx_word' id='word_1_63' title='bbox 869 891 1161 962; x_wconf 89' lang='lat' dir='ltr'><strong>cupiditate</strong></span> <span class='ocrx_word' id='word_1_64' title='bbox 1187 895 1506 942; x_wconf 87' lang='lat' dir='ltr'><strong>amaverunt</strong></span> <span class='ocrx_word' id='word_1_65' title='bbox 1529 904 1542 939; x_wconf 88' lang='lat'><strong>:</strong></span> <span class='ocrx_word' id='word_1_66' title='bbox 1568 899 1667 940; x_wconf 91' lang='lat' dir='ltr'><strong>nec</strong></span> <span class='ocrx_word' id='word_1_67' title='bbox 1696 891 2044 946; x_wconf 70' lang='lat' dir='ltr'><strong>mternorum,</strong></span> 
     </span>
    </p>
   </div>
   <div class='ocr_carea' id='block_1_10' title="bbox 457 969 2050 1058">
    <p class='ocr_par' dir='ltr' id='par_1_10' title="bbox 457 969 2050 1058">
     <span class='ocr_line' id='line_1_10' title="bbox 457 969 2050 1058; baseline -0.01 -15"><span class='ocrx_word' id='word_1_68' title='bbox 457 1005 579 1058; x_wconf 64' lang='lat' dir='ltr'><strong>quae</strong></span> <span class='ocrx_word' id='word_1_69' title='bbox 606 1003 703 1058; x_wconf 89' lang='lat' dir='ltr'><strong>per</strong></span> <span class='ocrx_word' id='word_1_70' title='bbox 730 986 1005 1040; x_wconf 82' lang='lat' dir='ltr'><strong>dexteram</strong></span> <span class='ocrx_word' id='word_1_71' title='bbox 1044 979 1439 1052; x_wconf 86' lang='lat' dir='ltr'><strong>signiﬁcantur,</strong></span> <span class='ocrx_word' id='word_1_72' title='bbox 1481 976 1810 1033; x_wconf 84' lang='lat' dir='ltr'><strong>desiderium</strong></span> <span class='ocrx_word' id='word_1_73' title='bbox 1845 969 2050 1028; x_wconf 89' lang='lat' dir='ltr'><strong>habue-</strong></span> 
     </span>
    </p>
   </div>
   <div class='ocr_carea' id='block_1_11' title="bbox 459 1061 2045 1141">
    <p class='ocr_par' dir='ltr' id='par_1_11' title="bbox 459 1061 2045 1141">
     <span class='ocr_line' id='line_1_11' title="bbox 459 1061 2045 1141; baseline -0.011 -10"><span class='ocrx_word' id='word_1_74' title='bbox 459 1061 604 1132; x_wconf 84' lang='lat' dir='ltr'><strong>runt.</strong></span> <span class='ocrx_word' id='word_1_75' title='bbox 647 1075 800 1138; x_wconf 90' lang='lat' dir='ltr'><strong>item,</strong></span> <span class='ocrx_word' id='word_1_76' title='bbox 831 1074 1048 1128; x_wconf 82' lang='lat' dir='ltr'><strong>dextera</strong></span> <span class='ocrx_word' id='word_1_77' title='bbox 1075 1069 1345 1141; x_wconf 87' lang='lat' dir='ltr'><strong>signiﬁcat</strong></span> <span class='ocrx_word' id='word_1_78' title='bbox 1366 1078 1604 1121; x_wconf 89' lang='lat' dir='ltr'><strong>amorem</strong></span> <span class='ocrx_word' id='word_1_79' title='bbox 1634 1071 1852 1119; x_wconf 64' lang='lat' dir='ltr'><strong>atternie</strong></span> <span class='ocrx_word' id='word_1_80' title='bbox 1877 1061 2004 1115; x_wconf 67' lang='lat' dir='ltr'><strong>vitae</strong></span> <span class='ocrx_word' id='word_1_81' title='bbox 2030 1077 2045 1114; x_wconf 88' lang='lat'><strong>:</strong></span> 
     </span>
    </p>
   </div>
   <div class='ocr_carea' id='block_1_12' title="bbox 457 1151 2047 1227">
    <p class='ocr_par' dir='ltr' id='par_1_12' title="bbox 457 1151 2047 1227">
     <span class='ocr_line' id='line_1_12' title="bbox 457 1151 2047 1227; baseline -0.01 -5"><span class='ocrx_word' id='word_1_82' title='bbox 457 1177 514 1222; x_wconf 89' lang='lat' dir='ltr'><strong>et</strong></span> <span class='ocrx_word' id='word_1_83' title='bbox 560 1167 776 1222; x_wconf 86' lang='lat' dir='ltr'><strong>sinistra</strong></span> <span class='ocrx_word' id='word_1_84' title='bbox 830 1162 1236 1218; x_wconf 88' lang='lat' dir='ltr'><strong>delectationem</strong></span> <span class='ocrx_word' id='word_1_85' title='bbox 1293 1159 1466 1214; x_wconf 86' lang='lat' dir='ltr'><strong>laudis</strong></span> <span class='ocrx_word' id='word_1_86' title='bbox 1525 1155 1802 1227; x_wconf 69' lang='lat' dir='ltr'><strong>prmsentis</strong></span> <span class='ocrx_word' id='word_1_87' title='bbox 1846 1151 2047 1210; x_wconf 72' lang='lat' dir='ltr'><strong>smculi.</strong></span> 
     </span>
    </p>
   </div>
   <div class='ocr_carea' id='block_1_13' title="bbox 459 1242 2051 1328">
    <p class='ocr_par' dir='ltr' id='par_1_13' title="bbox 459 1242 2051 1328">
     <span class='ocr_line' id='line_1_13' title="bbox 459 1242 2051 1328; baseline -0.013 -14"><span class='ocrx_word' id='word_1_88' title='bbox 459 1257 613 1314; x_wconf 86' lang='lat' dir='ltr'><strong>Unde</strong></span> <span class='ocrx_word' id='word_1_89' title='bbox 642 1255 836 1310; x_wconf 88' lang='lat' dir='ltr'><strong>dicitur</strong></span> <span class='ocrx_word' id='word_1_90' title='bbox 869 1271 881 1306; x_wconf 91' lang='lat'>:</span> <span class='ocrx_word' id='word_1_91' title='bbox 913 1251 984 1328; x_wconf 72' lang='lat' dir='ltr'><strong>Te</strong></span> <span class='ocrx_word' id='word_1_92' title='bbox 1031 1259 1203 1306; x_wconf 91' lang='lat' dir='ltr'><strong>autem</strong></span> <span class='ocrx_word' id='word_1_93' title='bbox 1248 1248 1468 1318; x_wconf 82' lang='lat' dir='ltr'><strong>faciente</strong></span> <span class='ocrx_word' id='word_1_94' title='bbox 1512 1242 1908 1314; x_wconf 81' lang='lat' dir='ltr'><strong>eleemosynam,</strong></span> <span class='ocrx_word' id='word_1_95' title='bbox 1963 1256 2051 1294; x_wconf 83' lang='lat' dir='ltr'><strong>ne-</strong></span> 
     </span>
    </p>
   </div>
   <div class='ocr_carea' id='block_1_14' title="bbox 457 1331 2052 1412">
    <p class='ocr_par' dir='ltr' id='par_1_14' title="bbox 457 1331 2052 1412">
     <span class='ocr_line' id='line_1_14' title="bbox 457 1331 2052 1412; baseline -0.013 -9"><span class='ocrx_word' id='word_1_96' title='bbox 457 1349 589 1405; x_wconf 86' lang='lat' dir='ltr'><strong>sciat</strong></span> <span class='ocrx_word' id='word_1_97' title='bbox 638 1346 853 1402; x_wconf 88' lang='lat' dir='ltr'><strong>sinistra</strong></span> <span class='ocrx_word' id='word_1_98' title='bbox 891 1354 1016 1407; x_wconf 88' lang='lat' dir='ltr'><strong>tua,</strong></span> <span class='ocrx_word' id='word_1_99' title='bbox 1071 1341 1198 1412; x_wconf 83' lang='lat' dir='ltr'><strong>quid</strong></span> <span class='ocrx_word' id='word_1_100' title='bbox 1243 1339 1402 1410; x_wconf 81' lang='lat' dir='ltr'><strong>faciat</strong></span> <span class='ocrx_word' id='word_1_101' title='bbox 1457 1337 1674 1390; x_wconf 74' lang='lat' dir='ltr'><strong>dextera</strong></span> <span class='ocrx_word' id='word_1_102' title='bbox 1717 1343 1852 1387; x_wconf 89' lang='lat' dir='ltr'><strong>tua:</strong></span> <span class='ocrx_word' id='word_1_103' title='bbox 1883 1341 1940 1385; x_wconf 90' lang='lat' dir='ltr'><strong>ut</strong></span> <span class='ocrx_word' id='word_1_104' title='bbox 1983 1331 2052 1385; x_wconf 91' lang='lat' dir='ltr'><strong>sit</strong></span> 
     </span>
    </p>
   </div>
   <div class='ocr_carea' id='block_1_15' title="bbox 457 1421 2052 1506">
    <p class='ocr_par' dir='ltr' id='par_1_15' title="bbox 457 1421 2052 1506">
     <span class='ocr_line' id='line_1_15' title="bbox 457 1421 2052 1506; baseline -0.013 -12"><span class='ocrx_word' id='word_1_105' title='bbox 457 1439 781 1506; x_wconf 86' lang='lat' dir='ltr'><strong>cleemosyna</strong></span> <span class='ocrx_word' id='word_1_106' title='bbox 810 1443 900 1488; x_wconf 85' lang='lat' dir='ltr'><strong>tua</strong></span> <span class='ocrx_word' id='word_1_107' title='bbox 925 1434 981 1487; x_wconf 89' lang='lat' dir='ltr'><strong>in</strong></span> <span class='ocrx_word' id='word_1_108' title='bbox 1012 1431 1264 1486; x_wconf 87' lang='lat' dir='ltr'><strong>absconso</strong></span> <span class='ocrx_word' id='word_1_109' title='bbox 1286 1443 1305 1483; x_wconf 91' lang='lat'><strong><em>:</em></strong></span> <span class='ocrx_word' id='word_1_110' title='bbox 1329 1438 1376 1483; x_wconf 90' lang='lat' dir='ltr'><strong>et</strong></span> <span class='ocrx_word' id='word_1_111' title='bbox 1422 1425 1580 1480; x_wconf 81' lang='lat' dir='ltr'><strong>Pater</strong></span> <span class='ocrx_word' id='word_1_112' title='bbox 1607 1436 1750 1488; x_wconf 87' lang='lat' dir='ltr'><strong>tuus,</strong></span> <span class='ocrx_word' id='word_1_113' title='bbox 1785 1423 1874 1494; x_wconf 85' lang='lat' dir='ltr'><strong>qui</strong></span> <span class='ocrx_word' id='word_1_114' title='bbox 1917 1421 2052 1476; x_wconf 81' lang='lat' dir='ltr'><strong>videt</strong></span> 
     </span>
    </p>
   </div>
   <div class='ocr_carea' id='block_1_16' title="bbox 457 1510 2052 1590">
    <p class='ocr_par' dir='ltr' id='par_1_16' title="bbox 457 1510 2052 1590">
     <span class='ocr_line' id='line_1_16' title="bbox 457 1510 2052 1590; baseline -0.011 -8"><span class='ocrx_word' id='word_1_115' title='bbox 457 1528 514 1582; x_wconf 87' lang='lat' dir='ltr'><strong>in</strong></span> <span class='ocrx_word' id='word_1_116' title='bbox 557 1525 842 1589; x_wconf 84' lang='lat' dir='ltr'><strong>absconso,</strong></span> <span class='ocrx_word' id='word_1_117' title='bbox 885 1521 1062 1577; x_wconf 83' lang='lat' dir='ltr'><strong>reddet</strong></span> <span class='ocrx_word' id='word_1_118' title='bbox 1116 1521 1208 1574; x_wconf 84' lang='lat' dir='ltr'><strong>tibi</strong></span> <span class='ocrx_word' id='word_1_119' title='bbox 1256 1518 1472 1590; x_wconf 81' lang='lat' dir='ltr'><strong>(Matth.</strong></span> <span class='ocrx_word' id='word_1_120' title='bbox 1521 1515 1620 1587; x_wconf 83' lang='lat' dir='ltr'><strong>vi).</strong></span> <span class='ocrx_word' id='word_1_121' title='bbox 1676 1513 1815 1581; x_wconf 84' lang='lat' dir='ltr'><strong>Quid</strong></span> <span class='ocrx_word' id='word_1_122' title='bbox 1860 1520 1946 1568; x_wconf 88' lang='lat' dir='ltr'><strong>est</strong></span> <span class='ocrx_word' id='word_1_123' title='bbox 1997 1510 2052 1566; x_wconf 91' lang='lat' dir='ltr'><strong>in</strong></span> 
     </span>
    </p>
   </div>
   <div class='ocr_carea' id='block_1_17' title="bbox 457 1601 2049 1680">
    <p class='ocr_par' dir='ltr' id='par_1_17' title="bbox 457 1601 2049 1680">
     <span class='ocr_line' id='line_1_17' title="bbox 457 1601 2049 1680; baseline -0.011 -10"><span class='ocrx_word' id='word_1_124' title='bbox 457 1615 796 1679; x_wconf 88' lang='lat' dir='ltr'><strong>abscondito,</strong></span> <span class='ocrx_word' id='word_1_125' title='bbox 825 1612 928 1668; x_wconf 84' lang='lat' dir='ltr'><strong>nisi</strong></span> <span class='ocrx_word' id='word_1_126' title='bbox 960 1612 1013 1665; x_wconf 93' lang='lat' dir='ltr'><strong>in</strong></span> <span class='ocrx_word' id='word_1_127' title='bbox 1051 1611 1165 1680; x_wconf 88' lang='lat' dir='ltr'><strong>ipsa</strong></span> <span class='ocrx_word' id='word_1_128' title='bbox 1197 1609 1336 1664; x_wconf 86' lang='lat' dir='ltr'><strong>bona</strong></span> <span class='ocrx_word' id='word_1_129' title='bbox 1380 1605 1732 1667; x_wconf 87' lang='lat' dir='ltr'><strong>conscientia,</strong></span> <span class='ocrx_word' id='word_1_130' title='bbox 1781 1616 1900 1671; x_wconf 64' lang='lat' dir='ltr'><strong>quae</strong></span> <span class='ocrx_word' id='word_1_131' title='bbox 1943 1601 2049 1654; x_wconf 87' lang='lat' dir='ltr'><strong>hu-</strong></span> 
     </span>
    </p>
   </div>
   <div class='ocr_carea' id='block_1_18' title="bbox 461 1692 2052 1767">
    <p class='ocr_par' dir='ltr' id='par_1_18' title="bbox 461 1692 2052 1767">
     <span class='ocr_line' id='line_1_18' title="bbox 461 1692 2052 1767; baseline -0.011 -7"><span class='ocrx_word' id='word_1_132' title='bbox 461 1705 636 1760; x_wconf 89' lang='lat' dir='ltr'><strong>manis</strong></span> <span class='ocrx_word' id='word_1_133' title='bbox 664 1703 838 1758; x_wconf 86' lang='lat' dir='ltr'><strong>oculis</strong></span> <span class='ocrx_word' id='word_1_134' title='bbox 863 1699 1225 1758; x_wconf 89' lang='lat' dir='ltr'><strong>demonstrari</strong></span> <span class='ocrx_word' id='word_1_135' title='bbox 1251 1713 1357 1753; x_wconf 88' lang='lat' dir='ltr'><strong>non</strong></span> <span class='ocrx_word' id='word_1_136' title='bbox 1381 1704 1580 1767; x_wconf 88' lang='lat' dir='ltr'><strong>potest,</strong></span> <span class='ocrx_word' id='word_1_137' title='bbox 1603 1710 1703 1749; x_wconf 89' lang='lat' dir='ltr'><strong>nec</strong></span> <span class='ocrx_word' id='word_1_138' title='bbox 1724 1692 1904 1748; x_wconf 81' lang='lat' dir='ltr'><strong>verbis</strong></span> <span class='ocrx_word' id='word_1_139' title='bbox 1925 1704 2052 1761; x_wconf 90' lang='lat' dir='ltr'><strong>ape-</strong></span> 
     </span>
    </p>
   </div>
   <div class='ocr_carea' id='block_1_19' title="bbox 2145 513 3732 588">
    <p class='ocr_par' dir='ltr' id='par_1_19' title="bbox 2145 513 3732 588">
     <span class='ocr_line' id='line_1_19' title="bbox 2145 513 3732 588; baseline -0.002 -15"><span class='ocrx_word' id='word_1_140' title='bbox 2145 520 2299 585; x_wconf 88' lang='lat' dir='ltr'><strong>dunt,</strong></span> <span class='ocrx_word' id='word_1_141' title='bbox 2331 518 2422 588; x_wconf 91' lang='lat' dir='ltr'><strong>qui</strong></span> <span class='ocrx_word' id='word_1_142' title='bbox 2453 520 2502 572; x_wconf 88' lang='lat' dir='ltr'><strong>ei</strong></span> <span class='ocrx_word' id='word_1_143' title='bbox 2530 517 2760 572; x_wconf 84' lang='lat' dir='ltr'><strong>honores</strong></span> <span class='ocrx_word' id='word_1_144' title='bbox 2787 532 2913 571; x_wconf 84' lang='lat' dir='ltr'><strong>suos</strong></span> <span class='ocrx_word' id='word_1_145' title='bbox 2939 514 3252 586; x_wconf 74' lang='lat' dir='ltr'><strong>praeferunt.</strong></span> <span class='ocrx_word' id='word_1_146' title='bbox 3301 513 3518 569; x_wconf 87' lang='lat' dir='ltr'><strong>Palmas</strong></span> <span class='ocrx_word' id='word_1_147' title='bbox 3556 515 3611 570; x_wconf 92' lang='lat' dir='ltr'><strong>in</strong></span> <span class='ocrx_word' id='word_1_148' title='bbox 3650 515 3732 570; x_wconf 82' lang='lat' dir='ltr'><strong>fa-</strong></span> 
     </span>
    </p>
   </div>
   <div class='ocr_carea' id='block_1_20' title="bbox 2144 605 3736 677">
    <p class='ocr_par' dir='ltr' id='par_1_20' title="bbox 2144 605 3736 677">
     <span class='ocr_line' id='line_1_20' title="bbox 2144 605 3736 677; baseline -0.001 -12"><span class='ocrx_word' id='word_1_149' title='bbox 2144 611 2280 665; x_wconf 90' lang='lat' dir='ltr'><strong>ciem</strong></span> <span class='ocrx_word' id='word_1_150' title='bbox 2304 610 2354 664; x_wconf 88' lang='lat' dir='ltr'><strong>ei</strong></span> <span class='ocrx_word' id='word_1_151' title='bbox 2378 609 2528 673; x_wconf 90' lang='lat' dir='ltr'><strong>dant,</strong></span> <span class='ocrx_word' id='word_1_152' title='bbox 2560 607 2650 677; x_wconf 91' lang='lat' dir='ltr'><strong>qui</strong></span> <span class='ocrx_word' id='word_1_153' title='bbox 2684 606 2908 676; x_wconf 86' lang='lat' dir='ltr'><strong>perﬁdia</strong></span> <span class='ocrx_word' id='word_1_154' title='bbox 2953 605 3160 670; x_wconf 66' lang='lat' dir='ltr'><strong>caecini,</strong></span> <span class='ocrx_word' id='word_1_155' title='bbox 3203 619 3325 658; x_wconf 91' lang='lat' dir='ltr'><strong>eum</strong></span> <span class='ocrx_word' id='word_1_156' title='bbox 3373 619 3478 658; x_wconf 92' lang='lat' dir='ltr'><strong>non</strong></span> <span class='ocrx_word' id='word_1_157' title='bbox 3521 605 3736 663; x_wconf 79' lang='lat' dir='ltr'><strong>venisse</strong></span> 
     </span>
    </p>
   </div>
   <div class='ocr_carea' id='block_1_21' title="bbox 2145 696 3739 771">
    <p class='ocr_par' dir='ltr' id='par_1_21' title="bbox 2145 696 3739 771">
     <span class='ocr_line' id='line_1_21' title="bbox 2145 696 3739 771; baseline -0.001 -16"><span class='ocrx_word' id='word_1_158' title='bbox 2145 701 2434 768; x_wconf 86' lang='lat' dir='ltr'><strong>aliirmant,</strong></span> <span class='ocrx_word' id='word_1_159' title='bbox 2458 700 2794 771; x_wconf 59' lang='lat' dir='ltr'><strong>praesentiam</strong></span> <span class='ocrx_word' id='word_1_160' title='bbox 2821 699 2937 770; x_wconf 83' lang='lat' dir='ltr'><strong>ejus</strong></span> <span class='ocrx_word' id='word_1_161' title='bbox 2959 697 3382 752; x_wconf 70' lang='lat' dir='ltr'><strong>exterminantes</strong></span> <span class='ocrx_word' id='word_1_162' title='bbox 3401 705 3453 752; x_wconf 90' lang='lat' dir='ltr'><strong>et.</strong></span> <span class='ocrx_word' id='word_1_163' title='bbox 3473 696 3739 768; x_wconf 87' lang='lat' dir='ltr'><strong>repellen-</strong></span> 
     </span>
    </p>
   </div>
   <div class='ocr_carea' id='block_1_22' title="bbox 2147 784 3738 857">
    <p class='ocr_par' dir='ltr' id='par_1_22' title="bbox 2147 784 3738 857">
     <span class='ocr_line' id='line_1_22' title="bbox 2147 784 3738 857; baseline -0.003 -11"><span class='ocrx_word' id='word_1_164' title='bbox 2147 800 2248 846; x_wconf 89' lang='lat' dir='ltr'><strong>tes.</strong></span> <span class='ocrx_word' id='word_1_165' title='bbox 2306 787 2474 844; x_wconf 85' lang='lat' dir='ltr'><strong>Error</strong></span> <span class='ocrx_word' id='word_1_166' title='bbox 2501 786 2876 843; x_wconf 79' lang='lat' dir='ltr'><strong>haereticorum</strong></span> <span class='ocrx_word' id='word_1_167' title='bbox 2913 787 2980 844; x_wconf 90' lang='lat' dir='ltr'><strong>de</strong></span> <span class='ocrx_word' id='word_1_168' title='bbox 3004 784 3221 843; x_wconf 90' lang='lat' dir='ltr'><strong>Christo</strong></span> <span class='ocrx_word' id='word_1_169' title='bbox 3250 787 3420 841; x_wconf 88' lang='lat' dir='ltr'><strong>tribus</strong></span> <span class='ocrx_word' id='word_1_170' title='bbox 3448 787 3738 857; x_wconf 85' lang='lat' dir='ltr'><strong>generibus</strong></span> 
     </span>
    </p>
   </div>
   <div class='ocr_carea' id='block_1_23' title="bbox 2150 877 3737 940">
    <p class='ocr_par' dir='ltr' id='par_1_23' title="bbox 2150 877 3737 940">
     <span class='ocr_line' id='line_1_23' title="bbox 2150 877 3737 940; baseline -0.004 -2"><span class='ocrx_word' id='word_1_171' title='bbox 2150 883 2486 938; x_wconf 86' lang='lat' dir='ltr'><strong>terminatur.</strong></span> <span class='ocrx_word' id='word_1_172' title='bbox 2533 879 2640 934; x_wconf 81' lang='lat' dir='ltr'><strong>Ant</strong></span> <span class='ocrx_word' id='word_1_173' title='bbox 2667 877 2812 935; x_wconf 89' lang='lat' dir='ltr'><strong>enim</strong></span> <span class='ocrx_word' id='word_1_174' title='bbox 2840 879 2905 933; x_wconf 87' lang='lat' dir='ltr'><strong>de</strong></span> <span class='ocrx_word' id='word_1_175' title='bbox 2934 878 3232 940; x_wconf 81' lang='lat' dir='ltr'><strong>divinitate,</strong></span> <span class='ocrx_word' id='word_1_176' title='bbox 3269 885 3364 931; x_wconf 90' lang='lat' dir='ltr'><strong>aut</strong></span> <span class='ocrx_word' id='word_1_177' title='bbox 3390 877 3456 931; x_wconf 88' lang='lat' dir='ltr'><strong>de</strong></span> <span class='ocrx_word' id='word_1_178' title='bbox 3487 878 3737 932; x_wconf 83' lang='lat' dir='ltr'><strong>humani—</strong></span> 
     </span>
    </p>
   </div>
   <div class='ocr_carea' id='block_1_24' title="bbox 2149 967 3736 1042">
    <p class='ocr_par' dir='ltr' id='par_1_24' title="bbox 2149 967 3736 1042">
     <span class='ocr_line' id='line_1_24' title="bbox 2149 967 3736 1042; baseline -0.003 -12"><span class='ocrx_word' id='word_1_179' title='bbox 2149 983 2278 1040; x_wconf 89' lang='lat' dir='ltr'><strong>tate,</strong></span> <span class='ocrx_word' id='word_1_180' title='bbox 2304 981 2396 1028; x_wconf 90' lang='lat' dir='ltr'><strong>aut</strong></span> <span class='ocrx_word' id='word_1_181' title='bbox 2423 973 2488 1027; x_wconf 91' lang='lat' dir='ltr'><strong>de</strong></span> <span class='ocrx_word' id='word_1_182' title='bbox 2518 981 2748 1042; x_wconf 89' lang='lat' dir='ltr'><strong>utroque</strong></span> <span class='ocrx_word' id='word_1_183' title='bbox 2771 967 3044 1025; x_wconf 79' lang='lat' dir='ltr'><strong>falluntur.</strong></span> <span class='ocrx_word' id='word_1_184' title='bbox 3077 969 3234 1040; x_wconf 81' lang='lat' dir='ltr'><strong>Digiti</strong></span> <span class='ocrx_word' id='word_1_185' title='bbox 3263 971 3575 1040; x_wconf 85' lang='lat' dir='ltr'><strong>nuncnpati,</strong></span> <span class='ocrx_word' id='word_1_186' title='bbox 3607 971 3736 1040; x_wconf 90' lang='lat' dir='ltr'><strong>quia</strong></span> 
     </span>
    </p>
   </div>
   <div class='ocr_carea' id='block_1_25' title="bbox 2149 1056 3735 1131">
    <p class='ocr_par' dir='ltr' id='par_1_25' title="bbox 2149 1056 3735 1131">
     <span class='ocr_line' id='line_1_25' title="bbox 2149 1056 3735 1131; baseline -0.001 -15"><span class='ocrx_word' id='word_1_187' title='bbox 2149 1061 2332 1116; x_wconf 88' lang='lat' dir='ltr'><strong>decem</strong></span> <span class='ocrx_word' id='word_1_188' title='bbox 2362 1069 2488 1116; x_wconf 90' lang='lat' dir='ltr'><strong>sunt</strong></span> <span class='ocrx_word' id='word_1_189' title='bbox 2517 1079 2529 1114; x_wconf 90' lang='lat'>:</span> <span class='ocrx_word' id='word_1_190' title='bbox 2562 1061 2646 1115; x_wconf 92' lang='lat' dir='ltr'><strong>vel</strong></span> <span class='ocrx_word' id='word_1_191' title='bbox 2671 1059 2796 1131; x_wconf 89' lang='lat' dir='ltr'><strong>quia</strong></span> <span class='ocrx_word' id='word_1_192' title='bbox 2825 1056 3078 1115; x_wconf 89' lang='lat' dir='ltr'><strong>decenter</strong></span> <span class='ocrx_word' id='word_1_193' title='bbox 3100 1057 3272 1130; x_wconf 79' lang='lat' dir='ltr'><strong>juncti</strong></span> <span class='ocrx_word' id='word_1_194' title='bbox 3300 1059 3558 1114; x_wconf 81' lang='lat' dir='ltr'><strong>existunt.</strong></span> <span class='ocrx_word' id='word_1_195' title='bbox 3599 1059 3735 1115; x_wconf 86' lang='lat' dir='ltr'><strong>Nam</strong></span> 
     </span>
    </p>
   </div>
   <div class='ocr_carea' id='block_1_26' title="bbox 2149 1149 3739 1221">
    <p class='ocr_par' dir='ltr' id='par_1_26' title="bbox 2149 1149 3739 1221">
     <span class='ocr_line' id='line_1_26' title="bbox 2149 1149 3739 1221; baseline -0.001 -13"><span class='ocrx_word' id='word_1_196' title='bbox 2149 1149 2352 1208; x_wconf 89' lang='lat' dir='ltr'><strong>habent</strong></span> <span class='ocrx_word' id='word_1_197' title='bbox 2379 1152 2434 1206; x_wconf 94' lang='lat' dir='ltr'><strong>in</strong></span> <span class='ocrx_word' id='word_1_198' title='bbox 2470 1167 2529 1207; x_wconf 88' lang='lat' dir='ltr'><strong>se</strong></span> <span class='ocrx_word' id='word_1_199' title='bbox 2565 1160 2621 1207; x_wconf 91' lang='lat' dir='ltr'><strong>et</strong></span> <span class='ocrx_word' id='word_1_200' title='bbox 2657 1167 2937 1207; x_wconf 90' lang='lat' dir='ltr'><strong>numerum</strong></span> <span class='ocrx_word' id='word_1_201' title='bbox 2989 1149 3464 1221; x_wconf 79' lang='lat' dir='ltr'><strong>perfectissimum,</strong></span> <span class='ocrx_word' id='word_1_202' title='bbox 3503 1159 3558 1206; x_wconf 88' lang='lat' dir='ltr'><strong>et</strong></span> <span class='ocrx_word' id='word_1_203' title='bbox 3595 1152 3739 1206; x_wconf 81' lang='lat' dir='ltr'><strong>ordi-</strong></span> 
     </span>
    </p>
   </div>
   <div class='ocr_carea' id='block_1_27' title="bbox 2149 1241 3738 1313">
    <p class='ocr_par' dir='ltr' id='par_1_27' title="bbox 2149 1241 3738 1313">
     <span class='ocr_line' id='line_1_27' title="bbox 2149 1241 3738 1313; baseline 0.001 -15"><span class='ocrx_word' id='word_1_204' title='bbox 2149 1259 2275 1298; x_wconf 87' lang='lat' dir='ltr'><strong>nem</strong></span> <span class='ocrx_word' id='word_1_205' title='bbox 2312 1241 2770 1298; x_wconf 85' lang='lat' dir='ltr'><strong>decentissimum.</strong></span> <span class='ocrx_word' id='word_1_206' title='bbox 2810 1242 2970 1312; x_wconf 83' lang='lat' dir='ltr'><strong>Digiti</strong></span> <span class='ocrx_word' id='word_1_207' title='bbox 3006 1250 3186 1296; x_wconf 90' lang='lat' dir='ltr'><strong>autem</strong></span> <span class='ocrx_word' id='word_1_208' title='bbox 3222 1258 3319 1313; x_wconf 90' lang='lat' dir='ltr'><strong>pro</strong></span> <span class='ocrx_word' id='word_1_209' title='bbox 3356 1243 3738 1300; x_wconf 84' lang='lat' dir='ltr'><strong>distributione</strong></span> 
     </span>
    </p>
   </div>
   <div class='ocr_carea' id='block_1_28' title="bbox 2149 1332 3738 1406">
    <p class='ocr_par' dir='ltr' id='par_1_28' title="bbox 2149 1332 3738 1406">
     <span class='ocr_line' id='line_1_28' title="bbox 2149 1332 3738 1406; baseline 0.003 -18"><span class='ocrx_word' id='word_1_210' title='bbox 2149 1334 2412 1390; x_wconf 87' lang='lat' dir='ltr'><strong>donorum</strong></span> <span class='ocrx_word' id='word_1_211' title='bbox 2439 1332 2672 1404; x_wconf 84' lang='lat' dir='ltr'><strong>Spiritus</strong></span> <span class='ocrx_word' id='word_1_212' title='bbox 2700 1334 2872 1389; x_wconf 86' lang='lat' dir='ltr'><strong>sancti</strong></span> <span class='ocrx_word' id='word_1_213' title='bbox 2899 1335 2952 1390; x_wconf 92' lang='lat' dir='ltr'><strong>in</strong></span> <span class='ocrx_word' id='word_1_214' title='bbox 2977 1334 3262 1405; x_wconf 85' lang='lat' dir='ltr'><strong>scripturis</strong></span> <span class='ocrx_word' id='word_1_215' title='bbox 3291 1334 3574 1406; x_wconf 88' lang='lat' dir='ltr'><strong>allegorice</strong></span> <span class='ocrx_word' id='word_1_216' title='bbox 3595 1338 3738 1392; x_wconf 77' lang='lat' dir='ltr'><strong>acci-</strong></span> 
     </span>
    </p>
   </div>
   <div class='ocr_carea' id='block_1_29' title="bbox 2151 1423 3738 1496">
    <p class='ocr_par' dir='ltr' id='par_1_29' title="bbox 2151 1423 3738 1496">
     <span class='ocr_line' id='line_1_29' title="bbox 2151 1423 3738 1496; baseline 0.005 -21"><span class='ocrx_word' id='word_1_217' title='bbox 2151 1423 2389 1495; x_wconf 85' lang='lat' dir='ltr'><strong>piuntur.</strong></span> <span class='ocrx_word' id='word_1_218' title='bbox 2442 1423 2576 1477; x_wconf 89' lang='lat' dir='ltr'><strong>Nam</strong></span> <span class='ocrx_word' id='word_1_219' title='bbox 2601 1423 2860 1494; x_wconf 91' lang='lat' dir='ltr'><strong>scriptum</strong></span> <span class='ocrx_word' id='word_1_220' title='bbox 2885 1433 2966 1478; x_wconf 91' lang='lat' dir='ltr'><strong>est</strong></span> <span class='ocrx_word' id='word_1_221' title='bbox 2989 1425 3043 1479; x_wconf 90' lang='lat' dir='ltr'><strong>in</strong></span> <span class='ocrx_word' id='word_1_222' title='bbox 3073 1424 3378 1496; x_wconf 80' lang='lat' dir='ltr'><strong>Evangelia,</strong></span> <span class='ocrx_word' id='word_1_223' title='bbox 3406 1426 3631 1482; x_wconf 90' lang='lat' dir='ltr'><strong>Domino</strong></span> <span class='ocrx_word' id='word_1_224' title='bbox 3657 1429 3738 1484; x_wconf 75' lang='lat' dir='ltr'><strong>(ii-</strong></span> 
     </span>
    </p>
   </div>
   <div class='ocr_carea' id='block_1_30' title="bbox 2151 1511 3737 1587">
    <p class='ocr_par' dir='ltr' id='par_1_30' title="bbox 2151 1511 3737 1587">
     <span class='ocr_line' id='line_1_30' title="bbox 2151 1511 3737 1587; baseline 0.003 -19"><span class='ocrx_word' id='word_1_225' title='bbox 2151 1522 2307 1569; x_wconf 85' lang='lat' dir='ltr'><strong>cente</strong></span> <span class='ocrx_word' id='word_1_226' title='bbox 2333 1532 2344 1566; x_wconf 91' lang='lat'><strong>:</strong></span> <span class='ocrx_word' id='word_1_227' title='bbox 2371 1511 2432 1568; x_wconf 87' lang='lat' dir='ltr'><strong>Si</strong></span> <span class='ocrx_word' id='word_1_228' title='bbox 2462 1513 2516 1568; x_wconf 90' lang='lat' dir='ltr'><strong>in</strong></span> <span class='ocrx_word' id='word_1_229' title='bbox 2549 1512 2711 1583; x_wconf 83' lang='lat' dir='ltr'><strong>digito</strong></span> <span class='ocrx_word' id='word_1_230' title='bbox 2742 1513 2838 1567; x_wconf 88' lang='lat' dir='ltr'><strong>Dei</strong></span> <span class='ocrx_word' id='word_1_231' title='bbox 2862 1512 3014 1582; x_wconf 80' lang='lat' dir='ltr'><strong>ejicio</strong></span> <span class='ocrx_word' id='word_1_232' title='bbox 3041 1513 3302 1568; x_wconf 77' lang='lat' dir='ltr'><strong>dwmonia</strong></span> <span class='ocrx_word' id='word_1_233' title='bbox 3328 1513 3476 1586; x_wconf 89' lang='lat' dir='ltr'><strong>(Luc.</strong></span> <span class='ocrx_word' id='word_1_234' title='bbox 3502 1517 3602 1587; x_wconf 85' lang='grc' dir='ltr'>χι),</span> <span class='ocrx_word' id='word_1_235' title='bbox 3635 1519 3737 1574; x_wconf 83' lang='lat' dir='ltr'><strong>hoc</strong></span> 
     </span>
    </p>
   </div>
   <div class='ocr_carea' id='block_1_31' title="bbox 2153 1604 3739 1678">
    <p class='ocr_par' dir='ltr' id='par_1_31' title="bbox 2153 1604 3739 1678">
     <span class='ocr_line' id='line_1_31' title="bbox 2153 1604 3739 1678; baseline 0.002 -19"><span class='ocrx_word' id='word_1_236' title='bbox 2153 1613 2254 1670; x_wconf 89' lang='lat' dir='ltr'><strong>est,</strong></span> <span class='ocrx_word' id='word_1_237' title='bbox 2306 1605 2356 1658; x_wconf 92' lang='lat' dir='ltr'><strong>in</strong></span> <span class='ocrx_word' id='word_1_238' title='bbox 2405 1604 2604 1660; x_wconf 89' lang='lat' dir='ltr'><strong>virtute</strong></span> <span class='ocrx_word' id='word_1_239' title='bbox 2643 1604 2877 1672; x_wconf 83' lang='lat' dir='ltr'><strong>Spiritus</strong></span> <span class='ocrx_word' id='word_1_240' title='bbox 2915 1604 3112 1668; x_wconf 89' lang='lat' dir='ltr'><strong>sancti,</strong></span> <span class='ocrx_word' id='word_1_241' title='bbox 3141 1605 3374 1675; x_wconf 87' lang='lat' dir='ltr'><strong>profecto</strong></span> <span class='ocrx_word' id='word_1_242' title='bbox 3399 1609 3624 1678; x_wconf 83' lang='lat' dir='ltr'><strong>pervenit</strong></span> <span class='ocrx_word' id='word_1_243' title='bbox 3683 1611 3739 1662; x_wconf 80' lang='lat' dir='ltr'><strong>in‘</strong></span> 
     </span>
    </p>
   </div>
   <div class='ocr_carea' id='block_1_32' title="bbox 2153 1695 3738 1768">
    <p class='ocr_par' dir='ltr' id='par_1_32' title="bbox 2153 1695 3738 1768">
     <span class='ocr_line' id='line_1_32' title="bbox 2153 1695 3738 1768; baseline 0.001 -17"><span class='ocrx_word' id='word_1_244' title='bbox 2153 1709 2243 1751; x_wconf 86' lang='lat' dir='ltr'><strong>vos</strong></span> <span class='ocrx_word' id='word_1_245' title='bbox 2274 1712 2486 1766; x_wconf 80' lang='lat' dir='ltr'><strong>regnum</strong></span> <span class='ocrx_word' id='word_1_246' title='bbox 2515 1695 2612 1749; x_wconf 93' lang='lat' dir='ltr'><strong>Dei</strong></span> <span class='ocrx_word' id='word_1_247' title='bbox 2639 1695 2852 1768; x_wconf 85' lang='lat' dir='ltr'><strong>(lbid.).</strong></span> <span class='ocrx_word' id='word_1_248' title='bbox 2893 1695 2961 1749; x_wconf 86' lang='lat' dir='ltr'><strong>Et</strong></span> <span class='ocrx_word' id='word_1_249' title='bbox 2999 1695 3056 1750; x_wconf 91' lang='lat' dir='ltr'><strong>in</strong></span> <span class='ocrx_word' id='word_1_250' title='bbox 3085 1695 3269 1751; x_wconf 82' lang='lat' dir='ltr'><strong>Exodo</strong></span> <span class='ocrx_word' id='word_1_251' title='bbox 3307 1696 3526 1768; x_wconf 84' lang='lat' dir='ltr'><strong>legitur,</strong></span> <span class='ocrx_word' id='word_1_252' title='bbox 3568 1697 3738 1768; x_wconf 84' lang='lat' dir='ltr'><strong>Digito</strong></span> 
     </span>
    </p>
   </div>
   <div class='ocr_carea' id='block_1_33' title="bbox 461 1775 3740 1862">
    <p class='ocr_par' dir='ltr' id='par_1_33' title="bbox 461 1775 3740 1862">
     <span class='ocr_line' id='line_1_33' title="bbox 461 1775 3740 1862; baseline -0.002 -14"><span class='ocrx_word' id='word_1_253' title='bbox 461 1795 602 1850; x_wconf 83' lang='lat' dir='ltr'><strong>riri?</strong></span> <span class='ocrx_word' id='word_1_254' title='bbox 640 1795 872 1848; x_wconf 89' lang='lat' dir='ltr'><strong>Rursum</strong></span> <span class='ocrx_word' id='word_1_255' title='bbox 905 1805 1003 1862; x_wconf 90' lang='lat' dir='ltr'><strong>per</strong></span> <span class='ocrx_word' id='word_1_256' title='bbox 1033 1789 1311 1844; x_wconf 80' lang='lat' dir='ltr'><strong>dexteram</strong></span> <span class='ocrx_word' id='word_1_257' title='bbox 1342 1787 1678 1857; x_wconf 86' lang='lat' dir='ltr'><strong>signiﬁcatur</strong></span> <span class='ocrx_word' id='word_1_258' title='bbox 1708 1783 1888 1838; x_wconf 82' lang='lat' dir='ltr'><strong>futura</strong></span> <span class='ocrx_word' id='word_1_259' title='bbox 1915 1783 2046 1846; x_wconf 87' lang='lat' dir='ltr'><strong>vita,</strong></span> <span class='ocrx_word' id='word_1_260' title='bbox 2076 1775 2124 1836; x_wconf 85' lang='grc' dir='ltr'><strong>Β</strong></span> <span class='ocrx_word' id='word_1_261' title='bbox 2154 1783 2366 1838; x_wconf 82' lang='lat' dir='ltr'><strong>Domini</strong></span> <span class='ocrx_word' id='word_1_262' title='bbox 2388 1785 2546 1854; x_wconf 84' lang='lat' dir='ltr'><strong>legem</strong></span> <span class='ocrx_word' id='word_1_263' title='bbox 2576 1784 2736 1854; x_wconf 84' lang='lat' dir='ltr'><strong>fuisse</strong></span> <span class='ocrx_word' id='word_1_264' title='bbox 2769 1785 3110 1856; x_wconf 83' lang='lat' dir='ltr'><strong>conscriptam</strong></span> <span class='ocrx_word' id='word_1_265' title='bbox 3143 1786 3342 1858; x_wconf 79' lang='lat' dir='ltr'><strong>(Exod.</strong></span> <span class='ocrx_word' id='word_1_266' title='bbox 3374 1787 3546 1861; x_wconf 68' lang='lat' dir='ltr'><strong>xxxx),</strong></span> <span class='ocrx_word' id='word_1_267' title='bbox 3577 1805 3740 1858; x_wconf 87' lang='lat' dir='ltr'><strong>quem</strong></span> 
     </span>
    </p>
   </div>
   <div class='ocr_carea' id='block_1_34' title="bbox 460 1874 2044 1955">
    <p class='ocr_par' dir='ltr' id='par_1_34' title="bbox 460 1874 2044 1955">
     <span class='ocr_line' id='line_1_34' title="bbox 460 1874 2044 1955; baseline -0.009 -14"><span class='ocrx_word' id='word_1_268' title='bbox 460 1895 514 1941; x_wconf 88' lang='lat' dir='ltr'><strong>et</strong></span> <span class='ocrx_word' id='word_1_269' title='bbox 542 1900 639 1955; x_wconf 90' lang='lat' dir='ltr'><strong>per</strong></span> <span class='ocrx_word' id='word_1_270' title='bbox 662 1885 937 1940; x_wconf 89' lang='lat' dir='ltr'><strong>sinistram</strong></span> <span class='ocrx_word' id='word_1_271' title='bbox 962 1896 1219 1952; x_wconf 70' lang='lat' dir='ltr'><strong>praesens.</strong></span> <span class='ocrx_word' id='word_1_272' title='bbox 1276 1877 1425 1934; x_wconf 89' lang='lat' dir='ltr'><strong>Unde</strong></span> <span class='ocrx_word' id='word_1_273' title='bbox 1451 1878 1517 1932; x_wconf 90' lang='lat' dir='ltr'><strong>de</strong></span> <span class='ocrx_word' id='word_1_274' title='bbox 1539 1875 1765 1932; x_wconf 89' lang='lat' dir='ltr'><strong>Domino</strong></span> <span class='ocrx_word' id='word_1_275' title='bbox 1785 1874 2044 1944; x_wconf 89' lang='lat' dir='ltr'><strong>scriptum</strong></span> 
     </span>
    </p>
   </div>
   <div class='ocr_carea' id='block_1_35' title="bbox 458 1963 2048 2042">
    <p class='ocr_par' dir='ltr' id='par_1_35' title="bbox 458 1963 2048 2042">
     <span class='ocr_line' id='line_1_35' title="bbox 458 1963 2048 2042; baseline -0.009 -12"><span class='ocrx_word' id='word_1_276' title='bbox 458 1983 543 2030; x_wconf 66' lang='lat' dir='ltr'><strong>est</strong></span> <span class='ocrx_word' id='word_1_277' title='bbox 571 1993 585 2028; x_wconf 90' lang='lat'><strong>:</strong></span> <span class='ocrx_word' id='word_1_278' title='bbox 617 1973 683 2028; x_wconf 89' lang='lat' dir='ltr'><strong>In</strong></span> <span class='ocrx_word' id='word_1_279' title='bbox 711 1973 921 2026; x_wconf 80' lang='lat' dir='ltr'><strong>dextera</strong></span> <span class='ocrx_word' id='word_1_280' title='bbox 951 1973 1068 2042; x_wconf 86' lang='lat' dir='ltr'><strong>ejus</strong></span> <span class='ocrx_word' id='word_1_281' title='bbox 1094 1967 1366 2039; x_wconf 83' lang='lat' dir='ltr'><strong>longitudo</strong></span> <span class='ocrx_word' id='word_1_282' title='bbox 1393 1967 1617 2031; x_wconf 85' lang='lat' dir='ltr'><strong>dierum,</strong></span> <span class='ocrx_word' id='word_1_283' title='bbox 1656 1975 1704 2020; x_wconf 89' lang='lat' dir='ltr'><strong>et</strong></span> <span class='ocrx_word' id='word_1_284' title='bbox 1744 1965 1797 2018; x_wconf 90' lang='lat' dir='ltr'><strong>in</strong></span> <span class='ocrx_word' id='word_1_285' title='bbox 1833 1963 2048 2018; x_wconf 86' lang='lat' dir='ltr'><strong>sinistra</strong></span> 
     </span>
    </p>
   </div>
   <div class='ocr_carea' id='block_1_36' title="bbox 459 2054 2051 2137">
    <p class='ocr_par' dir='ltr' id='par_1_36' title="bbox 459 2054 2051 2137">
     <span class='ocr_line' id='line_1_36' title="bbox 459 2054 2051 2137; baseline -0.008 -16"><span class='ocrx_word' id='word_1_286' title='bbox 459 2067 594 2137; x_wconf 86' lang='lat' dir='ltr'><strong>ejus,</strong></span> <span class='ocrx_word' id='word_1_287' title='bbox 623 2065 820 2120; x_wconf 77' lang='lat' dir='ltr'><strong>divitite</strong></span> <span class='ocrx_word' id='word_1_288' title='bbox 843 2073 892 2118; x_wconf 83' lang='lat' dir='ltr'><strong>et</strong></span> <span class='ocrx_word' id='word_1_289' title='bbox 920 2061 1101 2134; x_wconf 61' lang='lat' dir='ltr'><strong>gloriae</strong></span> <span class='ocrx_word' id='word_1_290' title='bbox 1138 2058 1320 2132; x_wconf 84' lang='lat' dir='ltr'><strong>(Prov.</strong></span> <span class='ocrx_word' id='word_1_291' title='bbox 1346 2058 1462 2132; x_wconf 86' lang='lat' dir='ltr'><strong>m);</strong></span> <span class='ocrx_word' id='word_1_292' title='bbox 1494 2059 1618 2128; x_wconf 84' lang='lat' dir='ltr'><strong>quia</strong></span> <span class='ocrx_word' id='word_1_293' title='bbox 1647 2057 1736 2112; x_wconf 90' lang='lat' dir='ltr'><strong>hic</strong></span> <span class='ocrx_word' id='word_1_294' title='bbox 1766 2055 1937 2110; x_wconf 87' lang='lat' dir='ltr'><strong>sancti</strong></span> <span class='ocrx_word' id='word_1_295' title='bbox 1971 2054 2051 2110; x_wconf 92' lang='lat' dir='ltr'><strong>di-</strong></span> 
     </span>
    </p>
   </div>
   <div class='ocr_carea' id='block_1_37' title="bbox 459 2143 2053 2222">
    <p class='ocr_par' dir='ltr' id='par_1_37' title="bbox 459 2143 2053 2222">
     <span class='ocr_line' id='line_1_37' title="bbox 459 2143 2053 2222; baseline -0.006 -14"><span class='ocrx_word' id='word_1_296' title='bbox 459 2157 620 2210; x_wconf 89' lang='lat' dir='ltr'><strong>vitias</strong></span> <span class='ocrx_word' id='word_1_297' title='bbox 645 2156 905 2208; x_wconf 88' lang='lat' dir='ltr'><strong>virtutum</strong></span> <span class='ocrx_word' id='word_1_298' title='bbox 935 2151 1212 2222; x_wconf 87' lang='lat' dir='ltr'><strong>colligunt,</strong></span> <span class='ocrx_word' id='word_1_299' title='bbox 1249 2159 1304 2204; x_wconf 87' lang='lat' dir='ltr'><strong>et</strong></span> <span class='ocrx_word' id='word_1_300' title='bbox 1341 2149 1394 2204; x_wconf 92' lang='lat' dir='ltr'><strong>in</strong></span> <span class='ocrx_word' id='word_1_301' title='bbox 1432 2147 1614 2202; x_wconf 87' lang='lat' dir='ltr'><strong>futuro</strong></span> <span class='ocrx_word' id='word_1_302' title='bbox 1645 2143 2053 2214; x_wconf 85' lang='lat' dir='ltr'><strong>contemplatio-</strong></span> 
     </span>
    </p>
   </div>
   <div class='ocr_carea' id='block_1_38' title="bbox 459 2233 2053 2310">
    <p class='ocr_par' dir='ltr' id='par_1_38' title="bbox 459 2233 2053 2310">
     <span class='ocr_line' id='line_1_38' title="bbox 459 2233 2053 2310; baseline -0.008 -11"><span class='ocrx_word' id='word_1_303' title='bbox 459 2259 582 2300; x_wconf 88' lang='lat' dir='ltr'><strong>nem</strong></span> <span class='ocrx_word' id='word_1_304' title='bbox 617 2241 799 2297; x_wconf 82' lang='lat' dir='ltr'><strong>vultus</strong></span> <span class='ocrx_word' id='word_1_305' title='bbox 835 2241 925 2296; x_wconf 89' lang='lat' dir='ltr'><strong>Dei</strong></span> <span class='ocrx_word' id='word_1_306' title='bbox 961 2240 1280 2310; x_wconf 89' lang='lat' dir='ltr'><strong>percipient.</strong></span> <span class='ocrx_word' id='word_1_307' title='bbox 1333 2237 1466 2292; x_wconf 78' lang='lat' dir='ltr'><strong>Nam</strong></span> <span class='ocrx_word' id='word_1_308' title='bbox 1514 2244 1569 2291; x_wconf 90' lang='lat' dir='ltr'><strong>et</strong></span> <span class='ocrx_word' id='word_1_309' title='bbox 1615 2235 1741 2288; x_wconf 72' lang='lat' dir='ltr'><strong>alibi</strong></span> <span class='ocrx_word' id='word_1_310' title='bbox 1780 2233 2053 2288; x_wconf 88' lang='lat' dir='ltr'><strong>invenitur</strong></span> 
     </span>
    </p>
   </div>
   <div class='ocr_carea' id='block_1_39' title="bbox 461 2320 2052 2401">
    <p class='ocr_par' dir='ltr' id='par_1_39' title="bbox 461 2320 2052 2401">
     <span class='ocr_line' id='line_1_39' title="bbox 461 2320 2052 2401; baseline -0.007 -15"><span class='ocrx_word' id='word_1_311' title='bbox 461 2335 682 2388; x_wconf 81' lang='lat' dir='ltr'><strong>dextera</strong></span> <span class='ocrx_word' id='word_1_312' title='bbox 723 2345 822 2401; x_wconf 89' lang='lat' dir='ltr'><strong>pro</strong></span> <span class='ocrx_word' id='word_1_313' title='bbox 860 2328 1220 2400; x_wconf 88' lang='lat' dir='ltr'><strong>prosperitate</strong></span> <span class='ocrx_word' id='word_1_314' title='bbox 1252 2326 1446 2396; x_wconf 91' lang='lat' dir='ltr'><strong>posita,</strong></span> <span class='ocrx_word' id='word_1_315' title='bbox 1491 2324 1606 2381; x_wconf 85' lang='lat' dir='ltr'><strong>sive</strong></span> <span class='ocrx_word' id='word_1_316' title='bbox 1653 2323 1930 2378; x_wconf 89' lang='lat' dir='ltr'><strong>hominum</strong></span> <span class='ocrx_word' id='word_1_317' title='bbox 1973 2320 2052 2376; x_wconf 79' lang='lat' dir='ltr'><strong>fa-</strong></span> 
     </span>
    </p>
   </div>
   <div class='ocr_carea' id='block_1_40' title="bbox 457 2412 2054 2488">
    <p class='ocr_par' dir='ltr' id='par_1_40' title="bbox 457 2412 2054 2488">
     <span class='ocr_line' id='line_1_40' title="bbox 457 2412 2054 2488; baseline -0.008 -11"><span class='ocrx_word' id='word_1_318' title='bbox 457 2438 592 2478; x_wconf 89' lang='lat' dir='ltr'><strong>vore</strong></span> <span class='ocrx_word' id='word_1_319' title='bbox 618 2439 630 2476; x_wconf 92' lang='lat'><strong>:</strong></span> <span class='ocrx_word' id='word_1_320' title='bbox 658 2431 712 2476; x_wconf 88' lang='lat' dir='ltr'><strong>et</strong></span> <span class='ocrx_word' id='word_1_321' title='bbox 748 2421 970 2476; x_wconf 89' lang='lat' dir='ltr'><strong>sinistra</strong></span> <span class='ocrx_word' id='word_1_322' title='bbox 1006 2433 1106 2488; x_wconf 89' lang='lat' dir='ltr'><strong>pro</strong></span> <span class='ocrx_word' id='word_1_323' title='bbox 1146 2417 1473 2471; x_wconf 87' lang='lat' dir='ltr'><strong>adversitate</strong></span> <span class='ocrx_word' id='word_1_324' title='bbox 1503 2413 1662 2483; x_wconf 85' lang='lat' dir='ltr'><strong>hujus</strong></span> <span class='ocrx_word' id='word_1_325' title='bbox 1688 2415 1828 2476; x_wconf 69' lang='lat' dir='ltr'><strong>vitm,</strong></span> <span class='ocrx_word' id='word_1_326' title='bbox 1861 2412 1943 2467; x_wconf 86' lang='lat' dir='ltr'><strong>vel</strong></span> <span class='ocrx_word' id='word_1_327' title='bbox 1973 2412 2054 2466; x_wconf 90' lang='lat' dir='ltr'><strong>vi-</strong></span> 
     </span>
    </p>
   </div>
   <div class='ocr_carea' id='block_1_41' title="bbox 461 2501 2054 2581">
    <p class='ocr_par' dir='ltr' id='par_1_41' title="bbox 461 2501 2054 2581">
     <span class='ocr_line' id='line_1_41' title="bbox 461 2501 2054 2581; baseline -0.006 -15"><span class='ocrx_word' id='word_1_328' title='bbox 461 2509 823 2581; x_wconf 88' lang='lat' dir='ltr'><strong>tuperatione,</strong></span> <span class='ocrx_word' id='word_1_329' title='bbox 861 2516 920 2562; x_wconf 93' lang='lat' dir='ltr'><strong>ut</strong></span> <span class='ocrx_word' id='word_1_330' title='bbox 957 2508 1011 2561; x_wconf 91' lang='lat' dir='ltr'><strong>in</strong></span> <span class='ocrx_word' id='word_1_331' title='bbox 1041 2505 1177 2561; x_wconf 90' lang='lat' dir='ltr'><strong>lsaia</strong></span> <span class='ocrx_word' id='word_1_332' title='bbox 1211 2523 1224 2559; x_wconf 89' lang='lat'><strong>:</strong></span> <span class='ocrx_word' id='word_1_333' title='bbox 1259 2503 1390 2558; x_wconf 51' lang='lat' dir='ltr'><strong>Ha’c</strong></span> <span class='ocrx_word' id='word_1_334' title='bbox 1428 2513 1502 2558; x_wconf 89' lang='lat' dir='ltr'><strong>est</strong></span> <span class='ocrx_word' id='word_1_335' title='bbox 1539 2505 1642 2568; x_wconf 82' lang='lat' dir='ltr'><strong>via,</strong></span> <span class='ocrx_word' id='word_1_336' title='bbox 1688 2501 1952 2558; x_wconf 81' lang='lat' dir='ltr'><strong>ambulate</strong></span> <span class='ocrx_word' id='word_1_337' title='bbox 1997 2503 2054 2557; x_wconf 91' lang='lat' dir='ltr'><strong>in</strong></span> 
     </span>
    </p>
   </div>
   <div class='ocr_carea' id='block_1_42' title="bbox 460 2591 2050 2670">
    <p class='ocr_par' dir='ltr' id='par_1_42' title="bbox 460 2591 2050 2670">
     <span class='ocr_line' id='line_1_42' title="bbox 460 2591 2050 2670; baseline -0.005 -17"><span class='ocrx_word' id='word_1_338' title='bbox 460 2596 549 2666; x_wconf 83' lang='lat' dir='ltr'><strong>ea,</strong></span> <span class='ocrx_word' id='word_1_339' title='bbox 573 2615 736 2670; x_wconf 86' lang='lat' dir='ltr'><strong>neque</strong></span> <span class='ocrx_word' id='word_1_340' title='bbox 758 2597 825 2652; x_wconf 89' lang='lat' dir='ltr'><strong>ad</strong></span> <span class='ocrx_word' id='word_1_341' title='bbox 843 2597 1130 2661; x_wconf 73' lang='lat' dir='ltr'><strong>dexteram,</strong></span> <span class='ocrx_word' id='word_1_342' title='bbox 1155 2611 1317 2666; x_wconf 88' lang='lat' dir='ltr'><strong>neque</strong></span> <span class='ocrx_word' id='word_1_343' title='bbox 1341 2593 1410 2648; x_wconf 90' lang='lat' dir='ltr'><strong>ad</strong></span> <span class='ocrx_word' id='word_1_344' title='bbox 1431 2595 1694 2648; x_wconf 74' lang='lat' dir='ltr'><strong>sinistram</strong></span> <span class='ocrx_word' id='word_1_345' title='bbox 1721 2591 1856 2664; x_wconf 84' lang='lat' dir='ltr'><strong>(lsa.</strong></span> <span class='ocrx_word' id='word_1_346' title='bbox 1884 2592 2050 2666; x_wconf 83' lang='lat' dir='ltr'><strong>xxx);</strong></span> 
     </span>
    </p>
   </div>
   <div class='ocr_carea' id='block_1_43' title="bbox 459 2685 2053 2759">
    <p class='ocr_par' dir='ltr' id='par_1_43' title="bbox 459 2685 2053 2759">
     <span class='ocr_line' id='line_1_43' title="bbox 459 2685 2053 2759; baseline -0.004 -14"><span class='ocrx_word' id='word_1_347' title='bbox 459 2690 603 2745; x_wconf 83' lang='lat' dir='ltr'><strong>sicut</strong></span> <span class='ocrx_word' id='word_1_348' title='bbox 637 2690 752 2745; x_wconf 89' lang='lat' dir='ltr'><strong>dies</strong></span> <span class='ocrx_word' id='word_1_349' title='bbox 789 2688 1078 2759; x_wconf 85' lang='lat' dir='ltr'><strong>aliquando</strong></span> <span class='ocrx_word' id='word_1_350' title='bbox 1116 2685 1527 2756; x_wconf 88' lang='lat' dir='ltr'><strong>prosperitatem</strong></span> <span class='ocrx_word' id='word_1_351' title='bbox 1551 2685 1839 2757; x_wconf 90' lang='lat' dir='ltr'><strong>signiﬁcat,</strong></span> <span class='ocrx_word' id='word_1_352' title='bbox 1868 2692 1923 2740; x_wconf 89' lang='lat' dir='ltr'><strong>et</strong></span> <span class='ocrx_word' id='word_1_353' title='bbox 1948 2700 2053 2740; x_wconf 90' lang='lat' dir='ltr'><strong>nox</strong></span> 
     </span>
    </p>
   </div>
   <div class='ocr_carea' id='block_1_44' title="bbox 459 2775 2056 2850">
    <p class='ocr_par' dir='ltr' id='par_1_44' title="bbox 459 2775 2056 2850">
     <span class='ocr_line' id='line_1_44' title="bbox 459 2775 2056 2850; baseline -0.005 -14"><span class='ocrx_word' id='word_1_354' title='bbox 459 2780 864 2838; x_wconf 86' lang='lat' dir='ltr'><strong>adversitatem.</strong></span> <span class='ocrx_word' id='word_1_355' title='bbox 911 2777 1214 2850; x_wconf 83' lang='lat' dir='ltr'><strong>Aliquando</strong></span> <span class='ocrx_word' id='word_1_356' title='bbox 1243 2777 1466 2832; x_wconf 80' lang='lat' dir='ltr'><strong>dextera</strong></span> <span class='ocrx_word' id='word_1_357' title='bbox 1495 2777 1636 2832; x_wconf 88' lang='lat' dir='ltr'><strong>bona</strong></span> <span class='ocrx_word' id='word_1_358' title='bbox 1681 2790 1846 2846; x_wconf 87' lang='lat' dir='ltr'><strong>opera</strong></span> <span class='ocrx_word' id='word_1_359' title='bbox 1875 2775 2056 2846; x_wconf 84' lang='lat' dir='ltr'><strong>expri-</strong></span> 
     </span>
    </p>
   </div>
   <div class='ocr_carea' id='block_1_45' title="bbox 461 2864 2056 2940">
    <p class='ocr_par' dir='ltr' id='par_1_45' title="bbox 461 2864 2056 2940">
     <span class='ocr_line' id='line_1_45' title="bbox 461 2864 2056 2940; baseline -0.004 -15"><span class='ocrx_word' id='word_1_360' title='bbox 461 2871 580 2936; x_wconf 84' lang='lat' dir='ltr'><strong>mit,</strong></span> <span class='ocrx_word' id='word_1_361' title='bbox 611 2885 732 2940; x_wconf 79' lang='lat' dir='ltr'><strong>quae</strong></span> <span class='ocrx_word' id='word_1_362' title='bbox 759 2868 986 2924; x_wconf 88' lang='lat' dir='ltr'><strong>Domino</strong></span> <span class='ocrx_word' id='word_1_363' title='bbox 1010 2868 1252 2939; x_wconf 88' lang='lat' dir='ltr'><strong>placent;</strong></span> <span class='ocrx_word' id='word_1_364' title='bbox 1292 2874 1348 2922; x_wconf 84' lang='lat' dir='ltr'><strong>et</strong></span> <span class='ocrx_word' id='word_1_365' title='bbox 1383 2865 1601 2922; x_wconf 88' lang='lat' dir='ltr'><strong>sinistra</strong></span> <span class='ocrx_word' id='word_1_366' title='bbox 1643 2865 1806 2930; x_wconf 87' lang='lat' dir='ltr'><strong>mala,</strong></span> <span class='ocrx_word' id='word_1_367' title='bbox 1846 2879 1968 2935; x_wconf 76' lang='lat' dir='ltr'><strong>qua:</strong></span> <span class='ocrx_word' id='word_1_368' title='bbox 2005 2864 2056 2918; x_wconf 88' lang='lat' dir='ltr'><strong>ei</strong></span> 
     </span>
    </p>
   </div>
   <div class='ocr_carea' id='block_1_46' title="bbox 463 2952 2056 3032">
    <p class='ocr_par' dir='ltr' id='par_1_46' title="bbox 463 2952 2056 3032">
     <span class='ocr_line' id='line_1_46' title="bbox 463 2952 2056 3032; baseline -0.006 -16"><span class='ocrx_word' id='word_1_369' title='bbox 463 2961 768 3032; x_wconf 88' lang='lat' dir='ltr'><strong>displicent.</strong></span> <span class='ocrx_word' id='word_1_370' title='bbox 815 2960 1046 3014; x_wconf 78' lang='lat' dir='ltr'><strong>Dextera</strong></span> <span class='ocrx_word' id='word_1_371' title='bbox 1081 2959 1308 3021; x_wconf 89' lang='lat' dir='ltr'><strong>amicus,</strong></span> <span class='ocrx_word' id='word_1_372' title='bbox 1346 2957 1460 3012; x_wconf 83' lang='lat' dir='ltr'><strong>sive</strong></span> <span class='ocrx_word' id='word_1_373' title='bbox 1499 2970 1656 3021; x_wconf 89' lang='lat' dir='ltr'><strong>uxor,</strong></span> <span class='ocrx_word' id='word_1_374' title='bbox 1699 2955 1784 3010; x_wconf 88' lang='lat' dir='ltr'><strong>vel</strong></span> <span class='ocrx_word' id='word_1_375' title='bbox 1821 2954 1939 3020; x_wconf 83' lang='lat' dir='ltr'><strong>ﬁlii,</strong></span> <span class='ocrx_word' id='word_1_376' title='bbox 1971 2952 2056 3008; x_wconf 84' lang='lat' dir='ltr'><strong>vel</strong></span> 
     </span>
    </p>
   </div>
   <div class='ocr_carea' id='block_1_47' title="bbox 462 3045 2059 3122">
    <p class='ocr_par' dir='ltr' id='par_1_47' title="bbox 462 3045 2059 3122">
     <span class='ocr_line' id='line_1_47' title="bbox 462 3045 2059 3122; baseline -0.002 -18"><span class='ocrx_word' id='word_1_377' title='bbox 462 3051 688 3122; x_wconf 88' lang='lat' dir='ltr'><strong>quilibet</strong></span> <span class='ocrx_word' id='word_1_378' title='bbox 711 3050 1016 3121; x_wconf 87' lang='lat' dir='ltr'><strong>propinqui,</strong></span> <span class='ocrx_word' id='word_1_379' title='bbox 1050 3049 1191 3104; x_wconf 90' lang='lat' dir='ltr'><strong>sicut</strong></span> <span class='ocrx_word' id='word_1_380' title='bbox 1225 3047 1446 3118; x_wconf 86' lang='lat' dir='ltr'><strong>quidam</strong></span> <span class='ocrx_word' id='word_1_381' title='bbox 1477 3046 1663 3102; x_wconf 83' lang='lat' dir='ltr'><strong>volunt</strong></span> <span class='ocrx_word' id='word_1_382' title='bbox 1705 3045 1952 3118; x_wconf 82' lang='lat' dir='ltr'><strong>intelligi,</strong></span> <span class='ocrx_word' id='word_1_383' title='bbox 1995 3053 2059 3101; x_wconf 89' lang='lat' dir='ltr'><strong>ut</strong></span> 
     </span>
    </p>
   </div>
   <div class='ocr_carea' id='block_1_48' title="bbox 2155 1873 3738 1946">
    <p class='ocr_par' dir='ltr' id='par_1_48' title="bbox 2155 1873 3738 1946">
     <span class='ocr_line' id='line_1_48' title="bbox 2155 1873 3738 1946; baseline 0.003 -17"><span class='ocrx_word' id='word_1_384' title='bbox 2155 1873 2308 1929; x_wconf 88' lang='lat' dir='ltr'><strong>multi</strong></span> <span class='ocrx_word' id='word_1_385' title='bbox 2342 1873 2602 1943; x_wconf 89' lang='lat' dir='ltr'><strong>Spiritum</strong></span> <span class='ocrx_word' id='word_1_386' title='bbox 2643 1883 2887 1929; x_wconf 89' lang='lat' dir='ltr'><strong>sanctum</strong></span> <span class='ocrx_word' id='word_1_387' title='bbox 2928 1877 3178 1946; x_wconf 88' lang='lat' dir='ltr'><strong>accipere</strong></span> <span class='ocrx_word' id='word_1_388' title='bbox 3217 1877 3523 1933; x_wconf 83' lang='lat' dir='ltr'><strong>voluerunt.</strong></span> <span class='ocrx_word' id='word_1_389' title='bbox 3576 1879 3642 1933; x_wconf 85' lang='lat' dir='ltr'><strong>Et</strong></span> <span class='ocrx_word' id='word_1_390' title='bbox 3687 1879 3738 1933; x_wconf 93' lang='lat' dir='ltr'><strong>in</strong></span> 
     </span>
    </p>
   </div>
   <div class='ocr_carea' id='block_1_49' title="bbox 2154 1963 3742 2038">
    <p class='ocr_par' dir='ltr' id='par_1_49' title="bbox 2154 1963 3742 2038">
     <span class='ocr_line' id='line_1_49' title="bbox 2154 1963 3742 2038; baseline 0 -18"><span class='ocrx_word' id='word_1_391' title='bbox 2154 1965 2360 2035; x_wconf 88' lang='lat' dir='ltr'><strong>psalmo</strong></span> <span class='ocrx_word' id='word_1_392' title='bbox 2399 1964 2626 2036; x_wconf 83' lang='lat' dir='ltr'><strong>legitur:</strong></span> <span class='ocrx_word' id='word_1_393' title='bbox 2653 1965 2913 2032; x_wconf 86' lang='lat' dir='ltr'><strong>Quoniam</strong></span> <span class='ocrx_word' id='word_1_394' title='bbox 2949 1963 3130 2020; x_wconf 87' lang='lat' dir='ltr'><strong>videbo</strong></span> <span class='ocrx_word' id='word_1_395' title='bbox 3166 1965 3317 2022; x_wconf 74' lang='lat' dir='ltr'><strong>caelos</strong></span> <span class='ocrx_word' id='word_1_396' title='bbox 3355 1984 3512 2038; x_wconf 85' lang='lat' dir='ltr'><strong>opera</strong></span> <span class='ocrx_word' id='word_1_397' title='bbox 3547 1968 3742 2038; x_wconf 84' lang='lat' dir='ltr'><strong>digito-</strong></span> 
     </span>
    </p>
   </div>
   <div class='ocr_carea' id='block_1_50' title="bbox 2156 2055 3744 2131">
    <p class='ocr_par' dir='ltr' id='par_1_50' title="bbox 2156 2055 3744 2131">
     <span class='ocr_line' id='line_1_50' title="bbox 2156 2055 3744 2131; baseline 0.003 -22"><span class='ocrx_word' id='word_1_398' title='bbox 2156 2073 2270 2110; x_wconf 85' lang='lat' dir='ltr'><strong>rum</strong></span> <span class='ocrx_word' id='word_1_399' title='bbox 2312 2067 2521 2109; x_wconf 88' lang='lat' dir='ltr'><strong>tuorum</strong></span> <span class='ocrx_word' id='word_1_400' title='bbox 2562 2055 2732 2128; x_wconf 89' lang='lat' dir='ltr'><strong>(Psal.</strong></span> <span class='ocrx_word' id='word_1_401' title='bbox 2765 2057 2905 2128; x_wconf 83' lang='lat' dir='ltr'><strong>vni).</strong></span> <span class='ocrx_word' id='word_1_402' title='bbox 2943 2056 3131 2113; x_wconf 79' lang='lat' dir='ltr'><strong>Merito</strong></span> <span class='ocrx_word' id='word_1_403' title='bbox 3171 2058 3311 2113; x_wconf 89' lang='lat' dir='ltr'><strong>istud</strong></span> <span class='ocrx_word' id='word_1_404' title='bbox 3339 2056 3406 2114; x_wconf 89' lang='lat' dir='ltr'><strong>de</strong></span> <span class='ocrx_word' id='word_1_405' title='bbox 3431 2057 3609 2114; x_wconf 82' lang='lat' dir='ltr'><strong>futuro</strong></span> <span class='ocrx_word' id='word_1_406' title='bbox 3630 2059 3744 2131; x_wconf 84' lang='lat' dir='ltr'><strong>glo-</strong></span> 
     </span>
    </p>
   </div>
   <div class='ocr_carea' id='block_1_51' title="bbox 2156 2152 3746 2224">
    <p class='ocr_par' dir='ltr' id='par_1_51' title="bbox 2156 2152 3746 2224">
     <span class='ocr_line' id='line_1_51' title="bbox 2156 2152 3746 2224; baseline 0.003 -18"><span class='ocrx_word' id='word_1_407' title='bbox 2156 2153 2300 2207; x_wconf 89' lang='lat' dir='ltr'><strong>riosa</strong></span> <span class='ocrx_word' id='word_1_408' title='bbox 2334 2152 2465 2208; x_wconf 85' lang='lat' dir='ltr'><strong>dicit</strong></span> <span class='ocrx_word' id='word_1_409' title='bbox 2488 2152 2748 2217; x_wconf 86' lang='lat' dir='ltr'><strong>Ecclesia,</strong></span> <span class='ocrx_word' id='word_1_410' title='bbox 2780 2169 2900 2224; x_wconf 73' lang='lat' dir='ltr'><strong>qua:</strong></span> <span class='ocrx_word' id='word_1_411' title='bbox 2926 2162 3050 2209; x_wconf 89' lang='lat' dir='ltr'><strong>ante</strong></span> <span class='ocrx_word' id='word_1_412' title='bbox 3073 2155 3358 2210; x_wconf 88' lang='lat' dir='ltr'><strong>adventum</strong></span> <span class='ocrx_word' id='word_1_413' title='bbox 3386 2152 3596 2210; x_wconf 90' lang='lat' dir='ltr'><strong>Domini</strong></span> <span class='ocrx_word' id='word_1_414' title='bbox 3625 2165 3746 2211; x_wconf 84' lang='lat' dir='ltr'><strong>crat</strong></span> 
     </span>
    </p>
   </div>
   <div class='ocr_carea' id='block_1_52' title="bbox 2155 2246 3742 2317">
    <p class='ocr_par' dir='ltr' id='par_1_52' title="bbox 2155 2246 3742 2317">
     <span class='ocr_line' id='line_1_52' title="bbox 2155 2246 3742 2317; baseline 0.004 -19"><span class='ocrx_word' id='word_1_415' title='bbox 2155 2247 2331 2300; x_wconf 54' lang='lat' dir='ltr'><strong>adhuc</strong></span> <span class='ocrx_word' id='word_1_416' title='bbox 2357 2246 2414 2300; x_wconf 90' lang='lat' dir='ltr'><strong>in</strong></span> <span class='ocrx_word' id='word_1_417' title='bbox 2438 2247 2762 2317; x_wconf 87' lang='lat' dir='ltr'><strong>patriarchis</strong></span> <span class='ocrx_word' id='word_1_418' title='bbox 2785 2256 2841 2302; x_wconf 85' lang='lat' dir='ltr'><strong>et</strong></span> <span class='ocrx_word' id='word_1_419' title='bbox 2864 2249 3067 2303; x_wconf 91' lang='lat' dir='ltr'><strong>sanctis</strong></span> <span class='ocrx_word' id='word_1_420' title='bbox 3093 2249 3404 2305; x_wconf 89' lang='lat' dir='ltr'><strong>hominibus</strong></span> <span class='ocrx_word' id='word_1_421' title='bbox 3427 2251 3742 2306; x_wconf 87' lang='lat' dir='ltr'><strong>constituta.</strong></span> 
     </span>
    </p>
   </div>
   <div class='ocr_carea' id='block_1_53' title="bbox 2155 2334 3742 2410">
    <p class='ocr_par' dir='ltr' id='par_1_53' title="bbox 2155 2334 3742 2410">
     <span class='ocr_line' id='line_1_53' title="bbox 2155 2334 3742 2410; baseline 0.003 -20"><span class='ocrx_word' id='word_1_422' title='bbox 2155 2335 2248 2390; x_wconf 76' lang='lat' dir='ltr'><strong>Ait</strong></span> <span class='ocrx_word' id='word_1_423' title='bbox 2275 2337 2418 2391; x_wconf 89' lang='lat' dir='ltr'><strong>enim</strong></span> <span class='ocrx_word' id='word_1_424' title='bbox 2449 2355 2462 2389; x_wconf 92' lang='lat'><strong>:</strong></span> <span class='ocrx_word' id='word_1_425' title='bbox 2495 2336 2673 2392; x_wconf 85' lang='lat' dir='ltr'><strong>videbo</strong></span> <span class='ocrx_word' id='word_1_426' title='bbox 2710 2337 2884 2404; x_wconf 69' lang='lat' dir='ltr'><strong>caelos,</strong></span> <span class='ocrx_word' id='word_1_427' title='bbox 2929 2339 2981 2392; x_wconf 88' lang='lat' dir='ltr'><strong>id</strong></span> <span class='ocrx_word' id='word_1_428' title='bbox 3026 2347 3128 2404; x_wconf 92' lang='lat' dir='ltr'><strong>est,</strong></span> <span class='ocrx_word' id='word_1_429' title='bbox 3161 2334 3334 2395; x_wconf 85' lang='lat' dir='ltr'><strong>libros</strong></span> <span class='ocrx_word' id='word_1_430' title='bbox 3372 2340 3742 2410; x_wconf 80' lang='lat' dir='ltr'><strong>Evangelicos,</strong></span> 
     </span>
    </p>
   </div>
   <div class='ocr_carea' id='block_1_54' title="bbox 2156 2427 3746 2502">
    <p class='ocr_par' dir='ltr' id='par_1_54' title="bbox 2156 2427 3746 2502">
     <span class='ocr_line' id='line_1_54' title="bbox 2156 2427 3746 2502; baseline 0.006 -23"><span class='ocrx_word' id='word_1_431' title='bbox 2156 2428 2248 2498; x_wconf 90' lang='lat' dir='ltr'><strong>qui</strong></span> <span class='ocrx_word' id='word_1_432' title='bbox 2275 2427 2398 2484; x_wconf 58' lang='lat' dir='ltr'><strong>curii</strong></span> <span class='ocrx_word' id='word_1_433' title='bbox 2425 2430 2619 2484; x_wconf 90' lang='lat' dir='ltr'><strong>merito</strong></span> <span class='ocrx_word' id='word_1_434' title='bbox 2647 2430 2900 2486; x_wconf 81' lang='lat' dir='ltr'><strong>dicuntur</strong></span> <span class='ocrx_word' id='word_1_435' title='bbox 2931 2445 2944 2485; x_wconf 90' lang='lat'><strong>:</strong></span> <span class='ocrx_word' id='word_1_436' title='bbox 2975 2432 3229 2502; x_wconf 89' lang='lat' dir='ltr'><strong>quoniam</strong></span> <span class='ocrx_word' id='word_1_437' title='bbox 3258 2433 3535 2488; x_wconf 77' lang='lat' dir='ltr'><strong>continent.</strong></span> <span class='ocrx_word' id='word_1_438' title='bbox 3558 2434 3746 2489; x_wconf 87' lang='lat' dir='ltr'><strong>Domi-</strong></span> 
     </span>
    </p>
   </div>
   <div class='ocr_carea' id='block_1_55' title="bbox 2157 2515 3745 2590">
    <p class='ocr_par' dir='ltr' id='par_1_55' title="bbox 2157 2515 3745 2590">
     <span class='ocr_line' id='line_1_55' title="bbox 2157 2515 3745 2590; baseline 0.004 -21"><span class='ocrx_word' id='word_1_439' title='bbox 2157 2532 2284 2570; x_wconf 90' lang='lat' dir='ltr'><strong>num</strong></span> <span class='ocrx_word' id='word_1_440' title='bbox 2324 2515 2678 2580; x_wconf 85' lang='lat' dir='ltr'><strong>Salvatorcm.</strong></span> <span class='ocrx_word' id='word_1_441' title='bbox 2709 2520 2800 2590; x_wconf 90' lang='lat' dir='ltr'><strong>qui</strong></span> <span class='ocrx_word' id='word_1_442' title='bbox 2838 2519 2971 2574; x_wconf 81' lang='lat' dir='ltr'><strong>dixit</strong></span> <span class='ocrx_word' id='word_1_443' title='bbox 3003 2538 3016 2575; x_wconf 87' lang='lat'><strong>:</strong></span> <span class='ocrx_word' id='word_1_444' title='bbox 3053 2519 3250 2576; x_wconf 72' lang='lat' dir='ltr'><strong>Caelum</strong></span> <span class='ocrx_word' id='word_1_445' title='bbox 3293 2522 3422 2575; x_wconf 89' lang='lat' dir='ltr'><strong>mihi</strong></span> <span class='ocrx_word' id='word_1_446' title='bbox 3461 2523 3606 2577; x_wconf 85' lang='lat' dir='ltr'><strong>sedes</strong></span> <span class='ocrx_word' id='word_1_447' title='bbox 3649 2533 3745 2588; x_wconf 81' lang='lat' dir='ltr'><strong>est,</strong></span> 
     </span>
    </p>
   </div>
   <div class='ocr_carea' id='block_1_56' title="bbox 2157 2609 3744 2686">
    <p class='ocr_par' dir='ltr' id='par_1_56' title="bbox 2157 2609 3744 2686">
     <span class='ocr_line' id='line_1_56' title="bbox 2157 2609 3744 2686; baseline 0.006 -28"><span class='ocrx_word' id='word_1_448' title='bbox 2157 2614 2298 2659; x_wconf 87' lang='lat' dir='ltr'><strong>terra</strong></span> <span class='ocrx_word' id='word_1_449' title='bbox 2343 2617 2515 2662; x_wconf 87' lang='lat' dir='ltr'><strong>autem</strong></span> <span class='ocrx_word' id='word_1_450' title='bbox 2554 2609 2838 2664; x_wconf 84' lang='lat' dir='ltr'><strong>scabellum</strong></span> <span class='ocrx_word' id='word_1_451' title='bbox 2883 2611 3072 2680; x_wconf 84' lang='lat' dir='ltr'><strong>pedum</strong></span> <span class='ocrx_word' id='word_1_452' title='bbox 3116 2627 3348 2666; x_wconf 88' lang='lat' dir='ltr'><strong>meorum</strong></span> <span class='ocrx_word' id='word_1_453' title='bbox 3397 2610 3530 2684; x_wconf 87' lang='lat' dir='ltr'><strong>(Isa.</strong></span> <span class='ocrx_word' id='word_1_454' title='bbox 3578 2615 3744 2686; x_wconf 72' lang='grc' dir='ltr'>ιχγι).</span> 
     </span>
    </p>
   </div>
   <div class='ocr_carea' id='block_1_57' title="bbox 2157 2693 3749 2773">
    <p class='ocr_par' dir='ltr' id='par_1_57' title="bbox 2157 2693 3749 2773">
     <span class='ocr_line' id='line_1_57' title="bbox 2157 2693 3749 2773; baseline 0.006 -25"><span class='ocrx_word' id='word_1_455' title='bbox 2157 2693 2281 2749; x_wconf 88' lang='lat' dir='ltr'><strong>ideo</strong></span> <span class='ocrx_word' id='word_1_456' title='bbox 2306 2695 2393 2750; x_wconf 87' lang='lat' dir='ltr'><strong>hic</strong></span> <span class='ocrx_word' id='word_1_457' title='bbox 2421 2697 2653 2766; x_wconf 89' lang='lat' dir='ltr'><strong>positam</strong></span> <span class='ocrx_word' id='word_1_458' title='bbox 2684 2701 3052 2769; x_wconf 89' lang='lat' dir='ltr'><strong>operationem</strong></span> <span class='ocrx_word' id='word_1_459' title='bbox 3083 2700 3372 2773; x_wconf 83' lang='lat' dir='ltr'><strong>digitorum</strong></span> <span class='ocrx_word' id='word_1_460' title='bbox 3415 2703 3644 2770; x_wconf 74' lang='lat' dir='ltr'><strong>aestimo,</strong></span> <span class='ocrx_word' id='word_1_461' title='bbox 3687 2713 3749 2758; x_wconf 89' lang='lat' dir='ltr'><strong>ut</strong></span> 
     </span>
    </p>
   </div>
   <div class='ocr_carea' id='block_1_58' title="bbox 2159 2784 3750 2864">
    <p class='ocr_par' dir='ltr' id='par_1_58' title="bbox 2159 2784 3750 2864">
     <span class='ocr_line' id='line_1_58' title="bbox 2159 2784 3750 2864; baseline 0.008 -27"><span class='ocrx_word' id='word_1_462' title='bbox 2159 2784 2326 2841; x_wconf 89' lang='lat' dir='ltr'><strong>libros</strong></span> <span class='ocrx_word' id='word_1_463' title='bbox 2351 2786 2560 2843; x_wconf 90' lang='lat' dir='ltr'><strong>divinos</strong></span> <span class='ocrx_word' id='word_1_464' title='bbox 2583 2791 2964 2858; x_wconf 88' lang='lat' dir='ltr'><strong>cooperatione</strong></span> <span class='ocrx_word' id='word_1_465' title='bbox 3003 2799 3204 2846; x_wconf 84' lang='lat' dir='ltr'><strong>sanctae</strong></span> <span class='ocrx_word' id='word_1_466' title='bbox 3247 2789 3530 2848; x_wconf 88' lang='lat' dir='ltr'><strong>Trinitatis</strong></span> <span class='ocrx_word' id='word_1_467' title='bbox 3573 2793 3750 2864; x_wconf 80' lang='lat' dir='ltr'><strong>perfe-</strong></span> 
     </span>
    </p>
   </div>
   <div class='ocr_carea' id='block_1_59' title="bbox 2159 2877 3750 2958">
    <p class='ocr_par' dir='ltr' id='par_1_59' title="bbox 2159 2877 3750 2958">
     <span class='ocr_line' id='line_1_59' title="bbox 2159 2877 3750 2958; baseline 0.007 -27"><span class='ocrx_word' id='word_1_468' title='bbox 2159 2885 2278 2932; x_wconf 88' lang='lat' dir='ltr'><strong>ctos</strong></span> <span class='ocrx_word' id='word_1_469' title='bbox 2305 2877 2585 2934; x_wconf 87' lang='lat' dir='ltr'><strong>evidenter</strong></span> <span class='ocrx_word' id='word_1_470' title='bbox 2615 2881 2943 2945; x_wconf 86' lang='lat' dir='ltr'><strong>ostenderet,</strong></span> <span class='ocrx_word' id='word_1_471' title='bbox 2973 2881 3110 2936; x_wconf 88' lang='lat' dir='ltr'><strong>sicut</strong></span> <span class='ocrx_word' id='word_1_472' title='bbox 3132 2889 3186 2936; x_wconf 84' lang='lat' dir='ltr'><strong>et</strong></span> <span class='ocrx_word' id='word_1_473' title='bbox 3211 2881 3334 2937; x_wconf 90' lang='lat' dir='ltr'><strong>alibi</strong></span> <span class='ocrx_word' id='word_1_474' title='bbox 3373 2882 3567 2954; x_wconf 81' lang='lat' dir='ltr'><strong>legitur</strong></span> <span class='ocrx_word' id='word_1_475' title='bbox 3598 2903 3609 2937; x_wconf 92' lang='lat'><strong>:</strong></span> <span class='ocrx_word' id='word_1_476' title='bbox 3641 2885 3750 2958; x_wconf 80' lang='lat' dir='ltr'><strong>Ap-</strong></span> 
     </span>
    </p>
   </div>
   <div class='ocr_carea' id='block_1_60' title="bbox 2157 2967 3750 3050">
    <p class='ocr_par' dir='ltr' id='par_1_60' title="bbox 2157 2967 3750 3050">
     <span class='ocr_line' id='line_1_60' title="bbox 2157 2967 3750 3050; baseline 0.009 -30"><span class='ocrx_word' id='word_1_477' title='bbox 2157 2967 2334 3039; x_wconf 84' lang='lat' dir='ltr'><strong>pendit</strong></span> <span class='ocrx_word' id='word_1_478' title='bbox 2359 2969 2524 3024; x_wconf 85' lang='lat' dir='ltr'><strong>tribus</strong></span> <span class='ocrx_word' id='word_1_479' title='bbox 2549 2969 2726 3040; x_wconf 85' lang='lat' dir='ltr'><strong>digitis</strong></span> <span class='ocrx_word' id='word_1_480' title='bbox 2748 2971 2934 3026; x_wconf 89' lang='lat' dir='ltr'><strong>molem</strong></span> <span class='ocrx_word' id='word_1_481' title='bbox 2968 2981 3120 3026; x_wconf 71' lang='lat' dir='ltr'><strong>terrm</strong></span> <span class='ocrx_word' id='word_1_482' title='bbox 3155 2972 3288 3045; x_wconf 77' lang='lat' dir='ltr'><strong>(lsa.</strong></span> <span class='ocrx_word' id='word_1_483' title='bbox 3332 2973 3442 3050; x_wconf 74' lang='grc' dir='ltr'>χι).</span> <span class='ocrx_word' id='word_1_484' title='bbox 3489 2979 3534 3046; x_wconf 87' lang='lat' dir='ltr'>Q</span> <span class='ocrx_word' id='word_1_485' title='bbox 3557 2979 3640 3034; x_wconf 73' lang='lat' dir='ltr'><strong>and</strong></span> <span class='ocrx_word' id='word_1_486' title='bbox 3673 2979 3750 3034; x_wconf 86' lang='lat' dir='ltr'><strong>si-</strong></span> 
     </span>
    </p>
   </div>
   <div class='ocr_carea' id='block_1_61' title="bbox 2161 3059 3749 3140">
    <p class='ocr_par' dir='ltr' id='par_1_61' title="bbox 2161 3059 3749 3140">
     <span class='ocr_line' id='line_1_61' title="bbox 2161 3059 3749 3140; baseline 0.008 -26"><span class='ocrx_word' id='word_1_487' title='bbox 2161 3059 2275 3114; x_wconf 91' lang='lat' dir='ltr'><strong>mili</strong></span> <span class='ocrx_word' id='word_1_488' title='bbox 2315 3072 2656 3117; x_wconf 87' lang='lat' dir='ltr'><strong>sacramento</strong></span> <span class='ocrx_word' id='word_1_489' title='bbox 2691 3063 3058 3134; x_wconf 84' lang='lat' dir='ltr'><strong>recipiendum</strong></span> <span class='ocrx_word' id='word_1_490' title='bbox 3098 3078 3202 3123; x_wconf 76' lang='grc' dir='ltr'><strong>εει.</strong></span> <span class='ocrx_word' id='word_1_491' title='bbox 3258 3067 3464 3140; x_wconf 87' lang='lat' dir='ltr'><strong>Digitus</strong></span> <span class='ocrx_word' id='word_1_492' title='bbox 3490 3071 3631 3126; x_wconf 92' lang='lat' dir='ltr'><strong>enim</strong></span> <span class='ocrx_word' id='word_1_493' title='bbox 3661 3069 3749 3126; x_wconf 86' lang='lat' dir='ltr'><strong>di-</strong></span> 
     </span>
    </p>
   </div>
   <div class='ocr_carea' id='block_1_62' title="bbox 463 3137 2054 3228">
    <p class='ocr_par' dir='ltr' id='par_1_62' title="bbox 463 3137 2054 3213">
     <span class='ocr_line' id='line_1_62' title="bbox 463 3137 2054 3213; baseline -0.003 -17"><span class='ocrx_word' id='word_1_494' title='bbox 463 3141 518 3196; x_wconf 90' lang='lat' dir='ltr'><strong>in</strong></span> <span class='ocrx_word' id='word_1_495' title='bbox 548 3141 880 3213; x_wconf 87' lang='lat' dir='ltr'><strong>Evangelio:</strong></span> <span class='ocrx_word' id='word_1_496' title='bbox 916 3137 978 3192; x_wconf 90' lang='lat' dir='ltr'><strong>Si</strong></span> <span class='ocrx_word' id='word_1_497' title='bbox 1014 3138 1227 3192; x_wconf 69' lang='lat' dir='ltr'><strong>dextera</strong></span> <span class='ocrx_word' id='word_1_498' title='bbox 1266 3153 1454 3192; x_wconf 84' lang='lat' dir='ltr'><strong>manus</strong></span> <span class='ocrx_word' id='word_1_499' title='bbox 1489 3148 1580 3191; x_wconf 88' lang='lat' dir='ltr'><strong>tua</strong></span> <span class='ocrx_word' id='word_1_500' title='bbox 1616 3137 1944 3195; x_wconf 83' lang='lat' dir='ltr'><strong>scandalth</strong></span> <span class='ocrx_word' id='word_1_501' title='bbox 1985 3145 2054 3203; x_wconf 87' lang='lat' dir='ltr'><strong>te,</strong></span> 
     </span>
    </p>
   </div>
   <div class='ocr_carea' id='block_1_63' title="bbox 2156 3137 3753 3228">
    <p class='ocr_par' dir='ltr' id='par_1_63' title="bbox 2160 3137 3753 3228">
     <span class='ocr_line' id='line_1_63' title="bbox 2160 3137 3753 3228; baseline 0.004 -20"><span class='ocrx_word' id='word_1_502' title='bbox 2160 3152 2302 3208; x_wconf 90' lang='lat' dir='ltr'><strong>citur</strong></span> <span class='ocrx_word' id='word_1_503' title='bbox 2329 3152 2522 3210; x_wconf 73' lang='lat' dir='ltr'><strong>divinze</strong></span> <span class='ocrx_word' id='word_1_504' title='bbox 2547 3155 2878 3226; x_wconf 81' lang='lat' dir='ltr'><strong>operationis</strong></span> <span class='ocrx_word' id='word_1_505' title='bbox 2911 3156 3156 3223; x_wconf 85' lang='lat' dir='ltr'><strong>eli&#39;ectus,</strong></span> <span class='ocrx_word' id='word_1_506' title='bbox 3206 3137 3347 3228; x_wconf 87' lang='lat' dir='ltr'><strong>quod</strong></span> <span class='ocrx_word' id='word_1_507' title='bbox 3385 3167 3562 3228; x_wconf 87' lang='lat' dir='ltr'><strong>potest</strong></span> <span class='ocrx_word' id='word_1_508' title='bbox 3601 3159 3753 3216; x_wconf 89' lang='lat' dir='ltr'><strong>Patri</strong></span> 
     </span>
    </p>
   </div>
   <div class='ocr_carea' id='block_1_64' title="bbox 461 3229 2056 3304">
    <p class='ocr_par' dir='ltr' id='par_1_64' title="bbox 461 3229 2056 3304">
     <span class='ocr_line' id='line_1_64' title="bbox 461 3229 2056 3304; baseline 0 -18"><span class='ocrx_word' id='word_1_509' title='bbox 461 3233 671 3286; x_wconf 85' lang='lat' dir='ltr'><strong>abscide</strong></span> <span class='ocrx_word' id='word_1_510' title='bbox 693 3247 830 3296; x_wconf 90' lang='lat' dir='ltr'><strong>eam,</strong></span> <span class='ocrx_word' id='word_1_511' title='bbox 857 3240 904 3286; x_wconf 88' lang='lat' dir='ltr'><strong>et</strong></span> <span class='ocrx_word' id='word_1_512' title='bbox 942 3230 1136 3301; x_wconf 82' lang='lat' dir='ltr'><strong>projice</strong></span> <span class='ocrx_word' id='word_1_513' title='bbox 1177 3231 1269 3284; x_wconf 90' lang='lat' dir='ltr'><strong>abs</strong></span> <span class='ocrx_word' id='word_1_514' title='bbox 1295 3240 1346 3286; x_wconf 86' lang='lat' dir='ltr'><strong>te</strong></span> <span class='ocrx_word' id='word_1_515' title='bbox 1381 3229 1593 3304; x_wconf 78' lang='lat' dir='ltr'><strong>(Matth.</strong></span> <span class='ocrx_word' id='word_1_516' title='bbox 1631 3231 1706 3304; x_wconf 90' lang='lat' dir='ltr'><strong>v).</strong></span> <span class='ocrx_word' id='word_1_517' title='bbox 1743 3231 1929 3286; x_wconf 79' lang='lat' dir='ltr'><strong>Palma</strong></span> <span class='ocrx_word' id='word_1_518' title='bbox 1971 3242 2056 3286; x_wconf 86' lang='lat' dir='ltr'><strong>est</strong></span> 
     </span>
    </p>
   </div>
   <div class='ocr_carea' id='block_1_65' title="bbox 465 3319 2055 3396">
    <p class='ocr_par' dir='ltr' id='par_1_65' title="bbox 465 3319 2055 3396">
     <span class='ocr_line' id='line_1_65' title="bbox 465 3319 2055 3396; baseline -0.001 -18"><span class='ocrx_word' id='word_1_519' title='bbox 465 3337 659 3380; x_wconf 88' lang='lat' dir='ltr'><strong>manus</strong></span> <span class='ocrx_word' id='word_1_520' title='bbox 687 3321 940 3395; x_wconf 82' lang='lat' dir='ltr'><strong>expansis</strong></span> <span class='ocrx_word' id='word_1_521' title='bbox 966 3321 1150 3396; x_wconf 82' lang='lat' dir='ltr'><strong>digitis</strong></span> <span class='ocrx_word' id='word_1_522' title='bbox 1175 3325 1316 3379; x_wconf 84' lang='lat' dir='ltr'><strong>sicut</strong></span> <span class='ocrx_word' id='word_1_523' title='bbox 1339 3323 1634 3379; x_wconf 87' lang='lat' dir='ltr'><strong>contractis</strong></span> <span class='ocrx_word' id='word_1_524' title='bbox 1667 3337 1896 3393; x_wconf 88' lang='lat' dir='ltr'><strong>pugnus.</strong></span> <span class='ocrx_word' id='word_1_525' title='bbox 1950 3319 2055 3376; x_wconf 91' lang='lat' dir='ltr'><strong>Pu-</strong></span> 
     </span>
    </p>
   </div>
   <div class='ocr_carea' id='block_1_66' title="bbox 463 3413 2056 3494">
    <p class='ocr_par' dir='ltr' id='par_1_66' title="bbox 463 3413 2056 3494">
     <span class='ocr_line' id='line_1_66' title="bbox 463 3413 2056 3494; baseline -0.005 -17"><span class='ocrx_word' id='word_1_526' title='bbox 463 3438 602 3494; x_wconf 82' lang='lat' dir='ltr'><strong>gnus</strong></span> <span class='ocrx_word' id='word_1_527' title='bbox 628 3431 808 3476; x_wconf 88' lang='lat' dir='ltr'><strong>autem</strong></span> <span class='ocrx_word' id='word_1_528' title='bbox 831 3436 862 3474; x_wconf 89' lang='lat' dir='ltr'><strong>a</strong></span> <span class='ocrx_word' id='word_1_529' title='bbox 883 3419 1081 3490; x_wconf 83' lang='lat' dir='ltr'><strong>pugillo</strong></span> <span class='ocrx_word' id='word_1_530' title='bbox 1103 3419 1278 3475; x_wconf 89' lang='lat' dir='ltr'><strong>dictus</strong></span> <span class='ocrx_word' id='word_1_531' title='bbox 1305 3437 1319 3474; x_wconf 90' lang='lat'><strong>:</strong></span> <span class='ocrx_word' id='word_1_532' title='bbox 1348 3419 1487 3475; x_wconf 88' lang='lat' dir='ltr'><strong>sicut</strong></span> <span class='ocrx_word' id='word_1_533' title='bbox 1504 3417 1683 3489; x_wconf 89' lang='lat' dir='ltr'><strong>palma</strong></span> <span class='ocrx_word' id='word_1_534' title='bbox 1709 3417 1776 3470; x_wconf 90' lang='lat' dir='ltr'><strong>ab</strong></span> <span class='ocrx_word' id='word_1_535' title='bbox 1800 3413 2056 3484; x_wconf 81' lang='lat' dir='ltr'><strong>expansis</strong></span> 
     </span>
    </p>
   </div>
   <div class='ocr_carea' id='block_1_67' title="bbox 463 3503 2058 3586">
    <p class='ocr_par' dir='ltr' id='par_1_67' title="bbox 463 3503 2058 3586">
     <span class='ocr_line' id='line_1_67' title="bbox 463 3503 2058 3586; baseline -0.006 -18"><span class='ocrx_word' id='word_1_536' title='bbox 463 3514 656 3586; x_wconf 66' lang='lat' dir='ltr'><strong>palma:</strong></span> <span class='ocrx_word' id='word_1_537' title='bbox 701 3513 887 3568; x_wconf 89' lang='lat' dir='ltr'><strong>ramis.</strong></span> <span class='ocrx_word' id='word_1_538' title='bbox 933 3512 992 3567; x_wconf 89' lang='lat' dir='ltr'><strong>in</strong></span> <span class='ocrx_word' id='word_1_539' title='bbox 1032 3511 1208 3582; x_wconf 84' lang='lat' dir='ltr'><strong>palma</strong></span> <span class='ocrx_word' id='word_1_540' title='bbox 1263 3509 1555 3581; x_wconf 88' lang='lat' dir='ltr'><strong>amplitudo</strong></span> <span class='ocrx_word' id='word_1_541' title='bbox 1599 3506 1920 3576; x_wconf 77' lang='lat' dir='ltr'><strong>eloquentia:</strong></span> <span class='ocrx_word' id='word_1_542' title='bbox 1959 3503 2058 3559; x_wconf 89' lang='lat' dir='ltr'><strong>ali-</strong></span> 
     </span>
    </p>
   </div>
   <div class='ocr_carea' id='block_1_68' title="bbox 466 3602 2058 3675">
    <p class='ocr_par' dir='ltr' id='par_1_68' title="bbox 466 3602 2058 3675">
     <span class='ocr_line' id='line_1_68' title="bbox 466 3602 2058 3675; baseline -0.006 -17"><span class='ocrx_word' id='word_1_543' title='bbox 466 3603 684 3675; x_wconf 86' lang='lat' dir='ltr'><strong>quando</strong></span> <span class='ocrx_word' id='word_1_544' title='bbox 706 3603 955 3674; x_wconf 80' lang='lat' dir='ltr'><strong>signatur</strong></span> <span class='ocrx_word' id='word_1_545' title='bbox 985 3621 1000 3656; x_wconf 92' lang='lat'><strong>:</strong></span> <span class='ocrx_word' id='word_1_546' title='bbox 1033 3602 1170 3658; x_wconf 87' lang='lat' dir='ltr'><strong>sicut</strong></span> <span class='ocrx_word' id='word_1_547' title='bbox 1209 3602 1263 3655; x_wconf 93' lang='lat' dir='ltr'><strong>in</strong></span> <span class='ocrx_word' id='word_1_548' title='bbox 1296 3614 1474 3670; x_wconf 85' lang='lat' dir='ltr'><strong>pugno</strong></span> <span class='ocrx_word' id='word_1_549' title='bbox 1499 3606 1761 3670; x_wconf 86' lang='lat' dir='ltr'><strong>angustus</strong></span> <span class='ocrx_word' id='word_1_550' title='bbox 1793 3603 2058 3650; x_wconf 78' lang='lat' dir='ltr'><strong>tractatus</strong></span> 
     </span>
    </p>
   </div>
   <div class='ocr_carea' id='block_1_69' title="bbox 465 3683 2058 3766">
    <p class='ocr_par' dir='ltr' id='par_1_69' title="bbox 465 3683 2058 3766">
     <span class='ocr_line' id='line_1_69' title="bbox 465 3683 2058 3766; baseline -0.006 -18"><span class='ocrx_word' id='word_1_551' title='bbox 465 3701 914 3766; x_wconf 85' lang='lat' dir='ltr'><strong>argumentorum</strong></span> <span class='ocrx_word' id='word_1_552' title='bbox 966 3701 1022 3747; x_wconf 91' lang='lat' dir='ltr'><strong>et</strong></span> <span class='ocrx_word' id='word_1_553' title='bbox 1066 3691 1338 3747; x_wconf 87' lang='lat' dir='ltr'><strong>conclusio</strong></span> <span class='ocrx_word' id='word_1_554' title='bbox 1386 3688 1840 3760; x_wconf 83' lang='lat' dir='ltr'><strong>syllogismorum.</strong></span> <span class='ocrx_word' id='word_1_555' title='bbox 1903 3683 2058 3740; x_wconf 86' lang='lat' dir='ltr'><strong>Unde</strong></span> 
     </span>
    </p>
   </div>
   <div class='ocr_carea' id='block_1_70' title="bbox 467 3777 2058 3859">
    <p class='ocr_par' dir='ltr' id='par_1_70' title="bbox 467 3777 2058 3859">
     <span class='ocr_line' id='line_1_70' title="bbox 467 3777 2058 3859; baseline -0.005 -20"><span class='ocrx_word' id='word_1_556' title='bbox 467 3785 686 3855; x_wconf 88' lang='lat' dir='ltr'><strong>quidam</strong></span> <span class='ocrx_word' id='word_1_557' title='bbox 713 3783 1032 3854; x_wconf 87' lang='lat' dir='ltr'><strong>sapientium</strong></span> <span class='ocrx_word' id='word_1_558' title='bbox 1063 3781 1130 3859; x_wconf 86' lang='lat' dir='ltr'><strong>de</strong></span> <span class='ocrx_word' id='word_1_559' title='bbox 1159 3779 1450 3835; x_wconf 87' lang='lat' dir='ltr'><strong>Dialectica</strong></span> <span class='ocrx_word' id='word_1_560' title='bbox 1472 3787 1527 3833; x_wconf 90' lang='lat' dir='ltr'><strong>et</strong></span> <span class='ocrx_word' id='word_1_561' title='bbox 1559 3777 1851 3832; x_wconf 80' lang='lat' dir='ltr'><strong>Rhetorica</strong></span> <span class='ocrx_word' id='word_1_562' title='bbox 1875 3777 2058 3846; x_wconf 84' lang='lat' dir='ltr'><strong>dispu-</strong></span> 
     </span>
    </p>
   </div>
   <div class='ocr_carea' id='block_1_71' title="bbox 467 3867 2057 3940">
    <p class='ocr_par' dir='ltr' id='par_1_71' title="bbox 467 3867 2057 3940">
     <span class='ocr_line' id='line_1_71' title="bbox 467 3867 2057 3940; baseline -0.006 -10"><span class='ocrx_word' id='word_1_563' title='bbox 467 3884 591 3931; x_wconf 85' lang='lat' dir='ltr'><strong>tans</strong></span> <span class='ocrx_word' id='word_1_564' title='bbox 619 3876 695 3930; x_wconf 86' lang='lat' dir='ltr'><strong>ait</strong></span> <span class='ocrx_word' id='word_1_565' title='bbox 725 3893 739 3928; x_wconf 87' lang='lat'><strong>:</strong></span> <span class='ocrx_word' id='word_1_566' title='bbox 766 3873 1056 3929; x_wconf 89' lang='lat' dir='ltr'><strong>Dialectica</strong></span> <span class='ocrx_word' id='word_1_567' title='bbox 1081 3878 1137 3926; x_wconf 91' lang='lat' dir='ltr'><strong>et</strong></span> <span class='ocrx_word' id='word_1_568' title='bbox 1163 3870 1452 3926; x_wconf 81' lang='lat' dir='ltr'><strong>Rhetorica</strong></span> <span class='ocrx_word' id='word_1_569' title='bbox 1479 3877 1592 3935; x_wconf 86' lang='lat' dir='ltr'><strong>est,</strong></span> <span class='ocrx_word' id='word_1_570' title='bbox 1624 3869 1768 3940; x_wconf 91' lang='lat' dir='ltr'><strong>quod</strong></span> <span class='ocrx_word' id='word_1_571' title='bbox 1801 3867 1855 3924; x_wconf 92' lang='lat' dir='ltr'><strong>in</strong></span> <span class='ocrx_word' id='word_1_572' title='bbox 1895 3883 2057 3922; x_wconf 89' lang='lat' dir='ltr'><strong>manu</strong></span> 
     </span>
    </p>
   </div>
   <div class='ocr_carea' id='block_1_72' title="bbox 470 3960 2058 4037">
    <p class='ocr_par' dir='ltr' id='par_1_72' title="bbox 470 3960 2058 4037">
     <span class='ocr_line' id='line_1_72' title="bbox 470 3960 2058 4037; baseline -0.006 -13"><span class='ocrx_word' id='word_1_573' title='bbox 470 3967 705 4024; x_wconf 83' lang='lat' dir='ltr'><strong>hominis</strong></span> <span class='ocrx_word' id='word_1_574' title='bbox 747 3979 959 4037; x_wconf 88' lang='lat' dir='ltr'><strong>pugnus</strong></span> <span class='ocrx_word' id='word_1_575' title='bbox 1001 3963 1274 4028; x_wconf 83' lang='lat' dir='ltr'><strong>astrictus,</strong></span> <span class='ocrx_word' id='word_1_576' title='bbox 1323 3970 1379 4017; x_wconf 88' lang='lat' dir='ltr'><strong>et</strong></span> <span class='ocrx_word' id='word_1_577' title='bbox 1419 3961 1600 4032; x_wconf 89' lang='lat' dir='ltr'><strong>palma</strong></span> <span class='ocrx_word' id='word_1_578' title='bbox 1646 3961 1903 4016; x_wconf 88' lang='lat' dir='ltr'><strong>distensa.</strong></span> <span class='ocrx_word' id='word_1_579' title='bbox 1963 3960 2058 4015; x_wconf 87' lang='lat' dir='ltr'><strong>Illa</strong></span> 
     </span>
    </p>
   </div>
   <div class='ocr_carea' id='block_1_73' title="bbox 469 4048 2061 4122">
    <p class='ocr_par' dir='ltr' id='par_1_73' title="bbox 469 4048 2061 4122">
     <span class='ocr_line' id='line_1_73' title="bbox 469 4048 2061 4122; baseline -0.005 -10"><span class='ocrx_word' id='word_1_580' title='bbox 469 4057 617 4112; x_wconf 88' lang='lat' dir='ltr'><strong>brevi</strong></span> <span class='ocrx_word' id='word_1_581' title='bbox 655 4054 901 4110; x_wconf 88' lang='lat' dir='ltr'><strong>oratione</strong></span> <span class='ocrx_word' id='word_1_582' title='bbox 944 4061 1260 4122; x_wconf 89' lang='lat' dir='ltr'><strong>argumenta</strong></span> <span class='ocrx_word' id='word_1_583' title='bbox 1306 4049 1596 4116; x_wconf 89' lang='lat' dir='ltr'><strong>concludit,</strong></span> <span class='ocrx_word' id='word_1_584' title='bbox 1647 4049 1750 4104; x_wconf 91' lang='lat' dir='ltr'><strong>ista</strong></span> <span class='ocrx_word' id='word_1_585' title='bbox 1798 4048 2061 4105; x_wconf 70' lang='lat' dir='ltr'><strong>facundia:</strong></span> 
     </span>
    </p>
   </div>
   <div class='ocr_carea' id='block_1_74' title="bbox 472 4143 2060 4220">
    <p class='ocr_par' dir='ltr' id='par_1_74' title="bbox 472 4143 2060 4220">
     <span class='ocr_line' id='line_1_74' title="bbox 472 4143 2060 4220; baseline -0.005 -15"><span class='ocrx_word' id='word_1_586' title='bbox 472 4165 692 4220; x_wconf 86' lang='lat' dir='ltr'><strong>campos</strong></span> <span class='ocrx_word' id='word_1_587' title='bbox 719 4147 938 4218; x_wconf 91' lang='lat' dir='ltr'><strong>copioso</strong></span> <span class='ocrx_word' id='word_1_588' title='bbox 981 4159 1230 4200; x_wconf 86' lang='lat' dir='ltr'><strong>sermone</strong></span> <span class='ocrx_word' id='word_1_589' title='bbox 1267 4144 1540 4200; x_wconf 89' lang='lat' dir='ltr'><strong>discurrit.</strong></span> <span class='ocrx_word' id='word_1_590' title='bbox 1593 4143 1686 4199; x_wconf 87' lang='lat' dir='ltr'><strong>illa</strong></span> <span class='ocrx_word' id='word_1_591' title='bbox 1727 4144 1890 4200; x_wconf 87' lang='lat' dir='ltr'><strong>verba</strong></span> <span class='ocrx_word' id='word_1_592' title='bbox 1927 4159 2060 4198; x_wconf 86' lang='lat' dir='ltr'><strong>con-</strong></span> 
     </span>
    </p>
   </div>
   <div class='ocr_carea' id='block_1_75' title="bbox 470 4234 2062 4306">
    <p class='ocr_par' dir='ltr' id='par_1_75' title="bbox 470 4234 2062 4306">
     <span class='ocr_line' id='line_1_75' title="bbox 470 4234 2062 4306; baseline -0.006 -11"><span class='ocrx_word' id='word_1_593' title='bbox 470 4241 672 4305; x_wconf 88' lang='lat' dir='ltr'><strong>trahit,</strong></span> <span class='ocrx_word' id='word_1_594' title='bbox 698 4240 802 4294; x_wconf 90' lang='lat' dir='ltr'><strong>ista</strong></span> <span class='ocrx_word' id='word_1_595' title='bbox 830 4236 1102 4292; x_wconf 88' lang='lat' dir='ltr'><strong>distendit.</strong></span> <span class='ocrx_word' id='word_1_596' title='bbox 1143 4235 1435 4291; x_wconf 76' lang='lat' dir='ltr'><strong>Dialectica</strong></span> <span class='ocrx_word' id='word_1_597' title='bbox 1463 4235 1678 4306; x_wconf 88' lang='lat' dir='ltr'><strong>quidem</strong></span> <span class='ocrx_word' id='word_1_598' title='bbox 1699 4235 1766 4290; x_wconf 91' lang='lat' dir='ltr'><strong>ad</strong></span> <span class='ocrx_word' id='word_1_599' title='bbox 1787 4234 2062 4290; x_wconf 89' lang='lat' dir='ltr'><strong>invenien-</strong></span> 
     </span>
    </p>
   </div>
   <div class='ocr_carea' id='block_1_76' title="bbox 471 4325 2062 4394">
    <p class='ocr_par' dir='ltr' id='par_1_76' title="bbox 471 4325 2062 4394">
     <span class='ocr_line' id='line_1_76' title="bbox 471 4325 2062 4394; baseline -0.004 -8"><span class='ocrx_word' id='word_1_600' title='bbox 471 4331 570 4386; x_wconf 86' lang='lat' dir='ltr'><strong>das</strong></span> <span class='ocrx_word' id='word_1_601' title='bbox 607 4345 696 4385; x_wconf 87' lang='lat' dir='ltr'><strong>res</strong></span> <span class='ocrx_word' id='word_1_602' title='bbox 727 4330 958 4394; x_wconf 88' lang='lat' dir='ltr'><strong>acutior,</strong></span> <span class='ocrx_word' id='word_1_603' title='bbox 999 4329 1289 4382; x_wconf 80' lang='lat' dir='ltr'><strong>Rhetorica</strong></span> <span class='ocrx_word' id='word_1_604' title='bbox 1323 4328 1391 4383; x_wconf 86' lang='lat' dir='ltr'><strong>ad</strong></span> <span class='ocrx_word' id='word_1_605' title='bbox 1425 4327 1674 4382; x_wconf 83' lang='lat' dir='ltr'><strong>inventas</strong></span> <span class='ocrx_word' id='word_1_606' title='bbox 1702 4325 1958 4382; x_wconf 90' lang='lat' dir='ltr'><strong>dicendas</strong></span> <span class='ocrx_word' id='word_1_607' title='bbox 1985 4325 2062 4380; x_wconf 88' lang='lat' dir='ltr'><strong>l‘a-</strong></span> 
     </span>
    </p>
   </div>
   <div class='ocr_carea' id='block_1_77' title="bbox 471 4419 2059 4489">
    <p class='ocr_par' dir='ltr' id='par_1_77' title="bbox 471 4419 2059 4489">
     <span class='ocr_line' id='line_1_77' title="bbox 471 4419 2059 4489; baseline -0.002 -12"><span class='ocrx_word' id='word_1_608' title='bbox 471 4421 718 4478; x_wconf 89' lang='lat' dir='ltr'><strong>cundior.</strong></span> <span class='ocrx_word' id='word_1_609' title='bbox 769 4419 862 4474; x_wconf 81' lang='lat' dir='ltr'><strong>Illa</strong></span> <span class='ocrx_word' id='word_1_610' title='bbox 902 4433 1056 4474; x_wconf 90' lang='lat' dir='ltr'><strong>raros</strong></span> <span class='ocrx_word' id='word_1_611' title='bbox 1099 4427 1154 4473; x_wconf 90' lang='lat' dir='ltr'><strong>et</strong></span> <span class='ocrx_word' id='word_1_612' title='bbox 1191 4419 1460 4474; x_wconf 88' lang='lat' dir='ltr'><strong>studiosos</strong></span> <span class='ocrx_word' id='word_1_613' title='bbox 1497 4419 1725 4489; x_wconf 89' lang='lat' dir='ltr'><strong>requirit</strong></span> <span class='ocrx_word' id='word_1_614' title='bbox 1758 4437 1770 4472; x_wconf 92' lang='lat'>:</span> <span class='ocrx_word' id='word_1_615' title='bbox 1805 4421 1918 4476; x_wconf 63' lang='lat' dir='ltr'><strong>haec</strong></span> <span class='ocrx_word' id='word_1_616' title='bbox 1954 4419 2059 4474; x_wconf 84' lang='lat' dir='ltr'><strong>fre-</strong></span> 
     </span>
    </p>
   </div>
   <div class='ocr_carea' id='block_1_78' title="bbox 2157 3243 3753 3322">
    <p class='ocr_par' dir='ltr' id='par_1_78' title="bbox 2157 3243 3753 3322">
     <span class='ocr_line' id='line_1_78' title="bbox 2157 3243 3753 3322; baseline 0.005 -23"><span class='ocrx_word' id='word_1_617' title='bbox 2157 3253 2214 3299; x_wconf 86' lang='lat' dir='ltr'><strong>ct</strong></span> <span class='ocrx_word' id='word_1_618' title='bbox 2246 3243 2382 3300; x_wconf 84' lang='lat' dir='ltr'><strong>Filio</strong></span> <span class='ocrx_word' id='word_1_619' title='bbox 2409 3253 2466 3299; x_wconf 91' lang='lat' dir='ltr'><strong>et</strong></span> <span class='ocrx_word' id='word_1_620' title='bbox 2493 3243 2718 3314; x_wconf 86' lang='lat' dir='ltr'><strong>Spiritui</strong></span> <span class='ocrx_word' id='word_1_621' title='bbox 2746 3256 2954 3314; x_wconf 91' lang='lat' dir='ltr'><strong>sancto,</strong></span> <span class='ocrx_word' id='word_1_622' title='bbox 2989 3249 3041 3303; x_wconf 92' lang='lat' dir='ltr'><strong>id</strong></span> <span class='ocrx_word' id='word_1_623' title='bbox 3067 3257 3170 3315; x_wconf 89' lang='lat' dir='ltr'><strong>est,</strong></span> <span class='ocrx_word' id='word_1_624' title='bbox 3202 3250 3292 3304; x_wconf 92' lang='lat' dir='ltr'><strong>uni</strong></span> <span class='ocrx_word' id='word_1_625' title='bbox 3322 3250 3431 3306; x_wconf 90' lang='lat' dir='ltr'><strong>Deo</strong></span> <span class='ocrx_word' id='word_1_626' title='bbox 3469 3252 3753 3322; x_wconf 85' lang='lat' dir='ltr'><strong>aptissime</strong></span> 
     </span>
    </p>
   </div>
   <div class='ocr_carea' id='block_1_79' title="bbox 2157 3334 3750 3408">
    <p class='ocr_par' dir='ltr' id='par_1_79' title="bbox 2157 3334 3750 3408">
     <span class='ocr_line' id='line_1_79' title="bbox 2157 3334 3750 3408; baseline 0.004 -17"><span class='ocrx_word' id='word_1_627' title='bbox 2157 3334 2466 3391; x_wconf 87' lang='lat' dir='ltr'><strong>convenire.</strong></span> <span class='ocrx_word' id='word_1_628' title='bbox 2511 3336 2643 3390; x_wconf 85' lang='lat' dir='ltr'><strong>item</strong></span> <span class='ocrx_word' id='word_1_629' title='bbox 2673 3351 2770 3406; x_wconf 91' lang='lat' dir='ltr'><strong>per</strong></span> <span class='ocrx_word' id='word_1_630' title='bbox 2794 3338 2988 3408; x_wconf 84' lang='lat' dir='ltr'><strong>digitos</strong></span> <span class='ocrx_word' id='word_1_631' title='bbox 3013 3339 3266 3396; x_wconf 84' lang='lat' dir='ltr'><strong>discretio</strong></span> <span class='ocrx_word' id='word_1_632' title='bbox 3295 3342 3408 3396; x_wconf 90' lang='lat' dir='ltr'><strong>sive</strong></span> <span class='ocrx_word' id='word_1_633' title='bbox 3431 3343 3750 3398; x_wconf 88' lang='lat' dir='ltr'><strong>exercitium</strong></span> 
     </span>
    </p>
   </div>
   <div class='ocr_carea' id='block_1_80' title="bbox 2157 3427 3748 3499">
    <p class='ocr_par' dir='ltr' id='par_1_80' title="bbox 2157 3427 3748 3499">
     <span class='ocr_line' id='line_1_80' title="bbox 2157 3427 3748 3499; baseline 0.004 -17"><span class='ocrx_word' id='word_1_634' title='bbox 2157 3427 2280 3482; x_wconf 85' lang='lat' dir='ltr'><strong>boni</strong></span> <span class='ocrx_word' id='word_1_635' title='bbox 2307 3428 2487 3496; x_wconf 89' lang='lat' dir='ltr'><strong>operis</strong></span> <span class='ocrx_word' id='word_1_636' title='bbox 2515 3429 2854 3499; x_wconf 85' lang='lat' dir='ltr'><strong>exprimitur.</strong></span> <span class='ocrx_word' id='word_1_637' title='bbox 2908 3428 3060 3488; x_wconf 88' lang='lat' dir='ltr'><strong>Unde</strong></span> <span class='ocrx_word' id='word_1_638' title='bbox 3094 3433 3160 3488; x_wconf 86' lang='lat' dir='ltr'><strong>de</strong></span> <span class='ocrx_word' id='word_1_639' title='bbox 3196 3433 3285 3488; x_wconf 89' lang='lat' dir='ltr'><strong>illa</strong></span> <span class='ocrx_word' id='word_1_640' title='bbox 3328 3434 3552 3490; x_wconf 88' lang='lat' dir='ltr'><strong>muliere</strong></span> <span class='ocrx_word' id='word_1_641' title='bbox 3601 3433 3748 3498; x_wconf 79' lang='lat' dir='ltr'><strong>forti,</strong></span> 
     </span>
    </p>
   </div>
   <div class='ocr_carea' id='block_1_81' title="bbox 2159 3516 3752 3591">
    <p class='ocr_par' dir='ltr' id='par_1_81' title="bbox 2159 3516 3752 3591">
     <span class='ocr_line' id='line_1_81' title="bbox 2159 3516 3752 3591; baseline 0.005 -20"><span class='ocrx_word' id='word_1_642' title='bbox 2159 3534 2322 3588; x_wconf 88' lang='lat' dir='ltr'><strong>quam</strong></span> <span class='ocrx_word' id='word_1_643' title='bbox 2352 3516 2607 3573; x_wconf 90' lang='lat' dir='ltr'><strong>Salomon</strong></span> <span class='ocrx_word' id='word_1_644' title='bbox 2634 3519 2686 3573; x_wconf 93' lang='lat' dir='ltr'><strong>in</strong></span> <span class='ocrx_word' id='word_1_645' title='bbox 2721 3519 2826 3574; x_wconf 87' lang='lat' dir='ltr'><strong>ﬁne</strong></span> <span class='ocrx_word' id='word_1_646' title='bbox 2858 3522 3264 3591; x_wconf 84' lang='lat' dir='ltr'><strong>proverbiorum</strong></span> <span class='ocrx_word' id='word_1_647' title='bbox 3299 3538 3518 3578; x_wconf 85' lang='lat' dir='ltr'><strong>suorum</strong></span> <span class='ocrx_word' id='word_1_648' title='bbox 3547 3523 3752 3580; x_wconf 85' lang='lat' dir='ltr'><strong>descri-</strong></span> 
     </span>
    </p>
   </div>
   <div class='ocr_carea' id='block_1_82' title="bbox 2157 3609 3754 3685">
    <p class='ocr_par' dir='ltr' id='par_1_82' title="bbox 2157 3609 3754 3685">
     <span class='ocr_line' id='line_1_82' title="bbox 2157 3609 3754 3685; baseline 0.004 -21"><span class='ocrx_word' id='word_1_649' title='bbox 2157 3609 2238 3664; x_wconf 85' lang='lat' dir='ltr'><strong>bit</strong></span> <span class='ocrx_word' id='word_1_650' title='bbox 2266 3609 2336 3664; x_wconf 90' lang='lat' dir='ltr'><strong>ita</strong></span> <span class='ocrx_word' id='word_1_651' title='bbox 2373 3609 2586 3681; x_wconf 84' lang='lat' dir='ltr'><strong>legitur.</strong></span> <span class='ocrx_word' id='word_1_652' title='bbox 2642 3609 2861 3666; x_wconf 84' lang='lat' dir='ltr'><strong>Manum</strong></span> <span class='ocrx_word' id='word_1_653' title='bbox 2899 3628 3050 3667; x_wconf 87' lang='lat' dir='ltr'><strong>suam</strong></span> <span class='ocrx_word' id='word_1_654' title='bbox 3086 3614 3227 3668; x_wconf 82' lang='lat' dir='ltr'><strong>misit</strong></span> <span class='ocrx_word' id='word_1_655' title='bbox 3264 3615 3333 3669; x_wconf 89' lang='lat' dir='ltr'><strong>ad</strong></span> <span class='ocrx_word' id='word_1_656' title='bbox 3369 3613 3550 3685; x_wconf 83' lang='lat' dir='ltr'><strong>fortia,</strong></span> <span class='ocrx_word' id='word_1_657' title='bbox 3586 3627 3633 3670; x_wconf 90' lang='lat' dir='ltr'><strong>et</strong></span> <span class='ocrx_word' id='word_1_658' title='bbox 3669 3616 3754 3670; x_wconf 83' lang='lat' dir='ltr'><strong>di-</strong></span> 
     </span>
    </p>
   </div>
   <div class='ocr_carea' id='block_1_83' title="bbox 2157 3701 3751 3778">
    <p class='ocr_par' dir='ltr' id='par_1_83' title="bbox 2157 3701 3751 3778">
     <span class='ocr_line' id='line_1_83' title="bbox 2157 3701 3751 3778; baseline 0.005 -24"><span class='ocrx_word' id='word_1_659' title='bbox 2157 3701 2251 3772; x_wconf 87' lang='lat' dir='ltr'><strong>giti</strong></span> <span class='ocrx_word' id='word_1_660' title='bbox 2288 3701 2370 3757; x_wconf 89' lang='lat' dir='ltr'><strong>sui</strong></span> <span class='ocrx_word' id='word_1_661' title='bbox 2401 3701 2850 3772; x_wconf 84' lang='lat' dir='ltr'><strong>apprehenderunt</strong></span> <span class='ocrx_word' id='word_1_662' title='bbox 2884 3703 3060 3774; x_wconf 84' lang='lat' dir='ltr'><strong>fusum</strong></span> <span class='ocrx_word' id='word_1_663' title='bbox 3107 3702 3288 3777; x_wconf 84' lang='lat' dir='ltr'><strong>(Prov.</strong></span> <span class='ocrx_word' id='word_1_664' title='bbox 3333 3705 3506 3778; x_wconf 77' lang='grc' dir='ltr'>χχχι).</span> <span class='ocrx_word' id='word_1_665' title='bbox 3559 3706 3751 3762; x_wconf 84' lang='lat' dir='ltr'><strong>Manus</strong></span> 
     </span>
    </p>
   </div>
   <div class='ocr_carea' id='block_1_84' title="bbox 2159 3793 3748 3868">
    <p class='ocr_par' dir='ltr' id='par_1_84' title="bbox 2159 3793 3748 3868">
     <span class='ocr_line' id='line_1_84' title="bbox 2159 3793 3748 3868; baseline 0.003 -20"><span class='ocrx_word' id='word_1_666' title='bbox 2159 3793 2302 3848; x_wconf 85' lang='lat' dir='ltr'><strong>enim</strong></span> <span class='ocrx_word' id='word_1_667' title='bbox 2331 3793 2478 3848; x_wconf 88' lang='lat' dir='ltr'><strong>misit</strong></span> <span class='ocrx_word' id='word_1_668' title='bbox 2500 3793 2565 3848; x_wconf 88' lang='lat' dir='ltr'><strong>ad</strong></span> <span class='ocrx_word' id='word_1_669' title='bbox 2593 3793 2776 3860; x_wconf 89' lang='lat' dir='ltr'><strong>fortia,</strong></span> <span class='ocrx_word' id='word_1_670' title='bbox 2808 3794 2859 3849; x_wconf 90' lang='lat' dir='ltr'><strong>id</strong></span> <span class='ocrx_word' id='word_1_671' title='bbox 2885 3803 2989 3859; x_wconf 91' lang='lat' dir='ltr'><strong>est,</strong></span> <span class='ocrx_word' id='word_1_672' title='bbox 3012 3795 3249 3852; x_wconf 88' lang='lat' dir='ltr'><strong>studium</strong></span> <span class='ocrx_word' id='word_1_673' title='bbox 3275 3813 3434 3852; x_wconf 87' lang='lat' dir='ltr'><strong>suum</strong></span> <span class='ocrx_word' id='word_1_674' title='bbox 3467 3797 3533 3853; x_wconf 88' lang='lat' dir='ltr'><strong>ad</strong></span> <span class='ocrx_word' id='word_1_675' title='bbox 3569 3798 3748 3868; x_wconf 82' lang='lat' dir='ltr'><strong>perle-</strong></span> 
     </span>
    </p>
   </div>
   <div class='ocr_carea' id='block_1_85' title="bbox 2158 3883 3750 3958">
    <p class='ocr_par' dir='ltr' id='par_1_85' title="bbox 2158 3883 3750 3958">
     <span class='ocr_line' id='line_1_85' title="bbox 2158 3883 3750 3958; baseline 0.002 -19"><span class='ocrx_word' id='word_1_676' title='bbox 2158 3893 2244 3939; x_wconf 88' lang='lat' dir='ltr'><strong>cta</strong></span> <span class='ocrx_word' id='word_1_677' title='bbox 2269 3883 2470 3939; x_wconf 89' lang='lat' dir='ltr'><strong>Christi</strong></span> <span class='ocrx_word' id='word_1_678' title='bbox 2501 3885 2785 3940; x_wconf 87' lang='lat' dir='ltr'><strong>charitatis</strong></span> <span class='ocrx_word' id='word_1_679' title='bbox 2807 3901 2992 3956; x_wconf 91' lang='lat' dir='ltr'><strong>opera,</strong></span> <span class='ocrx_word' id='word_1_680' title='bbox 3014 3896 3067 3942; x_wconf 91' lang='lat' dir='ltr'><strong>et</strong></span> <span class='ocrx_word' id='word_1_681' title='bbox 3097 3886 3246 3958; x_wconf 78' lang='lat' dir='ltr'><strong>digiti</strong></span> <span class='ocrx_word' id='word_1_682' title='bbox 3274 3887 3354 3942; x_wconf 87' lang='lat' dir='ltr'><strong>sui</strong></span> <span class='ocrx_word' id='word_1_683' title='bbox 3381 3887 3750 3957; x_wconf 65' lang='lat' dir='ltr'><strong>apprchende-</strong></span> 
     </span>
    </p>
   </div>
   <div class='ocr_carea' id='block_1_86' title="bbox 2161 3973 3750 4044">
    <p class='ocr_par' dir='ltr' id='par_1_86' title="bbox 2161 3973 3750 4044">
     <span class='ocr_line' id='line_1_86' title="bbox 2161 3973 3750 4044; baseline 0.001 -15"><span class='ocrx_word' id='word_1_684' title='bbox 2161 3983 2290 4029; x_wconf 89' lang='lat' dir='ltr'><strong>runt</strong></span> <span class='ocrx_word' id='word_1_685' title='bbox 2329 3973 2526 4039; x_wconf 79' lang='lat' dir='ltr'><strong>fusum,</strong></span> <span class='ocrx_word' id='word_1_686' title='bbox 2583 3989 2704 4030; x_wconf 87' lang='lat' dir='ltr'><strong>cum</strong></span> <span class='ocrx_word' id='word_1_687' title='bbox 2763 3975 3104 4030; x_wconf 89' lang='lat' dir='ltr'><strong>discretionis</strong></span> <span class='ocrx_word' id='word_1_688' title='bbox 3149 3975 3402 4044; x_wconf 65' lang='lat' dir='ltr'><strong>aequitate</strong></span> <span class='ocrx_word' id='word_1_689' title='bbox 3458 3977 3750 4030; x_wconf 76' lang='lat' dir='ltr'><strong>textrinum</strong></span> 
     </span>
    </p>
   </div>
   <div class='ocr_carea' id='block_1_87' title="bbox 2160 4062 3752 4135">
    <p class='ocr_par' dir='ltr' id='par_1_87' title="bbox 2160 4062 3752 4135">
     <span class='ocr_line' id='line_1_87' title="bbox 2160 4062 3752 4135; baseline 0.001 -15"><span class='ocrx_word' id='word_1_690' title='bbox 2160 4063 2312 4120; x_wconf 73' lang='lat' dir='ltr'><strong>stola:</strong></span> <span class='ocrx_word' id='word_1_691' title='bbox 2339 4065 2578 4121; x_wconf 78' lang='lat' dir='ltr'><strong>caelestis</strong></span> <span class='ocrx_word' id='word_1_692' title='bbox 2621 4080 2718 4134; x_wconf 91' lang='lat' dir='ltr'><strong>per</strong></span> <span class='ocrx_word' id='word_1_693' title='bbox 2761 4080 2922 4135; x_wconf 86' lang='lat' dir='ltr'><strong>opera</strong></span> <span class='ocrx_word' id='word_1_694' title='bbox 2967 4065 3249 4120; x_wconf 89' lang='lat' dir='ltr'><strong>charitatis</strong></span> <span class='ocrx_word' id='word_1_695' title='bbox 3291 4062 3473 4121; x_wconf 89' lang='lat' dir='ltr'><strong>eliicit.</strong></span> <span class='ocrx_word' id='word_1_696' title='bbox 3521 4067 3622 4122; x_wconf 90' lang='lat' dir='ltr'><strong>Ubi</strong></span> <span class='ocrx_word' id='word_1_697' title='bbox 3668 4067 3752 4122; x_wconf 82' lang='lat' dir='ltr'><strong>di-</strong></span> 
     </span>
    </p>
   </div>
   <div class='ocr_carea' id='block_1_88' title="bbox 2160 4157 3746 4227">
    <p class='ocr_par' dir='ltr' id='par_1_88' title="bbox 2160 4157 3746 4227">
     <span class='ocr_line' id='line_1_88' title="bbox 2160 4157 3746 4227; baseline 0 -15"><span class='ocrx_word' id='word_1_698' title='bbox 2160 4157 2426 4212; x_wconf 86' lang='lat' dir='ltr'><strong>scretione</strong></span> <span class='ocrx_word' id='word_1_699' title='bbox 2458 4171 2667 4211; x_wconf 90' lang='lat' dir='ltr'><strong>summa</strong></span> <span class='ocrx_word' id='word_1_700' title='bbox 2692 4170 2828 4224; x_wconf 89' lang='lat' dir='ltr'><strong>opus</strong></span> <span class='ocrx_word' id='word_1_701' title='bbox 2855 4164 2961 4222; x_wconf 88' lang='lat' dir='ltr'><strong>est,</strong></span> <span class='ocrx_word' id='word_1_702' title='bbox 2998 4163 3056 4210; x_wconf 94' lang='lat' dir='ltr'><strong>ut</strong></span> <span class='ocrx_word' id='word_1_703' title='bbox 3100 4172 3199 4227; x_wconf 87' lang='lat' dir='ltr'><strong>pro</strong></span> <span class='ocrx_word' id='word_1_704' title='bbox 3231 4164 3430 4212; x_wconf 68' lang='lat' dir='ltr'><strong>aeterna</strong></span> <span class='ocrx_word' id='word_1_705' title='bbox 3475 4157 3746 4222; x_wconf 87' lang='lat' dir='ltr'><strong>mercede,</strong></span> 
     </span>
    </p>
   </div>
   <div class='ocr_carea' id='block_1_89' title="bbox 2159 4245 3752 4318">
    <p class='ocr_par' dir='ltr' id='par_1_89' title="bbox 2159 4245 3752 4318">
     <span class='ocr_line' id='line_1_89' title="bbox 2159 4245 3752 4318; baseline 0.001 -17"><span class='ocrx_word' id='word_1_706' title='bbox 2159 4255 2216 4302; x_wconf 88' lang='lat' dir='ltr'><strong>et</strong></span> <span class='ocrx_word' id='word_1_707' title='bbox 2249 4261 2353 4301; x_wconf 92' lang='lat' dir='ltr'><strong>non</strong></span> <span class='ocrx_word' id='word_1_708' title='bbox 2386 4261 2484 4316; x_wconf 88' lang='lat' dir='ltr'><strong>pro</strong></span> <span class='ocrx_word' id='word_1_709' title='bbox 2528 4245 2808 4314; x_wconf 89' lang='lat' dir='ltr'><strong>temporali</strong></span> <span class='ocrx_word' id='word_1_710' title='bbox 2852 4245 3010 4302; x_wconf 90' lang='lat' dir='ltr'><strong>laude</strong></span> <span class='ocrx_word' id='word_1_711' title='bbox 3041 4247 3180 4302; x_wconf 88' lang='lat' dir='ltr'><strong>bona</strong></span> <span class='ocrx_word' id='word_1_712' title='bbox 3216 4262 3460 4318; x_wconf 88' lang='lat' dir='ltr'><strong>agamus.</strong></span> <span class='ocrx_word' id='word_1_713' title='bbox 3512 4245 3752 4318; x_wconf 82' lang='lat' dir='ltr'><strong>Ungulas</strong></span> 
     </span>
    </p>
   </div>
   <div class='ocr_carea' id='block_1_90' title="bbox 2159 4334 3751 4408">
    <p class='ocr_par' dir='ltr' id='par_1_90' title="bbox 2159 4334 3751 4408">
     <span class='ocr_line' id='line_1_90' title="bbox 2159 4334 3751 4408; baseline -0.001 -16"><span class='ocrx_word' id='word_1_714' title='bbox 2159 4353 2224 4392; x_wconf 82' lang='lat' dir='ltr'><strong>ex</strong></span> <span class='ocrx_word' id='word_1_715' title='bbox 2253 4335 2442 4392; x_wconf 72' lang='lat' dir='ltr'><strong>Grzeco</strong></span> <span class='ocrx_word' id='word_1_716' title='bbox 2466 4334 2757 4402; x_wconf 85' lang='lat' dir='ltr'><strong>vocamus;</strong></span> <span class='ocrx_word' id='word_1_717' title='bbox 2801 4336 2876 4390; x_wconf 93' lang='lat' dir='ltr'><strong>illi</strong></span> <span class='ocrx_word' id='word_1_718' title='bbox 2925 4337 3070 4390; x_wconf 84' lang='lat' dir='ltr'><strong>enim</strong></span> <span class='ocrx_word' id='word_1_719' title='bbox 3103 4337 3345 4408; x_wconf 85' lang='lat' dir='ltr'><strong>onychen</strong></span> <span class='ocrx_word' id='word_1_720' title='bbox 3375 4336 3624 4408; x_wconf 78' lang='lat' dir='ltr'><strong>ungulam</strong></span> <span class='ocrx_word' id='word_1_721' title='bbox 3667 4337 3751 4392; x_wconf 90' lang='lat' dir='ltr'><strong>di-</strong></span> 
     </span>
    </p>
   </div>
   <div class='ocr_carea' id='block_1_91' title="bbox 2159 4425 3746 4498">
    <p class='ocr_par' dir='ltr' id='par_1_91' title="bbox 2159 4425 3746 4498">
     <span class='ocr_line' id='line_1_91' title="bbox 2159 4425 3746 4498; baseline -0.001 -16"><span class='ocrx_word' id='word_1_722' title='bbox 2159 4434 2306 4482; x_wconf 87' lang='lat' dir='ltr'><strong>cunt.</strong></span> <span class='ocrx_word' id='word_1_723' title='bbox 2363 4427 2466 4482; x_wconf 88' lang='lat' dir='ltr'><strong>Per</strong></span> <span class='ocrx_word' id='word_1_724' title='bbox 2491 4426 2741 4498; x_wconf 87' lang='lat' dir='ltr'><strong>ungulam</strong></span> <span class='ocrx_word' id='word_1_725' title='bbox 2773 4426 2968 4495; x_wconf 88' lang='lat' dir='ltr'><strong>quippe</strong></span> <span class='ocrx_word' id='word_1_726' title='bbox 3000 4427 3316 4482; x_wconf 82' lang='lat' dir='ltr'><strong>extremitas</strong></span> <span class='ocrx_word' id='word_1_727' title='bbox 3353 4425 3439 4483; x_wconf 79' lang='lat' dir='ltr'><strong>vel</strong></span> <span class='ocrx_word' id='word_1_728' title='bbox 3481 4426 3604 4481; x_wconf 89' lang='lat' dir='ltr'><strong>ﬁnis</strong></span> <span class='ocrx_word' id='word_1_729' title='bbox 3651 4442 3746 4481; x_wconf 88' lang='lat' dir='ltr'><strong>cu-</strong></span> 
     </span>
    </p>
   </div>
   <div class='ocr_carea' id='block_1_92' title="bbox 468 4502 3748 4587">
    <p class='ocr_par' dir='ltr' id='par_1_92' title="bbox 468 4502 3748 4587">
     <span class='ocr_line' id='line_1_92' title="bbox 468 4502 3748 4587; baseline 0.002 -22"><span class='ocrx_word' id='word_1_730' title='bbox 468 4520 702 4582; x_wconf 87' lang='lat' dir='ltr'><strong>quenter</strong></span> <span class='ocrx_word' id='word_1_731' title='bbox 749 4509 990 4582; x_wconf 81' lang='lat' dir='ltr'><strong>procedit</strong></span> <span class='ocrx_word' id='word_1_732' title='bbox 1026 4509 1082 4564; x_wconf 87' lang='lat' dir='ltr'><strong>in</strong></span> <span class='ocrx_word' id='word_1_733' title='bbox 1129 4511 1333 4565; x_wconf 87' lang='lat' dir='ltr'><strong>turbas.</strong></span> <span class='ocrx_word' id='word_1_734' title='bbox 1382 4508 1515 4562; x_wconf 89' lang='lat' dir='ltr'><strong>item</strong></span> <span class='ocrx_word' id='word_1_735' title='bbox 1561 4509 1738 4578; x_wconf 87' lang='lat' dir='ltr'><strong>palma</strong></span> <span class='ocrx_word' id='word_1_736' title='bbox 1787 4509 2056 4581; x_wconf 87' lang='lat' dir='ltr'><strong>signiﬁcat</strong></span> <span class='ocrx_word' id='word_1_737' title='bbox 2082 4502 2375 4585; x_wconf 87' lang='lat' dir='ltr'><strong>Djuslibet</strong></span> <span class='ocrx_word' id='word_1_738' title='bbox 2407 4517 2484 4570; x_wconf 85' lang='lat' dir='ltr'><strong>rei</strong></span> <span class='ocrx_word' id='word_1_739' title='bbox 2526 4516 2946 4570; x_wconf 72' lang='lat' dir='ltr'><strong>demonstratur.</strong></span> <span class='ocrx_word' id='word_1_740' title='bbox 3000 4515 3133 4570; x_wconf 89' lang='lat' dir='ltr'><strong>Nam</strong></span> <span class='ocrx_word' id='word_1_741' title='bbox 3165 4517 3426 4587; x_wconf 90' lang='lat' dir='ltr'><strong>scriptum</strong></span> <span class='ocrx_word' id='word_1_742' title='bbox 3456 4525 3538 4572; x_wconf 91' lang='lat' dir='ltr'><strong>est</strong></span> <span class='ocrx_word' id='word_1_743' title='bbox 3567 4517 3618 4570; x_wconf 92' lang='lat' dir='ltr'><strong>in</strong></span> <span class='ocrx_word' id='word_1_744' title='bbox 3646 4515 3748 4572; x_wconf 87' lang='lat' dir='ltr'><strong>Ge-</strong></span> 
     </span>
    </p>
   </div>
   <div class='ocr_carea' id='block_1_93' title="bbox 473 4599 2057 4674">
    <p class='ocr_par' dir='ltr' id='par_1_93' title="bbox 473 4599 2057 4674">
     <span class='ocr_line' id='line_1_93' title="bbox 473 4599 2057 4674; baseline -0.001 -16"><span class='ocrx_word' id='word_1_745' title='bbox 473 4603 775 4674; x_wconf 86' lang='lat' dir='ltr'><strong>largitatem</strong></span> <span class='ocrx_word' id='word_1_746' title='bbox 803 4603 1178 4672; x_wconf 68' lang='lat' dir='ltr'><strong>eleemosynaa,</strong></span> <span class='ocrx_word' id='word_1_747' title='bbox 1209 4609 1263 4655; x_wconf 89' lang='lat' dir='ltr'><strong>et</strong></span> <span class='ocrx_word' id='word_1_748' title='bbox 1289 4615 1499 4670; x_wconf 87' lang='lat' dir='ltr'><strong>pugnus</strong></span> <span class='ocrx_word' id='word_1_749' title='bbox 1525 4601 1862 4672; x_wconf 86' lang='lat' dir='ltr'><strong>parcitatem.</strong></span> <span class='ocrx_word' id='word_1_750' title='bbox 1904 4599 2057 4656; x_wconf 88' lang='lat' dir='ltr'><strong>Unde</strong></span> 
     </span>
    </p>
   </div>
   <div class='ocr_carea' id='block_1_94' title="bbox 475 4690 2058 4764">
    <p class='ocr_par' dir='ltr' id='par_1_94' title="bbox 475 4690 2058 4764">
     <span class='ocr_line' id='line_1_94' title="bbox 475 4690 2058 4764; baseline -0.003 -14"><span class='ocrx_word' id='word_1_751' title='bbox 475 4695 733 4764; x_wconf 88' lang='lat' dir='ltr'><strong>scriptum</strong></span> <span class='ocrx_word' id='word_1_752' title='bbox 776 4701 860 4748; x_wconf 91' lang='lat' dir='ltr'><strong>est</strong></span> <span class='ocrx_word' id='word_1_753' title='bbox 916 4693 972 4746; x_wconf 89' lang='lat' dir='ltr'><strong>in</strong></span> <span class='ocrx_word' id='word_1_754' title='bbox 1019 4691 1320 4760; x_wconf 84' lang='lat' dir='ltr'><strong>proverbiis</strong></span> <span class='ocrx_word' id='word_1_755' title='bbox 1367 4690 1672 4746; x_wconf 86' lang='lat' dir='ltr'><strong>Salomonis</strong></span> <span class='ocrx_word' id='word_1_756' title='bbox 1726 4693 1790 4746; x_wconf 92' lang='lat' dir='ltr'><strong>de</strong></span> <span class='ocrx_word' id='word_1_757' title='bbox 1835 4691 2058 4748; x_wconf 74' lang='lat' dir='ltr'><strong>muliere</strong></span> 
     </span>
    </p>
   </div>
   <div class='ocr_carea' id='block_1_95' title="bbox 471 4783 2054 4859">
    <p class='ocr_par' dir='ltr' id='par_1_95' title="bbox 471 4783 2054 4859">
     <span class='ocr_line' id='line_1_95' title="bbox 471 4783 2054 4859; baseline 0.001 -19"><span class='ocrx_word' id='word_1_758' title='bbox 471 4787 724 4859; x_wconf 69' lang='lat' dir='ltr'><strong>prudenzi</strong></span> <span class='ocrx_word' id='word_1_759' title='bbox 750 4804 764 4840; x_wconf 85' lang='lat'><strong>:</strong></span> <span class='ocrx_word' id='word_1_760' title='bbox 789 4785 1004 4839; x_wconf 88' lang='lat' dir='ltr'><strong>Palmas</strong></span> <span class='ocrx_word' id='word_1_761' title='bbox 1033 4801 1157 4838; x_wconf 84' lang='lat' dir='ltr'><strong>suas</strong></span> <span class='ocrx_word' id='word_1_762' title='bbox 1203 4785 1429 4838; x_wconf 72' lang='lat' dir='ltr'><strong>extendit</strong></span> <span class='ocrx_word' id='word_1_763' title='bbox 1473 4786 1542 4838; x_wconf 87' lang='lat' dir='ltr'><strong>ad</strong></span> <span class='ocrx_word' id='word_1_764' title='bbox 1569 4801 1846 4855; x_wconf 85' lang='lat' dir='ltr'><strong>pauperem</strong></span> <span class='ocrx_word' id='word_1_765' title='bbox 1874 4783 2054 4858; x_wconf 84' lang='lat' dir='ltr'><strong>(Prov.</strong></span> 
     </span>
    </p>
   </div>
   <div class='ocr_carea' id='block_1_96' title="bbox 473 4877 2059 4950">
    <p class='ocr_par' dir='ltr' id='par_1_96' title="bbox 473 4877 2059 4950">
     <span class='ocr_line' id='line_1_96' title="bbox 473 4877 2059 4950; baseline -0.001 -15"><span class='ocrx_word' id='word_1_766' title='bbox 473 4877 646 4950; x_wconf 73' lang='grc' dir='ltr'>χχχι).</span> <span class='ocrx_word' id='word_1_767' title='bbox 689 4878 758 4932; x_wconf 84' lang='grc' dir='ltr'>Ει</span> <span class='ocrx_word' id='word_1_768' title='bbox 782 4877 907 4932; x_wconf 88' lang='lat' dir='ltr'><strong>alibi</strong></span> <span class='ocrx_word' id='word_1_769' title='bbox 939 4877 1199 4946; x_wconf 89' lang='lat' dir='ltr'><strong>scriptum</strong></span> <span class='ocrx_word' id='word_1_770' title='bbox 1227 4884 1312 4932; x_wconf 87' lang='lat' dir='ltr'><strong>est</strong></span> <span class='ocrx_word' id='word_1_771' title='bbox 1339 4890 1352 4930; x_wconf 92' lang='lat'><strong>:</strong></span> <span class='ocrx_word' id='word_1_772' title='bbox 1385 4877 1463 4931; x_wconf 87' lang='lat' dir='ltr'><strong>Sit</strong></span> <span class='ocrx_word' id='word_1_773' title='bbox 1496 4894 1682 4931; x_wconf 85' lang='lat' dir='ltr'><strong>manus</strong></span> <span class='ocrx_word' id='word_1_774' title='bbox 1706 4887 1798 4932; x_wconf 89' lang='lat' dir='ltr'><strong>tua</strong></span> <span class='ocrx_word' id='word_1_775' title='bbox 1833 4878 1902 4932; x_wconf 89' lang='lat' dir='ltr'><strong>ad</strong></span> <span class='ocrx_word' id='word_1_776' title='bbox 1927 4879 2059 4933; x_wconf 83' lang='lat' dir='ltr'><strong>dan-</strong></span> 
     </span>
    </p>
   </div>
   <div class='ocr_carea' id='block_1_97' title="bbox 474 4969 2053 5044">
    <p class='ocr_par' dir='ltr' id='par_1_97' title="bbox 474 4969 2053 5044">
     <span class='ocr_line' id='line_1_97' title="bbox 474 4969 2053 5044; baseline -0.001 -16"><span class='ocrx_word' id='word_1_777' title='bbox 474 4975 599 5028; x_wconf 90' lang='lat' dir='ltr'><strong>dum</strong></span> <span class='ocrx_word' id='word_1_778' title='bbox 625 4981 884 5044; x_wconf 84' lang='lat' dir='ltr'><strong>porrecta,</strong></span> <span class='ocrx_word' id='word_1_779' title='bbox 905 4981 953 5025; x_wconf 89' lang='lat' dir='ltr'><strong>et</strong></span> <span class='ocrx_word' id='word_1_780' title='bbox 979 4970 1048 5025; x_wconf 88' lang='lat' dir='ltr'><strong>ad</strong></span> <span class='ocrx_word' id='word_1_781' title='bbox 1069 4969 1413 5041; x_wconf 86' lang='lat' dir='ltr'><strong>colligendum</strong></span> <span class='ocrx_word' id='word_1_782' title='bbox 1439 4979 1704 5024; x_wconf 85' lang='lat' dir='ltr'><strong>contracta</strong></span> <span class='ocrx_word' id='word_1_783' title='bbox 1719 4969 1909 5042; x_wconf 84' lang='lat' dir='ltr'><strong>(Eccli.</strong></span> <span class='ocrx_word' id='word_1_784' title='bbox 1936 4971 2053 5044; x_wconf 84' lang='lat' dir='ltr'><strong>vn).</strong></span> 
     </span>
    </p>
   </div>
   <div class='ocr_carea' id='block_1_98' title="bbox 474 5060 2059 5134">
    <p class='ocr_par' dir='ltr' id='par_1_98' title="bbox 474 5060 2059 5134">
     <span class='ocr_line' id='line_1_98' title="bbox 474 5060 2059 5134; baseline -0.003 -15"><span class='ocrx_word' id='word_1_785' title='bbox 474 5065 607 5120; x_wconf 89' lang='lat' dir='ltr'><strong>item</strong></span> <span class='ocrx_word' id='word_1_786' title='bbox 637 5065 703 5119; x_wconf 90' lang='lat' dir='ltr'><strong>de</strong></span> <span class='ocrx_word' id='word_1_787' title='bbox 730 5063 908 5134; x_wconf 86' lang='lat' dir='ltr'><strong>palmo</strong></span> <span class='ocrx_word' id='word_1_788' title='bbox 939 5070 991 5118; x_wconf 88' lang='lat' dir='ltr'><strong>et</strong></span> <span class='ocrx_word' id='word_1_789' title='bbox 1017 5061 1214 5134; x_wconf 87' lang='lat' dir='ltr'><strong>pugillo</strong></span> <span class='ocrx_word' id='word_1_790' title='bbox 1240 5060 1508 5132; x_wconf 79' lang='lat' dir='ltr'><strong>Propheta</strong></span> <span class='ocrx_word' id='word_1_791' title='bbox 1539 5061 1689 5127; x_wconf 90' lang='lat' dir='ltr'><strong>dicit,</strong></span> <span class='ocrx_word' id='word_1_792' title='bbox 1728 5062 1938 5117; x_wconf 88' lang='lat' dir='ltr'><strong>Domini</strong></span> <span class='ocrx_word' id='word_1_793' title='bbox 1963 5078 2059 5134; x_wconf 88' lang='lat' dir='ltr'><strong>po-</strong></span> 
     </span>
    </p>
   </div>
   <div class='ocr_carea' id='block_1_99' title="bbox 476 5152 2060 5225">
    <p class='ocr_par' dir='ltr' id='par_1_99' title="bbox 476 5152 2060 5225">
     <span class='ocr_line' id='line_1_99' title="bbox 476 5152 2060 5225; baseline -0.002 -15"><span class='ocrx_word' id='word_1_794' title='bbox 476 5155 702 5210; x_wconf 87' lang='lat' dir='ltr'><strong>tentiam</strong></span> <span class='ocrx_word' id='word_1_795' title='bbox 729 5155 1108 5210; x_wconf 89' lang='lat' dir='ltr'><strong>demonstrans</strong></span> <span class='ocrx_word' id='word_1_796' title='bbox 1133 5172 1145 5208; x_wconf 94' lang='lat'><strong>:</strong></span> <span class='ocrx_word' id='word_1_797' title='bbox 1171 5152 1391 5218; x_wconf 74' lang='lat' dir='ltr'><strong>Cazlum,</strong></span> <span class='ocrx_word' id='word_1_798' title='bbox 1429 5153 1618 5224; x_wconf 88' lang='lat' dir='ltr'><strong>inquit,</strong></span> <span class='ocrx_word' id='word_1_799' title='bbox 1648 5152 1825 5225; x_wconf 88' lang='lat' dir='ltr'><strong>palma</strong></span> <span class='ocrx_word' id='word_1_800' title='bbox 1847 5155 2060 5208; x_wconf 85' lang='lat' dir='ltr'><strong>metitur</strong></span> 
     </span>
    </p>
   </div>
   <div class='ocr_carea' id='block_1_100' title="bbox 473 5243 2061 5318">
    <p class='ocr_par' dir='ltr' id='par_1_100' title="bbox 473 5243 2061 5318">
     <span class='ocr_line' id='line_1_100' title="bbox 473 5243 2061 5318; baseline 0.001 -18"><span class='ocrx_word' id='word_1_801' title='bbox 473 5255 524 5300; x_wconf 87' lang='lat' dir='ltr'><strong>et</strong></span> <span class='ocrx_word' id='word_1_802' title='bbox 542 5257 733 5302; x_wconf 83' lang='lat' dir='ltr'><strong>terram</strong></span> <span class='ocrx_word' id='word_1_803' title='bbox 753 5243 949 5318; x_wconf 85' lang='lat' dir='ltr'><strong>pugillo</strong></span> <span class='ocrx_word' id='word_1_804' title='bbox 975 5243 1231 5298; x_wconf 86' lang='lat' dir='ltr'><strong>concludit</strong></span> <span class='ocrx_word' id='word_1_805' title='bbox 1260 5243 1393 5315; x_wconf 86' lang='lat' dir='ltr'><strong>(lsa.</strong></span> <span class='ocrx_word' id='word_1_806' title='bbox 1423 5244 1534 5316; x_wconf 76' lang='grc' dir='ltr'>χι).</span> <span class='ocrx_word' id='word_1_807' title='bbox 1575 5243 1706 5298; x_wconf 88' lang='lat' dir='ltr'><strong>item</strong></span> <span class='ocrx_word' id='word_1_808' title='bbox 1733 5245 1784 5298; x_wconf 91' lang='lat' dir='ltr'><strong>in</strong></span> <span class='ocrx_word' id='word_1_809' title='bbox 1812 5248 2061 5316; x_wconf 89' lang='lat' dir='ltr'><strong>passione</strong></span> 
     </span>
    </p>
   </div>
   <div class='ocr_carea' id='block_1_101' title="bbox 479 5333 2054 5405">
    <p class='ocr_par' dir='ltr' id='par_1_101' title="bbox 479 5333 2054 5405">
     <span class='ocr_line' id='line_1_101' title="bbox 479 5333 2054 5405; baseline -0.001 -15"><span class='ocrx_word' id='word_1_810' title='bbox 479 5335 692 5390; x_wconf 84' lang='lat' dir='ltr'><strong>Domini</strong></span> <span class='ocrx_word' id='word_1_811' title='bbox 721 5335 979 5405; x_wconf 90' lang='lat' dir='ltr'><strong>scriptum</strong></span> <span class='ocrx_word' id='word_1_812' title='bbox 1006 5343 1118 5389; x_wconf 89' lang='lat' dir='ltr'><strong>est:</strong></span> <span class='ocrx_word' id='word_1_813' title='bbox 1138 5333 1281 5388; x_wconf 87' lang='lat' dir='ltr'><strong>Tunc</strong></span> <span class='ocrx_word' id='word_1_814' title='bbox 1301 5344 1612 5404; x_wconf 63' lang='lat' dir='ltr'><strong>exspirarunt</strong></span> <span class='ocrx_word' id='word_1_815' title='bbox 1632 5335 1685 5388; x_wconf 88' lang='lat' dir='ltr'><strong>in</strong></span> <span class='ocrx_word' id='word_1_816' title='bbox 1705 5334 1891 5403; x_wconf 88' lang='lat' dir='ltr'><strong>faciem</strong></span> <span class='ocrx_word' id='word_1_817' title='bbox 1917 5335 2054 5404; x_wconf 83' lang='lat' dir='ltr'><strong>ejus,</strong></span> 
     </span>
    </p>
   </div>
   <div class='ocr_carea' id='block_1_102' title="bbox 478 5424 2060 5495">
    <p class='ocr_par' dir='ltr' id='par_1_102' title="bbox 478 5424 2060 5495">
     <span class='ocr_line' id='line_1_102' title="bbox 478 5424 2060 5495; baseline 0 -15"><span class='ocrx_word' id='word_1_818' title='bbox 478 5435 526 5480; x_wconf 84' lang='lat' dir='ltr'><strong>et</strong></span> <span class='ocrx_word' id='word_1_819' title='bbox 547 5425 778 5495; x_wconf 83' lang='lat' dir='ltr'><strong>colaphis</strong></span> <span class='ocrx_word' id='word_1_820' title='bbox 804 5441 921 5479; x_wconf 88' lang='lat' dir='ltr'><strong>eum</strong></span> <span class='ocrx_word' id='word_1_821' title='bbox 950 5425 1248 5480; x_wconf 86' lang='lat' dir='ltr'><strong>ceciderunt</strong></span> <span class='ocrx_word' id='word_1_822' title='bbox 1273 5439 1292 5476; x_wconf 91' lang='lat'><strong><em>:</em></strong></span> <span class='ocrx_word' id='word_1_823' title='bbox 1319 5425 1410 5478; x_wconf 87' lang='lat' dir='ltr'><strong>alii</strong></span> <span class='ocrx_word' id='word_1_824' title='bbox 1449 5434 1621 5478; x_wconf 88' lang='lat' dir='ltr'><strong>autem</strong></span> <span class='ocrx_word' id='word_1_825' title='bbox 1663 5424 1865 5495; x_wconf 87' lang='lat' dir='ltr'><strong>palmas</strong></span> <span class='ocrx_word' id='word_1_826' title='bbox 1893 5427 1946 5480; x_wconf 89' lang='lat' dir='ltr'><strong>in</strong></span> <span class='ocrx_word' id='word_1_827' title='bbox 1974 5425 2060 5495; x_wconf 89' lang='lat' dir='ltr'><strong>fa-</strong></span> 
     </span>
    </p>
   </div>
   <div class='ocr_carea' id='block_1_103' title="bbox 479 5511 2054 5586">
    <p class='ocr_par' dir='ltr' id='par_1_103' title="bbox 479 5511 2054 5586">
     <span class='ocr_line' id='line_1_103' title="bbox 479 5511 2054 5586; baseline -0.001 -18"><span class='ocrx_word' id='word_1_828' title='bbox 479 5515 611 5569; x_wconf 89' lang='lat' dir='ltr'><strong>ciem</strong></span> <span class='ocrx_word' id='word_1_829' title='bbox 631 5515 680 5568; x_wconf 85' lang='lat' dir='ltr'><strong>ei</strong></span> <span class='ocrx_word' id='word_1_830' title='bbox 701 5515 975 5580; x_wconf 86' lang='lat' dir='ltr'><strong>dederunt,</strong></span> <span class='ocrx_word' id='word_1_831' title='bbox 1001 5516 1257 5570; x_wconf 86' lang='lat' dir='ltr'><strong>dicentes:</strong></span> <span class='ocrx_word' id='word_1_832' title='bbox 1276 5511 1590 5586; x_wconf 76' lang='lat' dir='ltr'><strong>Prophetiza</strong></span> <span class='ocrx_word' id='word_1_833' title='bbox 1618 5513 1784 5580; x_wconf 67' lang='lat' dir='ltr'><strong>nobis,</strong></span> <span class='ocrx_word' id='word_1_834' title='bbox 1823 5511 2054 5580; x_wconf 85' lang='lat' dir='ltr'><strong>Christe,</strong></span> 
     </span>
    </p>
   </div>
   <div class='ocr_carea' id='block_1_104' title="bbox 479 5607 2058 5680">
    <p class='ocr_par' dir='ltr' id='par_1_104' title="bbox 479 5607 2058 5680">
     <span class='ocr_line' id='line_1_104' title="bbox 479 5607 2058 5680; baseline 0.001 -19"><span class='ocrx_word' id='word_1_835' title='bbox 479 5607 594 5680; x_wconf 86' lang='lat' dir='ltr'><strong>quis</strong></span> <span class='ocrx_word' id='word_1_836' title='bbox 622 5615 696 5661; x_wconf 84' lang='lat' dir='ltr'><strong>est</strong></span> <span class='ocrx_word' id='word_1_837' title='bbox 723 5607 814 5678; x_wconf 85' lang='lat' dir='ltr'><strong>qui</strong></span> <span class='ocrx_word' id='word_1_838' title='bbox 849 5616 897 5660; x_wconf 89' lang='lat' dir='ltr'><strong>te</strong></span> <span class='ocrx_word' id='word_1_839' title='bbox 922 5609 1175 5677; x_wconf 76' lang='lat' dir='ltr'><strong>percussit</strong></span> <span class='ocrx_word' id='word_1_840' title='bbox 1195 5607 1447 5680; x_wconf 78' lang='lat' dir='ltr'><strong>?(Matth.</strong></span> <span class='ocrx_word' id='word_1_841' title='bbox 1481 5607 1654 5680; x_wconf 79' lang='grc' dir='ltr'>χχνι.)</span> <span class='ocrx_word' id='word_1_842' title='bbox 1682 5607 1834 5676; x_wconf 88' lang='lat' dir='ltr'><strong>Quod</strong></span> <span class='ocrx_word' id='word_1_843' title='bbox 1857 5608 2058 5664; x_wconf 89' lang='lat' dir='ltr'><strong>dictum</strong></span> 
     </span>
    </p>
   </div>
   <div class='ocr_carea' id='block_1_105' title="bbox 479 5697 2060 5771">
    <p class='ocr_par' dir='ltr' id='par_1_105' title="bbox 479 5697 2060 5771">
     <span class='ocr_line' id='line_1_105' title="bbox 479 5697 2060 5771; baseline 0 -17"><span class='ocrx_word' id='word_1_844' title='bbox 479 5709 566 5756; x_wconf 86' lang='lat' dir='ltr'><strong>est</strong></span> <span class='ocrx_word' id='word_1_845' title='bbox 594 5717 606 5753; x_wconf 87' lang='lat'><strong>:</strong></span> <span class='ocrx_word' id='word_1_846' title='bbox 631 5710 944 5768; x_wconf 76' lang='lat' dir='ltr'><strong>cxspuerunt</strong></span> <span class='ocrx_word' id='word_1_847' title='bbox 966 5699 1018 5753; x_wconf 86' lang='lat' dir='ltr'><strong>in</strong></span> <span class='ocrx_word' id='word_1_848' title='bbox 1039 5697 1224 5767; x_wconf 82' lang='lat' dir='ltr'><strong>faciem</strong></span> <span class='ocrx_word' id='word_1_849' title='bbox 1252 5699 1385 5764; x_wconf 80' lang='lat' dir='ltr'><strong>eius,</strong></span> <span class='ocrx_word' id='word_1_850' title='bbox 1417 5699 1683 5771; x_wconf 86' lang='lat' dir='ltr'><strong>signiﬁcat</strong></span> <span class='ocrx_word' id='word_1_851' title='bbox 1705 5699 1920 5770; x_wconf 84' lang='lat' dir='ltr'><strong>cos,qui</strong></span> <span class='ocrx_word' id='word_1_852' title='bbox 1945 5697 2060 5767; x_wconf 86' lang='lat' dir='ltr'><strong>ejus</strong></span> 
     </span>
    </p>
   </div>
   <div class='ocr_carea' id='block_1_106' title="bbox 2159 4603 3743 4672">
    <p class='ocr_par' dir='ltr' id='par_1_106' title="bbox 2159 4603 3743 4672">
     <span class='ocr_line' id='line_1_106' title="bbox 2159 4603 3743 4672; baseline 0.001 -11"><span class='ocrx_word' id='word_1_853' title='bbox 2159 4606 2295 4668; x_wconf 89' lang='lat' dir='ltr'><strong>nesi,</strong></span> <span class='ocrx_word' id='word_1_854' title='bbox 2353 4606 2443 4660; x_wconf 89' lang='lat' dir='ltr'><strong>ubi</strong></span> <span class='ocrx_word' id='word_1_855' title='bbox 2490 4603 2658 4660; x_wconf 80' lang='lat' dir='ltr'><strong>Jacob</strong></span> <span class='ocrx_word' id='word_1_856' title='bbox 2703 4605 2980 4660; x_wconf 83' lang='lat' dir='ltr'><strong>benedixit</strong></span> <span class='ocrx_word' id='word_1_857' title='bbox 3023 4605 3133 4660; x_wconf 89' lang='lat' dir='ltr'><strong>ﬁlio</strong></span> <span class='ocrx_word' id='word_1_858' title='bbox 3175 4621 3274 4662; x_wconf 90' lang='lat' dir='ltr'><strong>suo</strong></span> <span class='ocrx_word' id='word_1_859' title='bbox 3327 4605 3464 4672; x_wconf 90' lang='lat' dir='ltr'><strong>Dan,</strong></span> <span class='ocrx_word' id='word_1_860' title='bbox 3511 4605 3743 4662; x_wconf 90' lang='lat' dir='ltr'><strong>dicens:</strong></span> 
     </span>
    </p>
   </div>
   <div class='ocr_carea' id='block_1_107' title="bbox 2161 4693 3746 4761">
    <p class='ocr_par' dir='ltr' id='par_1_107' title="bbox 2161 4693 3746 4761">
     <span class='ocr_line' id='line_1_107' title="bbox 2161 4693 3746 4761; baseline 0 -13"><span class='ocrx_word' id='word_1_861' title='bbox 2161 4693 2284 4748; x_wconf 86' lang='lat' dir='ltr'><strong>Fiat</strong></span> <span class='ocrx_word' id='word_1_862' title='bbox 2313 4694 2431 4748; x_wconf 92' lang='lat' dir='ltr'><strong>Dan</strong></span> <span class='ocrx_word' id='word_1_863' title='bbox 2471 4694 2682 4750; x_wconf 86' lang='lat' dir='ltr'><strong>coluber</strong></span> <span class='ocrx_word' id='word_1_864' title='bbox 2711 4695 2765 4749; x_wconf 88' lang='lat' dir='ltr'><strong>in</strong></span> <span class='ocrx_word' id='word_1_865' title='bbox 2798 4696 2904 4761; x_wconf 90' lang='lat' dir='ltr'><strong>via,</strong></span> <span class='ocrx_word' id='word_1_866' title='bbox 2941 4707 3162 4751; x_wconf 87' lang='lat' dir='ltr'><strong>cerastes</strong></span> <span class='ocrx_word' id='word_1_867' title='bbox 3188 4697 3242 4750; x_wconf 87' lang='lat' dir='ltr'><strong>in</strong></span> <span class='ocrx_word' id='word_1_868' title='bbox 3270 4695 3474 4761; x_wconf 88' lang='lat' dir='ltr'><strong>semita,</strong></span> <span class='ocrx_word' id='word_1_869' title='bbox 3505 4694 3746 4750; x_wconf 87' lang='lat' dir='ltr'><strong>mordens</strong></span> 
     </span>
    </p>
   </div>
   <div class='ocr_carea' id='block_1_108' title="bbox 2163 4781 3744 4857">
    <p class='ocr_par' dir='ltr' id='par_1_108' title="bbox 2163 4781 3744 4857">
     <span class='ocr_line' id='line_1_108' title="bbox 2163 4781 3744 4857; baseline -0.002 -18"><span class='ocrx_word' id='word_1_870' title='bbox 2163 4785 2387 4857; x_wconf 80' lang='lat' dir='ltr'><strong>ungulas</strong></span> <span class='ocrx_word' id='word_1_871' title='bbox 2411 4787 2548 4856; x_wconf 83' lang='lat' dir='ltr'><strong>equi,</strong></span> <span class='ocrx_word' id='word_1_872' title='bbox 2575 4795 2630 4839; x_wconf 92' lang='lat' dir='ltr'><strong>ut</strong></span> <span class='ocrx_word' id='word_1_873' title='bbox 2657 4784 2810 4839; x_wconf 86' lang='lat' dir='ltr'><strong>cadat</strong></span> <span class='ocrx_word' id='word_1_874' title='bbox 2836 4801 3082 4840; x_wconf 84' lang='lat' dir='ltr'><strong>ascensor</strong></span> <span class='ocrx_word' id='word_1_875' title='bbox 3098 4786 3212 4857; x_wconf 87' lang='lat' dir='ltr'><strong>ejus</strong></span> <span class='ocrx_word' id='word_1_876' title='bbox 3240 4796 3376 4841; x_wconf 89' lang='lat' dir='ltr'><strong>retro</strong></span> <span class='ocrx_word' id='word_1_877' title='bbox 3400 4782 3551 4857; x_wconf 83' lang='lat' dir='ltr'><strong>(Gen.</strong></span> <span class='ocrx_word' id='word_1_878' title='bbox 3571 4781 3744 4856; x_wconf 68' lang='grc' dir='ltr'>χιιι).</span> 
     </span>
    </p>
   </div>
   <div class='ocr_carea' id='block_1_109' title="bbox 2162 4875 3750 4946">
    <p class='ocr_par' dir='ltr' id='par_1_109' title="bbox 2162 4875 3750 4946">
     <span class='ocr_line' id='line_1_109' title="bbox 2162 4875 3750 4946; baseline -0.004 -15"><span class='ocrx_word' id='word_1_879' title='bbox 2162 4879 2389 4945; x_wconf 79' lang='lat' dir='ltr'><strong>Quidam</strong></span> <span class='ocrx_word' id='word_1_880' title='bbox 2417 4892 2546 4932; x_wconf 85' lang='lat' dir='ltr'><strong>vero</strong></span> <span class='ocrx_word' id='word_1_881' title='bbox 2569 4877 2707 4931; x_wconf 89' lang='lat' dir='ltr'><strong>hanc</strong></span> <span class='ocrx_word' id='word_1_882' title='bbox 2728 4877 3064 4946; x_wconf 85' lang='lat' dir='ltr'><strong>prophetiam</strong></span> <span class='ocrx_word' id='word_1_883' title='bbox 3088 4877 3154 4931; x_wconf 82' lang='lat' dir='ltr'><strong>ad</strong></span> <span class='ocrx_word' id='word_1_884' title='bbox 3170 4875 3547 4930; x_wconf 84' lang='lat' dir='ltr'><strong>antichristum</strong></span> <span class='ocrx_word' id='word_1_885' title='bbox 3570 4882 3750 4928; x_wconf 89' lang='lat' dir='ltr'><strong>trans-</strong></span> 
     </span>
    </p>
   </div>
   <div class='ocr_carea' id='block_1_110' title="bbox 2163 4963 3749 5032">
    <p class='ocr_par' dir='ltr' id='par_1_110' title="bbox 2163 4963 3749 5032">
     <span class='ocr_line' id='line_1_110' title="bbox 2163 4963 3749 5032; baseline -0.003 -11"><span class='ocrx_word' id='word_1_886' title='bbox 2163 4967 2364 5032; x_wconf 80' lang='lat' dir='ltr'><strong>ierunt,</strong></span> <span class='ocrx_word' id='word_1_887' title='bbox 2400 4965 2724 5021; x_wconf 89' lang='lat' dir='ltr'><strong>arbitrantes</strong></span> <span class='ocrx_word' id='word_1_888' title='bbox 2751 4980 2873 5020; x_wconf 90' lang='lat' dir='ltr'><strong>eum</strong></span> <span class='ocrx_word' id='word_1_889' title='bbox 2904 4967 2968 5021; x_wconf 84' lang='lat' dir='ltr'><strong>de</strong></span> <span class='ocrx_word' id='word_1_890' title='bbox 2998 4966 3136 5021; x_wconf 91' lang='lat' dir='ltr'><strong>tribu</strong></span> <span class='ocrx_word' id='word_1_891' title='bbox 3181 4967 3293 5020; x_wconf 90' lang='lat' dir='ltr'><strong>Dan</strong></span> <span class='ocrx_word' id='word_1_892' title='bbox 3337 4974 3618 5019; x_wconf 88' lang='lat' dir='ltr'><strong>venturum</strong></span> <span class='ocrx_word' id='word_1_893' title='bbox 3646 4981 3658 5016; x_wconf 93' lang='lat'>:</span> <span class='ocrx_word' id='word_1_894' title='bbox 3693 4963 3749 5018; x_wconf 89' lang='lat' dir='ltr'><strong>in</strong></span> 
     </span>
    </p>
   </div>
   <div class='ocr_carea' id='block_1_111' title="bbox 2162 5052 3748 5128">
    <p class='ocr_par' dir='ltr' id='par_1_111' title="bbox 2162 5052 3748 5128">
     <span class='ocr_line' id='line_1_111' title="bbox 2162 5052 3748 5128; baseline -0.006 -13"><span class='ocrx_word' id='word_1_895' title='bbox 2162 5061 2265 5116; x_wconf 94' lang='lat' dir='ltr'><strong>hoc</strong></span> <span class='ocrx_word' id='word_1_896' title='bbox 2299 5059 2418 5114; x_wconf 90' lang='lat' dir='ltr'><strong>loco</strong></span> <span class='ocrx_word' id='word_1_897' title='bbox 2440 5073 2627 5128; x_wconf 79' lang='lat' dir='ltr'><strong>equum</strong></span> <span class='ocrx_word' id='word_1_898' title='bbox 2657 5055 2827 5126; x_wconf 82' lang='lat' dir='ltr'><strong>accipi</strong></span> <span class='ocrx_word' id='word_1_899' title='bbox 2852 5055 3097 5124; x_wconf 81' lang='lat' dir='ltr'><strong>judicant</strong></span> <span class='ocrx_word' id='word_1_900' title='bbox 3128 5056 3290 5120; x_wconf 88' lang='lat' dir='ltr'><strong>hunc,</strong></span> <span class='ocrx_word' id='word_1_901' title='bbox 3319 5056 3410 5125; x_wconf 92' lang='lat' dir='ltr'><strong>qui</strong></span> <span class='ocrx_word' id='word_1_902' title='bbox 3437 5070 3534 5125; x_wconf 86' lang='lat' dir='ltr'><strong>per</strong></span> <span class='ocrx_word' id='word_1_903' title='bbox 3557 5052 3748 5107; x_wconf 82' lang='lat' dir='ltr'><strong>elatio-</strong></span> 
     </span>
    </p>
   </div>
   <div class='ocr_carea' id='block_1_112' title="bbox 2162 5147 3749 5218">
    <p class='ocr_par' dir='ltr' id='par_1_112' title="bbox 2162 5147 3749 5218">
     <span class='ocr_line' id='line_1_112' title="bbox 2162 5147 3749 5218; baseline -0.006 -13"><span class='ocrx_word' id='word_1_904' title='bbox 2162 5167 2282 5206; x_wconf 89' lang='lat' dir='ltr'><strong>nem</strong></span> <span class='ocrx_word' id='word_1_905' title='bbox 2320 5165 2473 5205; x_wconf 90' lang='lat' dir='ltr'><strong>suam</strong></span> <span class='ocrx_word' id='word_1_906' title='bbox 2504 5149 2557 5202; x_wconf 93' lang='lat' dir='ltr'><strong>in</strong></span> <span class='ocrx_word' id='word_1_907' title='bbox 2583 5163 2743 5204; x_wconf 90' lang='lat' dir='ltr'><strong>cursu</strong></span> <span class='ocrx_word' id='word_1_908' title='bbox 2772 5147 3064 5203; x_wconf 87' lang='lat' dir='ltr'><strong>labentium</strong></span> <span class='ocrx_word' id='word_1_909' title='bbox 3088 5157 3386 5218; x_wconf 89' lang='lat' dir='ltr'><strong>temporum</strong></span> <span class='ocrx_word' id='word_1_910' title='bbox 3413 5153 3660 5215; x_wconf 87' lang='lat' dir='ltr'><strong>spumat;</strong></span> <span class='ocrx_word' id='word_1_911' title='bbox 3691 5152 3749 5198; x_wconf 90' lang='lat' dir='ltr'><strong>et</strong></span> 
     </span>
    </p>
   </div>
   <div class='ocr_carea' id='block_1_113' title="bbox 2161 5234 3745 5312">
    <p class='ocr_par' dir='ltr' id='par_1_113' title="bbox 2161 5234 3745 5312">
     <span class='ocr_line' id='line_1_113' title="bbox 2161 5234 3745 5312; baseline -0.004 -18"><span class='ocrx_word' id='word_1_912' title='bbox 2161 5242 2286 5312; x_wconf 89' lang='lat' dir='ltr'><strong>quia</strong></span> <span class='ocrx_word' id='word_1_913' title='bbox 2317 5238 2667 5296; x_wconf 88' lang='lat' dir='ltr'><strong>antichristus</strong></span> <span class='ocrx_word' id='word_1_914' title='bbox 2699 5245 2941 5294; x_wconf 78' lang='lat' dir='ltr'><strong>extrema</strong></span> <span class='ocrx_word' id='word_1_915' title='bbox 2971 5238 3154 5292; x_wconf 87' lang='lat' dir='ltr'><strong>mundi</strong></span> <span class='ocrx_word' id='word_1_916' title='bbox 3185 5236 3588 5308; x_wconf 80' lang='lat' dir='ltr'><strong>apprehendere</strong></span> <span class='ocrx_word' id='word_1_917' title='bbox 3616 5234 3745 5288; x_wconf 88' lang='lat' dir='ltr'><strong>niti-</strong></span> 
     </span>
    </p>
   </div>
   <div class='ocr_carea' id='block_1_114' title="bbox 2165 5327 3744 5400">
    <p class='ocr_par' dir='ltr' id='par_1_114' title="bbox 2165 5327 3744 5400">
     <span class='ocr_line' id='line_1_114' title="bbox 2165 5327 3744 5400; baseline -0.005 -14"><span class='ocrx_word' id='word_1_918' title='bbox 2165 5341 2274 5397; x_wconf 90' lang='lat' dir='ltr'><strong>tur,</strong></span> <span class='ocrx_word' id='word_1_919' title='bbox 2295 5341 2534 5387; x_wconf 88' lang='lat' dir='ltr'><strong>cerastes</strong></span> <span class='ocrx_word' id='word_1_920' title='bbox 2563 5330 2664 5385; x_wconf 89' lang='lat' dir='ltr'><strong>iste</strong></span> <span class='ocrx_word' id='word_1_921' title='bbox 2693 5330 2816 5400; x_wconf 90' lang='lat' dir='ltr'><strong>equi</strong></span> <span class='ocrx_word' id='word_1_922' title='bbox 2854 5329 3082 5400; x_wconf 88' lang='lat' dir='ltr'><strong>ungulas</strong></span> <span class='ocrx_word' id='word_1_923' title='bbox 3112 5329 3359 5384; x_wconf 86' lang='lat' dir='ltr'><strong>mordere</strong></span> <span class='ocrx_word' id='word_1_924' title='bbox 3391 5327 3744 5397; x_wconf 85' lang='lat' dir='ltr'><strong>perhibetur:</strong></span> 
     </span>
    </p>
   </div>
   <div class='ocr_carea' id='block_1_115' title="bbox 2159 5415 3745 5493">
    <p class='ocr_par' dir='ltr' id='par_1_115' title="bbox 2159 5415 3745 5493">
     <span class='ocr_line' id='line_1_115' title="bbox 2159 5415 3745 5493; baseline -0.005 -17"><span class='ocrx_word' id='word_1_925' title='bbox 2159 5421 2412 5493; x_wconf 86' lang='lat' dir='ltr'><strong>ungulam</strong></span> <span class='ocrx_word' id='word_1_926' title='bbox 2449 5421 2646 5492; x_wconf 89' lang='lat' dir='ltr'><strong>quippe</strong></span> <span class='ocrx_word' id='word_1_927' title='bbox 2674 5421 2795 5490; x_wconf 88' lang='lat' dir='ltr'><strong>equi</strong></span> <span class='ocrx_word' id='word_1_928' title='bbox 2837 5421 3102 5484; x_wconf 86' lang='lat' dir='ltr'><strong>mordere,</strong></span> <span class='ocrx_word' id='word_1_929' title='bbox 3151 5428 3236 5474; x_wconf 87' lang='lat' dir='ltr'><strong>est</strong></span> <span class='ocrx_word' id='word_1_930' title='bbox 3271 5427 3512 5474; x_wconf 86' lang='lat' dir='ltr'><strong>extrema</strong></span> <span class='ocrx_word' id='word_1_931' title='bbox 3561 5415 3745 5470; x_wconf 70' lang='lat' dir='ltr'><strong>smeuli</strong></span> 
     </span>
    </p>
   </div>
   <div class='ocr_carea' id='block_1_116' title="bbox 2158 5508 3744 5584">
    <p class='ocr_par' dir='ltr' id='par_1_116' title="bbox 2158 5508 3744 5584">
     <span class='ocr_line' id='line_1_116' title="bbox 2158 5508 3744 5584; baseline -0.007 -15"><span class='ocrx_word' id='word_1_932' title='bbox 2158 5515 2402 5571; x_wconf 84' lang='lat' dir='ltr'><strong>feriendo</strong></span> <span class='ocrx_word' id='word_1_933' title='bbox 2443 5513 2777 5584; x_wconf 88' lang='lat' dir='ltr'><strong>contingere.</strong></span> <span class='ocrx_word' id='word_1_934' title='bbox 2829 5508 2894 5565; x_wconf 89' lang='lat' dir='ltr'><strong>Ut</strong></span> <span class='ocrx_word' id='word_1_935' title='bbox 2932 5511 3085 5564; x_wconf 85' lang='lat' dir='ltr'><strong>cadat</strong></span> <span class='ocrx_word' id='word_1_936' title='bbox 3133 5525 3378 5566; x_wconf 86' lang='lat' dir='ltr'><strong>ascensor</strong></span> <span class='ocrx_word' id='word_1_937' title='bbox 3427 5509 3542 5579; x_wconf 79' lang='lat' dir='ltr'><strong>ejus</strong></span> <span class='ocrx_word' id='word_1_938' title='bbox 3586 5518 3744 5560; x_wconf 84' lang='lat' dir='ltr'><strong>retro.</strong></span> 
     </span>
    </p>
   </div>
   <div class='ocr_carea' id='block_1_117' title="bbox 2160 5595 3750 5674">
    <p class='ocr_par' dir='ltr' id='par_1_117' title="bbox 2160 5595 3750 5674">
     <span class='ocr_line' id='line_1_117' title="bbox 2160 5595 3750 5674; baseline -0.007 -13"><span class='ocrx_word' id='word_1_939' title='bbox 2160 5606 2430 5662; x_wconf 79' lang='lat' dir='ltr'><strong>Ascensor</strong></span> <span class='ocrx_word' id='word_1_940' title='bbox 2454 5604 2576 5674; x_wconf 88' lang='lat' dir='ltr'><strong>equi</strong></span> <span class='ocrx_word' id='word_1_941' title='bbox 2608 5611 2711 5668; x_wconf 87' lang='lat' dir='ltr'><strong>est,</strong></span> <span class='ocrx_word' id='word_1_942' title='bbox 2739 5601 2982 5672; x_wconf 88' lang='lat' dir='ltr'><strong>quisquis</strong></span> <span class='ocrx_word' id='word_1_943' title='bbox 3010 5599 3288 5656; x_wconf 77' lang='lat' dir='ltr'><strong>extollitur</strong></span> <span class='ocrx_word' id='word_1_944' title='bbox 3313 5600 3367 5654; x_wconf 92' lang='lat' dir='ltr'><strong>in</strong></span> <span class='ocrx_word' id='word_1_945' title='bbox 3396 5595 3750 5668; x_wconf 86' lang='lat' dir='ltr'><strong>dignitatibus</strong></span> 
     </span>
    </p>
   </div>
   <div class='ocr_carea' id='block_1_118' title="bbox 2164 5687 3748 5762">
    <p class='ocr_par' dir='ltr' id='par_1_118' title="bbox 2164 5687 3748 5762">
     <span class='ocr_line' id='line_1_118' title="bbox 2164 5687 3748 5762; baseline -0.01 -6"><span class='ocrx_word' id='word_1_946' title='bbox 2164 5697 2366 5756; x_wconf 86' lang='lat' dir='ltr'><strong>mundi.</strong></span> <span class='ocrx_word' id='word_1_947' title='bbox 2386 5696 2484 5762; x_wconf 82' lang='lat' dir='ltr'><strong>Qui</strong></span> <span class='ocrx_word' id='word_1_948' title='bbox 2508 5695 2857 5761; x_wconf 76' lang='lat' dir='ltr'><strong>retrocedere</strong></span> <span class='ocrx_word' id='word_1_949' title='bbox 2873 5693 3089 5759; x_wconf 84' lang='lat' dir='ltr'><strong>dicitur,</strong></span> <span class='ocrx_word' id='word_1_950' title='bbox 3104 5702 3277 5748; x_wconf 90' lang='lat' dir='ltr'><strong>etnon</strong></span> <span class='ocrx_word' id='word_1_951' title='bbox 3297 5693 3346 5746; x_wconf 94' lang='lat' dir='ltr'><strong>in</strong></span> <span class='ocrx_word' id='word_1_952' title='bbox 3364 5689 3588 5746; x_wconf 78' lang='lat' dir='ltr'><strong>faciem:</strong></span> <span class='ocrx_word' id='word_1_953' title='bbox 3606 5687 3748 5744; x_wconf 82' lang='lat' dir='ltr'><strong>sicut</strong></span> 
     </span>
    </p>
   </div>
  </div>
