4072 6198
350 333 445 388 Ilii

1339 324 1424 378 DE
1462 319 1813 380 UNIVEIISO
1852 318 2031 374 LIBRI
2068 316 2232 373 XXII.
2276 349 2343 357 ——
2381 318 2505 372 LIB.
2549 318 2635 373 \‘I.

3509 300 3611 381 {62

342 448 547 502 Saulus
571 442 833 498 cecidisse
870 449 1217 496 memoratur.
1267 438 1324 492 lu
1363 436 1497 491 facie
1532 434 1676 488 enim
1711 433 1923 496 cadere,
1958 433 2001 492 Β
2029 445 2127 485 nas
2153 427 2378 497 injurias
2413 428 2656 497 corporis
2700 428 2923 498 tegendo
2971 430 3153 500 pellat,
3200 431 3513 502 pluviasque
3554 446 3610 490 et

338 545 429 590 est
473 549 529 588 ιιι
563 533 666 587 hac
698 532 811 586 vita
859 547 983 585 suas
1025 542 1460 599 unumquemque
1507 524 1692 593 culpas
1733 537 1930 593 cogno-

340 641 520 687 scere,
567 638 770 693 easque
818 622 1129 692 pmnitendo
1177 618 1393 675 deflere.
1436 616 1603 670 Retro
1638 628 1783 678 vero,
1824 628 1931 682 quo

342 730 457 769 non
482 713 714 774 videtur,
742 712 937 765 cadere
960 717 1131 764 estex
1155 708 1255 762 hac
1280 706 1386 759 vita
1408 710 1626 773 repente
1651 702 1928 765 decedere,

343 806 414 859 ad
445 820 568 875 quae
592 801 853 872 supplicia
880 801 1109 855 ducatur
1141 800 1406 868 ignorare.
1450 794 1582 849 Item
1613 793 1678 847 de
1710 807 1850 862 equo
1877 791 1930 845 in

340 896 447 952 Job
520 895 782 963 scriptum
838 900 921 947 est
967 905 982 945 :
1048 889 1263 944 Terram
1328 886 1525 957 ungula
1576 885 1707 955 fodit
1763 883 1927 956 (Job.

345 984 562 1054 χχιιι).
624 982 774 1038 Solet
796 981 851 1035 in
881 980 1006 1050 equi
1051 979 1247 1050 ungula
1290 976 1491 1032 laboris
1535 974 1792 1031 fortitudo
1835 988 1928 1027 co—

342 1074 556 1145 gnosci.
612 1071 749 1138 Quid
777 1084 906 1138 ergo
928 1083 1026 1138 per
1053 1067 1330 1138 ungulam,
1362 1065 1463 1120 nisi
1498 1064 1553 1118 in
1582 1063 1932 1133 praedicatore

344 1172 543 1218 sancto
571 1162 831 1215 virtutum
865 1157 1143 1229 perfectio,
1180 1152 1618 1210 demonstratur?
1657 1150 1759 1218 Qui
1784 1150 1932 1205 vide-

344 1254 477 1308 licet
508 1260 707 1306 terram
736 1248 871 1303 fodit
890 1247 1105 1317 ungula,
1136 1246 1264 1299 dum
1298 1245 1365 1299 dc
1400 1242 1564 1317 corde
1599 1240 1930 1296 audientium

344 1342 596 1412 exemplo
624 1355 842 1395 suorum
870 1352 1093 1407 operum
1121 1346 1364 1389 terrenas
1384 1333 1737 1404 cogitationes
1762 1330 1927 1400 ejicit.

344 1434 603 1487 Truncus
641 1430 817 1484 media
864 1444 990 1498 pars
1034 1426 1276 1497 corporis
1315 1441 1346 1478 a
1383 1424 1519 1479 collo
1540 1424 1607 1478 ad
1635 1423 1928 1492 inguinem.

345 1523 424 1577 De
458 1537 567 1592 quo
597 1518 873 1590 Virgilius.
921 1517 1092 1587 Caput
1121 1516 1259 1571 collo
1288 1516 1518 1570 vehitur.
1570 1515 1815 1569 Truncus
1838 1530 1931 1568 su-

341 1615 581 1669 stinetur
606 1611 756 1666 coxis
778 1619 833 1665 et
865 1609 1090 1680 genibus
1113 1610 1489 1677 cruribusque.
1541 1606 1807 1672 Truncus,
1840 1606 1931 1676 qui

342 1705 460 1759 sine
485 1702 663 1772 capite
691 1709 745 1755 et
784 1700 1034 1754 manibus
1067 1707 1173 1765 est,
1208 1698 1475 1769 signiﬁcat
1510 1697 1841 1752 debilitatem
1879 1705 1935 1751 et

2033 528 2219 576 ventos
2246 518 2480 587 solisque
2520 518 2744 571 ardores
2786 517 3045 587 perferat.
3092 518 3251 574 Pellis
3295 522 3437 575 enim
3483 539 3607 578 ιιι(ιί

2030 609 2270 662 detracta
2293 623 2321 659 a
2346 621 2569 675 corpore
2591 605 2702 674 jam
2732 608 2936 661 corium
2968 608 3183 663 dicitur.
3232 609 3289 663 In
3312 620 3434 665 cute
3467 614 3609 667 enim

2029 697 2114 752 vel
2147 696 2303 766 pelle,
2337 711 2442 764 qua
2474 694 2669 748 animal
2706 694 3006 750 forinsecus
3062 697 3449 763 circumdatur,
3499 716 3612 770 my-

2031 789 2165 844 stice
2212 788 2295 842 vel
2339 803 2535 856 corpus
2579 789 2872 844 humanum
2914 791 3268 855 demonstrat,
3311 807 3417 861 quo
3460 802 3614 846 natu-

2032 895 2144 932 ram
2188 879 2380 933 anima:
2428 879 2570 933 intra
2615 893 2674 934 se
2715 880 2977 951 vigentem
3028 883 3202 951 tegit:
3242 882 3320 937 vel
3371 893 3611 939 sanctam

2031 969 2326 1023 Ecclesiam
2350 967 2636 1037 signiﬁcat,
2667 984 2826 1038 quam
2859 968 3127 1037 Christus,
3158 972 3249 1041 qui
3276 981 3359 1027 est
3386 974 3490 1040 via,
3530 990 3615 1027 ve-

2031 1058 2159 1111 ritas
2188 1066 2235 1110 et
2256 1058 2360 1110 vita
2387 1057 2567 1128 (Joan.
2600 1061 2731 1129 xxv),
2768 1059 3002 1115 viviﬁeat
3041 1070 3095 1115 et
3134 1062 3305 1133 regit:
3329 1080 3448 1135 quae
3482 1062 3614 1118 allii-

2031 1146 2299 1201 ctionibus
2328 1146 2458 1200 foris
2484 1147 2753 1212 atteritur,
2796 1159 2850 1203 et
2884 1150 3028 1205 intus
3069 1152 3356 1207 virtutibus
3389 1154 3612 1207 robora-

2033 1246 2137 1288 tur.
2176 1234 2328 1290 Unde
2359 1242 2414 1289 et
2442 1235 2495 1288 in
2524 1233 2625 1289 Job
2663 1236 2923 1307 scriptum
2955 1247 3039 1293 est
3068 1257 3078 1290 :
3109 1238 3256 1294 Cutis
3298 1257 3411 1293 mea
3450 1244 3613 1305 aruit,

2031 1333 2079 1377 et
2116 1334 2383 1378 contracta
2415 1334 2490 1377 est
2521 1322 2661 1395 (Job.
2688 1328 2806 1396 vn).
2841 1327 2907 1381 Et
2936 1328 3131 1382 iterum
3160 1347 3172 1382 :
3205 1329 3388 1401 Rugte,
3421 1331 3612 1400 inquit,

2030 1432 2158 1469 mea:
2178 1415 2527 1469 testimonium
2555 1415 2733 1470 dicunt
2763 1430 2944 1472 contra
2968 1437 3049 1473 me
3071 1419 3216 1491 (Job.
3244 1420 3377 1493 χιιι).
3407 1422 3473 1475 Ει
3497 1438 3617 1475 rur-

2032 1523 2151 1563 sum
2185 1526 2197 1561 :
2230 1504 2365 1561 Pelli
2412 1522 2563 1571 metu,
2617 1510 2932 1578 consumptis
2982 1511 3225 1564 carnibus
3282 1512 3504 1565 adltwsit
3560 1529 3616 1565 os

2031 1614 2200 1651 meum
2241 1596 2380 1670 (Job.
2417 1597 2554 1669 xxx).
2606 1599 2741 1668 Quia
2790 1598 2953 1671 igitur
2995 1600 3240 1657 Christus
3286 1610 3341 1655 et
3377 1602 3617 1655 Ecclesia

2033 1706 2136 1744 una
2167 1705 2398 1761 persona
2430 1702 2515 1749 est
2541 1709 2554 1747 :
2580 1694 2709 1764 quid
2752 1709 2847 1762 per
2884 1708 2963 1758 os,
3012 1693 3114 1748 nisi
3156 1692 3269 1765 ipse
3318 1692 3619 1746 Dominus?

344 1793 600 1848 inertiam
646 1789 949 1858 cujuslibet.
1002 1788 1154 1845 Unde
1195 1789 1262 1843 de
1305 1787 1491 1843 Judith
1543 1787 1801 1857 scriptum
1850 1796 1933 1842 est
1962 1801 2007 1860 Β
2035 1781 2160 1850 Quid
2196 1797 2294 1850 per
2321 1798 2558 1849 carnem,
2588 1785 2691 1838 nisi
2718 1783 2960 1855 discipuli
2983 1783 3353 1855 designantur,
3380 1784 3471 1852 qui
3498 1800 3617 1853 pas—

342 1880 555 1953 (ludit/1
590 1879 733 1950 xui),
765 1878 929 1948 quod,
962 1893 1085 1932 cum
1107 1884 1265 1945 caput
1283 1876 1585 1931 abscideret
1605 1876 1927 1943 llolofernis,

342 1988 544 2042 corpus
575 1970 693 2039 ejus
721 1980 967 2025 truncum
1002 1968 1292 2024 evolveret.
1332 1968 1501 2043 Porro
1529 1969 1655 2038 quia
1686 1967 1932 2023 Ilolofcr—

343 2066 430 2120 uis
461 2074 646 2135 typum
683 2072 827 2117 tenet
851 2061 1069 2126 diaboli,
1098 2069 1346 2115 truncum
1381 2075 1577 2130 corpus
1611 2058 1727 2128 ejus
1747 2069 1929 2114 osten—

342 2156 444 2222 dit,
473 2156 653 2220 idest,
682 2154 891 2210 abscisa
918 2161 1184 2222 potestate
1206 2151 1341 2219 ejus,
1370 2152 1542 2221 ipsum
1570 2151 1844 2205 inimicum
1867 2166 1929 2204 ex

341 2246 491 2301 omni
536 2253 695 2314 parte
736 2243 1009 2298 inﬁrmum
1043 2249 1099 2297 et
1121 2241 1347 2297 debilem
1372 2256 1514 2306 esse,
1545 2250 1602 2294 ut
1631 2255 1696 2295 eo
1721 2240 1935 2295 facilius

341 2333 634 2388 bellatores
667 2331 869 2387 Christi
893 2330 1182 2396 conﬁdant,
1201 2331 1436 2401 judicent
1464 2330 1852 2405 nequissimum
1875 2344 1935 2383 se

342 2424 566 2478 vincere
598 2437 780 2494 posse,
813 2436 920 2492 quo
957 2437 1080 2477 eum
1128 2421 1359 2490 pleniter
1396 2422 1640 2477 ediscunt
1687 2420 1934 2490 fragilem

343 2524 398 2571 et
426 2514 791 2586 superabilem
818 2514 954 2569 fore.
994 2514 1189 2569 Pectus
1228 2525 1504 2581 vocatum,
1549 2515 1692 2585 quod
1732 2516 1802 2570 sit
1839 2531 1934 2585 pe-

345 2620 474 2659 xum
504 2605 648 2659 inter
681 2604 981 2660 eminentes
1025 2604 1384 2659 mamillarum
1430 2614 1628 2675 partes.
1690 2604 1840 2661 Unde
1882 2613 1936 2658 et

343 2696 615 2766 pectinem
646 2695 771 2758 dici,
801 2696 942 2765 quod
970 2711 1137 2766 pexos
1165 2696 1387 2765 capillos
1416 2695 1564 2751 facit.
1611 2696 1805 2751 Pectus
1834 2711 1932 2750 au-

345 2797 455 2840 tem
477 2785 745 2856 signiﬁcat
769 2794 1057 2841 tractatum
1082 2786 1353 2841 internum
1389 2798 1441 2841 et
1472 2788 1750 2857 sapientiae
1773 2788 1937 2841 ratio-

344 2892 491 2930 nem.
552 2875 703 2931 Unde
733 2875 967 2930 Joannes
995 2875 1190 2946 legitur
1215 2892 1376 2946 super
1403 2884 1592 2946 peetus
1625 2875 1937 2930 recubuisse

346 2966 651 3021 Salvatoris
681 2965 861 3038 (Joan.
894 2968 1035 3037 xm),
1067 2983 1129 3022 ex
1179 2982 1285 3037 quo
1320 2969 1619 3022 doctrinam
1658 2968 1937 3038 sapientia:

344 3059 527 3113 hausit
556 3059 813 3113 caelestis.
864 3058 921 3112 In
956 3059 1284 3113 contrariam
1326 3075 1455 3114 vero
1497 3068 1702 3130 partem
1747 3067 1937 3130 pectus

2035 1872 2203 1925 sionis
2247 1870 2363 1940 ejus
2404 1883 2642 1944 tempore
2688 1874 2899 1929 inﬁrma
2948 1883 3260 1947 sapuerunt.
3313 1875 3452 1942 Quid
3493 1891 3618 1930 vero

2031 1978 2128 2032 per
2169 1963 2385 2031 pellem,
2428 1980 2548 2035 qua:
2593 1968 2831 2020 exterior
2864 1982 3029 2020 carne
3058 1975 3243 2021 manet
3279 1966 3331 2020 in
3371 1982 3617 2035 corpore,

2034 2051 2134 2104 nisi
2162 2052 2262 2106 illa:
2287 2063 2485 2108 sancta:
2513 2055 2768 2109 mulieres
2794 2055 3112 2126 ﬁgurantur,
3148 2072 3267 2126 quae
3313 2057 3379 2111 ad
3411 2072 3619 2127 praepa-

2035 2143 2205 2196 randa
2242 2145 2480 2199 subsidia
2516 2145 2741 2199 Domino
2777 2145 3098 2200 servierunt.
3147 2146 3240 2199 Ait
3282 2161 3408 2214 ergo
3439 2165 3451 2199 :
3485 2145 3622 2197 Pelii

2034 2251 2181 2299 mete,
2208 2236 2525 2306 consumptis
2551 2239 2816 2302 carnbus,
2841 2237 3059 2291 adlttcsit
3088 2254 3144 2290 os
3169 2253 3370 2290 meum:
3396 2238 3497 2291 hoc
3517 2246 3617 2300 est,

2035 2325 2089 2379 hi
2120 2326 2208 2394 qui
2239 2342 2372 2380 mea:
2402 2325 2698 2382 fortitudini
2726 2328 3077 2400 propinquius
3106 2328 3380 2383 adhmrere
3424 2330 3621 2383 debue-

2037 2428 2178 2481 runt,
2206 2418 2472 2486 passionis
2499 2434 2631 2472 meae
2658 2428 2898 2490 tempore
2926 2419 3116 2474 timore
3138 2420 3438 2492 consumpti
3460 2429 3616 2473 sunt:

2035 2517 2089 2562 et
2113 2524 2224 2572 eas,
2263 2524 2397 2578 quas
2427 2511 2494 2563 ad
2525 2511 2795 2566 exteriora
2840 2510 3137 2566 ministeria
3184 2512 3355 2581 posui,
3405 2511 3459 2565 in
3499 2527 3622 2582 pas-

2038 2599 2187 2655 sione
2223 2616 2342 2655 mea
2377 2601 2639 2656 inhaerere
2666 2602 2793 2657 mihi
2825 2602 3050 2657 ﬁdeliter
3078 2603 3276 2657 inveni.
3324 2603 3474 2659 Unde
3500 2607 3625 2659 sub-

2038 2689 2183 2745 ditur
2217 2709 2228 2744 :
2262 2690 2330 2746 Et
2360 2692 2605 2746 derelicta
2634 2703 2753 2747 sunt
2776 2696 3136 2748 tantummodo
3164 2695 3306 2749 labia
3335 2697 3475 2749 circa
3497 2697 3625 2750 den-

2038 2791 2112 2835 tes
2157 2797 2297 2835 meos
2346 2782 2487 2854 (Job.
2531 2782 2666 2855 xix).
2715 2783 2851 2849 Quid
2890 2782 2997 2855 per
3022 2784 3184 2850 labia,
3235 2786 3337 2839 nisi
3384 2785 3625 2844 locutio?

2038 2871 2165 2941 quid
2199 2888 2296 2941 per
2327 2873 2535 2937 dentes,
2568 2873 2671 2926 nisi
2711 2873 2936 2943 apostoli
2966 2874 3357 2944 designantur?
3397 2874 3496 2941 Qui
3531 2876 3627 2928 ad-

2041 2966 2146 3019 huc
2188 2966 2369 3019 statim
2414 2975 2535 3034 post
2581 2966 2887 3036 passionem
2936 2966 3268 3021 confabulari
3309 2967 3374 3021 dc
3402 2968 3625 3022 Domino

2042 3067 2304 3112 noverant
2336 3075 2349 3111 :
2384 3057 2477 3111 sed
2508 3058 2801 3128 praedicare
2832 3058 2947 3128 jam
2981 3073 3124 3122 eum,
3159 3066 3251 3113 aut
3275 3058 3521 3113 mordere
3545 3059 3628 3112 in-

346 3149 516 3202 trabit
550 3148 1020 3218 signiﬁcationem,
1046 3151 1261 3219 quando
1293 3151 1561 3219 signiﬁcat
1592 3151 1698 3205 doli
1732 3167 1796 3206 ac
1819 3165 1934 3204 ma—
1963 3150 2008 3212 C
2042 3149 2277 3203 ﬁdelium
2319 3148 2448 3202 vitia
2494 3147 2874 3203 formidabant.
2927 3148 3152 3215 Arvina,
3199 3149 3465 3219 pinguedo
3514 3149 3627 3203 cuti

343 3237 477 3293 litiae
507 3238 874 3294 calliditatem.
929 3238 1077 3295 Unde
1104 3240 1300 3295 dicitur
1335 3241 1582 3310 Serpenti
1608 3259 1621 3295 :
1647 3241 1820 3312 Super
1848 3258 1939 3311 pe-

343 3340 461 3385 ctus
491 3340 642 3384 tuum
669 3331 947 3400 gradieris,
980 3342 1027 3385 et
1052 3342 1245 3385 terram
1269 3335 1501 3387 eomedes
1533 3334 1731 3388 cunctis
1758 3333 1938 3387 diebus

345 3420 505 3493 (Gen.
575 3422 680 3491 ιιι).
734 3420 910 3493 Super
937 3432 1126 3493 pectus
1161 3424 1358 3493 quippe
1390 3425 1634 3495 graditur
1672 3439 1934 3493 serpens:

344 3511 475 3580 quia
497 3526 689 3566 omnes
714 3527 932 3582 gressus
965 3512 1160 3568 diaboli
1190 3515 1442 3583 nequitiae
1477 3523 1602 3569 sunt
1625 3524 1677 3570 et
1700 3515 1934 3570 fraudes.

344 3602 483 3657 Nam
506 3604 562 3656 in
590 3613 877 3672 peccatore
902 3603 1248 3659 calliditatem
1279 3614 1336 3660 et
1359 3607 1623 3661 versutias
1651 3607 1940 3677 cogitatio-

347 3708 479 3747 num
503 3691 623 3761 ejus
647 3693 868 3759 indicat,
896 3694 1088 3764 quibus
1114 3696 1182 3750 ad
1212 3712 1323 3761 eos,
1367 3712 1502 3767 quos
1526 3698 1642 3752 vult
1666 3699 1934 3768 decipere,

346 3784 541 3852 serpit.
580 3784 802 3839 Terram
847 3794 1029 3839 autem
1063 3787 1318 3853 comedit,
1342 3804 1462 3842 cum
1494 3803 1680 3841 errore
1707 3804 1937 3858 peccan-

347 3874 486 3930 tium
517 3874 757 3944 pascitur
777 3890 840 3930 ac
865 3876 1181 3942 delectatur,
1211 3892 1411 3947 eosque
1432 3878 1694 3932 seducens
1716 3880 1781 3932 ad
1805 3879 1941 3932 inte-

344 3968 517 4021 ritum
566 3967 723 4037 rapit.
780 3966 1028 4023 Mamilia:
1070 3977 1290 4035 vocata,
1336 3971 1461 4040 quia
1506 3972 1749 4026 rotundae
1793 3980 1936 4037 sunt,

347 4056 507 4126 quasi
544 4055 718 4121 mala),
747 4072 844 4126 per
874 4058 1282 4114 diminutionem
1311 4062 1534 4116 scilicet.
1570 4062 1747 4118 Ubera
1776 4063 1937 4126 dicta,

348 4146 479 4215 quia
510 4145 651 4201 lacte
681 4149 868 4202 uberta
893 4166 907 4201 :
928 4148 1012 4203 vel
1037 4150 1162 4218 quia
1200 4150 1425 4207 humore
1459 4153 1696 4218 humida,
1738 4154 1941 4208 scilicet

346 4234 511 4291 lactis
539 4237 591 4290 in
618 4253 824 4292 morem
852 4255 1072 4294 uvarum
1103 4241 1280 4312 plena.
1332 4243 1388 4297 In
1420 4245 1672 4299 mamillis
1697 4260 1825 4301 vero
1853 4256 1937 4300 at-

350 4341 459 4395 que
488 4325 747 4381 uberibus
783 4328 1030 4385 doctores
1064 4333 1235 4387 sancti
1278 4336 1502 4406 mystice
1546 4337 1937 4406 exprimuntur,

351 4413 445 4481 qui
476 4413 618 4470 lacte
656 4415 912 4471 doctrina:
950 4434 1118 4475 sacrae
1150 4424 1392 4478 nutriunt
1422 4425 1623 4491 ﬁdeles,
1659 4428 1772 4481 sive
1805 4427 1938 4483 duos

2040 3242 2342 3296 adhaerens.
2407 3241 2573 3311 Pulpa
2616 3250 2700 3296 est
2740 3258 2868 3297 caro
2910 3243 3027 3298 sine
3068 3244 3425 3314 pinguedine;
3459 3246 3624 3311 dicta,

2041 3329 2183 3400 quod
2211 3331 2439 3400 palpitet
2469 3348 2482 3385 :
2522 3331 2693 3386 reilit
2728 3333 2871 3386 enim
2909 3348 3069 3403 saepe.
3111 3333 3262 3389 lianc
3302 3335 3542 3405 plerique
3574 3343 3629 3389 et

2040 3422 2247 3475 viscum
2274 3429 2488 3488 vocant,
2514 3432 2798 3492 propterea
2827 3426 2968 3492 quod
2993 3424 3257 3494 glutinosa
3288 3427 3375 3479 sit.
3422 3426 3626 3480 Arvina

2042 3513 2329 3581 aliquando
2362 3514 2739 3584 pinguedinem
2773 3515 3073 3571 dilectionis
3102 3518 3371 3588 signiﬁcat
3398 3538 3410 3573 :
3457 3530 3513 3575 ut
3546 3530 3627 3576 est

2043 3604 2169 3667 illud
2198 3605 2251 3657 in
2287 3603 2526 3659 Levitico
2561 3622 2573 3656 :
2606 3604 2764 3675 adeps
2801 3615 2857 3661 et
2891 3608 3110 3671 arvina;
3141 3608 3194 3662 in
3224 3609 3415 3664 hostiis
3438 3612 3627 3682 pacili-

2041 3694 2119 3747 cis
2159 3692 2422 3761 jubentur
2463 3694 2805 3767 Deogotl‘erri.
2853 3697 2984 3761 Item
3018 3699 3202 3752 arvina
3240 3701 3624 3756 alundantiam

2043 3793 2381 3839 terrenarum
2409 3800 2587 3839 rerum
2623 3786 2907 3857 signiﬁcat,
2944 3798 3002 3842 ut
3028 3796 3112 3844 est
3133 3790 3258 3844 iUud
3294 3792 3345 3849 in
3374 3790 3473 3846 Jo‘i
3497 3834 3510 3858 ,
3537 3795 3625 3849 ubi

2042 3875 2109 3930 de
2156 3877 2387 3945 snperbo
2446 3876 2664 3931 homine
2718 3880 2972 3934 scribitur
3015 3898 3027 3932 :
3068 3880 3309 3935 Cucurrit
3350 3883 3624 3939 adversum

2041 3962 2209 4018 Deum
2230 3975 2397 4021 erecto
2423 3966 2579 4032 collo,
2607 3977 2653 4021 et
2685 3969 2865 4039 pingui
2894 3970 3090 4023 cervice
3118 3982 3353 4025 armatus
3374 3984 3448 4025 est
3480 3973 3621 4044 (Job.

2043 4054 2154 4126 xv).
2204 4056 2404 4111 Contra
2432 4057 2597 4112 Deum
2624 4067 2807 4111 erecto
2841 4058 2976 4113 collo
2998 4076 3219 4113 currere
3251 4072 3354 4124 est,
3387 4077 3471 4125 ea,
3507 4078 3623 4131 quae

2041 4142 2285 4198 Creatori
2325 4146 2643 4214 displicent,
2697 4163 2818 4200 cum
2866 4147 3086 4202 audacia
3133 4161 3465 4219 perpetrare.
3520 4154 3623 4209 Ini-

2042 4246 2180 4300 quus
2216 4232 2358 4286 enim
2389 4234 2441 4286 in
2469 4234 2650 4304 pingui
2678 4236 2887 4290 cervice
2914 4246 3100 4291 contra
3129 4238 3293 4291 Deum
3334 4250 3576 4298 armatur
3602 4261 3618 4298 :

2041 4323 2167 4393 quia
2191 4325 2352 4379 rebus
2384 4327 2767 4396 temporalibus
2799 4341 3011 4385 tumens
3035 4342 3221 4387 contra
3248 4347 3509 4405 praecepta
3535 4353 3624 4401 ve-

2044 4415 2240 4482 ritatis,
2289 4417 2442 4485 quasi
2487 4419 2552 4472 de
2600 4419 2961 4490 magnitudine
3004 4425 3207 4490 carnis,
3253 4427 3499 4497 erigitur.
3549 4428 3624 4485 De

352 4504 581 4573 popuIOS
628 4505 902 4561 venientes
945 4525 1008 4561 ex
1049 4510 1459 4568 circumcisione
1513 4525 1569 4570 et
1619 4522 1935 4589 gentilitate.

2045 4521 2151 4574 quo
2193 4506 2444 4561 additur:
2474 4507 2685 4579 Operuit
2724 4509 2913 4580 faciem
2951 4513 3062 4583 ejus
3090 4515 3382 4571 crassitudo
3414 4516 3623 4592 (Ibid.).

357 4592 511 4648 Unde
539 4594 591 4648 in
621 4594 839 4651 Cantico
876 4600 1227 4667 canticorum,
1274 4602 1514 4673 Sponsus
1546 4608 1612 4661 ad
1641 4626 1892 4681 sponsam
1924 4633 1936 4667 :

352 4684 474 4738 Duo
494 4685 653 4738 ubera
674 4697 764 4740 tua
786 4689 920 4742 sicut
946 4689 1050 4743 duo
1073 4692 1280 4746 [tinnuli
1307 4712 1507 4764 caprea:
1528 4702 1733 4768 gemelli
1756 4703 1939 4774 (Cant.

354 4776 453 4845 tv).
497 4776 614 4831 Duo
648 4777 810 4833 ubera
840 4779 924 4851 (ut
952 4781 1204 4854 diximus)
1242 4784 1491 4841 doctores
1514 4799 1639 4843 sunt
1665 4793 1942 4863 utriusque

354 4866 693 4923 Testamenti
726 4870 847 4925 :vel
893 4872 998 4925 duo
1036 4873 1236 4945 populi,
1287 4891 1353 4928 ex
1400 4877 1808 4935 circumcisione
1852 4899 1941 4939 ve—

356 4960 592 5027 nientes,
629 4970 683 5016 et
709 4964 1045 5033 gentilitate:
1079 4965 1170 5035 qui
1211 4980 1307 5035 per
1340 4967 1696 5024 humilitatem
1724 4973 1938 5041 quidem

355 5067 552 5122 parvos
573 5068 630 5106 se
657 5068 777 5110 esse
798 5054 1121 5126 intelligunt,
1149 5067 1203 5111 ct
1222 5068 1531 5128 peccatores
1555 5047 1566 5113 Ξ
1591 5063 1797 5117 scilicet
1816 5067 1942 5120 cha-

357 5144 518 5198 ritate
562 5157 844 5201 currentes
891 5149 1071 5202 omnia
1111 5149 1388 5204 obstacula
1427 5152 1610 5207 mundi
1641 5163 1937 5211 transeunt.

360 5233 539 5289 Ubera
578 5252 772 5292 sensus
811 5240 1010 5305 cordis,
1052 5249 1108 5294 ut
1145 5241 1197 5294 in
1239 5241 1416 5296 Isaia:
1449 5243 1713 5314 Accingite
1740 5244 1940 5301 lumbos

354 5335 549 5379 vestros
594 5344 751 5398 super
793 5329 954 5384 ubera
995 5329 1128 5402 (Isa.
1170 5332 1366 5402 χχχιι),
1398 5334 1498 5388 hoc
1526 5344 1629 5399 est,
1656 5337 1938 5393 continen-

354 5416 486 5469 tiam
526 5418 721 5473 babete
751 5429 940 5476 contra
982 5438 1171 5478 sensus
1209 5425 1471 5479 carnales.
1515 5423 1665 5480 Cutis
1693 5436 1793 5492 est,
1828 5444 1947 5498 qua:

354 5506 409 5559 in
435 5521 661 5577 corpore
690 5510 862 5578 prima
885 5521 968 5566 est
988 5512 1273 5581 appellata,
1303 5514 1444 5582 quod
1476 5513 1590 5582 ipsa
1612 5518 1822 5583 corpori
1855 5534 1945 5571 su-

355 5601 630 5669 perposita
684 5602 998 5658 incisionem
1052 5604 1222 5673 prima
1276 5605 1534 5674 patiatur.
1597 5604 1749 5661 Cutis
1798 5609 1943 5663 enim

355 5684 748 5748 Cmeeincisio
775 5692 993 5749 dicitur.
1032 5695 1175 5749 Idem
1202 5706 1284 5750 est
1307 5703 1361 5751 et
1393 5695 1566 5764 pellis,
1592 5699 1732 5766 quod
1761 5711 1940 5755 exter-

2045 4596 2260 4651 Faciem
2287 4599 2403 4668 ejus
2434 4600 2731 4655 crassitudo
2766 4603 3010 4672 operuit:
3034 4606 3157 4676 quia
3192 4606 3493 4664 desiderata
3519 4620 3627 4664 ter—

2045 4681 2300 4744 renarum
2317 4705 2498 4744 rerum
2529 4690 2818 4747 abundatia
2847 4694 3033 4749 oculos
3071 4697 3264 4751 mentis
3292 4700 3505 4768 premit.
3557 4698 3623 4753 Et

2043 4782 2106 4836 de
2129 4781 2396 4848 lateribus,
2425 4783 2617 4852 inquit,
2647 4783 2761 4853 ejus
2789 4786 2969 4839 arvina
2995 4786 3231 4857 dependit
3263 4787 3480 4860 (lbid.);
3521 4790 3623 4845 hoc

2041 4880 2145 4937 est,
2177 4873 2420 4943 quisquis
2448 4875 2650 4943 potenti
2680 4885 2734 4930 et
2757 4876 2940 4945 iniquo
2982 4879 3253 4944 adhaeret,
3282 4881 3394 4951 ipse
3413 4898 3626 4952 quoque

2047 4962 2113 5017 de
2146 4962 2262 5032 ejus
2301 4965 2559 5033 potentia,
2591 4965 2737 5019 velut
2764 4980 2828 5019 ex
2860 4968 3181 5036 pinguedine
3206 4984 3401 5035 rerum,
3433 4978 3620 5027 tumet.

2046 5052 2178 5106 Item
2225 5053 2490 5125 pinguedo
2535 5056 2763 5127 gratiam
2806 5057 3037 5111 divinam
3086 5058 3351 5128 signiﬁcat
3386 5077 3399 5113 :
3434 5070 3491 5113 ut
3541 5070 3625 5116 est

2048 5145 2175 5200 illud
2202 5147 2253 5199 in
2279 5148 2487 5216 psalmo
2517 5165 2530 5200 :
2562 5147 2709 5202 Sicut
2750 5149 2902 5220 adipe
2931 5160 2977 5203 et
3014 5153 3327 5220 pinguedine
3366 5153 3622 5224 repleatur

2046 5242 2224 5294 anima
2255 5257 2367 5294 mea
2395 5237 2568 5310 (Psal.
2599 5240 2751 5312 an).
2787 5241 2916 5295 Item
2942 5243 2995 5295 in
3016 5243 3206 5296 malam
3229 5253 3434 5312 partem
3459 5248 3628 5317 adeps

2045 5332 2281 5399 ponitur,
2316 5347 2436 5384 cum
2465 5332 2877 5386 crassitudinem
2906 5332 3123 5386 malitiae
3161 5334 3448 5403 signiﬁcat,
3467 5333 3624 5404 juxta

2042 5419 2169 5474 illud
2210 5418 2502 5475 Psalmistze
2527 5438 2539 5474 :
2567 5422 2783 5492 Aslipem
2810 5439 2983 5487 suum,
3023 5424 3215 5493 inquit,
3256 5424 3626 5483 conduxerunt

2044 5508 2216 5581 (Psal.
2266 5510 2397 5581 xw).
2452 5509 2686 5564 Membra
2736 5520 2861 5565 sunt
2897 5521 3081 5581 partes
3120 5513 3382 5583 corporis.
3422 5514 3620 5582 Artus,

2041 5605 2236 5674 quibus
2263 5604 2584 5674 colligantur
2610 5604 2877 5670 membra,
2905 5604 2974 5660 ab
3013 5607 3272 5661 arctando
3299 5606 3450 5674 dicti,
3482 5623 3620 5679 quo-

2038 5680 2161 5751 rum
2196 5696 2511 5754 diminutiva
2553 5704 2679 5752 sunt
2705 5695 2937 5776 articuli.
2974 5697 3106 5752 Nam
3136 5699 3275 5755 sicut
3303 5706 3452 5756 artus
3488 5700 3620 5778 dici-
