4072 6198
465 319 569 377 163

1138 314 1198 370 Β.
1240 312 1492 370 RABANI
1532 313 1749 371 MAURI
1787 309 2106 369 ARCHIEP.
2150 309 2759 368 MOGUNT.OPERUM
2799 309 2977 366 PARS
3016 308 3078 364 il.

3622 310 3724 365 £65

464 444 585 486 mus
619 426 859 483 membra
889 423 1114 495 majora,
1162 434 1224 481 ut
1260 425 1481 480 brachia
1509 442 1523 479 :
1547 425 1618 479 ita
1660 423 1915 479 articulos
1942 424 2044 479 mi-
2069 427 2118 489 Α
2145 435 2363 476 sensum
2388 421 2525 475 bene
2560 419 2772 475 vivendi
2819 433 2925 474 non
2966 420 3186 475 habent.
3226 417 3498 490 Compago
3546 420 3724 492 capita

463 538 595 577 nora
627 519 888 584 membra,
925 528 985 574 ut
1013 518 1184 591 digiti.
1233 517 1470 574 Membra
1501 516 1714 588 quando
1752 516 1807 571 in
1846 515 2041 571 bonam

463 623 670 683 partem
697 612 1050 680 accipiuntur,
1074 616 1288 665 sanctos
1310 615 1363 662 ct
1387 606 1586 662 electos
1613 606 1729 671 Dei,
1761 607 1850 675 qui
1873 621 2043 661 mem-

466 708 560 762 bra
602 713 726 761 sunt
762 703 1003 773 corporis
1040 700 1258 765 Christi,
1303 697 1791 769 significantzquia
1831 696 1920 752 ille
1957 704 2043 751 est

462 804 652 866 caput,
691 794 931 850 Ecclesia
967 808 1096 848 vero
1131 806 1326 860 corpus
1363 789 1530 860 ipsius
1553 830 1568 855 ,
1607 797 1661 844 et
1698 789 1937 844 membra
1977 788 2042 843 de

465 887 725 943 membro.
785 885 939 953 Quod
984 884 1139 953 longa
1191 882 1398 937 ratione
1442 881 1722 949 disputans
1754 879 2041 950 Apostolus

462 980 535 1034 ita
584 978 856 1043 ostendit,
903 977 958 1031 in
1005 974 1201 1045 quibus
1244 974 1350 1028 alia
1398 981 1524 1028 sunt
1571 972 1803 1043 gloriosa
1841 980 1897 1026 et
1933 970 2043 1026 for-

461 1068 621 1133 tiora,
661 1068 764 1121 alia
804 1064 1120 1136 ignobiliora
1154 1071 1209 1117 et
1246 1061 1541 1116 inﬁrmiora
1578 1062 1817 1117 membra
1850 1076 1865 1115 :
1897 1059 2042 1130 quod

461 1160 592 1216 facit
612 1159 913 1214 differentia
935 1157 1212 1220 virtutum,
1240 1163 1292 1209 et
1327 1153 1642 1209 discutiendi
1688 1151 1773 1207 vel
1815 1152 2039 1208 docendi

458 1252 712 1306 studium.
768 1250 901 1304 Nam
930 1247 1067 1304 oculi
1096 1248 1148 1301 in
1184 1259 1407 1315 corpore
1435 1242 1632 1300 Christi
1660 1250 1884 1312 possunt
1911 1242 2039 1308 dici,

458 1345 548 1414 qui
590 1343 917 1398 meditantur
944 1341 997 1395 in
1027 1340 1145 1411 lege
1172 1337 1378 1393 Domini
1411 1337 1497 1392 die
1534 1350 1599 1390 ac
1628 1343 1786 1390 nocte
1815 1350 1829 1387 :
1858 1349 2039 1400 aures,

457 1436 549 1507 qui
580 1435 863 1505 diligenter
890 1432 1114 1487 audiunt
1136 1428 1360 1484 verbum
1389 1428 1483 1483 Dei
1514 1434 1569 1482 et
1604 1426 1863 1482 obediunt
1888 1441 2042 1480 man-

457 1529 597 1585 datis
615 1527 730 1596 ejus
755 1544 767 1580 :
792 1541 854 1580 os
874 1534 931 1580 et
955 1524 1133 1595 lingua
1169 1521 1553 1592 pmdicatores
1584 1518 1756 1574 sancti
1784 1536 1798 1572 :
1825 1533 2039 1584 manus,

454 1621 547 1691 qui
574 1620 711 1675 bene
739 1624 1032 1687 operantur
1053 1613 1137 1669 vel
1154 1612 1520 1682 elcemosynas
1542 1608 1783 1664 tribuunt
1807 1624 1821 1661 :
1855 1607 2038 1678 pedes,

456 1711 549 1781 qui
592 1710 733 1764 viam
773 1706 1147 1762 mandatorum
1187 1701 1283 1757 Dei
1314 1701 1589 1763 incedunt,
1619 1708 1675 1755 et
1704 1708 1902 1754 caetera
1938 1699 2042 1754 hu-

2145 518 2271 566 suut
2288 510 2490 566 ossium
2516 511 2655 566 dicta
2686 526 2773 576 eo,
2808 512 2952 581 quod
2982 511 3054 565 ibi
3098 521 3377 581 compacta
3424 514 3603 570 nervis
3642 514 3727 572 vel

2143 603 2348 675 glutino
2376 603 2606 674 quodam
2633 604 2960 658 adluercant.
3010 600 3147 658 Ossa
3174 612 3299 659 sunt
3326 605 3569 675 corporis
3597 606 3731 662 soli-

2143 693 2413 748 damenta.
2462 692 2519 746 In
2549 693 2634 748 his
2659 693 2802 749 enim
2830 694 3005 749 omnis
3033 694 3231 764 positio
3263 696 3534 768 roburque
3553 697 3730 754 subsi-

2143 784 2256 838 stit.
2307 783 2443 838 Ossa
2476 798 2691 852 quoque
2716 799 2812 854 per
2833 782 3143 854 allegoriam
3170 783 3539 841 fortitudinem
3569 803 3727 842 men-

2143 876 2213 931 tis
2236 876 2494 932 debemus
2523 877 2824 931 advertere.
2863 875 2992 944 Qua:
3037 892 3160 932 cum
3203 877 3403 942 deficit,
3432 879 3586 950 vigor
3612 880 3729 949 ejus

2141 967 2413 1023 elabitur:
2446 968 2587 1023 sicut
2622 978 2675 1024 et
2709 969 2923 1024 ossibus
2959 970 3230 1038 quassatis
3267 985 3465 1040 corpus
3503 971 3730 1026 minimo

2141 1060 2462 1115 continetur.
2517 1059 2669 1115 Unde
2703 1059 2973 1129 Propheta
3008 1059 3059 1114 in
3089 1060 3292 1131 psalqu
3319 1061 3434 1115 ait:
3460 1058 3603 1115 Sana
3627 1078 3728 1128 me,

2141 1148 2384 1216 Domine,
2421 1150 2669 1220 quoniam
2711 1149 3019 1205 conturbata
3063 1160 3185 1205 sunt
3224 1151 3399 1205 omnia
3444 1168 3562 1206 ossa
3612 1168 3729 1207 utea

2143 1236 2315 1310 (Psal.
2355 1239 2453 1311 vi).
2501 1240 2567 1294 Et
2603 1239 2771 1304 alibi,
2825 1239 3037 1302 omnia,
3079 1239 3255 1309 inquit
3278 1279 3294 1305 ,
3336 1256 3457 1294 ossa
3493 1256 3608 1294 mea
3645 1240 3731 1294 di-

2140 1342 2298 1386 cent:
2323 1331 2563 1399 Domine,
2590 1332 2709 1403 quis
2736 1332 2925 1387 similis
2964 1332 3102 1386 tibi?
3136 1331 3308 1403 (Psal.
3344 1331 3555 1403 xxxrv.)
3591 1332 3727 1388 Ossa

2141 1441 2242 1481 nec
2269 1441 2487 1482 sensum
2517 1440 2617 1481 nec
2649 1440 2834 1481 vocem
2865 1425 3066 1480 habere
3101 1423 3447 1480 manifestum
3470 1434 3553 1479 est
3580 1442 3593 1478 :
3632 1423 3727 1480 sed

2142 1516 2306 1590 (sicut
2330 1516 2640 1587 frequenter
2682 1512 2938 1587 diximus)
2988 1514 3246 1571 fortitudo
3286 1515 3452 1570 animi
3500 1522 3556 1570 et
3593 1530 3726 1569 con-

2141 1607 2340 1663 stantia
2366 1608 2564 1663 mentis
2588 1606 2787 1663 debent
2822 1606 3065 1678 intelligi.
3120 1604 3251 1673 Qua:
3282 1606 3478 1662 merito
3512 1606 3729 1662 ossibus

2141 1706 2526 1770 comparantur
2549 1715 2563 1752 :
2586 1698 2710 1769 quia
2737 1697 2878 1752 sicut
2904 1696 2991 1752 illa
3017 1711 3214 1767 corpus
3241 1697 3542 1762 continent,
3572 1697 3644 1751 ita
3672 1705 3730 1753 et

446 1799 686 1873 jusmodi
725 1815 738 1853 :
767 1796 909 1867 quod
938 1794 1155 1865 longum
1175 1802 1258 1847 est
1283 1804 1621 1847 enumerare.
1677 1789 1856 1844 Aliam
1904 1804 2037 1845 vero
2065 1783 2112 1843 B
2138 1788 2254 1844 huic
2281 1795 2497 1844 sanctas
2528 1786 2885 1843 corroborant
2909 1786 3231 1842 voluntates.
3266 1784 3460 1841 Dicant
3477 1801 3606 1857 ergo
3624 1786 3730 1843 hoc

453 1887 899 1959 signiﬁcationem
937 1883 1135 1938 habent
1177 1879 1438 1946 membra,
1476 1878 1691 1949 quando
1729 1877 1797 1933 ad
1841 1878 2040 1935 diaboli

455 1989 662 2050 partem
693 1990 913 2033 sensum
938 1974 1161 2030 trahunt
1190 1991 1203 2027 :
1232 1971 1358 2042 quia
1383 1970 1524 2026 sicut
1551 1984 1739 2027 omnes
1772 1971 1940 2027 sancti
1971 1971 2042 2028 ad

452 2068 652 2125 Christi
680 2082 875 2138 corpus
900 2067 1191 2137 pertinent,
1221 2063 1297 2119 ita
1342 2076 1533 2117 omnes
1562 2060 1728 2131 iniqui
1752 2063 1820 2117 ad
1843 2077 2039 2133 corpus

450 2159 779 2215 antichristi.
826 2157 980 2215 Unde
1013 2158 1272 2228 scriptum
1300 2160 1384 2211 est
1410 2153 1464 2208 in
1493 2154 1594 2212 Job
1616 2152 1682 2207 de
1703 2152 2033 2210 Leviathan:

454 2249 693 2306 Membra
753 2251 992 2304 carnium
1038 2250 1153 2322 ejus
1191 2250 1504 2305 cohaerentia
1559 2247 1659 2303 sibi
1705 2243 2031 2319 (ἰσίκια).

449 2340 656 2397 Carnes
682 2340 838 2395 istius
866 2346 991 2394 sunt
1017 2354 1207 2396 omnes
1227 2340 1462 2410 reprobi,
1494 2338 1586 2409 qui
1613 2336 1680 2392 ad
1708 2336 2036 2392 intellectqu

448 2429 711 2501 spiritalis
762 2428 952 2499 patriae
1000 2442 1101 2497 per
1163 2427 1487 2483 desiderium
1554 2442 1660 2482 non
1723 2435 2034 2497 assurgunt.

451 2521 693 2579 Membra
733 2529 911 2576 autem
955 2528 1082 2574 sunt
1122 2519 1365 2575 carnium
1405 2519 1484 2584 hi,
1527 2519 1618 2588 qui
1656 2518 1858 2574 eisdem
1915 2531 2041 2587 per—

449 2629 607 2670 verse
640 2612 924 2683 ageutibus
941 2618 996 2666 et
1017 2625 1134 2666 sese
1154 2610 1221 2665 ad
1247 2610 1579 2680 iniquitatem
1608 2608 2036 2680 prtecedentibus

450 2703 805 2774 conjungunt.
859 2699 965 2756 Sed
996 2699 1247 2756 estaliud
1273 2697 1574 2755 membrum
1597 2697 1860 2768 corporis,
1892 2697 2039 2753 aliud

451 2793 753 2848 membrum
803 2790 1051 2846 membri.
1100 2789 1253 2845 Sicut
1293 2797 1474 2844 autem
1528 2788 1890 2859 perniciosum
1930 2796 2036 2853 est,

449 2884 496 2941 si
520 2884 697 2939 unitas
716 2882 855 2938 desit
874 2882 1130 2937 membris
1151 2882 1309 2937 bonis
1334 2898 1347 2936 :
1373 2881 1444 2936 ita
1469 2881 1832 2951 perniciosum
1863 2889 1965 2946 est,
1990 2880 2037 2936 si

450 2992 559 3031 non
587 2974 729 3030 desit
767 2974 1110 3028 maliszdum
1156 2972 1210 3026 in
1258 2972 1391 3027 duas
1419 2981 1603 3042 partes
1653 2971 1821 3027 Rubri
1870 2972 2037 3027 maris

450 3066 594 3121 unda
625 3064 900 3129 dividitur,
930 3072 988 3118 ut
1012 3063 1080 3118 ab
1107 3061 1278 3117 electo
1301 3063 1496 3132 populo
1522 3063 1587 3117 ad
1618 3071 1818 3117 terram
1850 3078 2036 3133 repro-

2141 1886 2538 1935 sacramentum
2575 1891 2721 1942 ossa,
2768 1892 2875 1931 non
2924 1889 3075 1942 caro,
3118 1875 3172 1930 id
3206 1884 3313 1943 est,
3339 1874 3587 1940 ﬁrmitas,
3616 1892 3728 1932 non

2140 1969 2423 2025 remissio:
2447 1967 2574 2040 quia
2610 1968 2770 2024 talem
2800 1968 3061 2039 hymnum
3102 1983 3209 2023 non
3248 1974 3425 2039 potest
3468 1967 3573 2022 nisi
3611 1967 3727 2022 sola

2139 2061 2336 2117 mentis
2364 2061 2544 2116 dicere
2586 2060 2862 2116 fortitudo.
2907 2058 3062 2126 Quis,
3101 2060 3407 2132 negativum
3448 2069 3532 2115 est
3561 2061 3727 2130 :quia

2139 2168 2301 2209 nemo
2324 2160 2501 2225 potest
2525 2166 2646 2208 esse
2668 2152 2878 2215 similis,
2908 2167 3031 2208 cum
3060 2153 3132 2208 Sit
3150 2162 3338 2208 sancta
3361 2152 3598 2207 Trinitas
3615 2153 3730 2208 siu-

2139 2244 2362 2316 gularis.
2430 2244 2654 2307 Multum
2703 2245 2899 2315 quippe
2947 2252 3032 2300 est
3079 2258 3328 2304 creatura
3378 2261 3409 2300 a
3466 2245 3727 2302 Creatore

2139 2338 2432 2393 dissimilis.
2487 2337 2580 2392 illa
2628 2338 2857 2408 denique
2897 2337 3086 2404 servit,
3136 2337 3238 2393 iste.
3284 2339 3611 2395 dominatur.
3659 2341 3729 2397 Et

2140 2431 2336 2486 iterum
2375 2429 2646 2501 paenitens
2678 2429 2810 2484 dicit
2841 2446 2855 2482 :
2881 2428 3016 2483 Ossa
3061 2447 3177 2484 mea
3224 2430 3358 2484 sicut
3400 2430 3455 2484 in
3500 2431 3725 2501 frixorio

2137 2521 2381 2590 confrixa
2425 2530 2546 2575 sunt
2577 2518 2760 2591 (Psal.
2806 2518 2952 2591 xu).
3002 2517 3154 2575 Sicut
3185 2521 3436 2588 opinione
3465 2537 3723 2592 prospera

2138 2614 2276 2668 bene
2317 2612 2632 2667 meritorum
2662 2627 2806 2678 ossa,
2850 2612 2903 2667 id
2936 2622 3041 2677 est,
3085 2613 3251 2667 animi
3305 2612 3563 2669 fortitudo
3599 2616 3723 2686 pin-

2139 2704 2366 2775 guescit,
2408 2702 2625 2774 quando
2666 2718 2853 2758 eorum
2891 2703 3223 2759 conscientia
3274 2703 3415 2760 felici
3459 2706 3719 2761 recorda—

2140 2796 2285 2850 tione
2320 2795 2555 2861 laetatur,
2600 2794 2743 2850 sicut
2778 2794 2981 2850 dicitur
3028 2793 3280 2849 Salomon
3313 2813 3325 2849 :
3361 2793 3532 2849 Fama
3583 2796 3720 2850 bona

2138 2886 2427 2957 impingunt
2463 2901 2582 2939 ossa
2615 2883 2807 2956 (Prov.
2835 2884 2968 2951 xv);
3000 2884 3072 2940 ita
3113 2886 3485 2941 recordatione
3505 2897 3720 2943 contra‘

2142 2976 2220 3031 ria
2249 2984 2599 3045 peccatorum
2628 2976 2825 3041 virtus,
2859 2982 3115 3046 tanquam
3155 2974 3319 3042 frixa,
3353 2978 3717 3047 contrahitur,

2140 3065 2268 3121 dum
2294 3066 2665 3123 oblocutiones
2693 3066 2971 3121 hominum
2997 3074 3050 3122 et
3075 3068 3417 3123 conscientia:
3440 3083 3547 3124 sum
3568 3067 3721 3138 judi-

448 3155 724 3211 missionis
763 3154 1020 3209 tenditur.
1071 3151 1232 3207 Nervi
1262 3131 1448 3208 Gfrzcca
1487 3146 1818 3208 derivatione
1849 3131 2032 3223 appel-
2061 3131 2107 3193 ε
2138 3157 2223 3212 cia
2246 3156 2485 3228 graviter
2513 3156 2841 3226 expavescit.
2895 3154 3021 3211 Sive
3049 3156 3138 3212 hic
3165 3157 3378 3229 frigitur
3417 3131 3672 3229 peccator
3701 3177 3715 3215 :

449 3250 563 3313 lati,
590 3265 726 3320 quos
753 3248 828 3302 illi
854 3261 1024 3302 neura
1063 3254 1279 3301 vocant.
1310 3244 1415 3299 Alii
1452 3244 1642 3300 Latine
1666 3254 1887 3300 vocatos
1912 3260 2036 3300 ner-
2137 3250 2393 3321 quoniam
2436 3248 2647 3303 futuros
2684 3248 2834 3320 ignes
2871 3248 3227 3319 incendiaque
3268 3247 3539 3305 formidat.
3582 3249 3717 3305 Nam

448 3357 546 3396 vos
575 3346 787 3410 putant,
817 3352 882 3393 eo
914 3336 1059 3406 quod
1094 3344 1308 3391 artuum
1342 3333 1774 3404 coniunctionem
1805 3336 2032 3391 invicem
2136 3341 2229 3412 qui
2256 3355 2315 3396 se
2340 3341 2583 3411 pavescit
2610 3354 2882 3404 arsurum,
2914 3339 3082 3409 ipsius
3110 3339 3342 3395 incendii
3375 3348 3583 3396 terrore
3603 3340 3721 3409 jam

445 3430 532 3487 his
583 3430 899 3485 iuhtereant.
930 3426 1216 3484 Maximam
1247 3436 1425 3482 autem
1452 3427 1644 3481 virium
1674 3427 2033 3482 substantiam

448 3536 643 3577 nervos
676 3520 853 3574 facere
883 3518 1240 3574 certissimum
1278 3526 1380 3573 est.
1431 3516 1565 3572 Nam
1600 3525 1801 3588 quanto
1836 3518 2035 3573 fuerint

452 3614 756 3677 densiores,
802 3619 953 3665 tanto
1000 3608 1318 3680 propensius
1365 3622 1655 3679 augescere
1697 3606 2029 3663 ﬁrmitatem.

448 3705 506 3761 lu
532 3703 714 3759 nervis
739 3700 1041 3771 complexio
1064 3700 1323 3754 virtutum
1355 3698 1669 3770 designatur
1694 3717 1707 3753 :
1740 3700 1863 3769 quia
1892 3700 2033 3756 sicut

449 3803 601 3850 artus
632 3800 686 3848 et
707 3807 828 3848 ossa
867 3790 1051 3846 nervis
1097 3790 1532 3861 Compinguntur,
1588 3789 1661 3843 ita
1706 3789 1935 3845 virtutes
1978 3798 2033 3844 et

449 3884 588 3939 bona
622 3897 788 3953 opera
816 3881 1018 3936 amoris
1044 3880 1247 3952 glutino
1274 3879 1611 3950 copulantur.
1671 3877 1823 3935 Unde
1852 3880 1904 3934 in
1930 3879 2032 3936 Job

447 3977 708 4046 scriptum
735 3982 818 4032 est
845 3992 858 4028 :
893 3971 1108 4028 Ossibus
1133 3980 1181 4026 et
1203 3973 1370 4026 nervis
1393 3970 1690 4041 compegisti
1709 3987 1808 4025 me.
1856 3969 2028 4026 Vitam

446 4077 495 4124 et
515 4065 924 4122 misericordiam
948 4063 1175 4117 tribuisti
1195 4062 1344 4127 mihi,
1369 4071 1418 4116 et
1445 4061 1667 4116 visitatio
1689 4071 1779 4116 tua
1801 4063 2033 4116 custodi-

2135 3430 2380 3501 frigetur.
2421 3431 2553 3485 item
2599 3445 2721 3484 ossa
2762 3429 2993 3484 virtutes
3032 3429 3335 3500 significant
3379 3440 3716 3499 sanctorum,

2133 3532 2195 3579 ut
2220 3524 2273 3579 in
2303 3523 2518 3578 Psalmo
2551 3541 2563 3577 :
2597 3521 2836 3577 Custodit
2864 3524 3039 3577 omnia
3076 3539 3195 3577 ossa
3224 3540 3428 3590 eorum,
3464 3541 3627 3579 unum
3654 3542 3721 3580 ea:

2133 3617 2214 3671 Itis
2266 3633 2371 3671 non
2409 3624 2704 3670 conteretur
2742 3612 2926 3687 (Psal.
2970 3614 3200 3687 χχχιιι).
3243 3615 3485 3672 Medulla:
3528 3617 3717 3688 appel-

2135 3706 2278 3768 lattc,
2310 3706 2454 3777 quod
2495 3704 2861 3760 madefaciant
2894 3718 3039 3760 ossa.
3076 3705 3307 3776 irrigant
3334 3706 3477 3761 enim
3510 3716 3564 3762 et
3591 3722 3719 3761 con-

2133 3798 2355 3853 fortant.
2410 3796 2635 3851 Medulla
2679 3796 2948 3867 significat
3006 3796 3270 3851 internum
3325 3798 3715 3868 cogitationem

2132 3888 2348 3943 mentis.
2378 3886 2530 3942 Unde
2569 3894 2653 3941 est
2701 3886 2831 3941 illud
2868 3886 3206 3943 Psalmistze:
3236 3887 3557 3944 IIolocausta
3608 3907 3717 3947 me-

2131 3977 2336 4032 dullata
2371 3979 2588 4049 o/ferum
2625 3978 2717 4032 tibi
2746 3975 2930 4051 (Psal.
2959 3994 3063 4033 va
3085 3977 3124 4052 ).
3154 3979 3476 4035 Holocausta
3507 3983 3717 4037 me'lul-

2130 4069 2238 4124 lata
2282 4078 2407 4124 sunt
2461 4069 2754 4135 sacriﬁcia,
2790 4086 2910 4140 quae
2941 4087 3077 4141 puro
3119 4081 3281 4142 atque
3321 4075 3510 4130 intimo
3551 4078 3717 4133 corde

446 4160 515 4215 rit
555 4158 792 4229 spiritum
827 4171 998 4210 meum
1031 4153 1171 4227 (Job.
1216 4151 1291 4224 ι).
1344 4151 1645 4207 Humanum
1680 4154 1875 4225 quippe
1914 4155 2030 4209 aui—
2130 4159 2328 4214 divinis
2365 4160 2743 4229 couspcctihus
2788 4160 2995 4215 damus.
3045 4160 3179 4215 Nam
3220 4164 3434 4233 quando
3482 4165 3715 4222 invicem

448 4267 595 4307 nium
617 4251 852 4307 visitatio
881 4264 1112 4320 superna
1140 4247 1394 4313 custodit,
1418 4263 1540 4303 cum
1571 4249 1711 4304 hunc
1742 4249 2030 4305 virtutibus
2129 4250 2429 4306 holocausti
2480 4251 2857 4308 contritionem
2899 4253 3078 4310 cordis
3114 4254 3390 4312 offerimus
3431 4275 3444 4311 :
3475 4268 3713 4330 oportet,

448 4344 675 4399 ditatum
705 4341 786 4396 vel
817 4339 1025 4411 ﬂagello
1065 4348 1345 4409 percutere
1390 4338 1472 4394 vel
1516 4354 1877 4410 compungere
1921 4357 2026 4396 non
2128 4351 2190 4397 ut
2240 4342 2383 4398 intus
2435 4342 2632 4398 habeat
2680 4344 3023 4415 purissimam
3079 4345 3237 4401 ﬁdem
3272 4365 3285 4401 :
3320 4347 3464 4403 intus
3518 4350 3716 4409 haheat

449 4437 667 4494 desinit.
702 4435 835 4490 Item
870 4433 923 4488 iu
952 4432 1112 4487 aliam
1137 4442 1346 4502 partem
1380 4432 1664 4486 verborum
1703 4431 2027 4502 signiﬁcatio
2056 4483 2102 4504 h
2129 4447 2323 4503 operas
2370 4433 2579 4499 ﬁdeles,
2613 4449 2734 4504 quae
2770 4435 2839 4490 ad
2873 4435 3047 4491 vicem
3099 4437 3344 4493 medullae
3386 4439 3710 4498 oblationem

449 4528 681 4581 trahitur
706 4544 719 4579 :
745 4539 868 4580 cum
890 4524 944 4577 in
970 4522 1155 4577 eodem
1184 4522 1323 4576 libro
1351 4523 1417 4577 de
1444 4521 1735 4577 Behemoth
1766 4521 2025 4592 scriptum
2056 4483 2105 4544 υ
2128 4524 2473 4594 purissimam
2523 4483 2753 4581 reddant
2796 4541 2864 4581 ne.
2899 4528 2971 4583 sit
3010 4530 3222 4584 aridum
3269 4540 3430 4601 atque
3458 4548 3710 4599 vacuum,

448 4619 558 4674 είίε
588 4616 750 4672 Nervi
778 4614 1134 4670 testiculorum
1162 4613 1277 4684 ejus
1308 4613 1539 4685 perplexi
1570 4622 1712 4668 sunt.
1749 4612 1884 4669 Ossa
1913 4615 2027 4684 ejus
2129 4613 2274 4682 quod
2308 4612 2507 4668 divinis
2530 4616 2838 4685 aspectibus
2866 4616 3228 4674 immolamus.
3267 4618 3546 4677 Vertibula
3584 4634 3713 4681 sunt

448 4708 581 4767 velut
604 4704 781 4777 ﬁstula
807 4704 926 4759 teris
956 4702 1098 4775 (Job.
1126 4703 1235 4774 xc).
1289 4702 1394 4758 Tot
1424 4719 1552 4774 ergo
1592 4704 1694 4761 iste
1729 4702 2027 4760 Bchemoth
2128 4719 2354 4760 summa:
2396 4705 2600 4761 ossium
2642 4717 2825 4777 partes
2874 4708 3029 4765 nodis
3078 4711 3438 4781 grossioribus
3492 4714 3712 4787 conglo-

448 4809 616 4857 testes
647 4795 825 4861 habet,
854 4801 986 4865 quot
1012 4792 1310 4864 iniquitatis
1337 4808 1446 4848 suae
1473 4791 1745 4864 adjutores
1768 4794 2025 4865 possidet.

447 4893 551 4963 Qui
593 4890 793 4946 idcirco
829 4884 1065 4959 perplexi
1104 4892 1265 4953 sunt,
1304 4886 1429 4955 quia
1472 4884 1717 4939 videlicet
1765 4884 2024 4953 praedica-

447 4990 628 5039 torum
672 4979 815 5035 illius
857 4984 1172 5049 argumenta
1213 4974 1413 5031 dolosis
1457 4974 1845 5030 assertionibus
1874 4975 2027 5030 inno-

446 5073 765 5130 dantur:ut
802 5079 945 5126 recta
991 5083 1110 5125 esse
1151 5066 1420 5132 simulent,
1461 5082 1581 5137 quae
1617 5082 1865 5137 perversa
1899 5083 2026 5138 per-

448 5164 696 5221 suadent.
747 5159 901 5228 Ossa,
929 5160 1120 5229 inquit,
1156 5159 1271 5229 ejus
1303 5158 1439 5212 velut
1474 5156 1655 5226 ﬁstula
1691 5158 1831 5212 (eris.
1888 5157 2026 5225 Quid

451 5257 595 5312 aliud
627 5268 751 5311 ossa
784 5250 1122 5317 Antichristi,
1152 5265 1313 5321 quam
1341 5248 1610 5319 quoslibet
1650 5248 1702 5303 in
1743 5249 1858 5319 ejus
1906 5264 2027 5305 cor-

449 5360 581 5414 pore
608 5342 934 5399 valentiores
967 5337 1301 5410 accipimus?
1343 5337 1401 5393 1n
1448 5352 1674 5408 quorum
1715 5339 1879 5394 corde
1917 5338 2018 5392 ini-

447 5437 629 5508 quitas
653 5436 778 5489 dum
802 5434 1148 5489 vehementer
1170 5429 1459 5496 induravit,
1494 5444 1591 5501 per
1622 5443 1715 5483 eos
1755 5437 1864 5483 tota
1903 5427 2020 5498 ejus

447 5525 690 5598 corporis
718 5540 976 5597 compago
998 5523 1262 5582 subsistit.
1311 5524 1476 5581 Recte
1512 5530 1691 5577 autem
1732 5537 1855 5578 ossa
1903 5521 2022 5593 ejus

448 5620 576 5675 aeris
600 5618 789 5673 ﬁstulae
816 5626 1194 5688 comparantur
1218 5633 1232 5672 :
1264 5618 1390 5689 quia
1420 5617 1697 5679 nimirum,
1727 5632 1876 5671 more
1904 5631 2022 5671 mc-

451 5710 564 5766 talli
597 5708 939 5774 insensibilis,
978 5723 1169 5765 sonum
1214 5705 1352 5763 bene
1397 5708 1608 5766 vivendi
1652 5708 1892 5763 habent:
1925 5706 2020 5764 sed

2128 4798 2291 4862 bane,
2331 4798 2403 4853 ita
2447 4798 2589 4854 dicta
2623 4814 2708 4867 eo,
2753 4801 2897 4871 quod
2933 4803 3003 4858 ad
3050 4803 3389 4861 inflexionem
3439 4809 3711 4864 membro-

2131 4905 2252 4944 rum
2292 4888 2380 4943 illa
2407 4898 2702 4945 vertantur.
2733 4890 3089 4964 Cartilagines
3113 4910 3238 4951 ossa
3272 4895 3473 4963 mollia,
3502 4907 3558 4954 et
3587 4899 3707 4955 sine

2128 4982 2358 5038 medulla
2392 5001 2405 5037 :
2436 4984 2580 5053 quod
2625 5000 2796 5057 genus
2849 4986 3104 5043 auricula:
3153 4997 3209 5042 et
3251 4990 3464 5045 narium
3515 4990 3710 5049 discri—

2126 5091 2249 5131 men
2276 5084 2331 5131 et
2352 5083 2626 5131 costarum
2649 5078 3021 5133 extremitates
3057 5078 3276 5146 habent,
3309 5081 3423 5136 sive
3451 5084 3704 5152 opercula

2125 5167 2348 5231 ossium,
2382 5182 2503 5237 qum
2539 5175 2859 5223 moventur:
2883 5176 2939 5224 et
2969 5168 3126 5224 dictae
3155 5170 3521 5242 cartilagines.
3561 5173 3702 5241 quod

2127 5258 2230 5313 levi
2267 5259 2453 5313 attritu
2480 5267 2667 5314 carent
2692 5259 2896 5325 dolore,
2924 5261 3050 5316 dum
3074 5262 3404 5331 plectuntur.
3432 5262 3706 5335 Cartilago

2128 5347 2416 5417 aliquando
2463 5348 2730 5418 signiﬁcat
2769 5348 3163 5406 simulationem
3212 5351 3493 5407 virtutum.
3551 5351 3705 5411 Unde

2131 5438 2389 5508 scriptum
2435 5447 2520 5494 est
2564 5439 2617 5494 in
2659 5437 2761 5493 Job
2805 5439 2870 5495 de
2907 5439 3202 5495 Leviathan
3236 5459 3250 5495 :
3281 5441 3548 5513 Cartilago
3589 5443 3706 5513 ejus

2130 5530 2283 5599 quasi
2338 5529 2550 5584 lamina:
2594 5529 2779 5600 {errem
2827 5529 2989 5603 (Job.
3040 5530 3194 5606 xu).
3231 5530 3501 5604 Cartilago
3545 5547 3705 5587 nam-

2129 5635 2234 5690 que
2252 5620 2392 5677 ossis
2410 5620 2624 5692 quidem
2660 5622 2894 5691 speciem
2923 5623 3111 5688 habet,
3134 5624 3230 5679 sed
3253 5625 3395 5681 ossis
3431 5623 3708 5679 fortitudi-

2130 5725 2252 5767 nem
2282 5727 2389 5767 nou
2428 5711 2607 5768 habet.
2645 5709 2783 5778 Quid
2819 5719 2903 5770 est
2938 5727 3093 5783 ergo,
3117 5712 3259 5783 quod
3287 5713 3553 5787 cartilago
3586 5712 3709 5783 ejus
