4072 6198
316 332 423 389 IGS

1309 327 1397 382 DE
1439 327 1785 384 UNIVERSO
1823 327 2005 384 LIBRI
2043 325 2201 398 XXII.
2240 358 2307 367 —
2346 326 2472 381 LIB.
2516 325 2601 381 Vl.

3479 323 3579 380 1156

309 446 535 504 laminis
575 443 770 499 ferreis
819 441 1197 514 comparatur?
1247 443 1373 508 nisi,
1413 445 1540 513 quia
1592 444 1668 508 hi,
1715 444 1806 515 qui
1845 445 1898 499 in
1932 453 1975 507 Α
2004 445 2164 514 pheta
2190 443 2319 497 dicit
2347 442 2400 496 in
2427 441 2640 496 Psalmo
2668 457 2680 492 :
2709 437 2941 492 Posuisti
2964 437 3322 494 tribulationes
3349 441 3584 498 iudmso

306 539 408 591 illo
436 535 729 591 debiliorcs
766 542 912 598 sunt,
952 533 1020 588 ad
1045 533 1401 603 perpetranda
1435 534 1575 587 mala
1617 535 1904 604 nequiores

306 627 576 681 existunt.
621 624 765 695 Ergo
804 623 1064 694 cartilago
1091 622 1208 691 ejus
1243 622 1392 679 ferro
1436 625 1629 680 similis
1657 626 1854 682 dicitur
1887 645 1898 680 :

310 716 444 788 quia
490 716 570 780 hi,
601 717 693 786 qui
725 717 777 771 in
809 715 926 786 ejus
959 731 1183 785 corpore
1232 716 1298 770 ad
1338 717 1698 772 ostensionem
1735 717 1906 771 virtu-

312 816 432 860 tum
475 823 585 862 non
631 803 922 870 sufﬁciunt,
971 815 1159 860 contra
1208 822 1394 860 necem
1440 806 1676 862 ﬁdelium
1726 807 1906 862 acrius

315 899 712 953 accenduntur.
739 896 932 952 Costas
966 897 1222 966 appellari
1259 898 1475 967 quidam
1513 908 1722 968 putant,
1761 901 1903 968 quod

317 991 391 1044 ab
440 990 572 1058 ipsis
626 989 886 1044 interiora
932 989 1334 1051 custodiantur,
1383 999 1438 1043 et
1498 998 1607 1044 tota
1655 991 1907 1045 mollities

319 1080 534 1133 ventris
565 1078 762 1131 vallata
803 1077 1060 1132 salvetur.
1092 1077 1279 1142 Latus,
1329 1078 1450 1146 quia
1479 1078 1783 1148 jacentibus
1807 1094 1905 1133 no-

321 1169 407 1224 bis
437 1169 571 1222 latet
600 1187 610 1220 :
638 1178 720 1222 est
761 1169 905 1221 enim
950 1167 1081 1221 lzeva
1110 1182 1237 1236 pars
1279 1169 1538 1237 corporis.
1580 1169 1780 1224 Dextro
1809 1185 1907 1222 att-

324 1269 436 1314 tem
467 1259 625 1314 lateri
655 1259 888 1312 habilior
918 1266 1093 1312 motus
1125 1265 1240 1322 est,
1282 1257 1414 1312 hero
1441 1256 1645 1321 fortior,
1678 1267 1732 1312 et
1758 1259 1910 1312 oneri

325 1349 553 1404 ferendo
599 1348 1071 1404 accommodatior.
1122 1347 1273 1403 Unde
1312 1357 1366 1400 et
1415 1348 1543 1402 laeva
1579 1358 1907 1418 nuncupata,

326 1440 472 1509 quod
507 1439 686 1510 aptior
720 1438 790 1491 sit
832 1438 898 1491 ad
938 1437 1221 1492 levandum
1255 1437 1456 1506 aliquid
1483 1446 1539 1492 et
1564 1437 1908 1508 portandum.

327 1528 448 1598 Ipsa
472 1527 617 1581 enim
653 1535 828 1596 gestat
848 1526 1115 1596 clypeum,
1161 1539 1368 1591 ensem,
1407 1525 1717 1594 pharetram
1742 1534 1798 1579 et
1830 1541 1914 1580 re-

327 1619 473 1687 liqua
501 1632 667 1673 onera
701 1633 714 1669 :
746 1626 803 1670 ttt
827 1617 1073 1685 expedita
1104 1616 1174 1670 sit
1204 1617 1391 1670 dextra
1421 1617 1488 1670 ad
1518 1616 1808 1686 agendum.
1844 1616 1911 1670 Et

328 1708 653 1771 notandum,
693 1706 838 1776 quod
880 1705 1062 1760 lateris
1088 1720 1280 1759 nomen
1314 1719 1670 1774 synonymum
1709 1711 1813 1768 est,
1859 1713 1914 1758 ct

2007 542 2184 585 nostra
2215 530 2340 601 (Ps.
2375 533 2510 598 1.xv)
2541 546 2554 583 :
2588 527 2834 583 videlicet
2878 526 3125 592 verbera,
3153 543 3273 598 qua:
3300 537 3356 584 et
3386 529 3585 588 Paulus

2005 621 2245 690 pertulit,
2273 628 2328 674 et
2355 619 2558 687 reliqua
2604 617 2837 672 ﬁdelium
2880 617 3033 672 turba
3074 619 3347 684 sustinuit,
3382 624 3448 676 ad
3480 623 3584 678 hoc

2006 709 2320 764 verberibus
2361 707 2647 772 humiliati,
2679 715 2737 761 ut
2767 707 3086 761 diabolicam
3127 710 3435 779 superbiam
3462 727 3585 767 cum

2008 799 2191 852 mundi
2237 798 2404 866 ipsius
2443 796 2794 851 delectatione
2835 813 2991 867 respu
3030 807 3166 852 rent.
3199 799 3431 854 Rursum
3480 810 3589 857 ter-

2009 906 2132 960 gum
2155 888 2475 942 oblivionem
2507 888 2898 956 prmtcritorum
2944 887 3229 958 significat.
3269 889 3422 946 Unde
3451 894 3586 961 peti-

2007 997 2130 1034 mus
2168 981 2334 1033 Deum
2376 979 2428 1032 in
2455 979 2718 1042 oratione,
2751 987 2811 1032 ut
2845 988 3064 1047 peccata
3089 989 3271 1034 nostra
3314 983 3590 1050 prmterita

2007 1080 2130 1140 post
2155 1079 2365 1139 tergum
2392 1069 2587 1132 mittat,
2621 1069 2723 1122 hoc
2756 1076 2859 1131 est,
2893 1076 3167 1137 perpetuae
3193 1069 3242 1123 o'
3266 1069 3450 1124 livioui
3484 1081 3597 1126 tra-

2010 1162 2118 1214 dat.
2165 1158 2297 1212 Nam
2322 1159 2464 1228 quod
2486 1158 2703 1211 dorsum
2731 1165 2785 1212 et
2812 1167 3019 1227 tergum
3053 1157 3452 1227 despectionem
3494 1160 3590 1214 Dei

2010 1250 2333 1321 significent,
2392 1248 2626 1301 ostendit
2664 1247 2830 1302 Isaias
2878 1248 3064 1302 dicens
3112 1249 3180 1302 ad
3233 1247 3586 1304 lsraeliticam

2010 1341 2218 1410 plebem
2257 1357 2269 1392 :
2307 1336 2373 1390 Et
2428 1346 2580 1391 erunt
2634 1338 2772 1392 oculi
2817 1338 2893 1391 tui
2944 1339 3169 1393 videntes
3224 1351 3593 1410 praeceptorem

2011 1440 2183 1493 tuum,
2216 1438 2264 1482 et
2304 1444 2458 1480 aures
2485 1435 2589 1480 tua?
2630 1426 2842 1479 audient
2871 1443 3043 1480 vocem
3085 1437 3198 1497 post
3241 1438 3440 1498 tergum
3487 1447 3599 1484 uto-

2013 1521 2180 1574 nentis
2209 1520 2353 1591 (lsa.
2404 1518 2576 1588 xxx).
2616 1517 2778 1584 Quasi
2818 1519 2870 1572 in
2913 1518 3104 1574 faciem
3149 1519 3310 1574 homo
3359 1523 3600 1578 monitus

2012 1620 2116 1676 est,
2146 1612 2363 1680 quando
2393 1610 2459 1663 ad
2479 1609 2746 1679 justitiam
2791 1610 3037 1664 conditus
3077 1621 3346 1682 praecepta
3378 1615 3599 1668 rectitu¢

2014 1703 2154 1757 diuis
2181 1702 2428 1770 accepit:
2463 1702 2554 1755 sed
2589 1715 2708 1754 cum
2737 1700 2925 1754 eadem
2953 1711 3221 1771 praecepta
3253 1705 3598 1774 contempsit,

328 1799 395 1852 ad
427 1798 582 1868 plura
610 1797 960 1867 signiﬁcanda
993 1795 1188 1851 habile.
1236 1795 1442 1850 Dicitur
1464 1796 1609 1850 enim
1645 1795 1786 1850 latus
1813 1796 1908 1850 bo-
1943 1788 1986 1844 Β
2015 1793 2170 1861 quasi
2201 1792 2467 1847 conditori
2500 1807 2598 1846 suo
2630 1792 2850 1845 dorsum
2887 1793 3084 1846 mentis
3116 1793 3169 1846 in
3200 1792 3392 1848 faciem
3430 1797 3598 1852 dedit.

329 1889 514 1952 minis,
551 1896 608 1941 et
643 1887 785 1942 latus
827 1886 1066 1957 pecudis,
1110 1887 1249 1942 latus
1291 1886 1521 1952 aadiﬁcii,
1567 1896 1621 1942 et
1657 1887 1796 1942 latus
1837 1887 1914 1942 di-

329 1980 628 2034 mensionis
669 1987 826 2032 terra:
854 1996 866 2032 :
891 1995 1008 2048 qua:
1042 1980 1221 2034 omnia
1263 1979 1395 2033 locis
1433 1978 1546 2033 suis
1581 1979 1794 2049 propria
1834 1980 1913 2034 si-

331 2072 681 2140 gniﬁcatione
711 2071 1052 2140 interpretari
1079 2070 1296 2125 debent.
1329 2071 1531 2124 Tamen
1569 2071 1801 2125 hominis
1836 2071 1912 2124 ιο-

334 2173 441 2228 tus,
475 2163 618 2232 quod
663 2178 785 2216 cum
824 2163 990 2217 costis
1021 2163 1276 2217 intestina
1322 2165 1571 2232 protegit,
1609 2163 1915 2234 signiﬁcare

334 2262 514 2324 potest
543 2252 934 2307 occultationes
976 2253 1308 2307 iuternorutn
1353 2251 1722 2306 consiliorum.
1765 2251 1917 2306 Unde

335 2355 420 2399 est
460 2345 615 2409 illud,
662 2346 806 2414 quod
841 2344 1098 2399 Conditor
1134 2355 1318 2399 noster
1360 2345 1646 2400 dormienti
1691 2344 1820 2398 Ada:
1853 2345 1918 2398 de

339 2439 511 2493 latere
539 2449 751 2507 sumpta
778 2454 882 2492 una
906 2446 1054 2492 costa
1077 2437 1316 2492 condidit
1335 2437 1612 2490 mulierem
1641 2433 1805 2506 (Gen.
1834 2435 1916 2507 n),

340 2545 462 2582 cum
490 2530 715 2599 mystice
742 2527 1121 2598 prteﬁgurabat
1156 2526 1450 2582 Ecclesiam
1477 2527 1543 2580 de
1573 2526 1740 2580 latere
1764 2523 1920 2580 Chri-

343 2619 410 2673 sti
448 2619 499 2672 in
543 2633 704 2672 cruce
750 2633 848 2688 per
879 2626 1105 2671 mortem
1147 2616 1303 2686 sopiti
1351 2622 1689 2671 sacramenta
1732 2613 1922 2670 salutis

341 2725 465 2766 esse
491 2710 725 2774 exitura,
755 2708 1005 2763 videlicet
1038 2708 1352 2778 sanguinem
1378 2714 1432 2760 et
1457 2720 1674 2774 aquam,
1705 2705 1771 2759 de
1797 2705 1920 2773 qui—

342 2799 446 2851 bus
506 2812 705 2867 sponsa
761 2795 832 2850 illi
882 2796 1206 2850 conderetur
1251 2794 1512 2848 Ecclesia.
1574 2791 1922 2861 Tropologice

344 2905 476 2945 vero
504 2891 780 2944 sciendum
803 2898 906 2952 est,
933 2889 1058 2958 quia
1081 2904 1419 2958 nequaquam
1445 2887 1656 2942 culmen
1685 2895 1924 2942 contem-

341 2981 602 3050 plationis
635 2981 968 3050 attingimus,
1012 2979 1055 3034 si
1095 2996 1198 3034 non
1227 2979 1293 3034 ab
1327 2979 1614 3032 exterioris
1653 2993 1797 3032 cura:
1824 2993 1922 3047 op-

343 3071 625 3140 pressione
667 3085 962 3134 cessamus,
990 3083 1326 3138 nequaquam
1363 3067 1721 3137 nosmetipsos
1751 3067 1923 3122 intue-

344 3178 492 3225 mur,
530 3171 590 3215 nt
625 3162 858 3215 sciamus
884 3161 1026 3215 aliud
1058 3160 1108 3214 in
1138 3159 1294 3214 nobis
1321 3173 1442 3213 esse
1473 3158 1750 3222 rationale,
1780 3159 1921 3227 quod
1952 3133 1996 3194 Ε

345 3254 506 3321 regit,
541 3253 684 3306 aliud
708 3253 956 3316 animale,
987 3253 1127 3321 quod
1157 3251 1363 3322 regitur
1393 3268 1406 3304 :
1436 3251 1538 3305 nisi
1565 3251 1630 3305 ad
1657 3258 1923 3305 secretum

344 3342 549 3397 silentii
589 3351 930 3396 recurrentes
961 3343 1031 3395 ah
1059 3341 1207 3396 omni
1247 3341 1484 3395 exterius
1523 3341 1926 3410 perturbatione

346 3433 648 3501 sopiamur.
678 3431 830 3498 Quod
859 3431 1132 3487 silentium
1158 3440 1404 3486 nostrum
1445 3432 1581 3485 bene
1605 3431 1776 3485 Adam
1799 3432 1924 3486 dor-

347 3523 527 3576 miens
556 3519 823 3591 ﬁguravit,
858 3521 923 3574 de
965 3520 1118 3588 cujus
1142 3535 1264 3574 mox
1296 3521 1463 3575 latere
1494 3521 1685 3576 mulier
1716 3536 1930 3590 proces-

349 3613 461 3676 sit;
491 3613 617 3681 quia
642 3611 886 3680 quisquis
919 3611 987 3665 ad
1026 3611 1282 3666 interiora
1317 3611 1657 3681 intelligenda
1697 3611 1925 3682 rapitur,

349 3720 381 3757 a
419 3704 584 3757 rebus
629 3703 927 3756 visibilibus
966 3703 1165 3758 mentis
1207 3703 1393 3757 oculos
1428 3703 1667 3758 claudit:
1705 3713 1760 3758 et
1805 3713 1930 3759 tunc

351 3793 406 3848 in
429 3808 489 3847 se
523 3793 641 3862 ipso
679 3793 762 3847 vel
790 3809 914 3862 qua:
936 3808 1166 3862 pmesse
1193 3795 1421 3848 viriliter
1451 3795 1681 3849 debeant
1701 3795 1784 3850 vel
1813 3812 1932 3866 qua:

351 3883 578 3938 subesse
601 3884 828 3952 possint,
865 3884 1075 3938 inﬁrma
1115 3885 1413 3956 distinguit,
1458 3893 1518 3938 ut
1556 3886 1700 3940 aliud
1736 3886 1787 3940 in
1817 3887 1931 3957 ipso

352 3974 427 4027 sit
453 4014 468 4039 ,
508 3975 651 4043 quod
700 3989 888 4044 regere
927 3974 1102 4028 valeat
1143 3983 1395 4044 tanquam
1437 3976 1522 4030 vir
1556 3994 1568 4029 :
1603 3976 1768 4041 aliud,
1817 3986 1932 4032 tan-

352 4081 522 4136 quam
556 4064 777 4131 femina,
810 4065 952 4134 qttod
1000 4075 1234 4134 regatur.
1271 4067 1498 4120 Dorsum
1539 4073 1624 4121 est
1653 4082 1681 4119 a
1723 4069 1934 4122 cervice

355 4170 531 4224 usque
561 4156 628 4210 ad
659 4169 834 4210 renes.
865 4156 1074 4209 Dictum
1106 4164 1284 4210 autem
1308 4157 1548 4220 dorsum,
1576 4158 1718 4226 quod
1747 4158 1819 4212 sit
1841 4174 1933 4212 su-

354 4244 611 4313 perﬁcies
637 4244 824 4300 durior
850 4260 1077 4314 corpore
1107 4247 1166 4301 in
1198 4246 1417 4300 modum
1443 4247 1560 4301 saxi
1592 4246 1746 4302 fortis
1783 4257 1838 4303 et
1867 4249 1934 4304 ad

355 4334 682 4404 portandum
711 4342 767 4388 et
801 4335 869 4389 ad
905 4335 1332 4404 perpetiendum.
1382 4334 1556 4406 Terga
1601 4337 1726 4405 quia
1775 4337 1829 4391 in
1870 4352 1935 4393 ea

357 4427 538 4496 supini
577 4427 822 4497 jacemus
863 4427 917 4482 in
967 4436 1110 4482 terra
1145 4427 1326 4497 :qnod
1367 4427 1516 4483 solus
1549 4429 1711 4484 homo
1739 4437 1931 4498 potest.

358 4514 498 4570 Nam
548 4524 695 4570 muta
742 4515 948 4589 [bruta]
992 4517 1242 4572 animalia
1281 4526 1488 4572 tantum
1526 4527 1620 4573 aut
1659 4519 1714 4574 in
1750 4529 1936 4575 ventre

359 4615 455 4661 aut
483 4607 537 4662 in
569 4607 736 4661 latere
772 4606 974 4676 iacent.
1012 4607 1161 4664 Unde
1193 4609 1247 4662 in
1274 4609 1597 4665 animalibus
1625 4619 1772 4682 terga
1799 4611 1934 4666 abu-

360 4697 479 4751 sive
521 4696 773 4751 dicuntur
805 4695 1055 4767 scapuke.
1099 4698 1325 4752 Dorsum
1366 4698 1584 4767 quidem
1629 4708 1791 4770 atque
1831 4709 1936 4756 ter-

361 4802 512 4857 gum,
557 4801 623 4842 eo
649 4788 790 4858 quod
819 4796 943 4842 sunt
972 4789 1300 4858 posteriores
1328 4798 1511 4859 partes
1536 4792 1798 4860 corporis,
1844 4799 1938 4846 aut

365 4876 549 4946 fugam
586 4874 910 4946 signiﬁcant,
954 4885 1012 4932 ut
1045 4886 1129 4932 est
1152 4877 1282 4932 illud
1325 4878 1643 4945 Psalmistte,
1673 4896 1782 4950 quo
1811 4882 1887 4936 ait
1921 4901 1933 4936 :

366 4967 436 5020 Et
478 4967 806 5022 inimicorum
845 4985 1078 5024 meorum
1114 4969 1303 5026 dedisti
1348 4973 1475 5026 mihi
1515 4974 1728 5029 dorsum
1767 4973 1938 5045 (Psal.

365 5058 542 5129 xvtt);
569 5069 625 5114 et
668 5059 796 5114 alibi
843 5060 1101 5131 scriptum
1136 5072 1258 5116 est:
1287 5071 1431 5134 terga
1482 5075 1741 5120 uerterunt
1787 5065 1921 5138 (Jer

361 5169 495 5220 sm
512 5153 554 5224 ).
580 5151 732 5220 Quod
755 5153 1059 5225 signiﬁcem
1083 5162 1262 5223 potest
1293 5156 1630 5211 aversionem
1651 5174 1940 5228 pravorum

264 5285 286 5303 .
366 5258 398 5298 a
429 5241 574 5299 cultu
603 5242 804 5308 divino,
825 5249 882 5296 et
911 5243 1306 5312 despectionem
1333 5259 1472 5300 verte
1501 5245 1774 5316 religionis
1800 5265 1813 5300 :
1840 5248 1944 5303 sic-

367 5343 429 5390 ut
473 5336 528 5390 in
568 5333 868 5390 Ezechielis
895 5334 1100 5388 visione
1132 5334 1354 5405 (Ezech.
1389 5335 1516 5406 vm)
1555 5337 1810 5406 scriptum
1837 5348 1942 5405 est,

368 5425 513 5495 quod
547 5425 648 5480 viri
686 5432 921 5486 stantes,
961 5430 1150 5478 contra
1182 5423 1435 5494 templum
1461 5425 1619 5480 dorsa
1653 5442 1806 5482 versa
1849 5429 1945 5482 ha-

373 5515 584 5578 berent,
623 5525 678 5569 et
702 5513 840 5568 facie
869 5513 1200 5582 respicerent
1235 5514 1301 5569 ad
1332 5513 1462 5568 solis
1495 5523 1694 5569 ortum.
1728 5515 1860 5571 Item
1889 5517 1944 5572 in

373 5607 535 5661 dorso
560 5605 643 5660 vel
676 5615 826 5676 tergo
851 5604 1224 5676 signiﬁcantur
1255 5591 1502 5674 cdrporei
1539 5604 1774 5672 dolores,
1810 5622 1946 5677 quos

377 5697 538 5753 illatis
568 5698 881 5753 verberibus
908 5696 1081 5753 sancti
1111 5697 1211 5752 viri
1242 5696 1600 5753 sustinebunt.
1633 5696 1786 5754 Unde
1818 5714 1945 5770 pro-

2015 1883 2125 1938 Sed
2170 1899 2296 1939 ecce
2344 1883 2519 1937 adhuc
2564 1890 2688 1951 post
2737 1891 2942 1952 tergum
2993 1883 3238 1952 sequitur
3273 1895 3326 1940 et
3368 1895 3599 1943 monet:

2013 1977 2140 2046 quia
2177 1973 2288 2042 jam
2321 1983 2375 2028 et
2404 1991 2433 2026 a
2473 1974 2626 2027 nobis
2659 1981 2999 2042 contemptus
3043 1982 3148 2038 est,
3188 1983 3242 2029 et
3289 1983 3468 2030 tamen
3503 1992 3601 2032 nos

2015 2066 2192 2120 adhuc
2218 2079 2415 2118 vocare
2443 2078 2547 2116 non
2579 2070 2776 2116 cessat.
2807 2062 2972 2128 Quasi
2998 2063 3214 2118 dorsum
3243 2065 3293 2120 ei
3322 2066 3375 2120 in
3403 2065 3599 2122 faciem

2015 2156 2278 2218 dedimus,
2327 2153 2481 2222 cujus
2518 2153 2682 2208 verba
2723 2153 3076 2222 despicimus,
3115 2155 3270 2225 cujus
3296 2158 3459 2212 verba
3491 2159 3602 2213 cal-

2016 2263 2203 2302 camus
2229 2264 2242 2301 :
2270 2247 2365 2301 sed
2391 2263 2490 2302 nos
2526 2255 2645 2317 post
2689 2257 2899 2320 tergum
2925 2258 3077 2304 stans
3109 2266 3332 2307 aversos
3360 2265 3597 2320 revocat,

2017 2340 2106 2407 qui
2133 2347 2188 2394 et
2210 2338 2371 2403 videt,
2403 2341 2546 2408 quod
2576 2339 2886 2408 despicitur,
2911 2349 2965 2395 et
2993 2350 3171 2397 tamen
3202 2359 3300 2414 per
3331 2357 3601 2418 praecepta

2017 2428 2232 2496 clamat,
2255 2445 2354 2500 per
2370 2431 2687 2498 patientiam
2707 2442 3006 2502 exspectat.
3032 2434 3451 2506 lnterscapulum
3479 2455 3604 2510 spa-

2022 2521 2152 2576 tium
2185 2523 2402 2587 dicitur,
2431 2524 2575 2592 quod
2599 2525 2738 2578 inter
2767 2525 3014 2594 scapulas
3036 2536 3141 2589 est,
3175 2529 3318 2584 unde
3343 2540 3398 2584 et
3425 2533 3602 2586 nomi-

2021 2621 2200 2666 natur.
2247 2612 2302 2666 ln
2339 2614 2573 2684 scapulis
2603 2615 2747 2669 enim
2788 2630 3076 2684 possumus
3101 2617 3421 2688 intelligere,
3450 2620 3605 2688 juxta

2020 2702 2354 2772 allegoriam,
2388 2705 2570 2758 oneris
2618 2705 2886 2760 sarcinam
2934 2724 2946 2758 :
2989 2715 3048 2761 ut
3100 2717 3184 2762 est
3239 2709 3406 2774 illud,
3458 2713 3602 2782 quod

2019 2793 2292 2846 Abraham
2330 2792 2520 2847 tollens
2549 2809 2742 2863 panem
2766 2803 2822 2849 et
2849 2804 3024 2850 utrem
3054 2811 3209 2866 aqua:
3229 2797 3484 2867 imposuit
3507 2817 3604 2856 su-

2020 2898 2118 2952 per
2148 2883 2397 2953 scapulas
2437 2884 2582 2955 Agar
2609 2881 2775 2955 (Gen.
2803 2886 2930 2956 xxr)
2965 2905 2977 2940 :
3007 2887 3092 2942 vel
3139 2893 3482 2958 operationes
3522 2894 3606 2948 di-

2027 2987 2238 3036 versas,
2261 2973 2416 3042 juxta
2449 2974 2596 3039 illud,
2620 2975 2762 3044 quod
2791 2975 2844 3030 in
2875 2975 3090 3032 Psalmo
3115 2979 3182 3033 de
3208 2979 3316 3034 Deo
3342 2973 3628 3052 scriptum‘

2027 3069 2108 3116 est
2147 3080 2160 3114 :
2193 3060 2432 3132 Scapulis
2455 3064 2564 3118 suis
2610 3064 2936 3119 obumbrabit
2962 3067 3054 3120 tibi
3087 3067 3105 3140 (
3131 3067 3276 3124 Psal.
3310 3070 3432 3134 xc).
3479 3073 3609 3128 Sca-

2027 3153 2167 3222 pula:
2199 3154 2411 3208 Domini
2441 3164 2566 3209 sunt
2589 3157 2931 3226 operationes
2959 3161 3307 3228 mirabilium,
3335 3174 3432 3233 per
3450 3181 3606 3235 quas,

2027 3245 2173 3300 velut
2203 3247 2522 3316 quibusdam
2567 3248 2829 3315 humeris,
2872 3252 3040 3308 virtus
3129 3254 3307 3310 divina
3341 3267 3609 3313 monstra-

2028 3345 2131 3390 tur.
2162 3335 2311 3392 Uude.
2334 3352 2458 3390 cum
2485 3338 2594 3392 Deo
2622 3339 2875 3408 scapuhe,
2906 3341 3046 3396 oculi
3081 3344 3430 3401 brachiumve
3469 3348 3608 3404 dici-

2029 3435 2138 3491 tur,
2163 3428 2464 3482 cavendmn
2501 3441 2845 3498 summopere
2885 3441 2987 3495 est,
3022 3447 3090 3487 ne
3125 3435 3254 3504 quid
3285 3436 3338 3490 in
3365 3451 3429 3492 eo
3458 3454 3612 3494 mens

2027 3511 2343 3588 corporeum
2363 3521 2683 3589 suspicetur.
2702 3521 2758 3575 In
2777 3524 3311 3596 antbropomorphita
3321 3545 3434 3582 rum
3459 3548 3612 3584 nam-

2030 3626 2134 3680 que
2161 3613 2408 3666 haeresim
2439 3615 2628 3669 cadere
2649 3621 2733 3668 est
2756 3631 2902 3680 eum,
2948 3617 3039 3687 qui
3075 3617 3488 3690 incircumsepte
3518 3623 3614 3676 iut-

2031 3703 2141 3771 plet
2167 3711 2223 3757 et
2248 3703 2709 3773 circumplectitur
2733 3706 2914 3760 omnia
2949 3707 3090 3762 inter
3113 3711 3413 3778 corporalia
3444 3712 3612 3767 liuea-

2031 3800 2213 3845 menta
2239 3793 2580 3848 concludere.
2612 3794 2718 3850 Sed
2747 3797 3089 3866 omnipotens
3131 3799 3271 3854 Deus
3297 3801 3362 3855 ad
3395 3817 3490 3855 sua
3519 3819 3618 3856 uos

2033 3882 2277 3947 trahens,
2309 3897 2480 3952 usque
2501 3884 2568 3937 ad
2595 3894 2778 3940 nostra
2813 3899 2869 3940 se
2893 3885 3142 3940 humiliat
3169 3903 3184 3942 :
3215 3897 3376 3956 atque
3421 3898 3480 3943 ut
3507 3891 3614 3943 alta

2034 3971 2352 4038 insinuaret,
2399 3975 2691 4030 humilibus
2734 3976 3136 4042 condescendit,
3183 3986 3452 4046 quatenus
3493 3997 3615 4049 par-

2034 4061 2179 4116 vulis
2210 4064 2422 4118 animus
2450 4065 2610 4120 rebus
2639 4066 2872 4133 cognitis
2902 4065 3170 4119 enutritus
3195 4068 3261 4118 ad
3297 4068 3615 4135 inquirenda

2035 4164 2292 4226 exsurgat
2320 4155 2610 4223 incognita,
2645 4164 2804 4224 atque
2839 4154 2907 4209 ad
2933 4170 3082 4220 cum,
3127 4157 3219 4224 qui
3264 4156 3418 4227 longe
3455 4174 3616 4227 super

2035 4247 2210 4317 ipsum
2239 4254 2342 4308 est,
2373 4246 2615 4312 quaedam
2635 4243 2791 4314 juxta
2832 4260 2892 4299 se
2915 4245 3155 4309 audiens,
3206 4249 3360 4316 quasi
3391 4249 3614 4317 quibus-

2038 4338 2160 4392 dam
2197 4337 2264 4391 ad
2310 4337 2459 4390 illum
2499 4335 2747 4406 passibus
2792 4345 3093 4391 moveatur.
3147 4335 3296 4394 Unde
3319 4339 3376 4392 ﬁt
3423 4349 3482 4395 ut
3527 4358 3622 4410 per

2039 4429 2360 4498 scripturam
2391 4443 2544 4481 suam
2578 4426 2867 4497 aliquando
2893 4444 2924 4482 a
2965 4429 3280 4499 corporibus
3315 4431 3617 4496 hominum,

2039 4519 2329 4590 aliquando
2363 4535 2394 4572 a
2433 4519 2703 4573 mentibus
2731 4559 2744 4584 ,
2803 4519 3090 4588 aliquando
3130 4535 3261 4577 vero
3301 4521 3370 4576 ab
3407 4523 3620 4588 avibus,

2040 4609 2324 4678 aliquando
2366 4609 2528 4664 etiam
2558 4609 2626 4663 ab
2659 4608 2942 4664 insensatis
2969 4610 3130 4665 rebus
3156 4611 3420 4680 quasdam
3463 4612 3618 4683 longe

2040 4699 2329 4755 dissimiles
2384 4699 2435 4752 in
2489 4715 2548 4754 se
2606 4699 2988 4754 similitudines
3042 4701 3239 4756 trahat.
3296 4701 3623 4771 Plerumque

2039 4791 2184 4846 enim
2242 4789 2617 4860 acorporibus
2671 4789 2950 4844 hominum
3002 4789 3056 4844 in
3107 4806 3167 4845 se
3214 4791 3621 4847 similitudinem

2041 4883 2210 4936 trahit
2245 4900 2260 4935 :
2293 4881 2434 4936 sicut
2463 4881 2529 4936 de
2557 4895 2624 4935 eo
2658 4881 2895 4951 speranti
2937 4881 3138 4935 homini
3168 4896 3266 4950 per
3303 4883 3622 4951 prophetam

2048 4973 2246 5027 dicitur
2282 4990 2296 5026 :
2330 4971 2397 5025 In
2441 4971 2666 5041 scapulis
2708 4971 3033 5025 obumbrabit
3060 4971 3153 5025 tibi
3197 4971 3214 5042 (
3243 4971 3426 5040 Ibid.)
3455 4991 3471 5025 :
3499 4987 3623 5026 cum

2047 5072 2278 5130 constet,
2309 5065 2451 5134 quod
2482 5065 2534 5118 in
2577 5071 2766 5116 natura
2809 5079 2904 5117 sua
2951 5078 3050 5118 nec
3085 5062 3298 5118 oculum
3332 5063 3496 5130 Deus,
3527 5078 3625 5118 nec

2047 5155 2294 5224 scapulas
2332 5155 2544 5217 habeat,
2594 5168 2694 5208 nec
2739 5163 2934 5208 uetera
2980 5153 3306 5206 lineamenta
3354 5154 3626 5208 membro-

2049 5261 2188 5300 rum.
2220 5243 2324 5299 Sed
2352 5245 2479 5313 quia
2521 5259 2619 5298 nos
2647 5258 2743 5314 per
2772 5243 2986 5298 oculum
3017 5241 3309 5306 cernimus,
3339 5243 3394 5298 in
3427 5259 3620 5313 scapu-

2046 5335 2116 5389 lis
2144 5348 2270 5388 vero
2289 5348 2455 5388 onera
2486 5333 2830 5395 sustinemus,
2863 5332 3004 5386 Dens
3048 5332 3188 5401 quod
3213 5333 3392 5389 omnia
3418 5335 3620 5401 videat,

2043 5424 2256 5481 oculum
2303 5423 2502 5478 habere
2542 5423 2859 5492 perhibetur
2888 5423 3069 5490 rquod
3106 5436 3236 5478 vero
3284 5438 3384 5478 nos
3424 5423 3624 5480 tolerat

2043 5524 2206 5586 atque
2251 5528 2316 5569 eo
2345 5515 2480 5584 ipso,
2515 5528 2620 5584 quo
2649 5511 2860 5576 tolerat,
2905 5522 3105 5567 servat.
3145 5513 3471 5568 obumbrare
3521 5529 3622 5570 nos

2045 5608 2099 5662 in
2123 5605 2358 5676 scapulis
2382 5605 2595 5660 dicitur.
2623 5603 2716 5658 Ait
2752 5602 2894 5658 enim
2924 5620 2938 5656 :
2965 5605 3020 5656 in
3050 5604 3277 5670 scapulis
3299 5607 3408 5660 suis
3439 5606 3628 5660 obum—

2047 5700 2212 5756 brabit
2255 5699 2394 5755 tibi:
2419 5714 2482 5753 ac
2516 5698 2560 5754 si
2597 5698 2804 5752 diceret
2838 5697 3109 5768 peccatori
3154 5697 3357 5753 homini
3401 5709 3458 5754 et
3503 5711 3632 5771 post
