4072 6198
452 349 550 403 16⁷

1080 341 1142 395 Β.
1181 334 1435 392 BABA‘NI
1473 331 1689 389 MAURI
1728 328 2046 386 ARCHIEP.
2087 322 2393 384 MOGUNT.
2435 317 2717 379 OPERUM
2753 316 2932 374 PARS
2962 317 3026 373 ll.

3595 313 3696 369 {68

446 467 722 531 peceatum
748 469 958 510 veniam
996 450 1348 523 deprecanti:
1387 449 1462 503 Ea
1497 447 1697 517 pietate
1744 454 1796 498 te
1836 443 2016 498 Domi-
2043 449 2091 508 Α
2119 449 2274 495 utero
2324 437 2520 508 pendet
2552 453 2565 490 :
2599 449 2665 489 ex
2707 449 2771 488 eo
2811 432 2953 488 enim
3002 437 3059 485 et
3105 424 3452 531 nutrituriln
3498 423 3697 531 inn-this

447 570 548 609 nus
573 556 832 622 proteget,
871 561 974 616 qua
1001 553 1055 599 te
1076 543 1324 598 toleravit
1355 559 1368 593 :
1400 539 1706 602 obumbrat,
1739 537 1792 590 id
1830 544 1930 597 est,
1963 535 2018 588 in

447 641 678 714 smpulis
721 639 854 702 suis,
883 637 996 707 qui,
1019 635 1174 690 'dum
1207 641 1407 704 portat,
1446 629 1700 685 defendit.
1734 626 1899 696 Spina
1939 632 2024 680 est

447 733 696 800 iunctura
725 729 891 792 dorsi,
921 727 1064 781 dicta
1093 740 1178 789 eo,
1209 724 1350 793 quod
1397 722 1592 776 habeat
1634 717 1865 773 radiolos
1900 731 2022 770 acu-

451 833 553 878 tos.
592 819 753 889 Cujus
789 819 1052 890 junctum
1099 811 1380 884 spondylia
1429 809 1765 880 appellantur
1802 814 2023 878 propter

449 922 654 982 partem
687 909 915 972 cerebri,
951 922 1070 976 qua:
1110 905 1282 960 fertur
1302 917 1398 972 per
1421 903 1520 957 hos
1555 901 1712 969 longo
1749 907 1920 954 tractu
1955 895 2020 950 at]

449 1015 672 1058 cteteras
705 999 946 1070 corporis
975 1006 1172 1070 partes.
1222 995 1388 1051 Sacra
1439 993 1590 1063 spina
1629 1001 1708 1047 est
1755 993 1859 1045 iuta
1897 1005 2020 1060 pcr-

451 1105 620 1164 peluze
655 1093 842 1160 spinae,
870 1105 1028 1158 quam
1061 1087 1230 1143 Graeci
1257 1087 1406 1140 ieron
1437 1093 1632 1139 ostoun
1661 1089 1876 1146 vocant,
1891 1093 2022 1150 quo-

453 1192 591 1243 niatu
631 1188 860 1258 primum
895 1183 1098 1238 infante
1140 1190 1400 1250 concepto
1430 1178 1689 1241 nascitur,
1721 1175 1945 1242 ideoque
1969 1180 2024 1227 et

453 1282 625 1335 hostia
671 1279 724 1331 id
762 1277 995 1346 primunt
1041 1289 1069 1328 a
1115 1271 1404 1340 gentilibus
1444 1269 1546 1323 diis
1597 1267 1711 1320 suis
1753 1265 2020 1318 dabatur:

451 1368 588 1420 unde
615 1376 666 1418 et
705 1378 858 1418 sacra
907 1360 1058 1429 spina
1101 1359 1316 1413 dicitur.
1355 1356 1518 1425 Spina
1556 1354 1698 1408 enim
1740 1348 2026 1420 aliquando

452 1473 546 1526 pro
595 1452 906 1508 fortitudine
963 1449 1246 1519 corporis,
1302 1445 1592 1515 aliquando
1643 1457 1741 1514 pro
1796 1441 2026 1496 elatione

454 1544 649 1599 mentis
685 1551 846 1611 atque
877 1539 1126 1594 omnibus
1155 1535 1392 1608 peccatis
1433 1535 1670 1604 ponitur.
1702 1531 1854 1587 Unde
1891 1530 2025 1586 scri-

454 1646 603 1704 ptum
628 1641 709 1688 est
729 1633 782 1686 in
810 1629 1015 1701 psalmo
1045 1648 1058 1682 :
1087 1625 1376 1682 Conversus
1400 1641 1514 1679 sum
1545 1625 1600 1678 in
1627 1637 1862 1678 (erumna
1885 1637 2023 1686 mea,

451 1727 574 1779 dum
607 1723 952 1793 confringitur
975 1720 1101 1774 mihi
1130 1719 1279 1788 spina
1309 1717 1327 1788 (
1345 1714 1492 1770 Psal.
1539 1712 1720 1784 xxx1).
1750 1712 1912 1783 Spina
1942 1718 2026 1766 est

2121 531 2408 601 aliquando
2462 527 2720 584 fortitudo
2761 526 2925 581 animi
2975 522 3312 594 exprimitur,
3358 519 3512 591 juxta
3565 519 3697 577 illud

2121 622 2360 694 Apostoli
2397 640 2408 676 :
2443 620 2702 691 Arcingite
2727 617 2928 672 lumbos
2953 615 3139 671 mentis
3164 623 3346 668 vestra:
3368 609 3536 683 (Eph.
3562 609 3649 682 vt)
3679 628 3694 666 :

2122 721 2178 768 et
2223 711 2510 782 aliquando
2557 711 2722 766 libido
2775 709 2974 773 carnis,
3025 713 3085 760 ut
3129 719 3291 773 supra
3339 701 3542 757 dictum
3591 710 3696 756 est.

2123 803 2277 858 Unde
2315 803 2384 858 ad
2405 802 2506 859 Job
2536 802 2602 858 de
2635 799 2929 854 Beltemoth
2975 795 3233 851 Dominus
3261 793 3378 848 ait:
3411 791 3697 846 Fortitudo

2121 897 2236 968 ejus
2259 898 2314 950 in
2339 895 2524 950 lumbis
2551 895 2666 964 ejus
2694 909 2713 948 :
2746 901 2794 946 et
2825 890 2986 945 virtus
3012 889 3126 957 ejus
3154 888 3209 941 in
3235 884 3478 942 umbilico
3508 884 3699 939 ventris

2122 991 2286 1061 ipsius
2334 987 2496 1060 (Job.
2543 1003 2609 1040 xt.
2631 983 2672 1056 ).
2706 981 3010 1038 Seminaria
3038 979 3212 1034 coitus
3254 977 3384 1031 viris
3412 976 3464 1029 in
3499 975 3701 1029 lumbis

2124 1096 2244 1137 esse
2275 1099 2288 1134 :
2318 1080 2373 1134 in
2405 1077 2657 1133 umbilico
2685 1083 2864 1131 autem
2897 1073 3076 1127 inesse
3120 1068 3336 1125 feminis
3360 1067 3694 1137 perhibetur,

2124 1179 2184 1226 ut
2207 1185 2370 1240 supra
2413 1167 2765 1224 ostendimus.
2815 1163 2952 1218 liine
2977 1170 3060 1217 est
3107 1161 3270 1224 enim,
3318 1159 3459 1228 quod
3486 1157 3699 1212 Veritas

2124 1259 2403 1330 discipulis
2445 1257 2614 1312 dicit:
2656 1254 2775 1309 Sint
2823 1251 2986 1308 lumbi
3025 1249 3177 1304 vestri
3215 1247 3482 1318 prtccincti
3525 1245 3696 1316 (Luc.

2125 1353 2256 1422 xu).
2286 1349 2421 1404 Hinc
2445 1348 2638 1402 Petrus
2665 1359 2785 1399 cum
2812 1341 3079 1396 luxuriam
3107 1355 3136 1392 a
3163 1337 3326 1392 corde
3350 1336 3701 1406 restringeret

2125 1439 2468 1503 admonebat,
2512 1439 2732 1492 dicens:
2762 1433 3022 1488 Succincli
3051 1430 3253 1485 lumbos
3293 1428 3476 1482 mentis
3517 1437 3700 1482 vestrm

2128 1533 2196 1606 (Ι
2249 1532 2394 1587 Petr.
2426 1531 2497 1600 ι).
2527 1528 2664 1583 Hine
2691 1525 2888 1582 Paulus
2926 1540 3050 1580 cum
3080 1538 3178 1594 per
3220 1521 3453 1577 Abrahzc
3491 1519 3701 1575 sacrifi-

2126 1625 2268 1680 cium
2297 1620 2692 1676 Melehisedech
2729 1628 2970 1687 tempore
3007 1613 3134 1669 Levi
3167 1613 3528 1668 sacerdotium
3556 1611 3701 1667 dice-

2127 1723 2212 1770 ret
2240 1713 2588 1775 declinatum,
2637 1709 2727 1763 ubi
2769 1719 2895 1762 tunc
2941 1707 2992 1761 in
3036 1705 3268 1761 Abrahae
3305 1719 3532 1775 corpore
3566 1703 3697 1760 Levi

451 1820 618 1882 enim,
645 1833 764 1886 quze
795 1823 960 1868 totum
986 1827 1183 1882 corpus
1209 1809 1369 1878 erigit
1393 1816 1554 1876 atque
1593 1805 1849 1861 continet.
1899 1803 2026 1858 lla-c
2055 1802 2099 1861 B
2127 1805 2340 1866 lateret,
2369 1799 2682 1860 ostendens,
2713 1799 2789 1851 ait
2820 1815 2834 1850 :
2865 1795 3050 1850 Adhuc
3078 1796 3214 1849 enim
3235 1795 3290 1848 in
3316 1793 3502 1848 luntbis
3531 1794 3698 1863 patris

453 1927 548 1979 pro
577 1906 826 1978 superbia
869 1904 1062 1959 merito
1096 1901 1267 1973 posita
1305 1907 1412 1965 est,
1461 1913 1580 1969 quae
1613 1895 1885 1953 confracta
1915 1910 2022 1949 non

452 1999 634 2067 dejicit
659 1997 724 2051 ad
764 1995 1064 2058 interitum,
1114 1990 1209 2046 sed
1245 1989 1406 2058 erigit
1442 1987 1622 2057 potius
1667 1986 1734 2040 ad
1774 1983 2022 2040 salutent.

456 2089 587 2142 Dum
615 2085 757 2140 cnim
789 2081 1048 2136 fortitudo
1071 2088 1126 2135 ct
1154 2079 1484 2149 prosperitas
1507 2075 1750 2146 corporis
1786 2072 2026 2128 confrin-

452 2178 610 2247 gitur,
642 2187 862 2228 necesse
888 2181 988 2236 est,
1039 2178 1098 2225 ut
1139 2171 1207 2224 ad
1241 2169 1418 2224 cordis
1447 2165 1800 2220 humilitatem
1831 2163 2026 2218 mentis

453 2269 639 2323 intima
669 2272 1006 2321 revocentur.
1043 2262 1188 2317 Bene
1231 2262 1332 2316 hoc
1355 2259 1472 2314 loco
1499 2272 1598 2327 per
1629 2257 1836 2326 spinam
1863 2269 2024 2310 omne

451 2369 731 2430 peccatum
761 2357 1036 2412 evidenter
1065 2353 1417 2424 exprimitur,
1451 2349 1577 2420 quia
1602 2351 1728 2403 dum
1766 2345 1931 2400 trahit
1958 2345 2023 2400 ad

453 2449 895 2512 delectationem,
958 2444 1110 2514 quasi
1173 2442 1456 2514 pungendo
1512 2440 1716 2502 lacerat
1767 2445 2020 2492 mentem.

457 2539 590 2594 Hinc
615 2553 744 2608 ergo
767 2535 897 2604 justi
920 2544 971 2590 et
991 2533 1300 2604 paenitentis
1331 2545 1460 2586 voce
1481 2530 1708 2585 dicitur:
1734 2526 2024 2582 Conversus

456 2647 570 2682 sum
610 2629 663 2681 in
701 2643 935 2680 (erumna
983 2641 1120 2690 mea,
1148 2623 1273 2676 dum
1302 2620 1650 2692 confringitur
1673 2619 1800 2673 mihi
1831 2620 1979 2690 spina
2004 2631 2023 2670 :

457 2717 578 2786 quia
605 2716 808 2771 scilicet
837 2729 988 2768 mens
1030 2714 1096 2768 ad
1124 2713 1415 2767 lnmentum
1445 2709 1692 2775 vertitur,
1730 2716 1790 2762 ut
1817 2709 2024 2778 peccati

456 2805 673 2876 punctio
718 2802 1026 2874 paenitendo
1055 2801 1352 2872 frangatur.
1399 2799 1578 2854 Renes
1617 2799 1694 2853 ait
1737 2798 1910 2854 Varro
1946 2798 2026 2854 di.-

457 2907 588 2961 ctos,
621 2895 762 2965 quod
793 2893 892 2948 rivi
939 2893 1007 2948 ab
1053 2893 1138 2947 his
1177 2890 1396 2946 obsceni
1434 2890 1674 2946 humoris
1709 2897 2023 2944 nascantur.

456 2985 588 3041 Nam
615 3000 764 3040 vena:
784 2993 840 3040 et
863 2984 1105 3039 medulla:
1134 2994 1346 3038 tenuem
1379 2983 1640 3054 liquorem
1679 2981 1945 3037 desudant
1970 2980 2023 3034 in

458 3079 694 3143 renibus,
737 3077 826 3146 qui
863 3075 1036 3147 liquor
1067 3089 1279 3129 rursum
1319 3075 1372 3128 in
1400 3074 1618 3129 renibus
1659 3073 1842 3128 calore
1865 3083 2027 3125 vene-

455 3171 536 3224 rio
565 3168 832 3223 resolutus
863 3166 1118 3222 decurrit.
1151 3165 1326 3220 Renes
1353 3165 1638 3236 aliquando
1663 3179 1762 3234 pro
1783 3171 2028 3218 constan-
2052 3153 2098 3216 C

457 3261 528 3314 tia
561 3259 756 3313 mentis
801 3268 1118 3328 ponuntur:
1149 3257 1272 3326 quia
1313 3256 1454 3311 sicut
1489 3257 1579 3310 isti
1619 3271 1816 3325 corpus
1858 3255 2030 3312 conti-

457 3357 613 3412 nent,
655 3349 729 3402 ita
774 3347 937 3401 animi
977 3346 1326 3401 stabilitatem
1361 3353 1416 3401 et
1457 3345 1546 3400 illa
1587 3346 1841 3401 custodit.
1877 3344 2030 3400 Unde

457 3442 718 3512 prepheta
746 3440 823 3494 ait
853 3456 867 3493 :
898 3437 1062 3492 Renes
1092 3439 1190 3492 mei
1220 3436 1429 3491 resoluti
1455 3446 1575 3492 sunt
1608 3434 1796 3508 (Psal.
1826 3435 2026 3510 uxu).

460 3534 636 3587 Renes
663 3547 792 3602 ergo
819 3545 946 3586 suos
987 3531 1123 3584 dixit
1147 3544 1266 3585 esse
1302 3529 1506 3584 solutos
1531 3547 1544 3583 :
1570 3529 1696 3600 quia
1736 3529 2032 3583 mundana-

461 3639 579 3676 rum
613 3637 792 3676 rerum
823 3620 1134 3676 felicitatem
1175 3619 1384 3674 incauta
1414 3619 1689 3674 voluntate
1722 3618 2027 3689 quaesierat.

461 3711 590 3766 Item
637 3726 792 3766 rencs
829 3709 1082 3764 interiora
1133 3709 1312 3765 cordis
1347 3717 1491 3774 sunt,
1539 3717 1598 3763 ut
1635 3711 1688 3764 in
1722 3709 1980 3780 propheta
2011 3723 2026 3760 :

461 3801 572 3870 Ego
618 3799 870 3858 Dominus
913 3807 1152 3864 scrutaris
1191 3815 1336 3854 renes
1371 3808 1419 3854 et
1457 3799 1616 3854 corda
1662 3797 1810 3870 (Jer.
1862 3799 2027 3871 xvn).

462 3893 694 3948 Rursum
727 3906 885 3947 renes
923 3891 1333 3946 delectationem
1371 3891 1550 3946 carnis
1591 3891 1660 3946 ob
1688 3889 1860 3945 ﬂuxas
1886 3890 2032 3960 cogi-

464 3984 692 4037 tationes
718 3981 1004 4052 aliquando
1025 3980 1346 4051 significant.
1377 3981 1525 4036 Unde
1547 3980 1832 4036 Psalmista
1861 3981 2025 4052 petit:

463 4071 569 4126 Ure
595 4087 741 4126 renes
768 4087 907 4125 meos
930 4079 980 4124 et
1005 4085 1097 4124 σοι·
1131 4086 1300 4124 meum
1327 4067 1452 4142 (Ps.
1501 4068 1661 4142 xxv).
1687 4068 1746 4124 Si
1766 4071 1910 4124 enim
1941 4085 2032 4125 vo-

464 4162 719 4233 luptatem
749 4161 983 4217 libidinis
1019 4161 1072 4215 in
1109 4161 1328 4216 renibus
1363 4175 1485 4216 esse
1529 4161 1796 4226 nesciret,
1825 4176 1919 4217 eos
1947 4161 2032 4216 uri

467 4260 686 4313 minime
713 4259 934 4328 petisset
960 4275 973 4310 :
1009 4257 1110 4312 hoc
1129 4264 1231 4322 est,
1259 4265 1318 4310 ut
1345 4257 1728 4312 delectationes
1756 4263 1811 4310 et
1837 4256 2035 4328 cogita-

466 4351 638 4404 tiones
681 4350 926 4404 humanae
974 4351 1123 4406 verbi
1175 4349 1385 4405 Domini
1431 4348 1611 4404 calore
1653 4358 2029 4418 purgarentur.

466 4439 600 4492 Hinc
631 4440 766 4493 bene
797 4441 848 4492 in
881 4441 1064 4494 Exodo
1094 4453 1250 4495 renes
1276 4441 1478 4495 habere
1514 4439 1786 4494 accinctos
1825 4438 2035 4494 Israeli-

467 4530 535 4582 tis
583 4529 890 4598 praccipitur
919 4530 968 4582 in
1001 4530 1238 4600 paschali
1267 4529 1444 4584 edulio
1481 4527 1686 4599 (Exod.
1717 4529 1823 4598 xu)
1851 4547 1862 4582 :
1895 4544 2032 4599 quo-
2059 4499 2111 4559 Ι)

471 4633 609 4670 niam
658 4617 747 4686 qui
789 4617 982 4685 pascha
1013 4618 1269 4683 comedit,
1319 4617 1517 4672 habere
1561 4630 1720 4672 renes
1763 4616 2036 4674 accinctos

469 4711 837 4777 dottetmtqui
864 4709 1267 4762 solemnitatem
1314 4707 1738 4762 resurrectionis
1779 4717 1940 4775 atque
1969 4709 2056 4758 in-

480 4803 853 4869 corruptinnis
889 4801 1018 4868 agit,
1067 4798 1407 4868 corruptioni
1461 4798 1574 4867 jam
1632 4814 1728 4868 per
1758 4797 1887 4851 vitia
1924 4796 2055 4850 nulli

485 4889 784 4958 suhjact-at,
807 4886 1108 4950 voluptates
1135 4883 1376 4946 edomct,
1418 4895 1634 4936 carnem
1667 4898 1696 4936 a
1728 4879 1940 4936 luxuria
1963 4895 2054 4934 re-

472 4987 730 5052 stringat.
757 4977 948 5033 l.umhi
979 4977 1050 5032 ob
1083 4975 1326 5030 libidinis
1360 4975 1639 5028 lasciviam
1675 4972 1828 5033 dicti,
1850 4975 1975 5042 quia
2001 4973 2055 5028 in

475 5070 609 5122 viris
629 5080 796 5120 causa
818 5077 1094 5132 μοιμοι-ραι
1116 5060 1415 5129 voluptatis
1453 5060 1505 5112 in
1531 5058 1662 5126 ipsis
1679 5065 1785 5121 est,
1824 5057 1968 5112 sicut
1999 5057 2054 5112 in

479 5158 742 5210 umbilico
765 5155 1004 5210 feminis.
1039 5151 1196 5208 Unde
1213 5161 1268 5208 et
1286 5151 1351 5204 ad
1371 5148 1472 5204 Job
1503 5150 1559 5205 in
1587 5149 1810 5205 exordio
1844 5161 2063 5204 sermo-

467 5244 554 5298 nis
588 5244 788 5298 dictum
817 5253 901 5300 est
933 5263 948 5300 :
979 5245 1202 5318 Accinge
1226 5247 1359 5302 sicut
1398 5248 1478 5303 vir
1501 5247 1704 5306 lumbos
1731 5259 1848 5306 tuos
1871 5250 1888 5324 (
1911 5251 2032 5308 Job.

467 5336 738 5410 xxxvm);
781 5345 840 5392 ut
887 5339 942 5392 in
974 5338 1060 5394 his
1092 5347 1235 5394 esset
1271 5341 1555 5397 resistendi
1596 5343 1936 5412 praeparatio,
1980 5344 2034 5399 in

467 5425 664 5494 quibus
691 5427 927 5484 libidinis
959 5438 1042 5482 est
1075 5429 1270 5483 usitata
1301 5429 1613 5485 dominandi
1639 5433 1874 5488 occasio.
1905 5433 2038 5490 Um-

467 5511 660 5568 bilicus
687 5523 772 5568 est
797 5517 1005 5572 medius
1053 5517 1202 5574 locus
1237 5519 1502 5589 corporis,
1540 5519 1732 5586 dictus,
1781 5521 1923 5591 quod
1969 5523 2040 5578 sit

470 5601 664 5656 umbus
707 5601 937 5658 iliorum.
973 5606 1124 5662 Unde
1160 5617 1216 5662 et
1261 5608 1424 5663 umbo
1471 5609 1768 5678 appellatur
1809 5611 1959 5666 locus
1981 5611 2038 5667 in

471 5689 650 5746 medio
683 5691 874 5762 clypei,
925 5711 953 5750 a
985 5711 1090 5765 quo
1125 5699 1339 5767 pendet.
1383 5699 1457 5754 Ex
1486 5715 1551 5756 eo
1594 5701 1738 5756 enim
1781 5702 1957 5759 infans
1983 5704 2038 5761 in

2123 1903 2234 1949 erat
2261 1891 2430 1965 (Heb.
2473 1888 2602 1959 vu).
2634 1887 2767 1954 Quia
2797 1902 2927 1942 vero
2977 1883 3323 1939 seminarium
3365 1883 3588 1938 luxuriae
3618 1883 3698 1938 fe—

2123 1984 2284 2039 minis
2311 1983 2366 2037 in
2405 1980 2657 2038 umbilico
2703 1978 3032 2040 continetur,
3087 1974 3351 2046 Propheta
3406 1983 3698 2030 attestuntc

2121 2073 2428 2132 didicimus.
2455 2071 2546 2140 qui
2576 2069 2677 2124 sub
2703 2068 2882 2139 specie
2931 2065 3143 2122 feminae.
3170 2065 3470 2136 prostituta:
3497 2063 3697 2120 Iudaeae

2123 2163 2473 2237 petulantiam
2506 2161 2790 2231 increpans
2830 2159 2906 2214 ait
2934 2176 2948 2211 :
2973 2156 3040 2211 In
3075 2157 3160 2211 die
3192 2165 3336 2210 ortus
3364 2157 3442 2210 tui
3478 2172 3580 2208 non
3619 2165 3696 2211 est

2122 2254 2370 2324 prtecisus
2412 2250 2687 2306 umbilicus
2725 2259 2846 2303 tuus
2875 2247 3100 2322 (Ezech.
3133 2245 3278 2317 xvt).
3325 2246 3476 2300 llium
3508 2245 3697 2301 Graeco

2123 2357 2373 2400 sermone
2426 2341 2747 2413 appellatum
2771 2380 2788 2406 ,
2847 2339 2990 2409 quod
3043 2338 3115 2394 ibi
3168 2353 3268 2394 nos
3324 2337 3693 2393 obvolvamus.

2124 2434 2312 2492 Graece
2337 2433 2482 2488 enim
2503 2431 2703 2488 eiluein
2721 2430 3006 2486 obvolvere
3029 2429 3244 2485 dicitur.
3271 2429 3526 2485 Testieuli
3551 2430 3696 2484 enim

2123 2524 2296 2580 virilis
2321 2539 2484 2580 sexus
2513 2523 2679 2578 robur
2713 2521 3018 2593 significant
3043 2521 3277 2576 virtutis.
3323 2520 3476 2576 Unde
3503 2520 3700 2591 legitur

2125 2621 2180 2675 in
2201 2618 2473 2674 Levitico:
2493 2616 2660 2672 Omne
2682 2613 2900 2681 animal,
2929 2615 3067 2687 quod
3096 2615 3172 2670 vel
3197 2616 3434 2670 contritis
3460 2615 3538 2671 vel
3564 2617 3698 2671 tusis

2127 2715 2202 2772 vel
2235 2714 2388 2769 sectis
2421 2711 2710 2782 ablatisque
2755 2709 3006 2765 testiculis
3045 2720 3140 2776 est,
3181 2727 3284 2764 non
3323 2711 3546 2780 oﬂ’eretis
3591 2709 3699 2764 Deo

2127 2806 2326 2880 (Leuit.
2369 2802 2543 2876 xm).
2585 2801 2844 2858 Contritis
2890 2802 3150 2858 testiculis
3181 2811 3281 2867 est,
3321 2803 3414 2873 qui
3441 2801 3698 2872 paulatim

2127 2905 2406 2953 crescente
2457 2895 2659 2950 malitia
2692 2902 2938 2949 conteret
2980 2909 3132 2948 suam
3173 2893 3227 2949 in
3264 2894 3553 2949 virtutibus
3577 2909 3675 2963 ρτο

2127 2988 2232 3044 lem
2273 2996 2328 3042 et
2365 2987 2538 3058 signa,
2583 3003 2680 3057 per
2716 3000 2836 3056 qua:
2882 2985 2966 3040 vir
2997 2985 3168 3056 possit
3219 2987 3437 3056 agnosci
3469 3003 3482 3038 :
3509 2985 3601 3055 qui
3646 2993 3698 3040 ct

2129 3089 2279 3136 recte
2317 3078 2634 3149 reprobatur
2667 3095 2680 3130 :
2713 3077 2837 3147 quia
2892 3077 3212 3146 sibimetipsi
3256 3077 3311 3131 in
3361 3076 3556 3131 talibus
3603 3091 3703 3130 no-

2129 3171 2260 3226 cuit.
2292 3169 2451 3225 Tusis
2501 3167 2763 3224 testiculis
2799 3176 2905 3234 est,
2951 3167 3045 3236 qui
3086 3167 3246 3222 illatis
3299 3167 3404 3223 sibi
3441 3168 3700 3222 tentatio-

2131 3261 2290 3316 nibus
2327 3259 2872 3328 tribulationibusquc
2893 3258 3091 3324 cessit,
3118 3258 3418 3328 animatque
3451 3274 3564 3314 suae
3589 3259 3704 3314 fore

2134 3349 2414 3406 titudinem
2440 3349 2696 3424 prodidit.
2743 3348 2858 3404 Non
2906 3349 3049 3404 enim
3084 3356 3296 3418 oportet
3337 3349 3438 3403 hoe
3471 3351 3700 3420 perpeti,

2132 3455 2233 3496 nec
2257 3441 2477 3495 omnino
2505 3439 2699 3495 cedere
2731 3439 3032 3494 imminenti
3070 3438 3211 3494 hosti
3237 3446 3396 3508 atque
3424 3439 3698 3508 aﬂligenti.

2133 3526 2307 3583 SCCllS
2358 3527 2655 3597 ablatisque
2717 3526 2978 3582 testiculis
3029 3534 3134 3594 est,
3193 3525 3282 3596 qui
3333 3542 3437 3582 una
3489 3527 3704 3582 actione

2131 3633 2322 3689 prava,
2357 3617 2660 3688 animisque
2687 3617 2864 3687 impiis
2901 3625 3213 3683 cxsecantc,
3259 3620 3399 3672 sicut
3424 3618 3621 3683 cultro,
3645 3627 3702 3673 et

2131 3710 2426 3774 auferente,
2462 3709 2911 3778 quemadmodum
2947 3710 3107 3764 nimis
3151 3708 3314 3764 ell'cra
3351 3718 3407 3765 et
3444 3711 3702 3781 direp'rix

2131 3817 2325 3856 manus
2363 3802 2710 3872 semetipsum
2739 3803 3024 3858 abscidens
3059 3811 3114 3858 et
3139 3801 3389 3858 auferens
3420 3818 3450 3856 a
3484 3803 3708 3872 conjun-

2131 3895 2326 3958 ctione,
2341 3909 2456 3964 quaa
2480 3903 2564 3948 est
2584 3894 2636 3948 in
2661 3894 2965 3948 virtutibus.
2983 3894 3184 3950 Venter
3202 3903 3256 3949 et
3279 3895 3430 3950 alvus
3442 3902 3495 3948 et
3520 3906 3708 3951 uzerus

2131 3989 2273 4042 inter
2291 4001 2350 4041 se
2379 3985 2650 4042 differunt.
2669 3985 2869 4040 Venter
2897 3993 3000 4050 est,
3029 3986 3121 4054 qui
3161 3996 3410 4056 acceptos
3450 3987 3600 4043 cibos
3628 3987 3713 4042 di-

2132 4077 2291 4147 gerit,
2315 4085 2369 4131 et
2381 4084 2603 4145 apparet
2622 4075 2978 4141 extrinsecus,
2992 4077 3350 4148 pertingitque
3364 4093 3394 4132 a
3413 4087 3628 4149 pectore
3640 4081 3712 4134 ad

2133 4165 2405 4235 inguinem
2439 4183 2452 4222 :
2481 4173 2533 4217 et
2575 4165 2752 4220 dictus
2783 4173 2986 4230 venter,
3011 4167 3154 4236 quod
3190 4182 3286 4236 per
3313 4175 3486 4222 totum
3513 4183 3714 4238 corpus

2132 4253 2520 4309 vitaaalimenta
2544 4255 2889 4309 transmittat.
2909 4254 3075 4310 Alvus
3093 4266 3196 4318 est,
3212 4257 3495 4328 quicibum
3519 4259 3712 4328 recipit

2132 4352 2188 4398 et
2215 4357 2444 4413 purgare
2463 4343 2616 4398 solet.
2649 4343 2914 4398 Salustius
2937 4361 2949 4398 :
2975 4343 3242 4401 Simulatis
3267 4347 3366 4401 sibi
3392 4346 3565 4402 alvum
3584 4365 3716 4418 pur-

2134 4433 2268 4503 gari.
2293 4433 2363 4486 Et
2374 4441 2593 4488 vocatus
2605 4443 2689 4489 est
2703 4433 2870 4498 alvus,
2885 4435 3025 4504 quod
3043 4437 3312 4503 abluatur,
3329 4437 3381 4492 id
3400 4447 3502 4500 est,
3516 4453 3714 4508 purge‘

2139 4531 2334 4578 turtex
2364 4523 2481 4592 ipso
2498 4524 2642 4579 enim
2663 4525 2850 4580 sordes
2867 4533 3164 4581 stercorum
3195 4527 3453 4584 defluunt.
3485 4529 3708 4584 Uterqu

2141 4615 2266 4670 solae
2285 4614 2538 4670 mulieres
2561 4615 2779 4680 habent,
2801 4631 2855 4670 tn
2869 4631 2976 4684 quo
2987 4618 3298 4690 concipiunt
3319 4620 3388 4676 ad
3406 4619 3716 4676 similitudi-

2138 4717 2262 4758 nem
2293 4703 2523 4758 caliculi.
2559 4705 2764 4758 Tamen
2795 4713 3044 4760 auctores
3073 4716 3255 4762 utrum
3277 4723 3376 4779 pro
3404 4710 3716 4766 utriuslibet

2137 4810 2301 4850 sexus
2319 4802 2510 4851 ventre
2539 4795 2852 4866 plerumque
2881 4807 3116 4866 ponunt:
3146 4814 3245 4853 nec
3267 4809 3440 4868 poeta:
3469 4809 3708 4856 tantum-

2138 4889 2320 4952 modo,
2339 4888 2432 4946 sed
2459 4897 2514 4942 et
2533 4889 2732 4943 cmteri.
2753 4890 2984 4944 Vocatus
3011 4897 3190 4944 autem
3219 4899 3426 4956 uterus,
3451 4894 3594 4962 quod
3619 4893 3718 4947 du-

2138 4979 2258 5050 plex
2285 4980 2375 5044 sit,
2398 4980 2542 5034 etab
2576 4988 2804 5050 utraque
2826 4981 2878 5035 in
2901 4983 3035 5037 duas
3063 4997 3120 5038 se
3145 4983 3554 5054 dividitpartes,
3591 5000 3712 5054 quas

2138 5070 2192 5124 in
2205 5070 2473 5125 diversum
2495 5069 2701 5125 dill‘usa:
2715 5086 2780 5126 ac
2794 5071 3022 5140 replcxa:
3034 5073 3504 5143 circumplicantur
3517 5075 3569 5129 in
3591 5091 3714 5131 mo-

2137 5162 2263 5216 dum
2287 5175 2454 5216 cornu
2479 5162 2692 5218 arietis:
2718 5162 2802 5218 vel
2823 5167 2965 5234 quod
2989 5165 3215 5221 interius
3241 5167 3532 5237 impleatur
3553 5167 3706 5224 ftetu.

2139 5251 2276 5306 Hinc
2323 5263 2379 5308 et
2421 5264 2563 5319 uter,
2594 5255 2736 5324 quod
2786 5255 2986 5325 aliquid
3017 5257 3341 5312 intrinsecus
3369 5259 3619 5314 habuerit
3652 5266 3716 5318 ut

2139 5343 2380 5398 membra
2411 5354 2466 5398 et
2503 5345 2729 5400 viscera.
2755 5346 2954 5401 Venter
2973 5347 3125 5416 juxta
3169 5347 3476 5418 allegoriam
3508 5349 3714 5419 signifi-

2139 5443 2226 5490 cat
2253 5436 2606 5504 capacitatem
2635 5437 2882 5502 rationis,
2913 5437 3026 5492 sive
3054 5439 3247 5494 animaa
3269 5437 3541 5508 affectum.
3583 5438 3713 5493 Inde

2138 5535 2222 5582 est
2250 5527 2398 5591 illud,
2446 5530 2590 5599 quod
2633 5529 2883 5584 Habacuc
2929 5531 3212 5600 propheta,
3256 5531 3468 5597 Venter,
3514 5530 3712 5600 inquit.

2139 5633 2284 5672 meus
2335 5619 2573 5674 turbatus
2617 5629 2692 5674 est
2743 5621 2798 5673 in
2832 5620 2952 5691 me(
2980 5619 3114 5674 Hab.
3147 5623 3265 5691 ιιι).
3298 5621 3364 5675 Et
3398 5620 3662 5676 Jerentias
3694 5637 3710 5674 :

2149 5705 2387 5762 Ventrem
2419 5727 2586 5764 meum
2613 5710 2794 5780 doleo,
2832 5723 2878 5765 et
2903 5729 3084 5767 sensus
3123 5716 3293 5767 cordis
3336 5715 3437 5769 mei
3476 5712 3722 5770 turbatus
