4072 6198
343 312 452 374 189

1357 307 1448 366 ΒΕ
1492 307 1835 368 UNIVER‘S'.)
1877 310 2054 366 LIBRI
2097 305 2255 366 XXII.
2295 343 2365 352 —
2406 313 2532 367 LIB.
2575 307 2669 369 γιζ
2727 331 2730 335 ’

338 439 422 488 est
465 427 625 501 (Jer.
669 428 785 497 tv).
820 426 1052 481 Rursum
1088 423 1373 480 Psalmis-ta
1421 427 1498 480 ait
1531 443 1544 477 :
1578 423 1930 490 Conturbalus
1960 432 2010 487 Α
2037 423 2408 494 intelligentia.
2443 423 2576 480 Nam
2609 441 2706 496 pro
2743 426 2924 481 anima
2957 442 3051 483 eor
3071 430 3305 500 ponitur,
3343 443 3402 490 ut
3440 449 3525 492 est
3550 441 3618 492 it-

340 534 424 580 est
453 523 512 575 in
537 521 623 575 ira
667 518 852 572 oculus
891 533 1058 582 meus,
1105 517 1284 570 animo
1316 532 1437 570 mea
1483 525 1531 570 et
1573 525 1746 569 venter
1782 531 1926 568 meus

345 611 480 686 (Ps.
525 610 690 681 xxx).
737 609 948 665 Littera
992 609 1254 678 siquidem
1279 607 1460 676 posuit
1483 608 1819 663 inimicorum
1849 607 1930 661 in-

343 701 721 772 dignationem
757 716 772 752 :
810 697 1000 752 oculus
1045 707 1225 750 autem
1265 697 1596 752 intellectum
1628 697 1924 766 significat,

343 808 510 863 quem
563 801 781 859 semper
837 789 1221 844 conturbamus
1278 797 1440 859 atque
1509 787 1888 844 contundimus
1911 829 1926 852 ,

341 883 564 954 quando
614 881 954 936 imminentia
1009 879 1249 950 pericula
1299 879 1668 935 formidamus.
1728 880 1932 936 Venter

341 989 476 1029 vero
505 983 690 1028 noster
714 972 867 1026 alvus
894 980 999 1035 est,
1024 972 1077 1024 in
1103 987 1211 1040 quo
1251 971 1438 1025 edulia
1459 971 1716 1040 deglutita
1744 987 1932 1025 recon-

341 1066 544 1120 dimus.
571 1063 673 1130 Qui
699 1071 886 1132 aperte
917 1061 1190 1116 memoria:
1217 1069 1566 1130 comparatur
1593 1078 1606 1115 :
1636 1062 1761 1130 quia
1792 1062 1932 1116 sicut

340 1155 432 1210 ille
490 1155 835 1208 transmissus
876 1168 1030 1208 escas
1078 1151 1290 1222 recipit,
1338 1153 1419 1207 sic
1460 1153 1735 1208 memoriae
1781 1153 1932 1208 sinus

339 1245 570 1300 notitias
611 1258 793 1298 rerum
837 1251 1212 1314 competenter
1249 1243 1498 1298 assumit.
1541 1243 1929 1299 Conturbatum

339 1350 475 1407 ergo
496 1335 628 1390 dicit
648 1343 916 1399 ventrem,
943 1333 998 1386 id
1025 1342 1130 1398 est,
1160 1332 1477 1387 memoriam
1507 1347 1680 1398 suam,
1711 1333 1801 1387 ubi
1834 1334 1931 1388 ba-

342 1429 508 1483 bebat
551 1427 788 1498 reposita
828 1441 950 1496 qum
996 1424 1072 1479 illi
1110 1424 1370 1480 Dominus
1411 1424 1479 1478 de
1528 1440 1625 1480 sua
1666 1424 1932 1480 clariﬁca-

341 1522 491 1576 tione
516 1520 885 1590 promiserat;
919 1519 1014 1573 sed
1055 1533 1180 1573 cum
1225 1516 1434 1571 videret
1472 1531 1602 1571 caro
1649 1516 1930 1570 imminere

339 1611 445 1666 sibi
471 1610 737 1680 pericula,
774 1623 1112 1680 consequens
1153 1607 1254 1662 fuit
1281 1623 1400 1662 eam
1429 1607 1790 1677 trepidatione
1817 1616 1930 1661 tur-

340 1701 482 1755 bari.
539 1700 737 1756 Uterus
778 1709 959 1754 autem
1004 1699 1295 1769 aliquando
1343 1697 1616 1769 signiticet
1668 1712 1927 1752 arcanum

2031 513 2121 566 Iud
2145 512 2450 570 Salomonis
2484 533 2497 568 :
2525 513 2680 569 Omni
2713 517 2950 571 custodia
2995 534 3142 574 serva
3179 531 3326 577 tuum
3352 541 3463 590 cor,
3491 532 3618 600 quia

2030 621 2095 657 ex
2124 605 2234 674 ipso
2258 605 2361 658 vita
2384 606 2613 682 procedit
2635 605 2828 677 (Prov.
2861 625 2911 662 Iv
2939 609 2976 678 ).
3006 611 3137 665 Item
3170 627 3264 668 cor
3296 629 3396 684 pro
3422 618 3622 679 intelli-

2029 696 2206 766 gentia
2241 697 2480 766 ponitur,
2513 707 2572 752 ut
2597 708 2682 752 est
2710 699 2837 756 illud
2865 699 3166 756 Psalmistae
3191 721 3203 756 :
3234 705 3340 759 Cor
3363 724 3538 763 meum
3565 722 3616 767 et

2031 805 2154 842 caro
2181 806 2294 843 mea
2315 790 2681 849 exultauerunt
2709 794 2764 847 in
2793 793 2962 850 Deum
2988 797 3156 852 rivum
3184 799 3315 871 (Ps.
3344 819 3550 858 Lxxxm
3571 804 3614 875 ).

2031 882 2288 947 Quamvis
2312 891 2540 954 utraque
2567 885 2849 940 videantur
2868 889 3142 958 pertinere
3161 893 3228 946 ad
3257 909 3499 962 carnem,
3523 912 3617 952 cor

2034 981 2212 1028 tamen
2232 975 2302 1027 ad
2327 975 2734 1046 intelligentiam
2756 979 2944 1035 referri
2969 998 3128 1053 posse
3154 1002 3258 1040 non
3273 989 3494 1044 dubium
3508 1001 3589 1047 est
3603 1031 3616 1046 .

2031 1060 2164 1114 Nam
2186 1064 2338 1132 cujus
2363 1065 2682 1133 sapientiam
2699 1069 2954 1137 praeferre
2979 1073 3246 1141 volumus,
3261 1074 3377 1144 ejus
3390 1094 3485 1133 cor
3498 1082 3617 1137 sine

2031 1159 2364 1216 dubita-tione
2380 1163 2981 1223 Iaudamus.Consilinm
2999 1187 3126 1227 vero
3140 1173 3192 1227 in
3207 1176 3386 1230 cordis
3401 1179 3619 1234 nomine

2029 1251 2373 1320 exprimitur,
2405 1255 2546 1322 quod
2572 1266 2726 1310 actus
2750 1260 3042 1326 pnevcnit,
3074 1269 3306 1319 testante
3334 1264 3618 1323 Salvatore

2033 1339 2085 1392 in
2127 1340 2417 1410 Evangelia
2449 1362 2462 1397 :
2512 1345 2597 1398 Ea:
2625 1347 2781 1401 corde
2811 1361 2998 1404 exeunt
3042 1355 3382 1422 cogitationes
3420 1357 3576 1414 mala:
3601 1400 3614 1421 ,

2030 1429 2291 1484 adulteria
2311 1474 2324 1495 ,
2351 1433 2638 1488 homicidia
2659 1477 2674 1502 ,
2701 1445 2756 1491 et
2780 1448 2974 1494 caetera
3002 1441 3230 1512 (Matth.
3259 1445 3381 1518 xv).
3411 1445 3487 1503 De
3511 1463 3619 1518 quo

2029 1519 2314 1578 Psalmista
2344 1523 2421 1577 ait
2447 1543 2459 1577 :
2491 1524 2656 1580 Labia
2685 1528 2872 1584 dolosa
2899 1533 2954 1586 in
2983 1535 3140 1588 corde
3177 1546 3227 1590 et
3265 1539 3422 1593 corde
3454 1539 3619 1595 locuti

2027 1620 2148 1663 sunt
2194 1611 2336 1666 mala
2363 1611 2551 1685 (Psal.
2580 1617 2690 1689 xi).
2725 1619 2861 1674 Nam
2903 1624 3046 1692 quod
3086 1626 3218 1682 dicit
3258 1629 3311 1683 in
3355 1631 3518 1687 corde
3562 1643 3620 1687 et

2027 1701 2191 1756 corde
2231 1720 2244 1756 :
2291 1705 2503 1772 quoties
2567 1708 2814 1766 volumus
2864 1713 3078 1770 dolosos
3131 1720 3469 1788 exprimere,
3518 1723 3618 1778 du-

341 1800 576 1856 naturte,
610 1791 900 1861 aliquando
927 1800 1198 1846 secretum
1225 1790 1460 1846 consilii.
1509 1789 1662 1845 Unde
1688 1789 1848 1884 Pater
1874 1790 1931 1844 in
1962 1775 2006 1834 Β
2034 1793 2190 1862 plicia
2217 1810 2404 1851 eorum
2435 1801 2598 1854 corda
2629 1801 2989 1872 declaramus,
3022 1807 3160 1862 sicut
3195 1775 3469 1867 'Salomon'
3501 1775 3616 1886 [la-

339 1879 558 1935 Psalmo
591 1881 660 1935 ad
691 1880 885 1935 Filium
913 1881 992 1935 ait
1025 1899 1036 1934 :
1072 1880 1158 1934 Ea:
1198 1890 1346 1934 utero
1382 1889 1502 1934 ante
1536 1871 1932 1950 luciferum‘gc-

339 1975 432 2025 aui
460 1982 510 2025 te
537 1970 667 2044 (Ps.
698 1987 788 2027 cu
809 1971 847 2044 ).
875 1972 931 2027 id
957 1982 1062 2038 est,
1091 1989 1157 2028 ex
1179 1988 1382 2027 arcano
1417 1973 1735 2036 substantiae
1775 1988 1928 2037 mem,

340 2078 406 2117 ex
454 2063 570 2132 ipsa
609 2062 816 2118 scilicet
861 2063 1079 2129 deitate,
1113 2072 1282 2118 totum
1311 2080 1379 2118 ex
1410 2072 1558 2128 toto,
1589 2064 1931 2133 omnipoten-

340 2164 469 2218 tem,
512 2155 694 2210 lumen
734 2157 802 2210 de
838 2156 1062 2220 lumine,
1103 2171 1370 2211 summum
1401 2171 1468 2211 ex
1506 2159 1718 2211 summo
1746 2174 1758 2208 :
1788 2156 1930 2224 quod

339 2246 486 2301 nulla
534 2247 913 2317 investigatio,
959 2247 1138 2301 nullus
1181 2260 1375 2302 sensus
1416 2247 1586 2317 possit
1635 2246 1924 2317 attingere.

340 2337 475 2394 Nam
523 2340 983 2410 quemadmodum
1038 2340 1181 2394 valet
1228 2338 1649 2408 comprehendi,
1703 2339 1769 2393 de
1822 2353 1931 2407 quo

340 2431 602 2500 scriptum
621 2439 706 2485 est
722 2448 735 2483 :
749 2429 1150 2484 Generationem
1173 2438 1346 2485 autem
1365 2429 1480 2499 ejus
1497 2430 1612 2500 quis
1627 2429 1890 2484 enarrabit
1905 2430 1932 2485 ?

339 2520 498 2592 (hui.
517 2522 661 2593 un.)
685 2522 817 2576 Mira
835 2523 1092 2589 brevitas,
1107 2531 1162 2578 et
1181 2520 1449 2577 sufﬁciens
1461 2537 1561 2592 pro
1577 2529 1758 2576 nostra
1775 2519 1927 2576 inﬁr-

340 2612 530 2666 mitate
568 2626 822 2666 mensura
855 2629 869 2664 :
894 2611 1024 2680 quia
1048 2625 1150 2666 nec
1173 2610 1292 2680 plus
1319 2625 1602 2680 possumus
1625 2626 1840 2682 capere,
1873 2619 1931 2668 et

341 2705 448 2760 hoc
468 2704 685 2760 abunde
709 2703 904 2759 suﬁici-t
926 2704 1112 2774 utique
1139 2703 1454 2759 credidisse.
1484 2687 1720 2758 Rursum
1747 2706 1800 2760 in
1828 2704 1930 2764 Job

337 2799 604 2869 scriptum
657 2806 786 2854 est:
833 2798 906 2852 De
954 2798 1106 2868 cujus
1152 2807 1302 2853 utero
1359 2815 1564 2868 egressa
1613 2810 1688 2854 est
1734 2799 1929 2872 glacies

341 2888 498 2959 (Job.
528 2887 788 2958 ηιξ-ιιι).
837 2887 975 2955 Quid
1000 2897 1086 2944 est
1109 2903 1259 2960 ergo,
1310 2890 1451 2958 quod
1473 2890 1754 2945 'Dominus
1779 2892 1930 2962 prius

338 2983 558 3052 quidem
615 2993 825 3054 patrem
883 2996 942 3037 se
991 2982 1186 3053 pluvia:
1242 2983 1478 3037 insinuat
1523 3001 1536 3036 :
1584 2983 1928 3054 postmodum

342 3089 471 3128 vero
501 3073 570 3127 de
594 3085 694 3127 suo
722 3073 907 3143 egredi
930 3081 1081 3128 utero
1110 3073 1338 3145 glaciem
1365 3083 1573 3138 narrat,
1609 3088 1774 3143 seque
1804 3072 1925 3144 gelu

338 3155 564 3238 gignere
605 3165 672 3220 de
713 3165 850 3220 caelo
891 3167 1243 3235 pronuntiat?
1279 3167 1379 3222 nisi
1422 3167 1565 3236 quod
1593 3165 1732 3220 miro
1766 3165 1926 3220 modo

341 3257 512 3311 nostri
545 3257 781 3326 pectoris
812 3265 1011 3310 terram
1057 3257 1123 3310 ad
1167 3257 1508 3326 suscipienda
1539 3255 1689 3310 verbi
1719 3256 1924 3310 semina

337 3349 496 3418 prius
527 3363 626 3418 per
651 3348 875 3403 occultae
903 3349 1088 3419 gratim
1117 3348 1353 3418 pluviam
1384 3348 1615 3403 infundit
1648 3367 1660 3400 :
1691 3356 1747 3402 et
1775 3357 1926 3418 post-

343 3442 564 3497 modum
623 3457 692 3496 ne
742 3442 795 3495 in
845 3442 1121 3510 conceptis
1171 3440 1462 3495 virtutibus
1523 3439 1927 3494 immoderatius

339 3531 613 3604 proﬂuat,
659 3531 942 3601 disciplina
1001 3531 1188 3584 intima
1237 3529 1656 3598 dispensationis
1706 3528 1925 3598 premit.

343 3621 566 3676 Viscera
595 3635 702 3674 non
733 3628 939 3673 tantum
965 3619 1222 3674 intestina
1255 3618 1481 3674 dicimus
1507 3636 1518 3671 :
1550 3618 1644 3672 sed
1673 3616 1929 3689 quicquid

339 3713 444 3768 sub
471 3713 623 3769 corio
663 3719 747 3766 est
769 3727 798 3764 a
833 3711 1002 3773 visco,
1049 3711 1192 3781 quod
1228 3720 1313 3767 est
1341 3711 1483 3766 inter
1508 3719 1687 3765 cutem
1720 3719 1775 3763 et
1809 3724 1928 3763 car-

339 3819 490 3858 nem.
527 3802 658 3856 Item
689 3803 898 3857 viscera
929 3801 1133 3868 vitalia,
1165 3803 1216 3857 id
1257 3812 1361 3867 est,
1393 3799 1720 3857 circumfusa
1746 3802 1927 3856 cordis

342 3898 485 3959 loca,
515 3895 670 3964 quasi
695 3895 903 3949 viscera
929 3910 995 3949 eo
1020 3936 1034 3960 ,
1074 3896 1215 3965 quod
1248 3895 1318 3950 ibi
1347 3895 1452 3949 vita
1475 3936 1488 3959 ,
1529 3893 1582 3949 id
1609 3904 1712 3960 est,
1749 3895 1928 3950 anima

338 3985 673 4039 continetur.
721 3983 853 4038 Item
897 3985 1106 4038 viscera
1147 3985 1328 4054 capita
1372 3999 1661 4039 nervorum
1695 4001 1761 4039 ex
1805 4001 1931 4040 san-

341 4076 508 4148 guine
533 4084 589 4130 et
617 4075 794 4130 nervis
819 4075 1088 4144 copulata.
1119 4075 1339 4131 Viscera
1369 4076 1595 4146 mystice
1622 4075 1930 4146 signiﬁcant

343 4168 602 4222 affectum
630 4167 848 4236 pietatis
867 4176 926 4221 et
947 4168 1349 4223 misericordizc.
1383 4168 1534 4223 Unde
1563 4169 1819 4238 scriptum
1843 4176 1928 4224 est

345 4261 399 4312 in
432 4257 726 4329 Evangelio
758 4275 771 4311 :
801 4258 904 4312 Per
921 4260 1116 4312 viscera
1136 4259 1513 4313 misericordia:
1545 4258 1635 4312 Dei
1659 4259 1845 4324 nostri,
1872 4259 1928 4314 in

342 4353 532 4420 quibus
561 4350 785 4403 visitavit
824 4366 916 4403 nos
946 4350 1118 4405 oriens
1148 4366 1212 4403 ea:
1239 4349 1347 4403 alto
1377 4349 1541 4421 (Luc.
1574 4350 1647 4421 ι).
1677 4349 1744 4404 Et
1780 4348 1926 4419 Apo-

343 4439 536 4502 stolus,
558 4440 605 4492 si
627 4455 750 4508 qua,
781 4439 974 4507 inquit,
1017 4438 1216 4493 uiscera
1248 4439 1597 4493 miserationis
1623 4438 1796 4511 (Phil.
1823 4456 1862 4494 ιι
1885 4439 1923 4510 ).

344 4532 415 4588 Et
459 4532 517 4587 ii.
563 4530 789 4586 alteram
828 4543 1036 4603 partem
1077 4533 1286 4588 viscera
1326 4532 1776 4604 signiﬁcationem
1817 4543 1929 4588 tra-

345 4624 517 4677 hunt:
549 4631 609 4676 ut
629 4631 713 4676 est
746 4621 876 4677 illud
914 4623 967 4677 in
1012 4623 1237 4678 Actibus
1259 4623 1628 4693 apostolorum
1653 4623 1720 4678 de
1745 4621 1878 4678 Juda
1907 4641 1920 4676 :

346 4713 417 4768 Et
438 4713 638 4784 ἀίξασα
661 4723 782 4767 sunt
806 4715 1003 4768 uiscera
1023 4713 1136 4782 ejus
1177 4715 1199 4784 (
1225 4714 1340 4767 Act.
1361 4712 1436 4784 ι),
1459 4713 1560 4768 hoc
1586 4719 1672 4769 est
1707 4711 1927 4769 malitiae

347 4809 615 4857 tractatus
660 4811 789 4857 sunt
815 4803 1093 4873 patefacti.
1135 4802 1243 4859 Cor
1274 4817 1304 4856 a
1339 4801 1525 4860 Graeca
1570 4803 1926 4874 appellatione

349 4894 650 4958 derivatur,
697 4897 840 4966 quod
867 4895 942 4950 illi
969 4896 1190 4950 cei-dion
1214 4896 1402 4952 dicunt
1428 4915 1440 4950 :
1465 4897 1580 4952 sive
1622 4911 1660 4950 a-
1687 4911 1836 4952 cura.
1866 4895 1924 4951 lu

348 4999 418 5042 eo
449 4985 594 5042 enim
623 4988 800 5043 omnis
831 4988 1137 5044 sollicitudo
1163 4996 1221 5043 et
1248 4989 1488 5044 scientia:
1524 5002 1684 5044 causa
1721 4997 1925 5045 manet.

351 5075 509 5143 Quod
538 5077 659 5131 ideo
683 5077 919 5148 pulmoni
946 5078 1183 5133 vicinum
1221 5087 1306 5133 est
1332 5097 1345 5132 :
1383 5087 1442 5133 ut
1472 5076 1594 5134 cum
1630 5080 1709 5134 ira
1735 5094 1928 5135 accen-

350 5171 521 5234 ditur,
551 5170 824 5239 pulmonis
864 5171 1090 5225 humore
1118 5179 1462 5240 temperetur.
1493 5169 1662 5238 Hujus
1693 5170 1815 5225 dum
1841 5185 1927 5225 ar-

352 5262 504 5317 teria:
531 5271 676 5326 sunt,
709 5276 740 5316 e
769 5263 962 5331 quibus
987 5263 1204 5317 sinistra
1235 5262 1355 5331 plus
1383 5262 1694 5332 sanguinem
1738 5263 1922 5330 habet,

351 5353 573 5407 dextera
624 5352 744 5422 plus
781 5353 1046 5422 spiritum.
1097 5353 1248 5408 Unde
1290 5359 1345 5406 et
1389 5353 1440 5407 in
1473 5353 1661 5407 dextro
1703 5354 1926 5409 brachio

351 5443 565 5512 pulsum
611 5443 946 5511 inspicimus.
979 5441 1087 5498 Cor
1132 5443 1278 5498 enim
1313 5442 1496 5498 multis
1533 5444 1815 5513 speciebus
1855 5444 1928 5500 si-

351 5525 672 5602 gniﬁcandis
728 5534 1111 5589 convenienter
1161 5541 1392 5604 aptatur.
1449 5531 1584 5586 Nam
1640 5534 1927 5603 aliquando

351 5642 447 5692 pro
483 5627 667 5680 anima
695 5627 930 5694 ponitur,
970 5627 1258 5696 aliquando
1287 5643 1385 5697 pro
1414 5628 1780 5698 intelligentia,
1825 5629 1925 5683 ali-

350 5717 564 5780 quanto
606 5731 704 5786 pro
719 5716 954 5846 Ic'onsilin
979 5726 1033 5771 et
1041 5718 1217 5847 (Eii-[1,0
1242 5716 1470 5782 occulto,
1512 5717 1798 5786 aliquando
1825 5734 1926 5788 pro

769 5805 993 5847 arnor.
1098 5836 1113 5846 .
1187 5831 1202 5847 .

769 5805 993 5848 ATBOL.
1041 5805 1202 5848 LA].

2033 1884 2241 1957 cobus]
2272 1886 2444 1942 dicit:
2483 1887 2574 1944 Vir
2615 1892 2810 1963 duplex
2839 1896 3140 1952 inconstans
3179 1911 3252 1954 est
3292 1903 3346 1955 in
3378 1884 3616 1959 omnibus

2033 1975 2127 2027 riis
2176 1976 2288 2029 suis
2343 1977 2618 2048 (Jac.t).
2681 1982 2910 2049 Quando
2967 1996 3146 2044 autem
3203 1993 3474 2062 simplices
3523 2011 3619 2051 cu-

2029 2065 2207 2134 pimus
2256 2068 2532 2135 indicare,
2587 2088 2752 2127 unum
2799 2092 2896 2131 cor
2936 2078 2989 2132 in
3036 2080 3116 2134 eis
3160 2097 3282 2137 esse
3331 2094 3616 2151 testamur,

2031 2157 2171 2212 sicut
2206 2159 2259 2213 in
2297 2161 2523 2217 Actibus
2562 2167 2925 2235 apostolorum
2972 2170 3210 2240 legitur:
3260 2173 3617 2233 Multitudinis

2030 2256 2205 2300 autem
2239 2252 2558 2306 credentium
2585 2271 2676 2308 cor
2701 2267 2813 2310 erat
2850 2275 3011 2313 unum
3043 2271 3090 2314 et
3117 2263 3293 2316 anima
3324 2281 3428 2318 una
3458 2264 3614 2337 (Act.

2030 2333 2139 2406 tv).
2185 2335 2275 2393 Sic
2309 2348 2364 2393 et
2402 2341 2668 2413 bilingues
2695 2346 2956 2413 dicimus,
2987 2350 3076 2419 qui
3117 2351 3168 2404 in
3205 2369 3311 2406 una
3348 2333 3616 2412 sententia

2031 2429 2252 2506 minime
2275 2445 2645 2503 perseverant.
2668 2438 2774 2494 Pro
2797 2441 3072 2514 diligentia
3095 2460 3225 2501 vero
3246 2455 3302 2502 et
3326 2449 3617 2506 devotione

2031 2515 2167 2609 illud
2209 2531 2294 2577 est
2335 2525 2569 2593 positum
2603 2547 2615 2580 :
2653 2526 2720 2582 In
2756 2538 2864 2584 toto
2907 2533 3065 2587 corde
3111 2551 3225 2590 meo
3269 2539 3523 2609 exquisivi
3570 2553 3619 2596 te

2027 2605 2230 2680 (Psal.
2264 2627 2431 2670 cxvm
2457 2613 2495 2685 ).
2523 2615 2636 2670 Hoc
2660 2633 2875 2688 quoque
2902 2635 3097 2677 munus
3123 2631 3209 2678 est
3237 2605 3448 2682 Domini
3475 2631 3620 2698 quod
3675 2632 3684 2642 ’

2030 2707 2147 2755 toto
2199 2703 2391 2768 corde,
2442 2703 2543 2760 hoc
2593 2713 2709 2772 est,
2760 2707 2918 2778 plena
2969 2710 3257 2767 devotione
3309 2717 3506 2771 asserit
3557 2733 3616 2772 se

2032 2789 2200 2844 Deum
2235 2792 2554 2862 exquisisse.
2594 2794 2710 2849 Non
2753 2797 2899 2852 enim
2943 2810 3240 2869 quaereret,
3289 2805 3393 2860 nisi
3439 2791 3618 2878 inqui-

2031 2879 2173 2934 situs
2210 2879 2423 2938 fuisset.
2461 2883 2518 2938 In
2558 2884 2784 2941 alteram
2822 2902 2951 2943 vero
2984 2890 3430 2960 signiﬁcationem
3475 2913 3618 2952 nun-

2033 2970 2252 3039 cupatio
2293 2971 2473 3028 cordis
2518 2976 2757 3044 ponitur,
2797 2992 2920 3032 cum
2958 2988 3184 3036 mortem
3223 2983 3311 3039 vel
3345 2985 3617 3044 infernum

2031 3059 2116 3113 vel
2163 3060 2466 3130 sepulcrum
2515 3065 2805 3141 signiﬁcat.
2864 3067 3016 3124 Unde
3061 3078 3145 3125 est
3210 3072 3300 3127 illa
3346 3078 3614 3133 sententia

1955 3124 2000 3186 (ἶ
2033 3124 2332 3208 Salvatoris
2350 3193 2364 3218 ,
2391 3167 2496 3222 qua
2522 3124 2593 3210 ad
2613 3155 2829 3212 Judmos
2856 3158 2933 3213 ait
2964 3176 2977 3212 ;
3025 3124 3174 3215 Sicut

2031 3248 2204 3292 ventre
2242 3242 2341 3294 ceti
2379 3243 2546 3298 tribus
2585 3245 2768 3300 diebus
2808 3257 2858 3301 et
2896 3249 3064 3306 tribus
3101 3253 3337 3308 noctibus
3361 3271 3380 3309 :
3405 3257 3481 3310 sic
3515 3261 3618 3313 erit

2031 3326 2208 3384 Filius
2237 3331 2463 3388 hominis
2491 3335 2544 3388 in
2571 3336 2728 3390 corde
2757 3347 2910 3393 terra
2935 3339 3102 3396 tribus
3132 3345 3368 3399 noctibus
3395 3347 3612 3418 (Matth.

2034 3435 2106 3512 xit
2132 3418 2174 3492 ).
2212 3421 2384 3478 Piscis
2414 3434 2593 3484 autem
2615 3467 2628 3491 ,
2659 3429 2751 3497 qui
2781 3427 2973 3484 Ionam
3004 3432 3281 3490 devoravit
3313 3437 3364 3490 in
3393 3439 3616 3512 pelago,

2033 3511 2305 3580 signiﬁcat
2343 3525 2600 3579 mortem,
2644 3534 2806 3588 quam
2845 3518 3097 3578 Christus
3131 3539 3420 3597 perpessus
3447 3511 3536 3587 est
3562 3535 3619 3590 in

2031 3599 2253 3668 mundo.
2293 3603 2349 3656 In
2379 3613 2568 3659 ventre
2597 3620 2731 3676 ergo
2757 3610 2861 3664 ceti
2885 3609 3052 3666 Jonas
3086 3624 3204 3669 erat
3231 3617 3404 3675 tribus
3429 3622 3620 3690 diebus

2030 3700 2090 3745 et
2128 3693 2300 3748 tribus
2344 3698 2612 3755 noctibus.
2654 3702 2721 3756 Et
2758 3702 3005 3761 Salvator
3040 3720 3226 3766 noster
3257 3713 3310 3767 in
3349 3724 3522 3770 morte
3560 3728 3617 3771 et

2031 3783 2085 3836 in
2121 3786 2369 3854 sepulcro
2405 3789 2505 3844 fuit
2543 3791 2714 3848 tribus
2747 3795 2937 3852 diebus
2971 3808 3028 3854 et
3081 3801 3254 3858 tribus
3313 3806 3561 3860 noctibus
3591 3825 3603 3861 :

2034 3883 2268 3946 tuncque
2296 3879 2621 3950 completum
2650 3892 2734 3939 est
2763 3885 2923 3952 illud,
2957 3891 3100 3959 quod
3131 3891 3322 3962 legitur
3350 3895 3404 3949 in
3435 3895 3572 3952 Osee
3599 3917 3612 3952 :

2032 3962 2142 4018 Ero
2172 3981 2312 4021 mors
2341 3978 2465 4032 tua,
2501 3987 2531 4024 o
2561 3989 2701 4026 mors
2725 3990 2744 4028 :
2775 3991 2864 4029 ero
2909 3993 3118 4033 morsus
3148 3963 3302 4047 tuus,
3343 4000 3373 4036 ο
3405 3985 3607 4056 inferne

2032 4051 2200 4124 (Ose.
2253 4057 2412 4130 xm).
2461 4059 2530 4115 Et
2571 4063 2710 4118 sicut
2754 4061 2920 4121 Jonas
2960 4067 3015 4120 in
3059 4063 3249 4124 ventre
3294 4051 3472 4140 piscis
3506 4090 3612 4130 non

2031 4148 2360 4213 permansit,
2389 4150 2482 4204 sed
2508 4150 2712 4219 eiectus
2749 4163 2834 4208 est
2871 4156 2923 4209 in
2957 4157 3163 4211 aridam
3190 4175 3204 4212 :
3235 4159 3310 4214 ita
3338 4170 3393 4215 et
3422 4161 3612 4218 Salva-

2033 4239 2170 4293 toris
2207 4242 2376 4296 nostri
2408 4243 2585 4297 auium
2618 4260 2725 4300 non
2754 4245 2938 4302 relicta
2965 4255 3048 4303 est
3076 4249 3130 4302 in
3161 4249 3407 4317 inferno,
3440 4269 3615 4325 neque

2033 4344 2163 4384 caro
2209 4331 2326 4402 ejus
2375 4332 2510 4388 vidit
2558 4336 3004 4406 corruptionem:
3059 4339 3155 4394 sed
3204 4345 3506 4399 resurrexit
3560 4348 3612 4400 in

2031 4422 2224 4493 gloria.
2255 4424 2388 4479 Item
2425 4426 2500 4501 de.
2529 4425 2824 4482 Leviathan
2862 4430 3119 4486 Dominus
3147 4433 3215 4488 ad
3240 4431 3339 4489 Job
3366 4436 3442 4490 ait
3468 4455 3480 4490 :
3509 4436 3617 4492 Cor

2027 4513 2147 4584 ejus
2191 4515 2528 4571 indurauit”
2569 4519 2722 4588 quasi
2769 4519 2939 4590 lapis,
3000 4529 3049 4576 et
3115 4525 3400 4596 stringetur
3460 4530 3613 4599 quasi

2032 4604 2354 4661 malleatoris
2401 4607 2551 4662 incus
2604 4608 2778 4680 (Job.
2831 4625 2921 4666 ιιι
2957 4610 2998 4682 ).
3049 4610 3158 4668 Cor
3205 4616 3348 4670 enim
3400 4619 3610 4688 antiqui

2030 4699 2233 4765 hostis,
2277 4711 2336 4755 ut
2380 4700 2549 4771 lapis,
2597 4703 2973 4760 indurabitur:
3019 4709 3144 4778 quia
3186 4710 3330 4766 nulla
3373 4729 3610 4785 unquam

2029 4792 2398 4849 conversionis
2435 4796 2751 4865 poenitentia
2792 4798 3083 4866 mollietur,
3122 4801 3214 4871 qui
3252 4802 3380 4858 solis
3419 4805 3612 4860 ictibus

2028 4890 2244 4939 laterum
2282 4883 2500 4940 ultionis
2532 4887 2824 4957 optabitur.
2861 4889 3156 4946 Leviathan
3194 4907 3353 4965 ergo,
3383 4903 3442 4950 ut
3478 4893 3611 4951 mal-

2034 4972 2256 5030 leatoris
2294 4975 2477 5040 incus,
2517 4979 2802 5050 stringitur
2822 4981 2913 5051 qui
2941 4980 3135 5038 inferni
3167 4984 3396 5040 vinculis
3423 4999 3610 5040 coarc-

2036 5059 2257 5131 tabitur,
2306 5075 2367 5120 ut
2414 5069 2601 5122 aeterni
2655 5070 2899 5140 supplicii
2949 5071 3208 5127 continua
3259 5076 3608 5144 percussione

2029 5157 2308 5210 tundatur.
2352 5157 2658 5213 Prascordia
2690 5168 2819 5214 sunt
2845 5159 2961 5216 loca
2992 5163 3142 5217 cordi
3171 5163 3347 5218 vicia
3369 5203 3385 5229 ,
3414 5165 3609 5235 quibus

2032 5261 2224 5302 sensus
2261 5248 2558 5317 percipitur
2586 5267 2600 5301 :
2643 5258 2699 5304 et
2734 5249 2875 5304 dicta
2905 5253 3198 5321 prmoorditi
3233 5269 3327 5319 eo,
3360 5255 3502 5326 quod
3533 5256 3607 5312 ibi

2031 5339 2107 5393 sit
2136 5337 2460 5408 principium
2497 5338 2677 5393 cordis
2712 5349 2768 5394 et
2799 5339 3156 5410 cogitationis.
3199 5342 3254 5396 In
3279 5330 3606 5411 prtccordio-

2036 5444 2155 5483 rum
2197 5429 2416 5483 nomine
2457 5429 2794 5484 rationabilis
2841 5438 3103 5485 tractatus
3149 5432 3340 5488 animm
3383 5445 3609 5504 possunt

2036 5519 2239 5590 accipi,
2285 5525 2345 5571 ut
2381 5526 2465 5573 est
2502 5519 2634 5573 illud
2673 5517 2854 5583 Isaiae,
2899 5535 3007 5590 quo
3050 5523 3116 5576 ad
3159 5523 3443 5579 Dominum
3485 5527 3601 5580 ait:

2033 5612 2222 5666 Anima
2261 5627 2375 5664 mea
2415 5611 2724 5664 desideravit
2753 5622 2799 5664 te
2825 5612 2880 5664 in
2908 5624 3086 5678 nocte,
3113 5625 3160 5667 et
3189 5616 3374 5684 spiritu
3413 5633 3524 5669 meo
3552 5620 3607 5673 in

2032 5705 2335 5774 pra'cordiis
2365 5704 2491 5758 meis
2522 5701 2676 5773 (Isa.
2709 5720 2834 5757 xxvi
2858 5705 2895 5775 ).
2945 5706 3133 5759 Pulsus
3171 5721 3420 5770 vocatus,
3465 5713 3603 5777 quod

3141 5795 3182 5855 6
