4072 6198
496 302 587 359 l7l

1167 300 1231 355 Β.
1270 297 1522 353 RABANI
1562 296 1782 354 MAURI
1819 292 2133 352 ARCHIEP.
2178 296 2484 353 ithGUNT.
2526 296 2812 355 OPERUM
2850 298 3028 353 PARS
3064 298 3124 353 ll.

3648 299 3749 354 179.

491 418 745 490 palpitet,
781 413 936 486 cujus
972 410 1172 468 indicio
1195 418 1285 465 aut
1315 404 2076 477 inﬁrmitatem‘intelligimus
2110 414 2157 471 Α
2185 410 2261 465 lat
2287 428 2300 463 :
2330 410 2456 466 inde
2480 412 2549 465 ad
2575 411 2761 467 oculos
2780 453 2794 478 ,
2831 422 3165 481 caterosque
3211 424 3402 466 sensus
3429 422 3486 467 et
3513 413 3757 468 membra

490 518 586 564 aut
616 507 863 563 salutem.
896 500 1067 572 Hujus
1094 501 1287 573 duplex
1316 508 1403 555 est
1430 508 1608 556 motus
1632 519 1644 554 :
1678 500 1905 570 simplex
1924 540 1939 565 ,
1983 500 2075 568 qui

491 615 558 655 ex
590 611 700 652 uno
736 594 875 649 saltu
913 598 1163 648 constat:
1203 574 1568 659 compositus,
1596 589 1689 657 qui
1728 585 1811 643 ei“
1834 587 2079 657 pluribus

494 689 730 746 motibus
753 685 1091 740 inordinatus
1114 690 1168 737 et
1219 679 1501 759 inaqualis
1536 679 1739 734 existit.
1769 677 1872 744 Qui
1903 684 2080 731 motus

496 790 645 839 certa
671 778 874 835 habent
897 775 1088 845 spatia.
1123 770 1423 842 Dactylium
1453 784 1796 840 percussum,
1839 767 2078 837 quandiu

456 910 459 915 -
498 875 620 930 sine
648 870 779 926 vitio
808 875 953 924 sunt.
986 864 1044 921 Si
1068 863 1283 935 quando
1307 861 1585 916 citatiores
1611 870 1735 915 sunt
1753 899 1767 923 ,
1803 867 1863 914 ut
1890 861 2080 914 dorca-

495 964 849 1021 dacizoutcs:
896 966 952 1013 et
989 956 1254 1020 leniores,
1291 962 1353 1008 ut
1388 952 1840 1014 mirmicizontcs,
1879 951 2071 1006 mortis

494 1056 649 1127 signa
693 1028 838 1106 sunt.
868 1048 1033 1106 Vena
1076 1046 1233 1100 dicta
1267 1059 1334 1099 eo
1371 1044 1513 1113 quod
1553 1042 1654 1098 via
1692 1042 1802 1096 sint
1844 1041 2082 1096 natantis

494 1142 808 1216 sanguinis,
834 1148 997 1210 atque
1038 1138 1140 1193 rivi
1174 1152 1270 1208 per
1306 1151 1466 1192 omne
1503 1150 1701 1205 corpus
1740 1133 1928 1199 divisi,
1957 1133 2080 1203 qui-

498 1238 602 1291 bus
653 1234 905 1290 universa
954 1230 1197 1285 membra
1243 1228 1559 1299 irrigantur.
1608 1224 1813 1279 Dicitur
1844 1231 1898 1280 et
1944 1238 2081 1278 vena

497 1341 671 1397 aqua,
716 1323 859 1379 unde
922 1320 1044 1376 fons
1108 1318 1314 1376 ebullit.
1363 1317 1518 1385 Quod
1564 1316 1727 1370 etiam
1777 1314 2083 1384 signiﬁcare

494 1424 673 1488 potest
705 1427 1019 1486 processum
1062 1410 1250 1482 gratia
1293 1406 1589 1479 spiritualis
1616 1414 1775 1476 atque
1801 1405 2080 1460 doctrina.

498 1514 650 1571 Unde
685 1511 948 1581 scriptum
982 1516 1067 1564 est
1105 1507 1157 1562 in
1185 1505 1476 1576 Sapientia
1515 1504 1694 1559 libro:
1724 1501 1805 1557 Sit
1831 1518 1958 1557 vena
1989 1510 2082 1553 tua

458 1670 463 1673 _
496 1602 763 1658 benedicta
799 1596 985 1673 (Prov.
1014 1598 1090 1666 γ).
1134 1596 1202 1651 Et
1229 1595 1357 1650 alibi
1387 1612 1399 1648 :
1434 1592 1578 1648 Vena
1613 1592 1885 1647 viventium
1913 1607 2081 1661 aqua-

497 1707 646 1755 rum,
672 1690 777 1745 hoc
807 1694 894 1744 est
931 1685 1243 1757 sapientia,
1288 1681 1458 1737 dulcis
1482 1682 1703 1736 haustus
1727 1689 1774 1734 et
1818 1689 1969 1749 potus
1994 1695 2083 1733 sa-

2181 502 2501 558 dill‘unditur
2527 517 2542 556 :
2570 511 2627 557 et
2650 502 2830 557 calore
2856 518 2956 559 suo
2985 503 3052 557 ad
3086 518 3146 558 se
3169 517 3389 557 succum
3413 518 3479 556 ex
3506 503 3629 558 cibo
3653 512 3760 557 tra-

2180 604 2326 649 ctum
2367 594 2529 649 vertit
2559 595 2613 648 in
2642 594 2959 665 sanguinem
2977 633 2992 658 ,
3023 609 3180 664 quem
3210 595 3277 647 ad
3307 609 3461 647 usum
3490 595 3761 663 pascendo

2180 684 2572 754 nutriendoque
2622 684 2849 754 singulis
2901 684 3160 738 membris
3203 684 3423 753 prabet.
3479 683 3534 737 In
3578 684 3765 754 jecore

2182 784 2363 831 autem
2390 775 2641 829 consistit
2660 774 2927 844 voluptasv
2940 782 2997 829 et
3020 775 3455 843 concupiscentia
3486 774 3642 844 juxta
3668 790 3762 831 eos

2182 866 2273 935 qui
2302 866 2368 921 de
2397 865 2636 936 physicis
2662 864 2958 933 disputant.
2991 864 3047 937 In
3072 863 3256 932 jecore
3297 872 3474 918 autem
3496 904 3511 929 ,
3553 864 3607 918 id
3647 874 3759 926 est.

2183 955 2239 1009 in
2270 964 2428 1024 epate
2450 953 2866 1008 delectationem
2898 953 3012 1008 sive
3040 953 3534 1023 concupiscentiam
3559 954 3763 1024 signiﬁ-

2183 1053 2360 1100 catam
2382 1058 2671 1114 possumus
2693 1044 3014 1115 intelligere.
3038 1044 3191 1099 Unde
3212 1052 3296 1099 eSt
3336 1044 3465 1099 illud
3485 1085 3499 1110 ,
3526 1046 3668 1115 quod
3706 1046 3762 1100 in

2182 1134 2300 1206 lege
2336 1144 2667 1206 praceptum
2707 1144 2793 1190 est
2822 1133 3028 1206 (Leuit.
3060 1151 3152 1199 III,
3180 1152 3232 1190 IV
3255 1134 3306 1205 ),
3338 1151 3461 1190 cum
3491 1144 3680 1191 ventre
3706 1145 3765 1190 et

2183 1226 2405 1281 renibus
2441 1234 2496 1279 et
2534 1225 2691 1295 adipe
2730 1234 2940 1294 partem
2983 1224 3185 1293 jecoris
3225 1225 3336 1279 Deo
3371 1224 3596 1280 olferri:
3633 1226 3761 1297 quia

2182 1318 2673 1389 concupiscentiam
2726 1326 2970 1373 nostram
3015 1320 3186 1389 magis
3232 1319 3298 1373 ad
3347 1318 3443 1373 Dei
3492 1335 3655 1389 quam
3693 1320 3762 1373 ad

2136 1436 2143 1445 η-
2184 1412 2368 1465 mundi
2419 1411 2676 1465 debemus
2750 1417 3067 1465 convertere
3116 1410 3469 1465 voluntatem.
3539 1410 3763 1480 Legitur

2183 1504 2326 1558 enim
2360 1503 2413 1556 in
2447 1502 2587 1557 libro
2617 1501 2799 1557 Tobia
2828 1501 2847 1573 (
2875 1500 3001 1556 Tob.
3029 1503 3159 1575 vr),
3194 1503 3337 1572 quod
3364 1502 3587 1572 angelus
3623 1519 3762 1573 pra-

2184 1594 2392 1664 ceperit
2425 1592 2639 1658 Tobia,
2676 1592 2884 1662 piscem
2932 1601 3147 1663 captum
3191 1601 3541 1659 exenterare,
3575 1602 3632 1648 et
3666 1608 3765 1648 cor

2189 1682 2336 1752 ejus,
2372 1692 2429 1737 et
2458 1681 2530 1737 fel
2563 1691 2618 1736 et
2642 1682 2800 1753 jecur
2824 1683 2878 1736 in
2903 1683 3138 1738 cassidili
3176 1698 3470 1753 reponere,
3499 1685 3765 1755 jecurque

500 1782 687 1836 labris.
729 1778 963 1851 Sanguis
998 1792 1062 1832 ex
1105 1775 1294 1831 Graca
1323 1773 1650 1845 etymologia
1677 1787 1875 1827 nomen
1900 1771 2083 1835 duxit,
2114 1770 2161 1829 Β
2189 1783 2374 1846 postea
2402 1788 2470 1829 ex
2497 1782 2768 1844 pracepto
2794 1773 2969 1843 angeli
2997 1789 3161 1844 super
3203 1776 3467 1830 carbones
3490 1776 3643 1830 vivos
3668 1791 3766 1846 po—

498 1871 641 1940 quod
668 1877 947 1943 vegetetur
971 1875 1028 1922 et
1056 1866 1391 1922 sustineatur
1417 1874 1473 1920 et
1512 1866 1677 1919 vivat.
1725 1862 1956 1935 Sanguis
1992 1878 2087 1916 au-

2181 1880 2343 1930 nere,
2387 1872 2654 1933 quatenus
2694 1865 3018 1936 pravaleret
3061 1865 3355 1920 damonem
3398 1866 3657 1937 eﬁ‘ugare.
3703 1866 3766 1922 In

502 1973 609 2018 tem
644 1970 762 2028 est,
801 1961 930 2015 dum
971 1959 1025 2014 in
1065 1972 1295 2027 corpore
1334 1964 1457 2012 est:
1504 1954 1705 2012 effusus
1748 1971 1878 2009 vero
1922 1969 2084 2008 cruor
2174 1954 2360 2024 jecore
2396 1957 2574 2022 enim,
2615 1957 2770 2027 cujus
2802 1954 2997 2012 ardore
3030 1957 3238 2027 accepti
3272 1957 3377 2012 cibi
3405 1957 3458 2010 in
3483 1958 3766 2014 stomacho

498 2052 718 2108 dicitur.
772 2049 908 2104 Nam
957 2063 1121 2104 cruor
1163 2056 1390 2103 vocatus
1433 2047 1504 2101 ab
1551 2061 1646 2110 eo,
1690 2044 1835 2115 quod
1881 2043 2084 2099 effusus

499 2144 780 2202 decurrit:
826 2141 912 2199 vel
956 2142 1024 2197 ab
1069 2156 1165 2206 eo,
1211 2140 1354 2209 quod
1392 2138 1661 2194 currendo
1702 2143 1940 2193 corruat.
1984 2135 2085 2190 Alii

498 2247 750 2289 cruorem
786 2231 1217 2301 interpretantur
1249 2227 1568 2299 sanguinem
1603 2234 1948 2296 corruptum,
1992 2224 2086 2294 qui

499 2328 785 2383 emittitur.
815 2324 921 2380 Alii
944 2325 1107 2405 \aiunt
1136 2330 1386 2378 vocatum
1416 2319 1731 2390 sanguinem
1752 2358 1767 2383 ,
1795 2318 1937 2388 quod
1963 2332 2088 2372 sua-

502 2420 586 2475 vis
613 2419 705 2474 sit.
736 2415 967 2487 Sanguis
991 2421 1171 2469 autem
1210 2414 1419 2483 integer
1443 2426 1548 2465 non
1576 2418 1691 2476 est,
1723 2410 1825 2464 nisi
1856 2410 1911 2463 in
1932 2406 2089 2476 juve-

503 2509 686 2564 nibus.
730 2505 869 2562 Nam
919 2506 1107 2560 dicunt
1151 2502 1362 2573 physici
1410 2501 1580 2556 minui
1627 2500 1946 2570 sanguinem
1992 2512 2089 2568 per

500 2605 740 2653 atatem.
794 2593 948 2651 Unde
991 2601 1048 2648 et
1092 2591 1146 2645 in
1195 2590 1416 2646 senibus
1468 2598 1671 2644 tremor
1713 2596 1816 2643 est.
1864 2585 2091 2655 Proprie

500 2686 722 2759 sanguis
766 2684 960 2740 anima
1003 2680 1276 2753 possessio
1319 2687 1423 2734 est.
1469 2678 1598 2733 lude
1638 2692 1803 2749 genas
1847 2676 2090 2730 lacerare

458 2834 463 2835 ,
503 2778 758 2833 mulieres
794 2775 848 2829 in
890 2774 1036 2829 luctu
1072 2772 1267 2828 solent.
1302 2770 1456 2827 Unde
1484 2778 1539 2824 et
1569 2782 1851 2839 purpurea
1880 2775 2088 2833 vestes,

460 2922 463 2927 .
502 2880 557 2925 et
585 2869 745 2924 flores
773 2863 1031 2939 purpurei
1089 2863 1316 2919 mortuis
1352 2860 1682 2933 prabentur.
1726 2857 1961 2930 Sanguis
1994 2856 2092 2911 ali-

504 2961 722 3031 quando
749 2963 1149 3015 sacramentum
1173 2954 1466 3009 Dominica
1486 2951 1755 3023 passionis
1781 2950 2047 3023 signiﬁcat
2072 2967 2091 3024 ξ

503 3063 564 3107 ιιι
597 3060 681 3108 (δι
717 3050 848 3106 illud
887 3046 1185 3103 Salvatoris
1211 3045 1266 3099 in
1303 3043 1593 3114 Evangelio
1622 3062 1636 3097 :
1664 3042 1803 3098 Caro
1829 3058 1945 3096 mea
1974 3058 2091 3095 vere

2181 2054 2576 2117 excoquuntur,
2601 2047 2876 2113 docemur,
2901 2056 2963 2102 ut
2986 2048 3299 2102 maturitate
3319 2046 3529 2102 consilii
3553 2048 3768 2103 studea-

2183 2154 2305 2194 mus
2332 2136 2503 2192 ﬂuxas
2526 2138 2708 2192 carnis
2787 2138 3139 2208 cogitationes
3159 2139 3224 2193 ad
3249 2154 3442 2208 purum
3462 2153 3767 2208 excoquere

2184 2237 2242 2283 et
2279 2228 2333 2283 in
2373 2242 2646 2284 secessum
2683 2227 2932 2295 mittere,
2963 2243 3031 2283 ne
3059 2227 3199 2284 forte
3227 2228 3439 2284 diabolo
3478 2229 3533 2284 in
3571 2228 3765 2284 cubili-

2185 2319 2288 2374 bus
2316 2318 2560 2375 cordium
2590 2327 2902 2375 nostrorum
2932 2319 3333 2375 consentiamus
3356 2319 3468 2381 ullo
3491 2318 3650 2375 modo
3680 2319 3765 2374 lo-

2184 2425 2309 2463 cum
2355 2408 2592 2465 habere:
2635 2409 2732 2464 sed
2775 2410 2947 2480 magis
2990 2412 3182 2466 robore
3225 2410 3347 2466 ﬁdei
3393 2418 3450 2465 et
3487 2409 3767 2466 Sacramm

2187 2500 2493 2563 orationum
2534 2499 2853 2556 festinemus
2898 2516 3023 2556 eum
3063 2501 3210 2557 foras
3255 2502 3547 2571 expellere.
3594 2501 3771 2557 Fibra

2181 2588 2386 2659 jecoris
2421 2599 2550 2644 sunt
2575 2589 2983 2654 extremitates,
3013 2590 3156 2646 sicut
3190 2599 3452 2647 extrema
3477 2601 3662 2662 partes
3689 2591 3770 2648 fo-

2187 2680 2382 2735 liorum
2410 2681 2475 2739 in.
2494 2681 2638 2736 tibiis
2657 2720 2673 2747 ,
2700 2682 2814 2736 sive
2836 2683 2990 2751 quasi
3021 2682 3216 2751 lingua
3236 2684 3556 2739 eminentes.
3586 2684 3772 2742 Dictas

2190 2776 2371 2823 autem
2415 2769 2616 2835 ﬁbras,
2653 2771 2797 2840 quod
2831 2773 2973 2840 apud
3000 2771 3228 2841 gentiles
3263 2773 3316 2827 in
3363 2774 3534 2830 sacris
3574 2773 3769 2830 Phabi

2191 2861 2259 2915 ad
2287 2875 2413 2916 aras
2449 2859 2764 2917 ferebantur
2796 2862 2865 2916 ab
2894 2862 3112 2929 ariolis,
3147 2863 3342 2932 quibus
3378 2864 3575 2920 oblatis
3605 2875 3770 2935 atque

2190 2952 2468 3009 succensis
2509 2966 2766 3022 responsa
2806 2954 3134 3023 acciperent.
3172 2953 3272 3010 Cui
3306 2956 3445 3011 bene
3481 2937 3766 3022 convenit,

2194 3044 2338 3114 quod
2364 3059 2527 3114 supra
2555 3044 2791 3100 diximus
2821 3043 3023 3113 jecoris
3045 3052 3254 3115 partem
3289 3046 3400 3102 Deo
3434 3046 3618 3103 offerri
3645 3046 3771 3117 jus-

502 3156 578 3198 est
607 3140 753 3198 cibus
775 3154 795 3192 :
819 3149 868 3194 et
898 3136 1117 3208 sanguis
1146 3151 1290 3190 meus
1315 3150 1432 3190 vere
1456 3144 1532 3188 est
1560 3141 1713 3204 potus
1741 3130 1945 3205 (Joan.
1974 3146 2027 3185 rt
2047 3131 2088 3201 ).
2119 3133 2163 3194 C
2194 3151 2308 3191 sam
2336 3154 2349 3189 :
2378 3144 2440 3189 ut
2467 3134 2577 3190 Deo
2603 3136 2784 3205 potius
2805 3134 3087 3198 offeratur,
3120 3139 3263 3207 quod
3289 3154 3447 3193 suum
3467 3148 3580 3204 est,
3607 3155 3769 3211 quam

505 3236 644 3290 Nam
684 3240 741 3289 et
776 3231 832 3287 in
870 3229 990 3299 lege
1023 3233 1351 3299 praceptum
1390 3234 1475 3280 est
1502 3223 1521 3298 (
1544 3224 1718 3279 Exod.
1749 3222 2092 3295 xu)populo

508 3323 842 3389 Israelitico,
883 3328 945 3376 ut
984 3320 1052 3376 de
1083 3318 1342 3389 sanguine
1380 3317 1504 3387 agni
1533 3315 1800 3386 paschalis
1828 3323 2092 3386 ponerent

509 3430 675 3485 super
710 3421 1001 3481 utrumque
1031 3416 1237 3482 postem
1256 3448 1273 3474 ,
1299 3415 1353 3463 et
1381 3408 1435 3465 in
1474 3406 1975 3477 superliminaribus
1998 3408 2093 3462 do-

506 3518 718 3560 morum
738 3541 752 3566 ,
780 3501 834 3556 in
860 3500 1057 3571 quibus
1094 3497 1297 3569 pascha
1322 3496 1591 3562 edebant,
1623 3503 1889 3565 quatenus
1913 3502 2093 3550 exter-

509 3590 790 3646 minatoris
821 3588 1096 3645 excidium
1123 3594 1345 3657 possent
1370 3586 1623 3641 evadere.
1659 3584 1752 3640 Sic
1783 3591 1840 3639 et
1870 3583 2092 3655 sanguis

509 3681 711 3738 Christi
740 3680 965 3736 mundat
1017 3678 1406 3737 conscientiam
1448 3685 1689 3733 nostram
1731 3676 1798 3731 ab
1840 3676 2093 3747 operibus

510 3770 739 3826 mortuis
777 3769 846 3825 ad
880 3768 1224 3824 serviendum
1264 3766 1375 3822 Deo
1411 3767 1641 3831 viventi,
1673 3774 1730 3822 et
1766 3765 1961 3820 liberat
1993 3780 2093 3847 nos

509 3861 575 3916 de
602 3866 866 3931 potestate
912 3858 1118 3913 inimici
1155 3865 1212 3913 et
1246 3856 1624 3928 persecutione
1658 3857 1831 3911 hostis
1880 3855 2092 3926 antiqui

507 3952 529 4026 (
555 3950 689 4008 Heb.
716 3967 770 4007 γι
792 3949 837 4024 ).
875 3950 1010 4006 Item
1042 3949 1099 4004 in
1120 3948 1282 4003 aliam
1310 3956 1517 4018 partem
1560 3948 1781 4019 sanguis
1822 3948 2092 4019 signiﬁca-

508 4045 588 4105 tio
628 4044 864 4110 ducitur,
913 4056 1037 4097 cum
1085 4048 1180 4095 aut
1221 4039 1591 4110 operationem
1638 4039 1912 4094 carnalem
1939 4078 1954 4105 ,
1999 4047 2094 4095 aut

507 4138 910 4210 corruptionem
949 4135 1198 4193 mortalis
1231 4145 1441 4191 natura
1464 4134 1752 4207 signiﬁcat.
1784 4135 1937 4191 Unde
1962 4135 2095 4192 Pro-

506 4233 672 4303 pheta
698 4240 953 4302 precatur
976 4230 1268 4286 Dominum
1292 4243 1309 4283 :
1336 4227 1522 4284 Libera
1548 4245 1630 4283 me
1657 4229 1723 4283 de
1751 4229 2093 4300 sanguinibus

509 4320 655 4376 Deus
681 4319 821 4376 Deus
848 4319 1034 4375 salutis
1075 4336 1204 4375 mea:
1249 4318 1270 4391 (
1294 4316 1445 4374 Psal.
1474 4334 1506 4373 ι⁴
1526 4317 1568 4391 ).
1616 4318 1685 4374 Et
1725 4319 1919 4375 iterum
1947 4338 1960 4374 :
2004 4318 2091 4374 Vi-

510 4428 661 4477 rum,
711 4410 918 4481 inquit,
957 4412 1274 4481 sanguinum
1319 4419 1368 4464 et
1413 4409 1653 4464 dolosam
1706 4410 2094 4465 abominabitur

2191 3224 2348 3280 idolis
2376 3225 2529 3281 vanis
2555 3234 2610 3281 et
2636 3226 2841 3290 surdis,
2878 3226 2932 3281 in
2963 3228 3160 3296 quibus
3186 3228 3298 3284 sola
3332 3228 3482 3285 fraus
3514 3237 3570 3285 et
3607 3229 3769 3285 dece-

2188 3317 2302 3387 ptio
2338 3325 2441 3373 est.
2484 3316 2647 3387 Splen
2682 3317 2889 3374 dictum
2926 3333 2957 3372 a
2999 3319 3372 3390 supplemento
3401 3336 3468 3376 ex
3497 3322 3768 3377 contraria

2194 3418 2347 3479 parte
2393 3407 2629 3478 jecoris,
2679 3409 2732 3465 in
2784 3425 2955 3465 vacua
3000 3412 3275 3466 existeret.
3327 3411 3495 3479 Quem
3549 3413 3770 3483 quidam

2192 3499 2356 3554 etiam
2392 3500 2534 3555 risus
2574 3514 2741 3555 causa
2785 3500 2990 3557 factum
3030 3503 3363 3559 existimant.
3408 3504 3543 3560 Nam
3586 3505 3773 3576 splene

2190 3590 2452 3646 ridemus.
2559 3596 2798 3646 Amonet
2850 3593 3016 3647 etiam
3066 3593 3181 3650 hac
3226 3594 3454 3653 articula
3502 3594 3772 3650 viscerum

2191 3693 2321 3745 nos,
2366 3686 2429 3734 ut
2470 3694 2578 3735 non
2626 3695 2762 3735 vana
2810 3679 2996 3736 latitia
3041 3682 3258 3750 mundi,
3304 3684 3398 3738 sed
3443 3683 3496 3739 in
3541 3683 3775 3739 Domino

2191 3768 2494 3825 exaltemus
2525 3777 2581 3824 et
2609 3769 2897 3840 latemur:
2934 3786 3004 3827 ne
3042 3787 3180 3826 vano
3208 3773 3336 3827 risui
3376 3789 3472 3828 ora
3508 3774 3773 3830 dissolva-

2192 3874 2332 3915 mus.
2363 3858 2440 3914 De
2470 3875 2579 3930 quo
2609 3858 2887 3930 Sapientia
2915 3863 3048 3918 dicit
3076 3882 3088 3917 :
3128 3862 3314 3918 Risum
3347 3864 3595 3935 deputari
3630 3883 3775 3921 erro.

2193 3966 2301 4004 rem
2330 3950 2350 4021 (
2374 3948 2521 4004 Eccl.
2552 3966 2591 4005 ιι
2614 3949 2669 4020 );
2701 3952 2796 4007 sed
2827 3953 3000 4022 magis
3028 3952 3177 4009 luctu
3209 3955 3261 4008 in
3291 3955 3546 4025 prasenti
3573 3956 3774 4012 saculu

2194 4050 2379 4098 nostra
2415 4051 2639 4113 peccata
2672 4042 2981 4110 deleamus,
3023 4052 3084 4099 ut
3123 4047 3177 4101 in
3214 4045 3394 4102 futura
3433 4049 3544 4103 vita
3568 4055 3775 4104 aterno

2192 4133 2389 4205 gaudio
2413 4132 2676 4189 fruamur.
2713 4133 2864 4190 Unde
2894 4135 3156 4204 scriptum
3185 4143 3271 4191 est
3298 4153 3311 4189 :
3342 4135 3495 4191 Beati
3542 4137 3632 4208 qui
3682 4136 3773 4191 lu-

2192 4233 2311 4295 gent
2349 4240 2520 4291 nunc,
2554 4225 2807 4295 quoniam
2841 4225 2942 4295 ipsi
2978 4225 3390 4282 consolabuntur
3418 4227 3437 4300 (
3461 4227 3649 4282 Matth.
3677 4228 3773 4297 v).

2194 4319 2342 4373 Felle
2388 4319 2700 4385 irascimur,
2734 4320 2899 4375 corde
2946 4319 3222 4387 sapimus,
3268 4320 3454 4391 jecore
3506 4336 3773 4375 amamus.

2194 4412 2402 4480 Quibus
2447 4420 2682 4484 quatuor
2721 4412 3003 4469 elementis
3045 4412 3454 4475 constantibus,
3506 4412 3775 4483 integmm

515 4500 770 4555 Dominus
797 4500 817 4573 (
844 4499 995 4556 Psal.
1025 4515 1059 4555 ν
1077 4498 1121 4573 ).
1146 4500 1243 4555 Vir
1267 4500 1487 4570 quidem
1513 4500 1834 4570 sanguinum
1857 4509 1972 4565 est,
1996 4500 2090 4570 qui
2121 4489 2169 4549 D
2194 4510 2279 4558 est
2309 4502 2531 4567 animal.
2582 4501 2678 4557 Fel
2719 4501 3079 4572 appellatum,
3119 4500 3263 4572 quod
3292 4501 3365 4555 sit
3392 4499 3660 4555 folliculus
3687 4515 3781 4571 ge-

511 4591 748 4646 bnmano
775 4605 972 4645 cruore
1000 4590 1256 4660 polluitur
1281 4607 1295 4643 :
1326 4604 1426 4645 nec
1454 4604 1561 4645 non
1589 4598 1644 4644 et
1675 4590 1764 4645 ille
1783 4630 1797 4656 ,
1826 4592 1919 4661 qui
1950 4591 2094 4646 deci-

509 4680 590 4750 pit
618 4679 814 4735 vivum.
847 4680 914 4735 Et
936 4679 1223 4750 Apostolus
1247 4696 1261 4732 :
1290 4677 1427 4733 Caro
1453 4690 1503 4733 et
1523 4682 1734 4751 sanguis
1756 4697 1969 4750 regnum
2000 4680 2094 4735 Dei

513 4787 617 4824 non
642 4768 979 4842 possidebunt
1009 4782 1029 4820 :
1055 4785 1217 4840 neque
1246 4770 1511 4839 corruptio
1539 4770 1939 4840 incorruptelam
1976 4786 2095 4841 pos—

511 4860 697 4917 sidebit
729 4858 747 4931 (
770 4858 798 4913 1
830 4857 953 4913 Cor.
981 4873 1051 4914 xv
1075 4858 1115 4930 ).
1146 4857 1336 4913 Pulmo
1363 4873 1428 4912 ex
1457 4857 1648 4915 Graeco
1677 4860 1841 4915 trahit
1862 4862 2095 4917 vocabu-

470 5011 485 5019 ,ν
511 4951 644 5011 lum.
688 4949 866 5008 Graei
908 4949 1053 5005 enim
1095 4948 1403 5020 pulmonem
1449 4964 1721 5018 pneumon
1770 4960 1967 5008 vocant
1992 4968 2091 5018 eo,

513 5045 657 5116 quod
682 5043 954 5101 flabellum
981 5041 1162 5099 cordis
1177 5081 1192 5107 ,
1216 5040 1269 5096 in
1292 5056 1399 5111 quo
1422 5056 1654 5111 pneuma
1674 5082 1689 5105 ,
1717 5041 1768 5097 id
1792 5051 1877 5097 est
1892 5082 1907 5105 ,
1938 5043 2096 5113 spirio

472 5198 477 5203 ἢ
517 5148 604 5194 tus
647 5137 819 5205 inest,
846 5152 949 5210 pro
969 5149 1076 5207 quo
1110 5135 1384 5209 agitantur
1415 5144 1470 5190 et
1501 5142 1806 5190 moventur.
1847 5134 2003 5192 Unde
2040 5145 2098 5192 et

516 5227 796 5299 pulmones
822 5227 998 5283 vocati
1025 5235 1169 5283 sunt.
1200 5224 1336 5280 Nam
1378 5224 1564 5280 Graec
1603 5239 1833 5294 pncuma
1874 5227 2095 5297 spiritus

515 5319 734 5387 dicitur,
762 5318 856 5391 qui
882 5318 1060 5375 flando
1085 5328 1141 5374 et
1161 5317 1482 5389 cxagitando
1500 5331 1681 5370 actem
1707 5317 1904 5371 emittit
1930 5326 1984 5369 ct
2012 5334 2092 5372 rc-

518 5411 680 5481 cipit,
702 5428 734 5467 a
755 5428 863 5483 quo
884 5421 1169 5469 moventur
1186 5410 1469 5483 pulmones
1491 5417 1548 5465 et
1582 5408 1864 5479 p.-.Ipitant,
1902 5418 1955 5463 et
1976 5423 2098 5479 ape-

517 5504 707 5560 riendo
728 5518 814 5570 se,
840 5514 899 5559 ut
917 5502 1101 5559 flatum
1126 5502 1341 5573 capiant
1366 5520 1378 5555 :
1406 5499 1745 5569 stringendo,
1771 5509 1829 5554 ut
1850 5500 2089 5571 cjiciant.

522 5592 614 5647 Est
650 5595 793 5648 enim
817 5588 1061 5665 corporis
1081 5609 1364 5665 organum.
1406 5594 1567 5650 Jecur
1590 5608 1784 5647 nomen
1823 5591 1982 5647 habet
2007 5605 2091 5651 eo.

522 5684 662 5750 quod
687 5684 823 5755 ignis
844 5685 915 5739 ibi
940 5686 1132 5739 habent
1158 5687 1335 5742 sedem
1359 5727 1369 5745 ,
1398 5685 1486 5754 qui
1520 5683 1573 5737 in
1596 5682 1876 5739 cerebrum
1903 5680 2099 5735 subro-

2197 4604 2350 4653 stans
2380 4596 2664 4652 humorem
2683 4635 2699 4661 ,
2727 4596 2821 4665 qui
2848 4603 3077 4650 vocatur
3101 4594 3245 4649 bilis.
3275 4592 3369 4648 Fel
3384 4593 3541 4658 enim
3574 4592 3777 4646 amari-

2198 4686 2443 4741 tudinem
2484 4692 2540 4740 et
2582 4684 2925 4765 dolositatem
2958 4699 3229 4755 perversa
3256 4683 3454 4738 mentis
3483 4682 3773 4753 signiﬁcat.

2196 4778 2354 4843 Unde
2404 4779 2599 4835 beatus
2648 4778 2844 4835 Petrus
2907 4775 3182 4847 apostolus
3235 4774 3302 4849 ad
3354 4772 3631 4829 Simonem
3679 4788 3779 4842 per
3870 4806 3877 4813 ι

2197 4869 2443 4925 fraudem
2484 4869 2712 4941 gratiam
2753 4867 2988 4938 Spiritus
3025 4865 3199 4922 sancti
3228 4864 3477 4935 accipere
3503 4862 3777 4920 volentem

2201 4960 2278 5015 ait
2302 4974 2318 5013 ι
2353 4958 2421 5014 In
2449 4958 2569 5029 felle
2592 4960 2730 5013 enim
2759 4956 3131 5012 amaritudinis
3158 4965 3206 5009 et
3233 4953 3549 5026 obligatione
3583 4955 3779 5024 iniqui-

2200 5051 2324 5105 tatis
2350 5050 2495 5105 uideo
2517 5059 2567 5103 te
2588 5065 2697 5104 esse
2720 5047 2868 5120 (Act.
2898 5063 2991 5103 vni
3007 5046 3048 5119 ).
3076 5045 3216 5101 Hinc
3238 5052 3294 5101 ct
3317 5045 3372 5099 in
3395 5043 3498 5100 Job
3519 5045 3586 5099 de
3610 5043 3779 5114 impio

2200 5139 2463 5209 scriptum
2503 5146 2622 5193 est:
2657 5134 2823 5192 Panis
2850 5136 2994 5191 illius
3023 5137 3079 5191 in
3118 5144 3267 5189 utero
3306 5134 3421 5204 ejus
3465 5126 3689 5188 bertetur
3723 5132 3783 5185 in
3834 5138 3839 5155 '

2203 5229 2272 5298 [el
2301 5230 2545 5298 aspidum
2573 5229 2885 5283 intrinsecus
2917 5226 3077 5299 (Job.
3104 5243 3176 5281 xx
3200 5226 3218 5297 )
3245 5244 3259 5293 ;
3305 5227 3358 5281 id
3399 5233 3510 5293 est,
3556 5227 3784 5279 satietas

2204 5319 2527 5374 transitoria
2577 5318 2955 5373 delectationis
3004 5318 3058 5372 in
3117 5317 3492 5372 retributionis
3546 5314 3656 5369 ﬁne
3709 5315 3785 5368 ad

2200 5410 2618 5466 amaritudinem
2648 5419 2912 5466 vertetur.
2945 5410 3097 5466 Tunc
3125 5411 3328 5466 etenim
3359 5408 3531 5479 iniqui
3559 5407 3781 5469 vident,

2199 5501 2344 5571 quod
2384 5499 2594 5570 antiqui
2635 5500 2902 5569 serpentis
2930 5514 3140 5555 veneno
3167 5498 3437 5555 interfecti
3465 5503 3625 5562 sunt,
3655 5510 3789 5551 cum

2202 5591 2435 5661 ﬂammis
2461 5590 2746 5653 ultricibus
2772 5589 2952 5644 traditi
2978 5605 3101 5644 cum
3126 5591 3314 5646 eodem
3338 5603 3435 5643 suo
3461 5599 3791 5657 persuasore

2202 5682 2532 5739 cruciantur.
2560 5679 2684 5734 Sive
2714 5680 2871 5749 panis
2898 5680 3040 5735 illius
3067 5681 3118 5735 in
3150 5691 3302 5736 utero
3324 5678 3436 5746 ejus
3468 5678 3519 5732 in
3542 5675 3609 5731 fel
3640 5676 3797 5745 ηειιί-
