4072 6198
338 302 450 359 173

1337 301 1427 357 DE
1465 279 1812 359 uuivsnso
1850 298 2030 355 LIBRI
2067 297 2229 355 χχιι.
2265 330 2336 340 -
2370 300 2498 356 LIB.
2538 301 2624 358 γι.

3508 305 3615 364 ΠΛ

333 415 472 471 dum
522 414 855 473 intrinsecus
903 416 1177 473 vertitur:
1230 417 1359 488 quia
1400 417 1528 472 dum
1585 431 1754 473 sacra:
1796 414 1929 487 legis
1955 419 2004 478 Λ
2036 411 2213 467 ctione
2252 411 2427 467 factus
2449 427 2513 467 ac
2540 411 2766 468 dill‘usus
2804 427 2900 483 per
2936 427 3101 470 venas
3128 423 3288 486 alque
3316 416 3615 484 medullas,

330 505 572 561 scientia
605 503 931 576 gloriantur,
958 505 1085 561 vita;
1115 513 1303 579 potum
1329 509 1598 563 convertit
1623 509 1723 564 sibi
1752 508 1807 562 in
1842 523 1929 563 ve-

330 596 468 651 neni
506 596 783 667 poculum.
830 597 966 654 llinc
1014 615 1230 654 rursum
1259 598 1315 654 in
1346 601 1561 656 cantico
1598 601 1930 656 Deuterono—

330 687 431 740 mii
470 686 538 742 de
576 685 779 743 Iudaeis
807 688 1005 759 legitur
1033 708 1047 743 :
1075 689 1189 745 Uva
1219 708 1399 746 eorum
1432 710 1532 755 uva
1558 693 1695 765 fellis
1714 735 1729 759 ,
1758 704 1806 749 et
1837 695 1923 748 bo-

328 787 450 831 trus
481 778 857 832 umaritudinis
887 777 1088 849 (Deut.
1130 779 1324 854 χχχιι)
1367 783 1496 853 ipsis
1534 785 1625 854 qui
1659 782 1925 840 Salvatori

328 877 525 924 nostro
565 870 619 924 in
661 885 825 925 cruce
853 872 1106 940 pendenti
1141 883 1353 929 acetum
1388 891 1512 930 cum
1544 875 1665 931 lelle
1694 877 1925 932 mixtum

328 960 385 1014 in
432 970 623 1031 potum
669 962 952 1018 dederunt.
1000 950 1328 1023 Stomachus
1368 968 1555 1024 Graece
1598 985 1660 1025 os
1700 980 1928 1027 vocatur

327 1065 397 1104 eo
440 1052 584 1121 quod
610 1042 810 1108 ostium
843 1056 1048 1111 ventris
1091 1042 1196 1122 sit,
1227 1065 1284 1112 et
1311 1058 1424 1128 ipse
1464 1061 1644 1115 cibum
1686 1062 1923 1132 excipiat

327 1154 501 1214 atque
522 1147 576 1200 in
597 1147 855 1202 intestina
879 1151 1227 1205 transmittat.
1253 1151 1310 1206 ln
1334 1155 1614 1210 stomacho
1633 1155 1924 1242 aliquando

328 1232 471 1290 iram
502 1244 561 1290 et
586 1237 1008 1309 indignationem
1037 1242 1204 1296 animi
1235 1243 1594 1313 signiﬁcatam
1635 1232 1943 1316 possumus“

327 1324 663 1397 intelligere.
705 1328 859 1384 Unde
902 1330 1135 1388 dicimus
1177 1333 1470 1390 iracundos
1510 1337 1759 1394 homines
1804 1346 1919 1394 sto-

327 1418 613 1484 machari,
655 1420 782 1489 quia
824 1420 1063 1476 furorem
1104 1439 1261 1481 suum
1305 1426 1451 1481 intus
1491 1428 1767 1484 occultare
1811 1447 1920 1485 non

328 1518 594 1577 possunt,
628 1509 723 1562 sed
765 1524 885 1564 cum
929 1512 1130 1582 impetu
1169 1514 1543 1570 conviciorum
1586 1517 1734 1571 illum
1772 1516 1921 1574 {oras

324 1600 646 1672 projiciunt.
680 1600 938 1657 Intestina
976 1604 1232 1659 dicuntur
1259 1620 1326 1661 eo
1379 1608 1521 1677 quod
1553 1610 1797 1680 corporis
1836 1611 1921 1665 in-

326 1692 531 1747 teriore
555 1702 711 1762 parte
734 1694 1073 1750 eobibentur.
1104 1695 1235 1763 Qua:
1259 1698 1463 1755 idcirco
1488 1699 1662 1769 longis
1690 1702 1919 1757 nexibus

1976 992 1995 1005 κ
2028 963 2214 1020 ciebus
2261 980 2365 1018 non
2423 964 2868 1019 inconvenienter
2921 966 3138 1033 aptatur
3181 983 3193 1018 :

2034 504 2127 573 qui
2170 503 2296 559 inde
2338 502 2653 559 desudatur.
2700 503 2757 559 lu
2796 505 3013 560 modum
3058 506 3286 563 sentina:
3311 509 3621 566 concrescit

2031 596 2087 650 in
2141 596 2394 662 renibus,
2448 596 2758 667 eiectusque
2812 612 2913 668 per
2960 597 3196 663 coitum,
3247 606 3303 654 et
3352 600 3406 654 in
3459 608 3615 655 utero

2031 686 2275 741 mulieris
2335 696 2618 756 susceptus
2648 724 2663 753 ,
2727 684 2911 741 calore
2974 687 3372 757 quodammodo
3435 690 3611 745 visce-

2033 794 2188 844 rum,
2221 786 2275 832 et
2297 779 2645 834 menstrualis
2685 778 2965 852 sanguinis
3004 779 3321 849 irrigationc
3344 781 3611 836 formatur

2030 864 2085 926 in
2137 887 2384 941 corpore.
2433 871 2675 928 Seminis
2725 881 2904 927 autem
2956 887 3155 927 nomen
3205 873 3435 928 diversis
3485 890 3609 945 spe-

3248 965 3377 1035 qnia
3424 979 3610 1021 semen

2027 1053 2278 1108 animalis
2316 1063 2400 1108 est
2439 1046 2753 1124 cujuslibet,
2800 1054 2943 1110 unde
2990 1056 3146 1125 origo
3187 1053 3305 1124 ejus
3349 1056 3606 1111 nascitur.

2028 1127 2223 1202 Semen
2267 1155 2351 1202 est
2392 1155 2446 1201 et
2487 1148 2773 1213 arborum,
2827 1147 3117 1203 herbarum
3164 1156 3326 1218 atque
3365 1149 3608 1215 olerum,

2026 1235 2171 1291 unde
2207 1236 2470 1308 originem
2511 1237 2737 1291 trahunt
2770 1255 2784 1291 :
2829 1237 2971 1294 sicut
3008 1237 3205 1308 legitur
3244 1238 3500 1295 Dominus
3543 1238 3613 1294 de
3697 1234 3707 1245 ”

2026 1324 2293 1380 fructibus
2340 1333 2499 1379 terra:
2543 1326 2597 1380 in
2643 1324 2839 1382 Genesi
2881 1327 3082 1383 dixisse
3122 1326 3142 1400 (
3166 1326 3295 1382 Gen.
3330 1327 3431 1401 l):
3476 1326 3609 1382 ϐενε-
3663 1330 3672 1339 ⁵

2024 1418 2186 1471 minet
2247 1427 2386 1471 terra
2442 1418 2654 1471 herbam
2709 1420 2953 1473 virentem
3007 1428 3056 1473 et
3111 1420 3387 1490 facientem
3437 1438 3613 1476 semen

2023 1515 2075 1560 et
2127 1506 2324 1577 lignum
2372 1508 2685 1577 pomiferum
2725 1509 2926 1579 faciens
2975 1509 3204 1580 fructum
3239 1512 3400 1581 juxta
3444 1530 3608 1585 genus

2021 1614 2207 1663 suum,
2236 1597 2389 1668 cujus
2415 1615 2586 1653 semen
2618 1601 2673 1653 in
2700 1602 2973 1671 semetipso
3001 1600 3069 1655 sit
3106 1618 3266 1671 super
3292 1613 3519 1669 terram,
3550 1613 3610 1661 et

2021 1699 2237 1746 extera.
2270 1682 2495 1761 Legitur
2518 1684 2570 1745 in
2598 1691 2904 1763 evangelica
2935 1692 3191 1763 parabola
3224 1693 3243 1768 (
3270 1694 3395 1751 Luc.
3426 1712 3524 1753 vui
3544 1695 3565 1771 )
3587 1737 3605 1762 ,

325 1782 378 1835 in
430 1782 761 1837 circulorum
809 1786 1057 1842 ordinata
1104 1796 1234 1843 sunt
1281 1789 1475 1856 modo,
1527 1798 1588 1844 ut
1636 1800 1918 1862 susceptas
1952 1818 1992 1877 Β
2024 1778 2313 1877 Salvam“:
2351 1781 2600 1849 dicente.
2644 1798 2829 1839 δοηιθη
2873 1800 2991 1877 {3553
3033 1788 3256 1843 verbum
3298 1787 3435 1845 θεῖε
3479 1791 3608 1861 (luia

320 1887 484 1927 escas
520 1872 784 1944 paulatim
824 1875 1098 1947 digerant,
1140 1887 1194 1932 et
1235 1867 1600 1950 superadditis
1633 1877 1770 1935 cibis
1806 1895 1916 1935 non

323 1958 715 2034 impediantur.
758 1962 816 2020 ln
860 1966 1133 2024 intestinis
1178 1984 1309 2040 ergo
1350 1978 1580 2040 possunt
1626 1970 1792 2024 animi
1831 1986 1917 2027 se-

320 2064 469 2112 creta
497 2064 555 2111 et
578 2057 852 2128 cogitatus
882 2060 1079 2116 interni
1105 2061 1298 2133 accipi.
1325 2062 1479 2118 Unde
1499 2063 1761 2132 scriptum
1785 2071 1870 2119 est
1897 2082 1910 2116 :

324 2142 521 2204 Tactus
567 2148 751 2204 dolore
796 2150 969 2204 cordis
1020 2150 1334 2209 intrinsecus
1383 2148 1551 2223 (Gen.
1580 2151 1697 2224 vi).
1747 2142 1817 2207 Et
1858 2152 1915 2208 in

321 2241 461 2297 libro
492 2241 597 2298 Job
633 2242 833 2313 legitur
865 2261 878 2296 :
919 2241 1214 2304 Intestina,
1250 2243 1427 2314 inquit
1449 2284 1464 2309 ,
1510 2261 1625 2299 mea
1661 2244 1915 2314 eiferbue-

322 2341 443 2385 runt
473 2332 662 2385 dolore
691 2332 885 2401 absque
922 2330 1034 2385 ulla
1076 2333 1251 2403 requie
1284 2330 1446 2404 (Job.
1476 2349 1584 2388 xxx
1606 2334 1646 2405 ).
1685 2334 1822 2389 Hinc
1859 2341 1915 2390 et

264 2476 279 2487 _
322 2424 373 2477 in
424 2423 674 2477 Levitien
718 2421 982 2491 jubentur
1034 2424 1227 2480 hostiae
1276 2425 1537 2481 intestina
1581 2427 1741 2481 simul
1789 2443 1912 2482 cum

319 2514 500 2583 capite
535 2522 591 2568 et
619 2514 848 2583 pedibus
874 2530 1015 2585 aqua
1045 2515 1154 2571 lota
1182 2517 1388 2573 adoleri
1416 2516 1644 2573 Domino
1672 2519 1726 2573 in
1755 2519 1911 2575 holo-

316 2613 569 2657 caustum
597 2619 662 2658 ac
688 2620 905 2659 suavem
932 2606 1174 2661 odorem.
1206 2606 1463 2663 Intestina
1493 2624 1625 2664 sane
1656 2609 1739 2665 vel
1769 2610 1911 2666 inte—

316 2712 488 2752 ranea
516 2696 746 2768 (utalia
772 2697 936 2753 editio
968 2698 1169 2766 habet)
1199 2715 1323 2756 cum
1354 2701 1580 2771 pedibus
1609 2718 1747 2773 aqua
1779 2703 1911 2758 dilui

313 2785 471 2854 jubet
517 2803 702 2842 sermo
744 2788 1032 2860 praecepti,
1073 2799 1475 2846 sacramentum
1517 2791 1772 2862 baptismi
1813 2794 1913 2849 sub

316 2878 536 2949 ﬁgurali
589 2880 974 2951 praedicatione
1034 2882 1380 2939 denuntians.
1434 2883 1571 2939 Nam
1624 2884 1909 2963 interanea

315 2969 510 3035 diluit,
544 2969 642 3040 qui
681 2970 1067 3026 conscientiam
1102 2983 1319 3045 purgat.
1359 2972 1533 3029 Pedes
1572 2973 1768 3039 abluit,
1816 2975 1910 3045 qui

315 3059 846 3114 consummationem
873 3060 1100 3130 suscipit
1127 3062 1456 3118 sacramenti
1487 3081 1500 3116 :
1534 3070 1590 3118 et
1615 3063 1752 3128 scit,
1781 3064 1907 3133 quia

312 3147 405 3218 qui
431 3144 661 3202 mundus
685 3160 793 3214 est,
822 3165 927 3203 non
953 3150 1151 3221 indiget
1180 3151 1283 3205 nisi
1307 3159 1362 3206 ut
1382 3150 1538 3223 pedes
1560 3151 1697 3207 lavet
1720 3152 1902 3224 (Joan.
1933 3177 1978 3238 ρ

314 3237 480 3311 xm).
524 3237 719 3293 Matri:
763 3239 964 3296 dicitur
1003 3241 1148 3312 quod
1188 3238 1350 3297 fimus
1381 3243 1436 3297 iu
1470 3258 1536 3298 eo
1568 3252 1902 3314 generetur:

313 3342 506 3383 semen
566 3330 715 3382 enim
764 3337 1041 3400 receptum
1094 3330 1390 3398 confovet,
1447 3333 1725 3388 confotum
1781 3349 1906 3389 cor-

311 3429 514 3490 porat,
566 3428 917 3490 corporatum
971 3420 1027 3477 in
1084 3423 1330 3478 membra
1378 3423 1683 3496 distinguit.
1736 3425 1906 3481 Vulva

313 3521 545 3577 vocata,
600 3512 756 3583 quasi
804 3511 996 3580 valva,
1049 3514 1104 3569 id
1155 3524 1270 3581 est,
1306 3514 1474 3585 janua
1520 3517 1771 3574 ventris:
1823 3518 1908 3574 vel

310 3601 460 3671 quod
508 3616 695 3656 semen
747 3603 988 3673 recipit:
1039 3604 1125 3659 vel
1169 3607 1313 3675 quod
1354 3620 1424 3661 ex
1469 3620 1533 3662 ea
1577 3607 1743 3663 fretus
1784 3624 1907 3679 pro-

310 3692 491 3746 cedat.
548 3685 719 3748 Vulva
767 3693 1041 3765 signiﬁcat
1093 3696 1308 3753 interna
1360 3708 1589 3755 secreta.
1644 3688 1906 3757 Unde‘in

312 3778 415 3837 Job
435 3782 698 3853 scriptum
724 3793 809 3839 est
835 3802 849 3837 :
883 3783 1013 3850 Quis
1038 3786 1294 3843 conclusi:
1319 3790 1468 3845 ostiis
1496 3806 1663 3857 mare,
1693 3794 1905 3863 quando

309 3873 618 3943 erumpebat
640 3874 793 3944 quasi
828 3874 894 3931 de
920 3876 1071 3932 uulua
1094 3879 1418 3948 procedens?
1443 3880 1462 3952 (
1483 3879 1607 3934 Job.
1634 3882 1903 3956 xxxvm.)

310 3964 452 4030 Quia
486 3964 744 4019 videlicet
782 3973 909 4022 tunc
944 3968 1180 4025 humano
1215 3971 1402 4043 generi
1448 3975 1736 4045 praeceptis
1770 3974 1905 4047 legis

310 4054 595 4133 obviavit,
631 4056 865 4126 quando
888 4059 1065 4116 adhuc
1098 4062 1356 4118 saeculum
1391 4078 1506 4119 sua?
1538 4065 1737 4136 origini
1774 4066 1905 4122 vici-

309 4162 445 4200 num
504 4146 658 4216 quasi
716 4148 785 4202 ab
833 4157 959 4204 ortu
1012 4153 1236 4223 proprio
1287 4154 1357 4208 ad
1413 4154 1716 4224 profectum
1775 4158 1900 4212 vitze

313 4237 556 4292 carnalis
604 4238 804 4293 exibat.
872 4238 950 4296 De
994 4242 1152 4296 vulva
1219 4244 1419 4315 quippe
1463 4246 1758 4315 procedere
1812 4253 1899 4303 est

318 4327 373 4381 in
439 4327 617 4383 lucem
676 4331 961 4400 praesentis
1015 4333 1200 4403 gloria:
1257 4335 1551 4391 carnaliter
1613 4352 1897 4407 apparere.

314 4417 446 4472 item
480 4418 644 4473 vulva
682 4420 940 4475 interiora
985 4423 1180 4477 animae
1224 4433 1381 4491 sunt,
1428 4427 1521 4481 ubi
1567 4426 1769 4495 bonum
1814 4428 1899 4482 vel

2020 1885 2086 1925 ex
2131 1871 2247 1940 ipso
2288 1861 2497 1927 fructus
2538 1873 2802 1927 bonarum
2844 1874 3107 1930 virtutum
3150 1879 3414 1946 procedit.
3459 1879 3610 1936 Men-

2019 1967 2170 2015 strua
2190 2000 2206 2023 ,
2237 1975 2606 2030 supervacuus
2638 1961 2925 2018 mulierum
2965 1965 3203 2037 sanguis.
3238 1966 3388 2023 Dicta
3421 1979 3606 2025 autem

2019 2060 2297 2106 menstrua
2328 2068 2357 2104 a
2391 2054 2617 2107 circuitu
2652 2047 2858 2109 lunaris
2895 2054 3149 2122 luminis,
3177 2073 3286 2128 quo
3327 2060 3464 2116 solet
3500 2063 3604 2119 hoc

2017 2140 2237 2197 evenire
2274 2137 2615 2210 proﬂuvium.
2663 2138 2814 2197 Luna
2858 2152 3039 2200 autem
3087 2145 3273 2204 Graece
3316 2165 3477 2207 mene
3518 2153 3604 2208 di-

2018 2231 2181 2297 citur,
2236 2232 2376 2286 unde
2426 2228 2739 2287 muliebria’
2766 2244 3168 2306 nuncupantur.
3218 2237 3354 2294 Nam
3406 2244 3605 2299 mulier

2017 2320 2191 2377 solum
2236 2316 2436 2376 animal
2479 2316 2811 2378 menstruale
2849 2332 2980 2379 est:
3020 2325 3176 2399 cujus
3216 2328 3431 2386 cruoris
3473 2346 3604 2388 con-

2017 2418 2165 2465 tactu
2205 2410 2391 2484 fruges
2431 2428 2536 2468 non
2574 2413 2918 2484 germinant,
2949 2426 3210 2473 acescunt
3247 2429 3456 2488 musta,
3490 2438 3603 2479 mo-

2016 2502 2233 2558 riuntur
2262 2503 2475 2571 herbm,
2508 2506 2764 2560 amittunt
2793 2500 3017 2567 arbores
3045 2509 3241 2575 fanus,
3271 2510 3473 2569 ferrum
3511 2532 3603 2570 ru-

2014 2595 2139 2666 bigo
2169 2597 2497 2667 corrumpit,
2529 2596 2848 2673 nigrescunt
2878 2613 2986 2654 tera
3021 2616 3035 2653 :
3074 2598 3122 2655 si
3151 2600 3244 2672 qui
3279 2617 3446 2660 canes
3475 2605 3600 2660 inde

2014 2685 2258 2753 ederint,
2298 2687 2353 2742 in
2386 2688 2592 2743 rabiem
2617 2683 2917 2745 elleruntur
2947 2708 2960 2744 :
2990 2690 3259 2763 glutinum
3302 2695 3598 2766 asphaltis,

2013 2778 2156 2846 quod
2200 2791 2301 2832 nec
2348 2776 2495 2833 ferro
2542 2793 2643 2833 nec
2681 2780 2837 2849 aquis
2874 2780 3208 2849 dissolvitur,
3245 2799 3443 2842 cruore
3481 2786 3603 2857 ipso

2011 2865 2306 2939 pollutum,
2340 2878 2533 2939 sponte
2562 2868 2910 2944 dispergitur.
2948 2873 3081 2930 Post
3118 2874 3382 2945 plurimos
3418 2887 3602 2935 autem

2012 2959 2129 3014 dies
2174 2967 2483 3015 menstruos
2526 2959 2648 3016 ideo
2685 2975 2870 3018 semen
2919 2977 3026 3019 non
3082 2979 3206 3020 esse
3256 2968 3595 3037 general‘ile,

2010 3047 2136 3119 quia
2168 3048 2285 3120 jam
2324 3064 2436 3104 non
2476 3058 2563 3105 est
2601 3052 2949 3110 nienstrualis
2987 3054 3240 3126 sanguis,
3267 3071 3298 3110 a
3327 3072 3436 3129 quo
3474 3073 3598 3130 pcr-

2011 3138 2163 3195 l'usus
2204 3138 2480 3210 irrigetur.
2514 3135 2698 3197 Tenue
2724 3157 2908 3201 semen
2935 3141 3071 3200 locis
3098 3146 3455 3203 muliebribus
3481 3162 3592 3204 non

2007 3239 2188 3303 potest
2221 3228 2518 3288 adhaerere.
2560 3231 2787 3288 Labitur
2819 3236 2963 3290 enim
2984 3275 3000 3301 ,
3027 3251 3126 3292 nec
3162 3237 3327 3294 habet
3351 3238 3460 3294 vim
3499 3234 3615 3297 ad?

2010 3322 2268 3379 luerendi.
2314 3323 2582 3381 Similiter
2619 3333 2674 3381 ct
2715 3326 2951 3396 spissum
2990 3326 3096 3382 vim
3139 3343 3247 3383 non
3307 3328 3471 3387 habet
3510 3331 3593 3404 gi-

2007 3416 2236 3485 gnendi,
2284 3416 2410 3486 quia
2462 3416 2714 3472 muliebri
2766 3418 3015 3491 sanguini
3066 3420 3288 3477 misceri
3337 3438 3444 3478 non
3493 3438 3592 3494 po-

2011 3514 2118 3561 test
2170 3517 2394 3579 propter
2445 3508 2673 3564 nimiam
2729 3509 2815 3565 sui
2869 3512 3297 3581 spissitudinem.
3356 3514 3493 3572 llinc
3541 3525 3598 3572 et

2008 3599 2224 3655 steriles
2271 3615 2455 3656 mares
2501 3600 2590 3658 vel
2641 3600 2874 3661 feminas
2923 3604 3040 3660 ﬁeri
3086 3621 3188 3676 per
3235 3608 3460 3664 nimiam
3509 3625 3597 3676 se-

2005 3688 2168 3744 minis
2214 3683 2300 3745 vcl
2339 3684 2621 3762 sanguinis
2662 3673 3206 3752 crassitudinem—vel
3248 3706 3470 3769 propter
3510 3673 3596 3755 ni-

2008 3776 2172 3837 miam
2214 3782 2517 3838 raritatem.
2565 3779 2809 3839 Primum
2851 3793 3036 3841 autem
3080 3787 3233 3843 aiunt
3278 3804 3376 3845 cor
3415 3791 3593 3846 homi-

2005 3873 2091 3929 nis
2132 3874 2298 3946 ﬁngi,
2342 3873 2484 3953 quod
2528 3875 2583 3930 in
2617 3891 2684 3933 eo
2719 3877 2791 3932 sit
2826 3878 2939 3933 vita
2980 3880 3158 3935 omnis
3190 3889 3246 3937 et
3280 3883 3586 3953 sapientia:

2005 3960 2201 4021 deinde
2242 3967 2657 4038 quadragesimo
2705 3976 2876 4024 totum
2919 3984 3117 4040 corpus
3159 3971 3398 4042 expleri,
3444 3974 3592 4045 quod

2003 4072 2071 4112 ex
2136 4056 2508 4112 abortionibus
2560 4057 2662 4129 (ut
2724 4057 2945 4132 ferunt)
2995 4059 3281 4123 collectum
3331 4072 3434 4118 est.
3479 4063 3592 4120 Alii

2004 4144 2167 4202 fictus
2206 4163 2238 4203 a
2279 4148 2457 4218 capite
2497 4163 2714 4205 sumere
2757 4148 2948 4204 dicunt
2990 4151 3294 4206 exordium.
3340 4151 3493 4208 Unde
3532 4161 3592 4211 et

2004 4239 2058 4293 in
2102 4240 2284 4293 avium
2327 4238 2549 4294 funibus
2587 4239 2821 4309 primum
2861 4240 3049 4296 oculos
3088 4239 3217 4311 ﬁngi
3268 4243 3319 4297 in
3350 4244 3468 4299 ovis
3506 4244 3592 4302 vi-

2004 4330 2212 4385 demus.
2261 4328 2451 4383 Fmtus
2497 4337 2679 4383 autem
2726 4329 3063 4395 nominatus,
3114 4330 3258 4401 quod
3305 4332 3483 4389 adhuc
3527 4331 3588 4389 in

2003 4430 2159 4476 utero
2212 4419 2475 4477 foveatur.
2531 4419 2697 4491 Cujus
2768 4422 3019 4479 secundae
3069 4423 3321 4479 dicuntur
3369 4424 3587 4483 follicu-

312 4511 513 4565 malum
553 4513 873 4581 concipitur.
912 4514 1011 4569 Est
1045 4524 1100 4571 et
1142 4516 1298 4572 vulva
1340 4517 1596 4575 Ecclesiae
1636 4519 1770 4575 ﬁdes
1819 4519 1902 4575 in-

2010 4513 2116 4580 lus,
2164 4514 2257 4585 qui
2303 4513 2463 4570 simul
2505 4530 2628 4569 cum
2677 4508 2884 4570 infante
2927 4516 3189 4581 nascitur,
3232 4518 3584 4591 continetque

314 4603 480 4657 terior
532 4618 564 4656 a
619 4620 724 4674 qua
774 4604 1015 4661 haeretici
1062 4608 1342 4678 depravati
1396 4611 1653 4666 aborsum
1707 4612 1899 4668 matris

314 4694 652 4760 intulerunt,
710 4697 852 4752 sicut
901 4699 955 4753 in
1010 4701 1220 4769 psalmo
1268 4702 1335 4758 de
1384 4703 1589 4759 eisdem
1639 4705 1839 4760 dicitur
1879 4723 1892 4759 :

311 4787 543 4841 Alienati
569 4798 692 4844 sunt
718 4802 1014 4860 peccatores
1039 4812 1071 4849 a
1094 4794 1268 4863 vulva.
1299 4810 1602 4852 erraverunt
1631 4798 1697 4852 ab
1727 4808 1894 4865 utero,

312 4877 473 4932 locuti
499 4892 621 4936 sunt
645 4882 784 4951 falsa
815 4883 1370 4958 (Psal.t.vn).Vesica
1397 4890 1539 4946 dicta
1557 4931 1572 4956 ,
1599 4893 1726 4962 quia
1753 4894 1896 4949 sicut

315 4984 408 5022 vas
453 4986 608 5039 aqua:
650 4973 715 5027 de
760 4976 981 5030 renibus
1026 4978 1182 5033 urina
1223 4980 1446 5036 collecta
1491 4983 1790 5053 completur
1835 4993 1894 5040 et

314 5056 543 5115 humore
570 5062 915 5120 distenditur.
952 5065 1119 5138 Cujus
1161 5084 1290 5124 usus
1334 5070 1389 5124 in
1433 5071 1740 5129 volucribus
1785 5089 1893 5129 non

314 5147 562 5206 habetur.
610 5151 776 5208 Urina
819 5165 1001 5212 autem
1042 5159 1226 5238 dicta,
1262 5160 1375 5216 sive
1415 5164 1559 5232 quod
1597 5172 1753 5229 urat,
1797 5180 1894 5220 seu

315 5243 438 5311 quia
476 5258 546 5297 ex
578 5244 803 5300 renibus
840 5248 1119 5318 egeritur:
1161 5250 1314 5318 cujus
1336 5249 1541 5319 judicio
1564 5260 1621 5308 et
1657 5253 1803 5308 salus
1841 5263 1897 5311 et

314 5334 576 5404 aegritudo
596 5334 781 5391 futura
802 5349 1157 5394 monstratur.
1184 5341 1285 5408 Qui
1309 5342 1506 5397 humor
1524 5342 1681 5414 vulgo
1706 5343 1894 5400 lotium

316 5425 551 5481 dicitur:
595 5443 663 5485 eo
702 5429 848 5500 quod
886 5430 1029 5495 lota,
1073 5433 1128 5488 id
1170 5443 1285 5499 est,
1334 5435 1535 5490 munda
1570 5437 1893 5492 vestimenta

315 5513 632 5573 eﬂiciantur.
683 5519 879 5576 Semen
927 5532 1046 5590 est,
1092 5527 1237 5594 quod
1275 5525 1483 5594 jactum
1528 5528 1760 5582 sumitur
1801 5533 1896 5582 aut

316 5622 343 5659 a
390 5618 570 5671 terra,
617 5620 715 5665 aut
758 5614 828 5667 ab
873 5622 1030 5670 utero
1074 5616 1141 5671 ad
1186 5617 1511 5687 gignendum
1544 5618 1643 5697 vel
1686 5618 1893 5675 fructus

286 5703 397 5759 ,vel
430 5705 624 5762 fctus.
668 5707 763 5764 Est
801 5710 946 5766 enim
989 5710 1168 5781 liquor
1207 5726 1276 5769 ev
1313 5711 1421 5769 cibi
1451 5721 1505 5768 et
1530 5722 1691 5786 potus
1730 5712 1894 5769 deco-

2000 4621 2168 4662 eum:
2224 4604 2443 4670 dictus,
2489 4604 2617 4675 quia
2668 4604 2961 4660 comitatur
3004 4613 3061 4662 et
3105 4608 3371 4678 sequitur.
3423 4607 3586 4667 Nasci

2000 4706 2181 4753 autem
2246 4696 2494 4768 patribus
2547 4695 2755 4752 similes
2813 4696 2994 4761 aiunt,
3050 4698 3097 4753 si
3158 4708 3447 4770 paternum
3495 4718 3584 4759 se-

1997 4806 2122 4846 men
2150 4790 2381 4846 validius
2410 4792 2521 4845 sit:
2566 4793 2857 4859 matribus,
2898 4793 2945 4848 si
2985 4802 3332 4851 matcrnum:
3380 4804 3436 4850 et
3476 4795 3582 4849 hac

1994 4882 2206 4937 ratione
2244 4882 2447 4939 similes
2484 4884 2714 4954 exprimi
2750 4884 2949 4949 vultus.
2991 4884 3098 4953 Qui
3144 4897 3325 4942 autem
3371 4886 3575 4941 utrius-

1993 4991 2099 5046 que
2159 4976 2400 5047 parentis
2464 4974 2691 5048 ﬁguram
2754 4978 3020 5042 reddunt,
3073 4977 3573 5057 aequalitermixto
3618 5002 3629 5009 ·

1954 5076 2226 5138 ορειιυνηο
2288 5075 2646 5137 maternoque
2707 5067 2916 5121 semine
2978 5067 3376 5136 concipiuntur,
3447 5082 3576 5122 avo-

1999 5175 2119 5216 rum
2183 5174 2620 5230 proavorumque
2680 5158 2886 5214 similes
2947 5157 3098 5221 ﬁeri.
3149 5158 3278 5227 quia
3329 5158 3471 5213 sicut
3517 5159 3574 5214 in

1999 5260 2143 5308 terra
2190 5252 2400 5307 semina
2449 5251 2617 5305 multa
2664 5250 2911 5314 occulta,
2959 5250 3039 5304 sic
3088 5256 3145 5304 et
3184 5251 3240 5305 in
3287 5250 3443 5305 nobis
3492 5266 3577 5309 sc-

1998 5345 2144 5399 mina
2201 5343 2480 5411 celantur,
2540 5342 2744 5411 ﬁguras
2794 5349 3079 5412 parentum
3136 5341 3434 5397 redditura.
3491 5341 3575 5399 Ex

1996 5442 2223 5506 paterno
2272 5441 2452 5490 autem
2503 5435 2710 5489 semine
2756 5448 2956 5503 pueros
3002 5432 3150 5489 nasci
3175 5473 3191 5493 ,
3239 5440 3296 5490 et
3342 5446 3410 5489 ex
3458 5449 3578 5488 ma-

1994 5535 2148 5580 terno
2206 5524 2412 5595 puellas
2468 5542 2480 5576 :
2547 5525 2671 5593 quia
2725 5523 2904 5577 omnis
2958 5530 3150 5590 partus
3205 5530 3423 5578 constat
3478 5526 3579 5580 dn-

1994 5617 2119 5688 plici
2175 5617 2402 5675 semine.
2465 5613 2619 5682 cujus
2668 5629 2797 5685 pars
2841 5612 3036 5682 major,
3066 5614 3569 5686 cum'invaluerit,

1995 5716 2225 5779 occupat
2251 5704 2658 5762 similitudinem
2688 5719 2871 5761 savus.
2918 5702 3079 5785 Juxta
3120 5702 3578 5780 allegoriamtlu-
