4072 6198
484 265 585 321 175

1117 261 1180 317 Β.
1224 257 1480 317 RABANI
1519 258 1739 317 ιιΑυιιι
1777 253 2065 315 Ᾱιιειιιιςι

2166 255 2453 314 ΙΟΟυΝῒ.
2492 257 2778 315 OPERUM
2814 257 2995 315 PARS
3021 257 3094 314 ιι.

3640 258 3751 318 176

480 399 583 439 xus
639 378 917 451 sanguinis
974 384 1153 449 potest
1208 375 1435 446 intelligi
1493 375 1813 430 idololatria:
1865 374 2057 430 obscc-
2084 385 2133 443 Α
2161 384 2339 428 autem
2391 370 2630 430 furorem
2671 374 2911 430 libidinis
2957 373 3042 429 vel
3074 371 3369 427 iracundiae
3407 385 3633 445 possunt
3660 377 3752 434 de-

481 475 651 537 nitas,
681 481 739 527 et
773 484 1019 526 errorum
1057 467 1303 537 pollutio.
1340 466 1433 521 Sic
1470 475 1524 521 et
1565 466 1892 521 mcnstrualc
1926 473 2059 519 tem-

479 578 581 635 pus
635 560 768 615 illud
818 557 1162 629 intelligitur,
1217 571 1325 628 quo
1376 571 1513 626 pene
1576 556 1860 612 universus
1912 555 2061 610 orbis

480 653 535 707 in
592 665 780 706 errore
834 657 891 704 et
943 647 1250 703 idololatria
1306 647 1643 703 versabatur.
1703 648 1771 701 Et
1830 647 1896 702 ad
1944 664 2060 702 mu-

482 745 669 800 lierem
697 749 1088 799 menstruatam
1134 756 1241 796 non
1285 741 1413 797 licet
1458 743 1749 807 accedere,
1799 758 1898 798 nec
1939 759 2061 798 cum

480 851 543 890 ea
586 832 967 889 commisceri:
1016 833 1143 905 quia
1186 846 1285 887 nec
1327 831 1645 887 idololatriae
1686 849 2019 904 paganorum
2044 874 2058 895 ,

480 940 582 980 nec
646 923 837 980 htcresi
903 922 1283 978 hmreticorum
1342 921 1468 979 licet
1538 923 1806 979 catholico
1859 923 2062 979 homini

482 1014 905 1072 communicare.
951 1013 1181 1069 Femora
1228 1015 1372 1069 dicta
1416 1024 1576 1081 sunt,
1621 1017 1764 1085 quod
1806 1029 1867 1071 ea
1910 1026 2065 1085 parte

482 1127 513 1165 a
556 1124 690 1164 sexu
731 1107 833 1163 viri
887 1107 1178 1178 discrepat.
1225 1106 1366 1162 Sunt
1403 1116 1587 1162 autem
1637 1109 1705 1163 ab
1756 1107 2064 1179 inguinibus

479 1214 652 1269 usque
692 1198 759 1253 ad
797 1212 994 1269 genua.
1041 1197 1263 1253 Femina
1307 1208 1486 1253 autem
1530 1213 1628 1269 per
1675 1199 2061 1254 derivationem

483 1290 747 1344 ternorum
796 1296 977 1358 partes
1021 1295 1180 1353 sunt,
1227 1289 1428 1358 quibus
1472 1287 1532 1342 in
1574 1287 1866 1358 equitando
1902 1289 2068 1358 tergis

485 1396 745 1451 equorum
775 1380 1135 1435 adhteremus.
1165 1378 1320 1436 Unde
1349 1387 1405 1435 et
1440 1379 1774 1451 praeliatores
1802 1379 1930 1434 olim
1966 1379 2066 1435 sub

478 1467 774 1526 feminibus
797 1485 968 1540 equos
991 1470 1237 1525 amisisse
1266 1470 1603 1526 dicebantur.
1631 1469 1832 1525 Femur
1853 1470 2068 1542 generis

480 1572 719 1636 propago
768 1558 1107 1630 intelligitur,
1157 1560 1301 1615 sicut
1350 1559 1405 1614 in
1443 1558 1648 1615 Genesi
1686 1560 1753 1614 de
1786 1557 1954 1615 Jacob
1987 1550 2065 1615 le-

482 1649 675 1722 gitur:
729 1648 916 1721 Tetigit
976 1650 1312 1705 latitudinem
1360 1649 1574 1720 femoris
1614 1650 1775 1721 ejus,
1822 1660 1874 1704 et
1917 1650 2059 1705 clau-

2158 462 2392 535 signare.
2435 464 2585 520 Unde
2628 465 2681 519 in
2716 464 2855 521 llhro
2895 463 3103 535 Regum
3143 462 3357 534 legitur,
3390 467 3545 536 quod
3571 468 3755 525 Abncr

2160 570 2345 610 aversa
2378 556 2529 610 hasta
2557 555 3080 626 percussissetAsael
3150 556 3202 609 in
3231 556 3472 625 inguine,
3502 566 3556 613 et
3579 567 3756 614 trans-

2162 642 2383 699 fodisset
2404 660 2528 699 eum
2555 644 2641 717 (11
2672 644 2800 717 Reg.
2828 644 3103 719 n).ICujus
3126 647 3279 701 Asael
3348 655 3530 719 typum
3562 650 3753 717 tenuit,

2162 736 2264 790 nisi
2292 735 2485 791 borum
2510 751 2649 806 quos
2673 737 3022 792 vehementer
3049 736 3315 805 arripiens
3342 736 3496 792 furor
3531 739 3583 793 in
3618 755 3755 809 pra:-

2161 843 2289 898 ccps
2318 828 2498 883 ducit?
2530 827 2633 895 Qui
2681 828 2735 882 in
2773 829 2964 885 eodem
2990 826 3191 883 furoris
3217 828 3420 899 impetu
3450 838 3600 885 tanto
3629 847 3758 885 cau-

2164 920 2269 974 tius
2296 920 2599 976 declinandi
2631 932 2774 985 sunt,
2810 929 3014 992 quanto
3042 932 3097 977 et
3128 923 3338 977 insania
3370 924 3755 981 vehementiori

2162 1012 2465 1082 rapiuntur.
2499 1011 2655 1069 Unde
2683 1021 2737 1067 et
2769 1012 2952 1067 Abner
2981 1054 2997 1079 ,
3038 1013 3127 1082 qui
3159 1028 3410 1069 sermone
3438 1026 3626 1071 nostro
3663 1035 3759 1088 pa—

2164 1105 2258 1156 tris
2307 1102 2522 1157 lucerna
2565 1103 2792 1168 dicitur,
2842 1105 3018 1174 fugit:
3050 1105 3175 1175 quia
3221 1106 3502 1162 doctorum
3555 1109 3753 1181 lingua,

2164 1209 2283 1263 qua:
2311 1208 2602 1265 supernum
2629 1195 2808 1250 lumen
2841 1196 3063 1261 iudicat,
3110 1213 3230 1252 cum
3270 1212 3366 1267 per
3408 1201 3633 1270 abrupta
3675 1199 3758 1253 fu-

2167 1286 2305 1340 roris
2356 1293 2593 1341 mentem
2653 1286 2959 1358 cuiuspiam
3011 1287 3139 1342 ferri
3200 1289 3481 1359 cotiSpicit,
3526 1304 3758 1360 cumque

2166 1382 2353 1430 contra
2408 1376 2730 1432 irascentem
2771 1377 3077 1433 dissimulat
3107 1379 3397 1433 verborum
3422 1379 3601 1448 iacula
3632 1382 3756 1436 red-

2167 1467 2318 1530 dere,
2366 1468 2522 1538 quasi
2556 1479 2973 1540 persequentem
3012 1487 3118 1525 non
3155 1470 3268 1525 vult
3305 1470 3506 1526 ferire:
3531 1473 3676 1527 unde
3700 1483 3760 1530 et

2166 1560 2351 1617 Abner
2378 1577 2502 1617 cum
2531 1570 2720 1617 contra
2748 1571 3164 1634 persequentem
3191 1564 3455 1628 substitit,
3500 1579 3603 1619 non
3633 1579 3758 1620 eum

2170 1660 2338 1718 recta,
2383 1650 2479 1707 sed
2522 1667 2711 1708 aversa
2758 1651 2915 1708 hasta
2959 1652 3331 1709 transforavit.
3379 1655 3458 1709 Ει
3501 1671 3759 1712 mucrone

482 1742 675 1797 dicavit
738 1739 913 1815 (Gen.
959 1756 1108 1797 xxxn
1134 1741 1177 1814 ).
1220 1740 1355 1796 Item
1414 1740 1592 1796 femur
1630 1755 1760 1796 caro
1802 1741 2060 1805 hominis,
2094 1736 2141 1796 B
2167 1744 2364 1815 quippe
2400 1755 2693 1815 percutere
2730 1754 2816 1801 est
2858 1746 3065 1817 impetu
3116 1755 3317 1817 aperta:
3368 1748 3758 1819 increpationis

487 1842 547 1887 ut
598 1834 650 1888 in
703 1831 1023 1890 Hieremia:
1075 1831 1363 1906 Postquam
1413 1833 1686 1889 ostendisti
1734 1835 1865 1887 mihi
1889 1876 1904 1895 .
1948 1852 2067 1906 per-

496 1925 635 1978 russi
677 1924 850 1995 femur
898 1940 1072 1979 meum
1120 1924 1273 1997 (Jer.
1301 1923 1495 1997 uxr).
1545 1923 1678 1979 Nam
1734 1923 1910 1979 femur
1962 1925 2065 1979 ali-

490 2015 708 2083 quando
759 2015 1031 2086 signiﬁcat
1085 2015 1513 2070 incarnationem
1578 2015 1952 2082 Dominicam,
2005 2027 2068 2071 et

485 2105 775 2175 aliquando
810 2106 1136 2177 voluptatem
1182 2107 1383 2163 carnis.
1423 2106 1645 2178 Legitur
1671 2122 1802 2180 ergo
1834 2108 1886 2163 in
1926 2107 2066 2178 psal-

484 2210 573 2251 mo
629 2196 949 2266 prophetam
1000 2195 1066 2251 ad
1128 2196 1414 2254 Dominum
1480 2198 1732 2254 dixisse:
1786 2200 2067 2270 Accingere

482 2285 662 2356 gladio
716 2295 805 2339 tuo
859 2286 1001 2340 circa
1046 2286 1238 2358 femur,
1261 2289 1614 2359 potentissime
1652 2288 1673 2361 (
1696 2288 1844 2344 Psal.
1878 2305 2003 2345 κων
2021 2290 2063 2362 ).

486 2376 627 2445 Qicit
677 2378 859 2444 enim,
916 2379 1187 2450 accingere
1238 2379 1416 2450 gladio
1470 2390 1563 2435 tuo
1593 2421 1610 2447 ,
1664 2383 1982 2452 metaphora
2035 2397 2067 2436 a

481 2470 742 2525 bellatore
793 2479 1090 2541 concepta,
1145 2471 1237 2541 qui
1290 2472 1646 2528 dimicaturus
1702 2473 1883 2545 gladio
1941 2476 2063 2529 cin-

482 2559 645 2628 gitur,
699 2568 758 2614 ut
803 2567 1115 2630 prosternat
1166 2560 1463 2616 inimicum.
1526 2562 1633 2617 Sed
1690 2564 1778 2619 bic
1829 2564 2065 2636 gladium

482 2663 790 2705 sermonem
832 2650 1234 2720 praedicationis
1263 2652 1522 2709 debemus
1558 2654 1824 2726 accipere.
1860 2657 1934 2711 De
1960 2672 2068 2726 quo

484 2740 600 2811 ipse
645 2739 698 2795 in
747 2739 1041 2813 Evangelia
1083 2748 1350 2797 testatur:
1401 2740 1523 2798 Non
1566 2746 1677 2799 veni
1719 2763 1898 2816 pacem
1943 2748 2066 2801 mit-

484 2841 591 2884 tere
633 2830 689 2885 in
726 2839 953 2897 terram,
1001 2831 1092 2886 sed
1130 2831 1367 2903 gladium
1406 2831 1641 2905 (Matth.
1690 2834 1785 2906 x).
1823 2835 1893 2889 Et
1926 2834 2070 2906 Apo-

489 2921 664 2978 stolus
702 2922 874 2979 dicit:
910 2920 983 2978 Et
1022 2922 1258 2995 gladium
1288 2925 1533 2995 spiritus,
1572 2925 1714 2996 quod
1743 2934 1822 2980 est
1862 2926 2069 2981 verbum

495 3015 591 3070 Dei
631 3013 809 3089 (Eph.
838 3014 958 3091 vi).
1000 3013 1223 3071 Gladius
1268 3026 1450 3074 autem
1489 3033 1670 3075 sermo
1718 3018 1812 3074 Dei
1847 3020 2068 3087 dicitur,

2165 1838 2424 1893 obviare:
2457 1852 2650 1892 aversa
2684 1852 2815 1893 vero
2848 1838 3006 1893 hasta
3037 1844 3452 1906 persequentem
3486 1836 3649 1893 ferire
3674 1846 3762 1892 est

2166 1927 2434 1983 furentem
2477 1926 2768 1999 tranquille
2801 1941 2870 1983 ex
2898 1926 3219 1996 quibusdam
3259 1933 3481 1997 tangere
3513 1935 3570 1981 et
3602 1925 3759 1996 quasi
3800 1942 3814 1953 ο

2166 2020 2441 2091 parcendo
2482 2035 2758 2089 superare.
2798 2018 2962 2074 Asacl
3028 2025 3209 2071 autem
3247 2018 3494 2087 protinus
3538 2033 3760 2073 occumo

2167 2108 2284 2164 Lit:
2315 2108 2441 2178 quia
2494 2116 2779 2162 commota:
2826 2115 3038 2161 mentes
3076 2106 3202 2161 dum
3236 2116 3289 2161 et
3320 2106 3467 2177 parci
3502 2108 3603 2163 sibi
3638 2123 3757 2163 sen-

2168 2196 2332 2262 tiunt,
2362 2205 2419 2252 et
2449 2205 2628 2252 tamen
2661 2211 3046 2267 responsorum
3082 2196 3296 2251 ratione
3322 2197 3375 2251 in
3409 2198 3619 2253 intimis
3658 2199 3758 2253 sub

2169 2286 2561 2357 tranquillitate
2607 2282 2924 2356 tanguntur,
2966 2286 3036 2341 ab
3070 2301 3155 2349 eo,
3191 2287 3335 2356 quod
3360 2302 3419 2341 se
3445 2297 3757 2353 erexerant,

2168 2379 2355 2432 statim
2400 2378 2619 2433 cadunt.
2646 2376 2754 2444 Qui
2792 2392 2919 2445 ergo
2954 2392 2986 2431 a
3018 2376 3248 2431 fervoris
3288 2376 3371 2431 sui
3420 2376 3622 2447 impetu
3662 2377 3765 2431 sub

2152 2469 2408 2525 lenitatis
2445 2469 2791 2540 percussione
2827 2467 3091 2533 resiliunt,
3131 2467 3287 2539 quasi
3319 2467 3438 2522 sine
3465 2467 3611 2522 ferro
3638 2482 3759 2521 mn-

2168 2561 2398 2616 riuutur.
2453 2559 2616 2615 Cosa:
2665 2560 2818 2630 quasi
2864 2557 3166 2628 conjuncta:
3215 2571 3346 2614 axes
3396 2558 3668 2614 dicuntur.
3699 2555 3761 2611 In

2169 2653 2299 2721 ipsis
2328 2652 2473 2707 enim
2501 2651 2706 2707 femora
2737 2661 3044 2717 moventur,
3068 2667 3298 2722 quorum
3326 2665 3560 2705 concava
3587 2659 3763 2705 verte-

2166 2741 2265 2796 bra
2292 2750 2557 2797 vocantur
2582 2757 2596 2797 :
2623 2742 2747 2812 quia
2772 2742 2826 2797 in
2854 2743 2933 2797 eis
2950 2742 3129 2812 capita
3160 2741 3423 2796 femorum
3453 2748 3756 2795 vertuntur.

2170 2830 2505 2904 Sull‘ragines
2528 2832 2804 2897 dicuntur,
2830 2833 2956 2902 quia
2981 2832 3172 2887 subtus
3200 2831 3541 2900 franguntur,
3575 2830 3629 2884 id
3651 2837 3758 2895 est,

2168 2920 2477 2987 ﬂectuntur,
2506 2936 2613 2977 non
2639 2937 2822 2993 supra,
2850 2922 2993 2976 sicut
3024 2922 3077 2976 in
3108 2922 3369 2978 brachiis.
3406 2920 3594 2977 Genua
3632 2930 3759 2976 sunt

2165 3015 2578 3070 commissiones
2621 3013 2888 3071 femorum
2916 3012 3237 3071 et'crurium
3268 3035 3279 3070 :
3310 3025 3363 3072 et
3388 3017 3530 3071 dicta
3562 3031 3757 3088 genua,

484 3106 611 3177 quia
639 3106 957 3177 corpulenta
994 3107 1140 3164 vitiis
1167 3108 1332 3164 corda
1365 3109 1642 3166 hominum
1672 3112 1780 3167 ictu
1818 3128 1930 3169 sua;
1959 3113 2067 3168 vir.
2092 3100 2137 3161 C
2168 3120 2233 3161 eo
2260 3107 2401 3176 quod
2430 3105 2484 3160 in
2510 3116 2667 3162 utero
2693 3106 2806 3161 sint
2830 3107 2982 3178 genis
3009 3107 3276 3178 opposita.
3307 3106 3594 3164 Coliaarent
3616 3108 3760 3163 enim

486 3198 616 3253 tutis
653 3197 951 3267 irrumpit:
989 3210 1091 3254 nec
1124 3206 1303 3269 potest
1335 3199 1676 3257 imbecillitas
1709 3202 1946 3257 humana
1982 3219 2069 3277 re—

481 3287 706 3354 sistere,
750 3288 842 3344 ubi
881 3288 971 3344 illa
1003 3287 1337 3347 fortitudinis
1362 3290 1532 3363 gloria
1562 3293 1812 3366 dignatur
1841 3295 2064 3352 intrare.

480 3375 685 3434 Femur
730 3388 861 3434 vero
909 3379 1340 3437 incarnationem
1389 3382 1660 3455 signiﬁcat
1687 3383 1898 3442 Domini
1942 3386 2067 3443 Sai-

484 3469 731 3525 vatoris:
772 3469 915 3525 sicut
953 3470 1008 3526 in
1047 3469 1245 3527 Genesi
1275 3472 1509 3545 legitur:
1546 3474 1669 3531 Non
1697 3477 1897 3546 deﬁciet
1927 3480 2072 3551 prin—

483 3577 600 3632 ceps
631 3576 697 3616 ea:
734 3560 909 3628 Iuda,
951 3576 1113 3634 neque
1155 3561 1267 3617 dua:
1312 3564 1378 3619 de
1422 3566 1705 3635 femoribus
1739 3568 1854 3636 eius
1891 3568 2063 3642 (Gen.

482 3652 673 3725 nix).
711 3651 773 3707 lu
814 3653 933 3723 ipso
985 3652 1459 3726 etiam.mysterio
1510 3664 1567 3709 et
1619 3656 1893 3712 Abraham
1940 3657 2070 3714 fecit

476 3743 663 3814 jurare
703 3741 963 3798 famulum
1003 3756 1161 3799 suum
1202 3742 1378 3819 (Gen.
1408 3745 1600 3820 xxiv).
1650 3748 1874 3815 Quando
1922 3751 2065 3805 enim

482 3839 630 3887 tacto
673 3830 880 3888 femore
915 3829 1231 3901 subiunxit,
1265 3837 1617 3905 potentissime
1645 3850 1664 3888 .·
1704 3838 1807 3892 hoc
1846 3838 1963 3905 ait,
2007 3848 2068 3894 ut

481 3922 838 3978 reverendam
866 3920 1294 3980 incarnationem
1326 3925 1609 3993 crederes,
1636 3942 1796 3998 quam
1826 3930 2066 3999 potentia

484 4012 784 4069 divinitatis
835 4015 1147 4086 assumpsit.
1187 4013 1451 4072 Similiter
1497 4019 1929 4089 sapientissimus
1976 4022 2065 4078 ille

483 4103 657 4159 dicit:
711 4103 935 4161 Gladius
979 4106 1096 4177 ejus
1132 4105 1188 4160 in
1239 4105 1436 4173 femore
1482 4108 1667 4178 ipsius.
1718 4109 1836 4178 Quo
1885 4118 2063 4166 tamen

482 4192 816 4264 signiﬁcari,
866 4195 1195 4251 desiderium
1225 4195 1443 4252 carnale
1474 4198 1638 4253 verbo
1668 4195 1763 4254 Dei
1798 4199 2064 4255 constrin-

484 4281 716 4354 geudum
742 4323 758 4349 ,
808 4292 988 4353 potest
1037 4299 1146 4340 non
1194 4285 1489 4357 incongrue
1526 4288 1720 4358 accipi.
1755 4286 1887 4343 Nam
1921 4290 2063 4359 quod

485 4373 753 4444 sequitur,
812 4374 978 4444 specie
1035 4384 1126 4429 tua
1186 4386 1235 4430 et
1280 4376 1672 4448 pulchritudine
1728 4390 1819 4434 tua
1869 4379 1888 4453 (
1910 4378 2057 4435 Psal.

484 4462 692 4534 xuv);
751 4463 842 4519 hic
873 4474 1161 4537 utramque
1194 4447 1445 4523 naturam
1494 4471 1727 4540 positam
1782 4447 2063 4527 evidenter
2092 4447 2141 4506 ι)

484 4553 909 4625 cognoscimus:
966 4563 1027 4610 ut
1078 4557 1289 4628 species
1329 4558 1601 4629 pertineat
1651 4560 1719 4614 ad
1760 4559 2065 4615 humanita-

485 4650 629 4708 tem,
679 4641 1025 4715 pulchritudo
1078 4647 1147 4700 ad
1210 4647 1485 4704 deitatem.
1531 4647 1623 4704 Illa
1665 4648 1811 4704 enim
1855 4651 2065 4721 species

493 4734 867 4803 benedicitur,
920 4736 978 4791 in
1033 4751 1139 4807 qua
1190 4738 1390 4794 mundo
1443 4739 1591 4795 salus
1639 4742 1906 4813 apparuit.
1960 4743 2065 4800 ista

486 4825 829 4898 pulchritudo
878 4816 1159 4897 aptissime
1217 4829 1635 4898 pronuntiatur,
1685 4831 1830 4886 unde
1882 4833 2063 4887 omu'n

487 4917 711 4990 pulchra
736 4959 753 4986 ,
809 4928 1146 4990 quaecunque
1208 4916 1405 4975 decora
1473 4928 1619 4974 sunt.
1666 4917 1891 4993 Legitur
1931 4937 2064 4992 quo-

487 5019 592 5079 que
637 5010 692 5065 in
741 5007 969 5066 Cantlco
1018 5009 1355 5065 canticorum
1409 5024 1670 5081 sponsum
1722 5022 1933 5082 sponsa:
1983 5015 2064 5070 di-

488 5099 636 5154 uisse
665 5098 979 5155 :Jttncturc
1024 5097 1278 5170 feminum
1332 5109 1571 5164 tuorum,
1625 5101 1762 5154 sicut
1807 5101 2060 5168 monilia,

487 5210 606 5263 qua
668 5194 928 5263 fabricata
993 5202 1115 5247 sunt
1173 5209 1336 5247 manu
1392 5194 1611 5262 artiﬁcis
1671 5191 1872 5266 (Cant.
1910 5209 1984 5248 vn
2016 5195 2058 5266 ).

491 5284 589 5340 Ubi
639 5285 870 5341 duorum
919 5284 1208 5340 censordia
1262 5284 1576 5353 populorum
1628 5285 1857 5356 spiritali
1910 5286 2061 5355 prole

490 5375 855 5433 fecundomn
917 5378 975 5432 in
1040 5375 1297 5446 junctum
1375 5375 1632 5431 feminum
1712 5377 2056 5448 designatur.

489 5464 622 5532 Quae
675 5473 818 5522 sicut
874 5469 1096 5525 monilia
1135 5467 1401 5524 fabricata
1437 5475 1564 5524 sunt
1601 5484 1762 5523 manu
1799 5469 2021 5525 artiﬁcis
2045 5509 2060 5534 ,

487 5554 543 5610 id
560 5564 667 5620 est,
697 5556 956 5615 ineﬂahili
1001 5561 1254 5634 largitate
1294 5561 1591 5618 conditoris
1628 5561 1797 5617 nostri
1828 5561 2060 5615 ﬁrmata.

470 5642 545 5698 1n
598 5645 885 5703 monilibus
946 5664 1115 5719 opera
1172 5653 1313 5706 bona
1373 5652 1771 5722 exprimuntur.
1845 5650 2065 5723 inguina

2172 3193 2244 3249 ibi
2271 3195 2395 3262 sibi,
2419 3204 2475 3250 et
2500 3205 2725 3267 cognata
2767 3206 2895 3251 sunt
2927 3196 3118 3261 oculis,
3161 3196 3522 3269 lacrymarum
3549 3195 3764 3251 indiciis

2167 3296 2225 3344 et
2255 3287 2667 3344 misericordim.
2700 3286 2837 3343 Nam
2865 3304 2895 3342 a
2922 3287 3074 3358 genis
3096 3298 3269 3357 genua
3304 3289 3575 3343 dicuntur.
3600 3287 3764 3341 Deni-

2170 3394 2274 3449 que
2311 3378 2699 3451 complicatum
2730 3379 2873 3451 gigni
2902 3379 3233 3449 formarique
3273 3378 3563 3441 hominem,
3604 3379 3765 3432 itaut

2169 3484 2340 3540 genua
2364 3484 2578 3525 sursum
2602 3470 2731 3536 sint,
2753 3469 2947 3540 quibus
2967 3469 3107 3525 oculi
3130 3469 3452 3536 formantur,
3479 3480 3537 3524 ut
3558 3471 3671 3525 cavi
3699 3486 3766 3525 ac

2170 3561 2440 3617 reconditi
2467 3559 2619 3615 ﬁant.
2664 3559 2817 3616 Unde
2860 3560 3106 3615 Ennius:
3134 3558 3300 3632 Atque
3337 3576 3505 3631 genua
3537 3560 3766 3629 compri-

2166 3663 2316 3707 mum
2366 3663 2484 3706 arta
2526 3669 2678 3724 gena.
2734 3651 2863 3708 Inde
2902 3662 3007 3719 est,
3052 3650 3195 3723 quod
3242 3651 3489 3707 homines
3518 3652 3643 3705 dum
3691 3651 3763 3705 ad

2167 3757 2338 3816 genua
2384 3759 2443 3798 se
2487 3752 2861 3813 prosternunt,
2912 3746 3093 3799 statim
3149 3743 3539 3815 lacry‘mantur.
3574 3739 3762 3796 Voluit

2167 3830 2310 3889 enim
2332 3848 2425 3890 COS
2452 3843 2646 3889 natura
2678 3843 2891 3890 uterum
2920 3844 3224 3891 maternum
3256 3847 3639 3895 rememorare,
3666 3832 3759 3887 ιιιιί

2166 3923 2320 3993 quasi
2364 3924 2415 3978 in
2463 3924 2702 3979 tenebris
2742 3925 3023 3988 sedebant,
3073 3931 3361 3992 antequam
3406 3922 3657 3977 venirent
3691 3923 3759 3975 ad

2165 4013 2361 4069 lucem.
2426 4012 2615 4069 Genua
2679 4014 2908 4086 mystice
2971 4013 3369 4069 confessionem
3435 4011 3760 4066 humilitatis

2167 4104 2476 4173 signiﬁcare
2521 4112 2748 4175 possunt
2776 4123 2788 4157 :
2816 4113 2875 4159 ut
2913 4111 2998 4158 est
3058 4102 3187 4158 illud
3229 4101 3472 4173 Apostoli
3503 4119 3516 4154 :
3546 4099 3754 4166 Flecte,

2164 4197 2359 4269 inquit,
2397 4213 2566 4269 genua
2601 4198 2670 4249 ad
2702 4193 2916 4250 Patrem
2955 4194 3169 4250 Domini
3212 4195 3378 4248 nostri
3401 4191 3534 4247 Jesu
3558 4191 3756 4246 Christi

2165 4289 2381 4360 (Ep/tes.
2429 4289 2533 4359 ιιι).
2560 4287 2697 4342 Hinc
2720 4298 2774 4341 et
2804 4286 2995 4342 Petrus
3023 4286 3255 4357 procidit
3292 4284 3359 4340 ad
3393 4299 3567 4355 genua
3599 4284 3753 4347 Jesu,

2164 4380 2386 4436 dicens:
2418 4379 2522 4434 Exi
2544 4397 2575 4433 a
2598 4395 2702 4445 me,
2735 4378 2978 4444 Domine,
3010 4380 3132 4449 quia
3161 4378 3316 4433 homo
3348 4388 3589 4448 peccator
3636 4392 3757 4429 sum

2168 4471 2320 4543 (Luc.
2355 4471 2429 4543 v).
2461 4472 2769 4542 Aliquando
2810 4480 2992 4526 autem
3036 4486 3207 4542 genua
3257 4469 3562 4540 signiﬁcant
3586 4466 3758 4522 virtu-

2167 4571 2277 4617 tem
2310 4563 2453 4618 ﬁdei.
2489 4563 2566 4619 De
2591 4577 2698 4633 quo
2723 4577 2825 4617 vox
2854 4561 3035 4616 divina
3067 4562 3121 4616 in
3147 4561 3287 4615 libro
3325 4560 3529 4632 Regum
3584 4559 3651 4614 ad
3684 4556 3760 4614 Ει

2166 4653 2293 4708 liam
2323 4654 2640 4724 prophetam
2668 4652 2781 4709 ait:
2813 4651 3021 4724 Reliqui
3047 4652 3174 4706 mihi
3201 4662 3392 4722 septem
3423 4649 3590 4705 millia
3616 4651 3759 4704 uiro-

2167 4758 2310 4811 rum,
2339 4745 2430 4815 qui
2469 4759 2571 4798 non
2595 4750 2941 4800 curvarerunt
2980 4759 3147 4813 genua
3177 4732 3439 4796 sudante
3461 4738 3600 4795 Baal
3631 4738 3757 4812 (III

2169 4830 2303 4904 Reg.
2334 4831 2473 4906 ius).
2501 4832 2633 4890 Item
2661 4849 2837 4904 genua
2862 4833 3149 4904 aliquando
3175 4848 3274 4903 pro
3307 4831 3566 4889 membris
3592 4830 3755 4888 Cbri-
3845 4851 3870 4873 ο

2167 4925 2237 4979 uti
2268 4923 2444 4993 posita
2470 4923 2885 4995 intelliguntur:
2912 4934 2971 4979 ut
3003 4932 3087 4981 cst
3118 4914 3247 4979 illud
3276 4925 3329 4979 in
3369 4923 3577 4995 psalmo
3606 4941 3619 4975 :
3649 4920 3755 4976 Ce-

2166 5031 2272 5069 nua
2299 5030 2415 5070 mea
2466 5014 2736 5087 inﬁrmata
2797 5027 2920 5071 sunt
2966 5032 3076 5088 pra
3108 5016 3318 5087 jejunio
3354 5011 3524 5087 (Psal.
3576 5013 3755 5082 cvm),

2165 5120 2287 5160 cum
2310 5104 2599 5178 Evangelio
2623 5114 2761 5163 teste
2784 5106 2998 5180 (Matth.
3029 5105 3124 5178 tv),
3149 5107 3430 5172 doceatur,
3453 5105 3523 5161 40
3563 5103 3757 5160 diebus

2165 5204 2220 5250 et
2241 5195 2313 5250 ιο
2339 5197 2586 5251 noctibus
2608 5195 2886 5252 Christum
2912 5196 3200 5252 Dominum
3234 5196 3513 5266 jejunasse
3537 5213 3554 5251 :
3580 5208 3757 5268 genua

2167 5296 2347 5339 tamen
2377 5283 2495 5352 eius
2523 5285 2792 5340 inﬁrmata
2828 5301 2949 5341 esse
2987 5301 3094 5341 non
3135 5286 3385 5358 legimus,
3422 5287 3516 5343 sed
3544 5293 3755 5342 tantum

2166 5376 2405 5432 esurisse
2432 5376 2755 5432 declaratur.
2796 5378 2946 5432 Unde
2978 5378 3025 5431 si
3062 5378 3201 5433 hanc
3236 5380 3466 5433 esuriem
3495 5378 3558 5433 ad
3579 5390 3757 5449 genua

2172 5470 2399 5536 referas,
2427 5472 2480 5526 id
2507 5480 2613 5537 est,
2636 5471 2883 5542 corporis
2916 5471 3287 5536 stabilitatem,
3316 5472 3513 5542 quibus
3539 5482 3761 5539 semper

2172 5562 2471 5618 insiStimus
2497 5580 2509 5615 :
2543 5570 2718 5632 potest
2745 5571 3103 5632 congruenter
3134 5562 3307 5631 aptari
3340 5562 3518 5616 minus
3548 5579 3561 5611 :
3587 5575 3675 5623 ne,
3705 5558 3759 5612 si

2174 5653 2277 5709 hoe
2317 5652 2627 5723 scrupulum
2663 5651 2847 5716 movit,
2878 5650 3069 5707 melius
3093 5666 3270 5723 genua
3297 5651 3363 5708 ad
3390 5650 3558 5721 ipsius
3582 5661 3759 5704 mem-
