4072 6198
334 371 431 423 Ξῖἷ

1335 366 1426 425 ΒΕ
1457 364 1815 425 υΝινεῐιεο
1852 362 2039 419 LIBRI
2076 360 2243 420 XXII.
2285 394 2353 406 —-
2391 362 2522 419 LIB.
2560 362 2649 421 Π.

3510 364 3615 422 ΠΟ

329 490 431 543 bra
457 484 788 548 referantur,
826 494 948 552 qua
990 493 1180 535 revera
1225 477 1499 534 inﬁrmata
1527 485 1675 543 sunt,
1712 475 1930 546 quando
1956 474 2344 541 AiQuiedebat
2377 490 2541 547 panes
2576 488 2738 540 meos,
2775 472 3047 545 ampliavit
3083 473 3357 531 adversum
3382 492 3467 532 me
3494 495 3618 549 sup-

330 575 567 646 agmstoli
628 574 750 646 ejus
795 572 1050 643 passione
1111 569 1354 640 dispersi:
1395 577 1542 626 sunt.
1597 567 1738 638 Quid
1786 568 1930 623 enim

332 673 461 741 plus
489 684 611 724 esse
638 667 813 739 potuit
846 665 1130 739 inﬁrmius,
1156 678 1323 735 quam
1345 672 1404 717 ut
1431 662 1627 718 Petrus
1675 668 1939 731 negaret,

332 774 383 819 ct
414 762 625 832 reliqua
648 759 881 814 ﬁdelium
905 758 1060 812 turba
1083 756 1354 811 latuisset?
1371 753 1536 809 Talus
1556 754 1731 808 dictus
1750 768 1778 805 a
1803 751 1929 806 talo.

334 854 475 907 Nam
506 852 646 907 talus
674 860 757 907 est
781 851 1026 905 eminens
1049 847 1370 926 rotunditas.
1400 844 1551 901 Unde
1577 852 1631 899 et
1658 841 1951 914 fastigium,

339 947 527 1016 templi
558 945 769 999 rotundi
798 944 939 998 talus
959 954 1209 997 vocatur.
1243 940 1408 995 Talus
1439 950 1620 995 autem
1644 940 1744 994 sub
1771 952 1949 994 cruce.

338 1047 448 1101 ost,
502 1037 605 1091 sub
656 1035 760 1090 talo
799 1033 1061 1090 calcanei.
1108 1030 1272 1087 Talus
1317 1031 1479 1085 ﬁnem
1525 1030 1813 1101 cujuslibet
1857 1030 1934 1084 rei

339 1127 653 1199 signiﬁcat:
684 1127 823 1181 sicut
861 1126 975 1195 ipse
1017 1123 1204 1179 subest
1255 1123 1507 1178 cruribus
1546 1130 1603 1176 et
1630 1121 1936 1177 eminentia:

340 1218 611 1287 corporis.
645 1216 798 1272 Unde
841 1216 1039 1286 legitur
1076 1213 1244 1269 Jaeob
1283 1213 1394 1269 ﬁlio
1431 1228 1529 1267 suo
1558 1210 1755 1281 Ioseph
1794 1208 1937 1266 tuni-

341 1326 468 1368 eam
488 1309 712 1363 talarem
738 1317 900 1378 atque
921 1306 1241 1378 polymitam
1262 1304 1456 1360 fecisse
1475 1302 1684 1375 (Cenes.
1700 1300 1930 1372 xxxvii),

295 1442 311 1446 -
348 1408 453 1460 hoc
483 1410 594 1466 est,
640 1401 792 1455 vario
837 1399 1020 1455 colore
1067 1405 1398 1453 contextam.
1448 1395 1574 1451 Ideo
1621 1394 1809 1448 talaris
1854 1400 1939 1446 tu-

346 1492 472 1547 nica
509 1489 714 1545 dicitur
756 1504 820 1544 eo
852 1488 996 1560 quod
1024 1502 1199 1557 usque
1224 1486 1291 1542 ad
1321 1486 1458 1541 talos
1480 1484 1859 1549 descenderet,
1883 1491 1938 1538 et

346 1584 606 1641 manibus
637 1580 863 1636 artiﬁcis
886 1579 1026 1634 mira
1048 1588 1191 1634 esset
1212 1577 1478 1632 varietate
1509 1576 1782 1630 distincta.
1808 1572 1939 1640 Qua:

345 1678 514 1731 etiam
563 1675 743 1729 tunica
794 1671 1091 1728 secundum
1122 1667 1447 1738 allegoriam
1484 1665 1802 1721 varietatem
1836 1678 1936 1734 po-

345 1766 600 1838 pulorum
649 1777 716 1817 es
753 1761 1006 1817 omnibus
1058 1758 1309 1829 gentibus
1358 1757 1416 1811 in
1462 1764 1689 1827 corpore
1733 1753 1937 1808 Christi

344 1828 734 1928 congregatam
773 1852 1118 1926 signiﬁcavit.
1163 1850 1299 1904 Item
1345 1847 1453 1903 alio
1502 1847 1663 1901 modo
1701 1844 1933 1915 Ioseph,
1969 1828 2014 1887 Β

346 1951 439 2021 qui
466 1951 609 2004 inter
630 1947 827 2002 fratres
852 1933 1103 2000 undecim
1135 1955 1308 2012 usque
1332 1939 1401 1994 ad
1430 1937 1590 1994 ﬁnem
1617 1936 1796 2006 justus
1818 1950 1938 2005 per—

349 2055 635 2097 severasse
683 2037 1038 2099 describitur,
1091 2033 1239 2090 solus
1285 2032 1508 2086 talarem
1559 2030 1799 2085 tunicam
1844 2027 1940 2082 ba-

351 2132 540 2189 buisse
572 2128 917 2185 describitur.
948 2125 1087 2192 Quid
1116 2131 1199 2180 est
1225 2137 1357 2193 ergo
1382 2119 1573 2176 talaris
1599 2120 1804 2183 tunica,
1835 2118 1940 2174 nisi

350 2223 494 2276 actio
536 2218 949 2276 consummata?
995 2214 1157 2283 Quasi
1186 2213 1334 2269 enim
1367 2217 1623 2283 protensa
1648 2209 1830 2264 tunica
1861 2215 1944 2262 ta-

348 2311 462 2367 lum
517 2310 764 2381 corporis
813 2306 1076 2377 cooperit,
1129 2320 1252 2361 eum
1297 2303 1440 2359 bona
1490 2301 1633 2356 actio
1684 2307 1811 2354 ante
1844 2297 1942 2353 Dei

351 2402 545 2456 oculos
589 2415 762 2469 usque
810 2398 875 2453 ad
907 2398 1034 2454 vita:
1069 2396 1357 2452 terminum
1387 2409 1486 2449 nos
1519 2392 1669 2461 tegit.
1702 2389 1858 2447 Unde
1890 2397 1946 2445 et

348 2506 452 2562 per
492 2489 714 2562 Moysen
760 2486 945 2557 (Leuit.
985 2483 1625 2552 tu,etvn)eaudabosti:e
1676 2482 1731 2536 in
1785 2480 1943 2535 altari

349 2580 534 2636 oﬁ'erri
578 2578 906 2649 praecipitur,
952 2585 1014 2631 ut
1060 2574 1313 2630 videlicet
1340 2587 1502 2628 omne
1544 2562 1769 2633 bonum,
1801 2570 1946 2641 quod

352 2672 682 2742 incipinms,
733 2670 897 2723 etiam
954 2666 1331 2737 perseveranti
1388 2662 1497 2719 ﬁne
1554 2663 1944 2735 compleamus.

347 2758 528 2817 Pedes
554 2776 619 2815 ex
642 2774 817 2831 graeca
849 2756 1171 2828 etymologia
1219 2770 1415 2809 nomen
1456 2754 1634 2809 sortiti
1662 2761 1806 2809 sunt.
1839 2752 1949 2808 Hos

347 2851 500 2910 enim
528 2850 701 2907 Gnaei
731 2849 899 2919 podas
925 2847 1129 2912 dicunt,
1160 2845 1287 2916 quia
1313 2844 1537 2899 alternis
1563 2843 1801 2899 motibus
1829 2841 1945 2897 solo

352 2943 610 3001 incedunt
632 2942 743 2997 ﬁxi.
759 2940 929 2997 Pedes
941 2953 1160 2995 cursum
1173 2937 1298 2992 vita:
1318 2936 1599 3007 prtesentis
1612 2933 1941 3006 signiﬁcant,

350 3034 706 3093 stabilitatem
732 3032 931 3089 mentis
972 3045 1036 3085 ac
1072 3027 1195 3083 ﬁdei
1221 3045 1235 3083 :
1264 3034 1326 3081 ut
1356 3034 1442 3082 est
1468 3025 1597 3081 illud
1627 3026 1683 3081 in
1704 3023 1946 3096 psalmo:

355 3126 577 3183 Stantes
617 3133 768 3179 erant
804 3122 958 3193 pedes
1004 3119 1167 3176 nostri
1194 3120 1250 3175 in
1279 3119 1432 3175 atriis
1494 3116 1625 3180 tuis,
1650 3114 1946 3172 Jerusalem

356 3216 537 3290 (Psal.
561 3217 732 3285 CXXI);
749 3215 854 3270 hoc
881 3221 987 3280 est,
1014 3226 1235 3284 gressus
1262 3224 1487 3282 cperum
1507 3216 1819 3266 nostrorum
1850 3206 1946 3262 ﬁr-

356 3308 525 3362 miter
565 3312 885 3378 permanent
918 3304 973 3359 in
1008 3303 1115 3359 ﬁde
1139 3311 1197 3358 et
1225 3301 1504 3373 religione,
1535 3315 1697 3370 quam
1728 3298 1785 3355 in
1813 3313 1950 3370 prae-

354 3397 503 3453 senti
543 3404 785 3467 tempore
828 3402 1016 3450 sancta
1056 3399 1207 3449 tenet
1230 3390 1498 3447 Ecclesia.
1529 3389 1588 3444 In
1618 3388 1950 3446 contrariam

355 3493 571 3557 partem
621 3486 821 3557 pedum
870 3483 1193 3556 signiﬁcatio
1240 3483 1471 3538 vertitur
1518 3498 1531 3537 :
1576 3490 1637 3536 ut
1685 3489 1771 3537 est
1819 3478 1948 3535 illud

352 3578 733 3650 propheticum
774 3576 1183 3633 testimonium:
1213 3574 1324 3630 Cur
1369 3572 1682 3629 claudicans
1731 3580 1951 3643 utroque

353 3669 487 3737 pede
511 3666 635 3739 (ΙΗ
659 3666 788 3739 Reg.
808 3668 989 3739 svnt),
1017 3667 1121 3722 hoc
1145 3674 1250 3731 est,
1281 3679 1532 3721 sermone
1549 3671 1607 3721 et
1629 3679 1795 3736 opere
1816 3664 1951 3722 estis

356 3758 643 3815 instabiles
674 3767 731 3815 et
764 3759 1032 3824 subversi,
1068 3756 1335 3829 pronique
1375 3754 1445 3811 ad
1479 3755 1704 3811 malum.
1732 3754 1871 3812 Item
1894 3754 1950 3811 in

355 3852 571 3923 psalmo
590 3851 659 3907 de
682 3849 880 3907 Iudaeis
898 3851 1160 3920 scriptum
1194 3856 1280 3904 est
1300 3866 1314 3903 :
1354 3846 1565 3903 Veloces
1587 3845 1744 3918 pedes
1768 3861 1949 3902 eorum

356 3943 430 3998 ad
447 3943 826 4014 effundendum
845 3942 1153 4012 sanguinem
1177 3939 1351 4015 (Psal.
1407 3939 1551 4013 xm).
1579 3938 1751 3996 Pedes
1770 3938 1952 4011 appel-

356 4033 441 4088 lat
478 4034 690 4090 consilii
728 4049 1070 4106 progressus,
1113 4033 1307 4104 quibus
1348 4033 1416 4088 de
1456 4032 1670 4102 incepto
1696 4031 1948 4102 provehi-

358 4141 486 4182 mur
508 4127 579 4181 ad
605 4127 786 4182 exitus
805 4142 1010 4182 rerum.
1038 4124 1174 4182 Nam
1201 4125 1344 4198 quod
1368 4125 1503 4181 dixit
1529 4123 1746 4189 veloces,
1770 4131 1952 4180 osten-

358 4215 446 4272 dit
478 4216 872 4271 moderationis
917 4215 1024 4271 illis
1062 4216 1291 4272 consilia
1317 4214 1553 4272 defuisse
1579 4214 1647 4268 ad
1672 4212 1950 4270 eﬁ‘uuden-

359 4306 490 4365 dnm
537 4308 876 4379 sanguinem,
919 4308 1345 4365 subaudiendum
1392 4308 1607 4380 Domini
1651 4306 1950 4363 Salvatoris

356 4409 422 4457 ιιι
467 4399 750 4456 scelerata:
795 4400 875 4455 rei
915 4408 1130 4455 crescat
1171 4399 1487 4455 immanitas
1522 4398 1773 4454 actionis.
1815 4396 1946 4453 Item

356 4490 527 4563 pedes
556 4505 753 4545 cursus
777 4491 905 4545 vita:
927 4489 1018 4546 vel
1067 4491 1421 4546 stabilitatem
1451 4476 1650 4547 mentis
1676 4498 1772 4545 aut
1801 4489 1945 4556 ﬁdei,

360 4592 421 4637 ut
449 4583 504 4637 in
546 4581 761 4637 Psalmo
795 4601 809 4637 :
850 4582 1051 4654 Perﬁce
1088 4600 1299 4655 gressus
1339 4600 1482 4639 meos
1518 4584 1575 4638 in
1607 4583 1805 4639 semitis
1842 4584 1948 4639 tuis

360 4669 537 4743 (Psat.
571 4671 705 4743 xvi).
734 4672 941 4728 Planta:
966 4688 999 4728 a
1032 4674 1254 4745 planitie
1290 4681 1631 4745 nuncupatas,
1681 4689 1802 4744 qua:
1838 4691 1946 4730 non

358 4762 630 4827 rotundae,
663 4771 721 4817 ut
743 4763 796 4818 in
829 4764 1285 4835 quadrupedibus,
1333 4780 1403 4821 ne
1447 4773 1595 4822 stare
1632 4780 1738 4822 non
1778 4768 1950 4836 possit

360 4854 515 4924 bipes
562 4856 743 4918 homo.
798 4858 892 4913 sed
945 4857 1120 4929 plana:
1175 4867 1339 4930 atque
1384 4858 1658 4930 longiores
1700 4857 1947 4915 formatae

358 4953 510 5009 sunt,
546 4955 607 5000 ut
626 4946 819 5003 stabile
843 4963 1041 5019 corpus
1067 4947 1359 5007 edicerent.
1386 4949 1525 5005 Sunt
1549 4958 1726 5006 autem
1749 4949 1946 5020 plantae

361 5034 666 5090 anteriores
692 5045 896 5106 partes,
932 5053 1055 5108 qua:
1078 5040 1241 5095 etiam
1275 5038 1342 5095 de
1367 5038 1552 5095 multis
1580 5039 1792 5095 ossibus
1818 5055 1948 5097 con-

361 5132 529 5179 stant.
574 5123 895 5196 Signiﬁcant
936 5127 1132 5197 plantae
1182 5130 1474 5186 terminum
1519 5123 1948 5189 conversationis

362 5226 586 5269 nostra.
640 5214 791 5272 Unde
833 5217 1093 5289 scriptum
1139 5228 1223 5276 est
1251 5221 1306 5275 in
1332 5221 1472 5278 Isaia
1500 5222 1568 5278 de
1601 5219 1827 5279 Judaieo
1853 5237 1949 5293 po-

361 5304 492 5373 pulo
518 5323 534 5359 :
562 5305 609 5358 Α
638 5305 821 5376 planta
852 5310 999 5380 pedis
1038 5327 1202 5383 usque
1238 5313 1308 5368 ad
1346 5314 1586 5369 verticem
1629 5330 1733 5370 non
1764 5323 1840 5370 est
1862 5331 1949 5371 sa-

359 5397 503 5451 nitas
522 5397 579 5450 in
602 5414 664 5454 eo
689 5397 825 5470 (lsa.
856 5400 932 5472 1);
955 5403 1060 5460 hoc
1100 5412 1204 5470 est,
1231 5419 1265 5460 ιι
1283 5420 1497 5462 summo
1518 5420 1690 5477 usque
1716 5405 1783 5465 ad
1801 5422 1942 5465 sum-

361 5501 535 5542 mum.
587 5488 724 5547 Tota
759 5492 907 5549 enim
966 5509 1155 5551 eorum
1200 5496 1542 5552 conversatio
1591 5497 1846 5553 vitiorum
1895 5505 1951 5553 et

359 5590 715 5653 peccatorum
761 5584 965 5641 aculeis
1008 5587 1259 5643 confossa
1303 5596 1445 5655 erat,
1484 5603 1587 5644 nec
1605 5588 1813 5645 sanitas
1838 5588 1947 5645 ulla

362 5683 529 5731 recta:
572 5674 698 5732 ﬁdei
738 5685 798 5733 et
837 5678 1103 5734 bonorum
1143 5694 1368 5751 sperum
1403 5681 1458 5735 in
1496 5681 1576 5737 eis
1625 5683 1942 5753 apparebat.

366 5764 521 5821 Unde
562 5768 827 5836 scriptum
873 5777 959 5825 est
992 5770 1047 5825 in
1081 5768 1297 5826 Psalmo
1338 5769 1406 5827 de
1432 5769 1565 5827 Jnda
1628 5771 1942 5843 proditore:

2032 566 2410 638 plantationem
2450 563 2622 637 (Psal.
2649 563 2760 638 sn).
2810 564 2913 632 Qui
2953 565 3098 621 enim
3140 579 3332 638 panem
3362 567 3621 627 doctrinae

2034 657 2102 712 ab
2149 671 2245 712 ore
2283 654 2583 712 Salvatoris
2620 657 2848 727 accepit,
2892 664 2948 713 et
2973 658 3332 714 communiter
3358 671 3482 713 eum
3511 675 3619 716 cae-

2034 748 2166 803 teris
2209 747 2468 820 apostolis
2497 747 2637 820 apud
2666 763 2790 803 eum
2814 748 2970 814 vixit,
3001 749 3373 819 ignorantibus
3395 750 3476 806 eis
3495 766 3621 807 cum

2033 838 2234 896 Iudaeis
2281 840 2625 896 machinatus
2673 849 2761 895 est
2808 839 2985 896 scelus
3032 840 3386 910 proditionis,
3439 841 3513 896 ita
3559 850 3621 897 ut

2034 932 2217 988 osculo
2262 947 2384 987 eum
2430 932 2688 989 traderet.
2729 928 2774 986 0
2813 931 3135 1000 discipulum
3186 933 3434 995 surdum,
3463 947 3497 987 o
3527 933 3617 986 in-

2036 1022 2194 1078 docili
2243 1021 2407 1077 enrde
2450 1022 2825 1076 durissimum!
2881 1020 3013 1088 Quis
3053 1021 3197 1076 enim
3239 1035 3362 1075 eum
3396 1035 3429 1075 a
3470 1030 3621 1076 tanta

2034 1113 2237 1183 pietate
2259 1110 2461 1181 aliquid
2489 1111 2710 1166 virtutis
2744 1110 2927 1166 animo
2962 1111 3272 1182 percepisse
3294 1111 3500 1177 credat,
3530 1112 3623 1182 qui

2038 1214 2148 1259 tam
2202 1203 2438 1260 crudelis
2501 1203 2716 1259 exstitit
2761 1203 3077 1274 parricida?
3132 1202 3311 1260 Calcis
3363 1218 3501 1274 pars,
3542 1212 3628 1260 est

2035 1295 2233 1367 plantae
2259 1310 2289 1349 a
2324 1294 2483 1350 callos
2516 1308 2714 1350 nomen
2764 1294 2839 1349 illi
2887 1293 3224 1367 impositum,
3270 1309 3378 1365 quo
3424 1303 3627 1349 terram

2038 1386 2352 1442 calcamus:
2393 1385 2520 1441 hinc
2550 1393 2605 1440 et
2647 1384 2954 1443 calcaneus.
3016 1383 3225 1452 Solum,
3254 1382 3478 1439 inferior
3500 1399 3628 1456 pars

2037 1477 2210 1549 pedis,
2260 1476 2384 1532 inde
2430 1483 2514 1531 est
2552 1476 2778 1543 dictum,
2825 1475 2951 1545 quia
2987 1490 3052 1530 eo
3079 1484 3238 1530 terra:
3267 1476 3493 1547 vestigia
3526 1475 3629 1530 im-

2040 1569 2347 1639 primimus.
2388 1568 2497 1625 Sed
2527 1577 2581 1625 et
2610 1570 2782 1625 solum
2820 1569 3018 1625 dicitur
3043 1584 3224 1637 omne,
3256 1569 3397 1639 quod
3425 1568 3630 1640 aliquid

2040 1659 2293 1725 sustinet,
2342 1661 2497 1729 quasi
2537 1660 2788 1716 solidum.
2827 1660 2981 1717 Unde
3009 1669 3063 1717 et
3087 1670 3230 1716 terra
3261 1661 3458 1727 solum,
3485 1660 3627 1732 quod

2041 1750 2235 1807 cuncta
2283 1753 2588 1808 sustineat:
2619 1761 2675 1808 et
2714 1752 2885 1809 solum
2929 1754 3098 1824 pedis,
3138 1754 3282 1824 quod
3310 1763 3477 1809 totam
3506 1766 3630 1808 cor-

2042 1846 2193 1916 poris
2235 1846 2434 1902 molem
2472 1854 2675 1917 portat.
2724 1844 3026 1902 Calcaneus
3072 1846 3434 1917 supplantatio
3465 1846 3629 1901 vitio-

2042 1955 2160 1994 rum
2209 1949 2310 2003 est,
2350 1940 2466 1995 sive
2509 1948 2785 1996 extremus
2834 1953 3030 1995 cursus
3072 1939 3218 1995 vitae.
3263 1939 3341 1994 De
3377 1937 3632 1994 calcaneo

2041 2032 2184 2088 enim
2214 2033 2267 2086 in
2291 2031 2551 2102 psalterio
2576 2031 2642 2086 de
2667 2030 2864 2101 iniquis
2893 2029 3153 2100 scriptum
3179 2037 3296 2085 est:
3323 2027 3435 2099 Ipsi
3457 2026 3635 2082 calca-

2044 2140 2199 2179 nenm
2228 2140 2401 2178 meum
2424 2122 2767 2178 obseruabant
2805 2120 2977 2193 (Psal.
3003 2119 3113 2193 LV).
3155 2119 3272 2175 Mos
3306 2119 3409 2175 iste
3443 2118 3634 2174 diabo-

2045 2213 2180 2267 licus
2204 2222 2310 2279 est,
2355 2211 2440 2268 vel
2489 2210 2701 2277 eorum,
2749 2211 2841 2281 qui
2889 2209 3123 2265 ministri
3161 2209 3332 2280 ipsius
3370 2223 3491 2265 esse
3532 2222 3633 2265 no-

2044 2315 2272 2360 scuntur
2305 2322 2318 2359 :
2358 2311 2417 2359 ut
2443 2303 2782 2367 calcaneum,
2823 2300 2876 2357 id
2908 2290 3017 2366 est,
3064 2299 3253 2355 ultima
3287 2306 3475 2355 nostra
3502 2298 3634 2354 insi-

2045 2394 2195 2451 diosa
2244 2393 2541 2449 calliditate
2596 2392 2928 2463 respiciant:
2957 2391 3100 2449 sicut
3148 2389 3388 2461 serpenti
3439 2403 3470 2444 a
3519 2388 3629 2443 Do-

2044 2491 2192 2545 mine
2212 2489 2526 2560 praedictum
2557 2495 2642 2553 est
2671 2505 2683 2541 :
2717 2484 2823 2541 Illa
2854 2495 3005 2540 tuum
3034 2483 3320 2540 Obseruauit
3351 2490 3507 2554 caput
3530 2498 3549 2537 :
3575 2487 3625 2537 et

2046 2589 2103 2633 tu
2149 2578 2486 2633 insidiaberis
2529 2576 2774 2632 calcaneo
2826 2575 2943 2645 eius
2992 2571 3144 2649 (Gen.
3183 2572 3290 2646 ιιι).
3327 2572 3444 2629 Scit
3483 2573 3629 2629 enim

2048 2669 2294 2725 diabolus
2331 2669 2560 2724 ﬁnitima
2597 2675 2782 2723 nostra
2816 2666 3071 2738 iudicari,
3100 2674 3156 2720 et
3179 2666 3294 2736 ipsa
3333 2663 3448 2719 vult
3475 2677 3634 2719 ever-

2050 2769 2186 2825 tere,
2230 2769 2289 2815 ut
2324 2760 2597 2832 possimus
2640 2759 2709 2814 ad
2747 2767 2931 2814 reatus
2968 2757 3281 2813 discrimina
3330 2756 3633 2827 pervenire.

2049 2850 2288 2922 Vestigia
2329 2851 2497 2917 enim,
2529 2850 2726 2921 quibus
2758 2849 3089 2905 transeundo
3116 2849 3345 2919 pedibus
3376 2848 3634 2905 indicium

2051 2941 2315 2996 transitus
2363 2939 2534 2995 nostri
2564 2939 2941 3009 relinquimus,
2974 2937 3262 3008 aliquando
3288 2935 3637 2992 stabilitatem

2048 3030 2309 3085 virtutum
2342 3028 2569 3101 mystice
2598 3027 2903 3100 designant,
2933 3036 2992 3082 ιιι
3021 3037 3107 3083 est
3136 3026 3265 3081 illud
3292 3026 3347 3081 in
3376 3026 3592 3082 Psalmo
3619 3043 3634 3058 ·

2057 3118 2123 3174 Ut
2161 3137 2265 3179 non
2314 3129 2624 3175 moveantur
2662 3119 2873 3190 vestigia
2922 3134 3037 3173 mea
3086 3116 3259 3192 (Psal.
3301 3120 3437 3191 xvi).
3490 3118 3559 3172 Et
3580 3118 3636 3173 in

2055 3210 2214 3266 aliam
2255 3221 2466 3282 partem
2512 3211 2835 3266 translatum
2865 3211 3079 3265 devium
3108 3220 3452 3282 peccatorum
3483 3225 3639 3267 mon-

2052 3310 2208 3367 strat,
2248 3313 2310 3358 ut
2345 3312 2433 3361 est
2472 3302 2644 3357 illud:
2678 3300 2886 3356 Transit
2926 3301 3027 3356 iter
3049 3302 3348 3373 impiorum,
3385 3310 3637 3373 tanquam

2053 3396 2322 3466 restigium
2360 3395 2504 3450 navis
2535 3386 2686 3468 (Sa'p.
2710 3394 2793 3467 ιι).
2822 3385 3031 3466 tNeque
3076 3394 3343 3452 silendum
3381 3395 3639 3462 arbitror,

2052 3483 2193 3555 quod
2229 3485 2283 3539 in
2310 3500 2537 3556 corpore
2568 3493 2755 3541 nostro
2778 3494 2879 3542 est.
2912 3485 3170 3554 Quaedam
3198 3496 3407 3544 tantum
3428 3488 3639 3545 utilita-

2055 3577 2126 3634 tis
2152 3593 2315 3634 causa
2346 3576 2491 3634 facta
2520 3585 2669 3643 sunt,
2703 3586 2764 3637 ut
2799 3578 3049 3638 viscera:
3075 3580 3320 3650 quzedam
3349 3588 3408 3638 et
3432 3580 3639 3637 utilita-

2054 3669 2126 3725 tis
2151 3676 2209 3725 et
2243 3668 2477 3737 decoris,
2510 3676 2574 3725 ut
2601 3684 2798 3729 sensus
2818 3669 2879 3729 in
2907 3668 3069 3738 facie.
3097 3679 3152 3731 et
3185 3671 3240 3727 in
3266 3686 3497 3744 corpore
3523 3689 3638 3729 ma-

2052 3773 2157 3816 nus
2177 3773 2246 3815 ae
2264 3759 2447 3830 pedes,
2476 3774 2709 3831 quorum
2733 3760 3101 3824 merubrorum
3126 3771 3187 3823 et
3210 3762 3418 3822 utilitas
3436 3779 3633 3836 magna

2051 3858 2154 3918 est,
2190 3858 2250 3907 et
2277 3851 2486 3921 species
2506 3852 2889 3913 decentissima
2915 3872 2930 3909 :
2959 3854 3210 3923 quedam
3238 3862 3447 3912 tantum
3469 3855 3632 3914 deco-

2053 3942 2150 4010 ris,
2185 3950 2247 3999 ut
2274 3942 2524 4003 mamilla:
2555 3944 2610 4000 in
2638 3944 2795 4012 viris,
2817 3954 2877 4003 et
2910 3946 2966 4007 in
2999 3956 3233 4017 utroque
3252 3962 3385 4004 sexu
3412 3949 3633 4006 umbili-

2052 4048 2150 4091 eus
2171 4050 2186 4088 :
2211 4034 2458 4104 quaedam
2477 4034 2836 4103 discretionis,
2858 4036 2995 4099 utin
3019 4036 3152 4099 viris
3170 4037 3446 4108 genitalia,
3468 4038 3637 4095 barba

2052 4123 2284 4195 prolixa,
2334 4134 2525 4194 pecms
2561 4126 2799 4197 amplum
2827 4128 2925 4189 :in
2944 4127 3285 4187 mulieribus
3312 4130 3461 4188 lenes
3484 4147 3636 4204 gena:

2052 4223 2110 4271 et
2122 4223 2411 4287 angustum
2424 4223 2633 4285 pectus,
2648 4217 2717 4280 ad
2741 4218 3124 4289 caneipiendos
3144 4227 3204 4279 et
3222 4221 3516 4291 portandus
3535 4220 3635 4280 [ω-

2056 4317 2161 4376 tus,
2192 4322 2353 4366 renes
2374 4315 2432 4367 et
2454 4307 2626 4370 latera
2653 4307 2901 4371 dilatata.

2692 4398 2921 4462 CAPUT
2957 4399 3021 4458 ll.

2337 4490 2418 4547 De
2437 4490 2541 4547 situ
2566 4498 2613 4547 et
2634 4490 2815 4548 habitu
2842 4490 3061 4551 humani
3088 4495 3344 4565 corporis.

2127 4578 2286 4639 Stare
2320 4579 2575 4647 hominis,
2607 4581 2662 4636 in
2691 4579 2797 4641 title
2822 4582 3124 4643 consistere
3147 4583 3437 4655 signiﬁcat,
3466 4595 3527 4645 ut
3569 4588 3627 4644 in

2053 4671 2312 4742 Apostolo
2342 4689 2355 4725 :
2389 4668 2535 4731 State
2570 4672 2627 4726 in
2664 4671 2769 4741 fide
2792 4666 2846 4742 (Ι
2887 4667 3013 4729 Cor.
3038 4672 3171 4746 xvi).
3206 4673 3520 4743 Ambulare,
3559 4677 3630 4733 ad

2051 4764 2221 4820 Deum
2245 4763 2482 4829 tendens.
2511 4770 2574 4818 ut
2599 4763 2653 4820 in
2682 4762 2890 4835 psalmo
2919 4779 2935 4818 :
2967 4762 3037 4819 Et
3072 4753 3403 4822 ambulatum
3427 4769 3483 4822 in
3507 4767 3635 4824 lati-

2050 4856 2233 4915 tudine
2255 4854 2429 4925 (Psal.
2455 4854 2666 4927 cxvut).
2708 4854 2931 4923 Sedere,
2974 4856 3031 4935 in
3067 4857 3179 4914 Deo
3223 4858 3502 4916 humiliter
3536 4874 3627 4916 re-

2051 4949 2358 5018 quiescere,
2379 4955 2440 5003 ιιι
2461 4948 2515 5003 ιιι
2537 4947 2831 5021 Evangelia
2859 4967 2873 5005 :
2910 4944 3016 5007 Vos
3042 4961 3217 5011 autem
3241 4949 3413 5007 sedete
3429 4950 3487 5007 in
3506 4952 3633 5006 eiei.

2048 5046 2174 5093 tate.
2206 5037 2274 5094 Et
2312 5038 2368 5094 in
2409 5038 2549 5097 libro
2582 5037 2790 5108 Regum
2817 5038 2885 5097 de
2910 5037 3081 5095 David
3108 5039 3311 5096 dicitur
3339 5057 3354 5095 :
3382 5036 3631 5114 Seditque

2043 5144 2224 5184 eorum
2256 5128 2476 5182 Domino
2506 5127 2617 5183 Luc
2655 5143 2781 5186 xxiv
2808 5145 2826 5185 :
2857 5126 2946 5201 (II
2973 5128 3106 5202 Reg.
3132 5129 3493 5200 πωλῆσαι-θ.
3527 5142 3624 5189 aut

2043 5222 2191 5277 vitiis
2218 5230 2316 5276 aut
2339 5222 2730 5280 tentatiouibns
2756 5222 3133 5279 succumbere.
3160 5222 3318 5280 Unde
3340 5225 3538 5297 legitur
3565 5228 3619 5283 in

2039 5307 2329 5381 Evangelia
2365 5328 2380 5367 :
2412 5308 2479 5365 Et
2510 5310 2708 5367 invenit
2736 5327 2857 5369 eum
2879 5313 3150 5382 iacentem
3175 5315 3232 5370 in
3262 5315 3394 5371 lecto
3420 5314 3618 5387 (Mare.

2039 5406 2157 5474 vn).
2180 5403 2438 5469 Currere,
2468 5404 2522 5460 in
2548 5407 2807 5473 operibus
2837 5406 2994 5463 bonis
3021 5408 3360 5478 prosperari.
3383 5408 3444 5466 In
3473 5408 3623 5481 Apo-

2041 5497 2183 5554 stolo
2217 5514 2232 5553 :
2273 5495 2367 5553 Sic
2393 5498 2609 5566 currite,
2635 5510 2690 5553 ιιι
2710 5499 3162 5568 comprehendam
3184 5497 3242 5574 (1
3265 5500 3394 5558 Cor.
3419 5503 3517 5571 is).
3553 5504 3622 5562 Et

2040 5592 2097 5647 in
2129 5589 2324 5645 malam
2373 5598 2616 5661 partem:
2650 5590 2817 5646 Pedes
2841 5607 3027 5647 eorum
3060 5594 3133 5647 ad
3162 5596 3365 5651 malum
3392 5608 3620 5651 currunt

2037 5676 2229 5752 (Prov.
2246 5676 2629 5748 I).Ascensus,
2650 5679 2933 5752 profectus
2949 5683 3005 5739 in
3024 5682 3275 5742 Domino.
3304 5686 3361 5742 in
3386 5685 3620 5756 psalmo:

2037 5771 2301 5831 Ascensus
2336 5774 2392 5830 in
2412 5774 2568 5831 corde
2591 5791 2689 5832 suo
2710 5776 2965 5846 disposuit
2986 5776 3165 5849 (Psal.
3210 5780 3461 5843 unm).
3477 5776 3540 5832 Et
3564 5781 3617 5832 in
