4072 6198
470 406 573 466 17‘)

1133 403 1196 459 Β.
1237 403 1490 469 RABANI
1530 405 1748 472 MAURI
1783 404 2105 471 ARCHIEP.
2143 405 2450 463 MOGUNT.
2491 402 2779 463 OPERUM
2813 404 2995 462 PARS
3026 405 3092 463 Il.

3641 406 3743 467 180

467 522 695 580 Exodo:
728 517 936 576 Annali
977 517 1323 573 ascenderunt
1368 518 1470 589 filii
1514 518 1685 573 Israel
1720 520 1784 574 de
1819 519 2051 591 Afyypto
2082 530 2127 589 Α
2157 519 2367 592 (Ibid).
2409 521 2616 593 Lingua
2668 520 2883 586 diaboli,
2931 521 3195 593 sapientia
3239 522 3421 578 saeculi
3448 521 3631 593 hujus,
3656 524 3743 581 vel

470 612 670 685 (Exod.
693 611 836 685 xm).
868 610 1001 671 Item
1032 610 1088 665 in
1108 610 1305 665 malam
1330 619 1541 680 partem
1563 626 1842 677 ascensus,
1874 626 2056 682 supcr-

464 704 572 761 bia:
605 703 956 774 prmsumptio
991 702 1043 758 in
1091 701 1385 773 Evangelia
1416 719 1429 755 :
1464 701 1569 768 Qui
1612 719 1717 757 non
1757 703 1919 757 intrat
1964 720 2057 773 per

466 796 659 851 ostium
680 797 735 848 in
764 794 897 849 ovile
922 796 1120 859 ovium,
1163 793 1254 850 sed
1288 794 1522 851 ascendit
1567 793 1805 860 aliunde,
1842 793 1929 847 ille
1967 793 2057 863 [ur

466 895 545 941 est
566 895 616 940 et
650 884 786 940 latro
819 883 1001 957 (Joan.
1026 883 1104 954 χ).
1137 883 1463 950 DeScensus,
1493 884 1736 941 defectus
1764 901 1797 940 a
1826 884 1956 939 Deo.
1995 884 2053 939 In

466 976 759 1047 Evangelia
789 994 802 1030 :
834 974 1009 1029 Homo
1037 975 1255 1045 quidam
1295 975 1635 1031 descendebat
1684 976 1748 1030 ab
1795 975 2056 1030 Hierusa-

464 1069 565 1123 lem
595 1069 649 1122 in
667 1067 922 1122 Hiericho
949 1066 1100 1139 (Luc.
1126 1067 1204 1139 x).
1231 1066 1297 1122 Ει
1318 1067 1375 1121 in
1403 1067 1542 1123 Isaia
1564 1064 1707 1131 εγω,
1725 1068 1851 1138 quia
1872 1083 2055 1124 ascen-

464 1160 592 1215 ditis
633 1176 811 1231 equos,
859 1169 915 1214 ut
956 1159 1284 1213 descendatis
1317 1158 1375 1214 in
1401 1158 1694 1231 zEgyptum
1737 1158 1873 1232 (lsa.
1897 1158 2049 1231 xxx).

1078 1290 1308 1348 CAPUT
1339 1290 1427 1347 ΙΙΙ.

536 1399 812 1468 Quomodo
850 1401 1084 1456 humana
1125 1400 1358 1455 membra
1387 1382 1720 1456 ascriban'tur
1746 1400 1977 1456 diabolo.

535 1513 830 1572 Sciendum
870 1529 1000 1569 vero
1029 1521 1134 1580 est,
1162 1515 1306 1585 quod
1336 1513 1553 1585 quando
1594 1515 1836 1570 membra
1877 1515 2052 1570 homi-

460 1607 551 1663 nis
576 1615 633 1661 et
668 1605 896 1661 humani
935 1613 1092 1662 actus
1133 1605 1347 1661 diabolo
1390 1606 1757 1671 ascribuntur,
1806 1622 1915 1660 non
1961 1621 2050 1660 se-

458 1695 696 1752 cundum
724 1695 1029 1762 historiam,
1078 1696 1172 1751 sed
1203 1696 1499 1750 secundum
1551 1696 1861 1768 allegoriam
1904 1697 2049 1752 acci-

458 1786 657 1857 pienda
698 1794 860 1840 sunt:
889 1784 1017 1857 quia
1045 1784 1103 1851 in
1141 1785 1327 1840 multis
1366 1784 1500 1840 locis
1540 1784 1836 1855 Scriptura:
1882 1802 2051 1843 sacrae

2157 610 2540 667 haereticorum
2591 612 2782 683 dogma
2813 630 2826 666 :
2855 620 2917 667 ut
2941 620 3027 668 est
3074 612 3206 667 illud
3255 612 3310 666 in
3349 611 3448 669 Job
3474 631 3487 667 :
3516 613 3588 668 Et
3615 615 3746 685 [una

2154 699 2340 771 ligabis
2364 700 2599 772 linguam
2626 702 2740 773 ejus
2767 700 2910 775 (Job.
2938 702 3050 774 XL).
3088 702 3223 759 Ossa
3250 703 3468 770 diaboli,
3498 713 3746 775 potentes
3788 744 3803 765 .

2155 795 2356 864 quique
2380 802 2435 848 ct
2466 794 2633 849 fortes
2662 794 2715 848 in
2734 793 2957 857 malitia,
2991 794 3107 849 sive
3136 794 3402 860 hatretici,
3434 804 3589 850 utest
3615 796 3746 853 illud

2156 884 2211 939 in
2261 883 2405 939 Job:
2439 883 2574 939 Ossa
2614 885 2762 953 ejus,
2815 884 2997 954 ﬁstula
3038 885 3159 939 atris
3211 883 3421 957 (Ibid.).
3470 884 3745 958 Cartilago

2153 980 2271 1051 ejus
2293 980 2470 1034 minus
2493 988 2761 1051 potentes,
2785 994 2950 1051 quam
2994 979 3071 1046 hi,
3095 979 3188 1050 qui
3213 994 3336 1033 ossa
3364 980 3740 1035 nominantur:

2154 1080 2216 1126 ut
2256 1081 2339 1126 est
2390 1071 2522 1127 illud
2570 1072 2623 1125 in
2671 1069 2774 1125 Job
2815 1088 2828 1124 :
2876 1068 3148 1139 Cartilago
3195 1070 3311 1139 ejus
3356 1070 3491 1122 sicut
3530 1068 3759 1124 lamina?

2153 1162 2339 1233 ferrea:
2384 1160 2597 1233 (Ibid.).
2643 1160 2854 1216 Halitus
2895 1159 3454 1233 diabolihinspiratio
3504 1158 3739 1226 occulta,

2152 1268 2250 1322 per
2276 1266 2438 1321 quam
2488 1250 2650 1305 corda
2698 1260 3047 1320 peccatorum
3089 1263 3277 1304 amore
3316 1246 3520 1303 carnali
3550 1249 3744 1303 ardere

2153 1342 2285 1399 facit
2312 1360 2326 1396 :
2356 1351 2416 1396 ιιι
2437 1350 2522 1397 est
2549 1339 2679 1395 illud
2707 1341 2761 1394 in
2790 1338 2893 1397 Job
2918 1358 2930 1393 :
2961 1338 3178 1393 Halitus
3200 1337 3315 1411 ejus
3308 1354 3535 1427 -prunas
3556 1336 3745 1392 ardere

2152 1433 2279 1504 facit
2311 1431 2454 1505 (Job.
2482 1430 2615 1504 xu).
2645 1430 2836 1496 Facies
2864 1428 3084 1493 diaboli,
3113 1426 3432 1482 Antichristi
3456 1427 3740 1492 adventus,

2152 1523 2237 1578 vel
2258 1531 2447 1594 aperta
2474 1523 2591 1593 ejus
2621 1521 2826 1578 malitia
2858 1537 2871 1583 ;
2903 1529 2963 1574 ut
2997 1527 3082 1574 est
3119 1518 3249 1574 illud
3276 1519 3329 1573 in
3355 1516 3457 1574 Job
3482 1535 3495 1571 :
3525 1515 3742 1571 Faciem

2152 1614 2266 1685 ejus
2291 1615 2539 1684 prwcedit
2567 1624 2769 1684 egestas
2801 1609 3013 1683 (lbid.).
3045 1610 3252 1669 Carnes
3280 1609 3501 1675 diaboli,
3538 1607 3742 1663 inﬁrmi

2152 1705 2353 1774 quique
2386 1705 2439 1758 in
2467 1718 2694 1771 corpore
2731 1701 2869 1771 ejus,
2897 1712 2951 1756 et
2980 1702 3159 1758 minus
3201 1700 3436 1756 valentes
3471 1714 3740 1771 peccare:

2152 1804 2212 1849 ut
2233 1803 2318 1850 est
2341 1794 2471 1849 illud
2498 1794 2552 1847 in
2581 1791 2682 1847 Job
2708 1811 2720 1846 :
2756 1792 2993 1846 Membra
3020 1792 3259 1846 carnium
3280 1791 3396 1861 ejus
3420 1790 3740 1844 coluerentia

460 1880 770 1949 huiusmodi
807 1879 1018 1949 species
1056 1879 1424 1947 inveniuntur.
1455 1878 1589 1933 Nam
1623 1889 1786 1951 caput
1807 1881 2049 1936 omnium
2082 1880 2125 1938 Β
2154 1886 2253 1941 sibi
2295 1885 2507 1956 (lbid.).
2567 1883 2826 1939 Testiculi
2884 1882 3107 1948 diaboli,
3162 1881 3248 1937 vel
3315 1880 3574 1944 hmretici,
3649 1877 3739 1935 vel

458 1972 730 2029 malorum
777 1970 1024 2034 diabolus
1064 1979 1167 2035 est.
1220 1970 1371 2030 Unde
1413 1971 1609 2041 legitur
1655 1971 1709 2026 in
1749 1971 2047 2027 Habacuc:

457 2063 781 2125 Percussisti
810 2072 967 2134 caput
989 2063 1052 2118 de
1077 2064 1232 2125 domo
1259 2063 1407 2134 impii
1437 2061 1667 2134 (Habac.
1702 2062 1811 2137 ιιι).
1839 2062 2050 2136 Corpus

458 2170 592 2210 vero
623 2154 820 2218 diaboli
853 2154 1066 2225 reprobi
1091 2155 1355 2210 homines.
1382 2152 1536 2221 Unde
1557 2152 1623 2207 de
1646 2152 1946 2213 Yehemoth
1967 2156 2047 2211 Ie-

458 2250 607 2321 gitur
654 2250 710 2306 in
753 2250 895 2307 libro
946 2249 1093 2306 beati
1146 2247 1250 2305 Job
1279 2267 1293 2302 :
1326 2246 1529 2319 Corpus
1569 2247 1685 2318 ejus
1723 2249 1859 2305 sicut
1899 2260 2047 2309 scuta

459 2342 641 2412 fusilia
672 2341 818 2415 (Job.
849 2340 982 2415 xu).
1014 2338 1166 2397 Oculi
1189 2340 1308 2411 ejus
1330 2338 1417 2401 vel
1450 2338 1639 2394 dentes
1667 2340 1909 2401 hairetici
1931 2342 2047 2398 sive

456 2433 608 2505 pravi
639 2448 830 2491 omnes
848 2433 1099 2489 doctores
1127 2449 1140 2489 :
1164 2440 1225 2486 ut
1252 2431 1309 2487 in
1334 2428 1594 2507 praedicto
1614 2428 1753 2485 libro
1780 2432 2042 2503 scriptum

455 2532 543 2583 est
580 2542 595 2579 :
639 2521 795 2587 Oculi
842 2524 961 2594 ejus
1006 2524 1140 2576 sicut
1188 2521 1497 2594 palpebra:
1538 2539 1596 2581 in
1638 2524 1862 2580 circuitu
1911 2523 2042 2579 deu-

455 2614 592 2671 tium
620 2612 733 2683 ejus
757 2611 983 2682 formido
1019 2611 1230 2686 (Ibid.).
1266 2612 1438 2672 Nares
1476 2616 1696 2681 diaboli,
1735 2615 2045 2686 inspiratio-

457 2725 558 2766 nes
601 2708 746 2765 illius
786 2723 969 2777 prava:
995 2725 1009 2761 :
1035 2717 1097 2762 ut
1135 2707 1189 2763 in
1220 2707 1321 2764 Job
1350 2734 1364 2763 ι
1395 2709 1466 2763 Et
1491 2711 1555 2766 de
1579 2709 1793 2765 naribus
1823 2709 1940 2780 ejus
1960 2708 2046 2778 fu—

455 2815 575 2873 rnus
599 2800 831 2871 procedit
854 2797 1064 2872 (Ibid).
1094 2797 1167 2854 Os
1190 2799 1408 2865 diaboli,
1439 2800 1737 2858 locutiones
1759 2801 1899 2872 ejus,
1925 2799 2046 2871 qui-

459 2888 557 2951 bus
587 2888 753 2947 corda
785 2888 1065 2944 hominum
1106 2888 1336 2945 occultis
1376 2888 1796 2959 cogitationibus
1820 2887 2047 2958 alloqui-

2155 1992 2336 2047 pravte
2362 1975 2718 2047 cogitationes
2769 1972 3043 2028 subtiliter
3079 1971 3307 2027 vinculis
3335 1978 3649 2040 peccatores
3677 1966 3747 2023 Ii-

2154 2078 2363 2141 gantes,
2388 2074 2448 2121 ut
2473 2074 2556 2121 est
2579 2064 2707 2119 illud
2731 2065 2784 2119 in
2815 2063 2954 2119 Job:
2991 2061 3153 2118 Nervi
3208 2060 3567 2116 testiculorum
3624 2058 3743 2129 ejus

2152 2160 2386 2232 perplexi
2409 2167 2529 2214 sunt
2553 2157 2696 2228 (Job.
2728 2156 2840 2229 XL).
2885 2156 3069 2233 Cauda
3108 2156 3327 2221 diaboli,
3372 2154 3741 2210 Antichristns

2154 2251 2239 2307 vel
2267 2250 2602 2307 consuetudo
2630 2249 2911 2321 pecizandi,
2949 2258 3010 2305 ut
3042 2257 3131 2305 est
3170 2248 3335 2304 illud:
3366 2246 3586 2318 Stringit
3610 2262 3741 2300 cau-

2153 2340 2278 2395 dam
2298 2355 2451 2394 suam
2472 2339 2624 2411 quasi
2653 2338 2866 2392 cedrum
2911 2337 3123 2412 (lbid.).
3167 2337 3415 2393 Dormire
3442 2334 3740 2401 diabolum,

2126 2439 2237 2487 .est
2262 2431 2316 2486 in
2342 2430 2507 2485 corde
2550 2431 2905 2500 reproborum
2947 2430 3311 2501 requiescere,
3336 2436 3395 2482 ut
3423 2437 3506 2483 est
3532 2425 3662 2481 illud
3686 2426 3744 2490 in

2150 2521 2292 2579 Job:
2326 2520 2438 2578 Sub
2479 2522 2666 2577 umbra
2711 2522 2903 2577 dormit
2944 2524 3000 2578 in
3046 2532 3243 2577 secreto
3290 2519 3484 2575 calami
3527 2515 3741 2590 (Ibid).

2150 2612 2382 2668 Pascere
2402 2611 2621 2678 diaboli,
2652 2620 2737 2666 est
2758 2611 2812 2666 in
2844 2613 3083 2682 peccatis
3128 2612 3415 2682 impiorum
3457 2606 3740 2673 delectari,

2153 2712 2214 2758 ut
2237 2710 2321 2758 est
2348 2702 2480 2758 illud
2504 2703 2560 2757 in
2580 2700 2682 2758 Job
2708 2721 2722 2757 :
2750 2702 2889 2759 Huic
2919 2715 3117 2759 montes
3142 2703 3327 2758 herbas
3357 2702 3552 2772 ferunt.
3585 2698 3742 2767 Quot!

2152 2795 2223 2852 ad
2260 2796 2541 2852 hominem
2568 2804 2625 2851 et
2652 2795 2719 2851 ad
2748 2804 2931 2866 partes
2959 2797 3154 2852 attinet
3183 2795 3444 2866 corporis,
3485 2808 3553 2850 ex
3584 2797 3742 2864 parte

2145 2888 2261 2960 jam
2290 2887 2540 2958 superius
2565 2887 2771 2944 dictum
2786 2897 2900 2944 est.
2942 2888 3096 2953 Nunc
3135 2898 3324 2946 mtates
3355 2886 3472 2957 ejus
3517 2884 3742 2956 subjun-

461 2950 547 3035 tur
574 2997 588 3036 :
615 2988 675 3036 ut
695 2988 780 3037 est
807 2979 939 3036 illud
966 2968 1021 3034 in
1042 2977 1144 3036 Job
1172 2997 1185 3033 :
1211 2977 1290 3034 De
1318 2994 1406 3033 ore
1427 2949 1542 3049 ejus
1565 2980 1784 3050 ﬂamma
1803 2949 2047 3050 procedet
2074 2949 2119 3011 (ἶ
2145 2949 2362 3050 gamus.

463 3138 3467 3172 ww

3472 3141 3729 3162 ﬂ

1620 3269 1722 3347 LI
1740 3248 1948 3346 BER'
2001 3264 2551 3349 SEPTIMUS.

1855 3448 2332 3467 Ψ

970 3555 1203 3614 CAPUT
1239 3554 1529 3613 PRIMUM.

682 3708 699 3729 θ
937 3648 1018 3704 De
1042 3648 1286 3703 letalibus
1309 3648 1553 3702 hominis.

500 3742 739 3799 ,Gradus
767 3738 945 3795 aetatis
982 3753 1078 3794 sex
1125 3746 1288 3794 sunt:
1319 3736 1567 3802 infantia,
1612 3737 1865 3807 pueritia,
1913 3737 2043 3793 ado-

455 3834 742 3900 lescentia,
783 3830 1054 3901 juventus,
1084 3819 1325 3902 gravitas
1356 3836 1519 3899 atque
1548 3837 1818 3884 senectus.
1858 3827 2039 3884 Prima

437 3936 587 3984 :etas
619 3925 842 3995 infantia
869 3933 952 3981 est
976 3924 1131 3996 pueri
1161 3922 1434 3979 nascentis
1458 3922 1527 3979 ad
1551 3923 1750 3989 lucem,
1774 3937 1895 3993 qua:
1921 3936 2043 3993 por-

453 4020 652 4091 rigitur
694 4019 749 4073 in
785 4027 992 4088 septem
1043 4015 1218 4072 annis.
1266 4013 1515 4072 Secunda
1545 4022 1678 4070 aetas
1705 4014 1957 4085 pueritia,
1986 4012 2042 4069 id

454 4121 558 4176 est,
588 4127 746 4183 pura,
777 4117 833 4165 et
878 4108 1108 4165 necdum
1146 4108 1213 4164 ad
1244 4108 1609 4181 generandum
1638 4115 1785 4177 apta,
1815 4108 2044 4163 tendens

460 4217 634 4272 usque
658 4201 725 4256 ad
780 4201 846 4256 M
875 4214 1070 4256 annos.
1102 4199 1303 4263 Tertia,
1334 4199 1698 4255 adolescentia
1729 4199 1796 4254 ad
1825 4199 2047 4271 gignen-

454 4295 582 4348 dum
629 4291 831 4356 adulta,
883 4307 1005 4360 quae
1054 4291 1349 4362 porrigitur
1399 4306 1571 4361 usque
1620 4291 1688 4346 ad
1733 4291 1805 4347 28
1847 4306 2039 4348 annos.

455 4386 681 4451 Quarta,
703 4380 980 4449 juventus,
996 4380 1306 4436 ﬁrmissima
1325 4382 1820 4454 attatumjomnium,
1848 4381 2043 4437 ﬁniens

456 4473 511 4526 in
540 4471 1042 4541 quinquagesimum
1075 4485 1299 4525 annum.
1325 4469 1525 4538 Quinta
1552 4479 1687 4525 aetas
1709 4470 1961 4537 senioris,
1988 4470 2042 4525 id

455 4533 850 4633 esu-gravitas,
882 4574 1003 4631 quae
1040 4569 1125 4617 est
1163 4533 1452 4618 declinatio
1491 4577 1523 4616 a
1559 4562 1842 4633 juventute
1870 4563 1924 4617 in
1947 4533 2043 4618 se-
2069 4533 2120 4592 D

458 4658 754 4715 nectutem,
800 4650 1039 4706 nondum
1065 4659 1334 4715 senectus,
1363 4652 1457 4707 sed
1472 4650 1587 4721 jam
1613 4666 1722 4706 non
1743 4649 1999 4720 juventus
2024 4670 2038 4706 :

455 4738 583 4810 quia
599 4739 828 4794 senioris
847 4748 981 4794 aetas
1004 4747 1106 4805 est,
1130 4755 1291 4809 quam
1313 4738 1486 4795 Graeci
1511 4740 1801 4810 presbyten
1825 4749 2039 4795 vocant.

456 4832 593 4888 Nam
627 4847 793 4887 senex
822 4832 965 4903 apud
994 4830 1214 4888 Gnaeos
1247 4847 1351 4888 non
1372 4832 1685 4903 presbyter,
1717 4832 1811 4887 sed
1844 4847 2042 4902 gereon

456 4924 674 4980 dicitur.
709 4921 840 4990 Quae
865 4930 1021 4989 atas,
1047 4937 1079 4977 a
1109 4923 1557 4995 quinquagesimo
1583 4937 1725 4978 anno
1755 4923 2041 4993 incipiens,

456 5013 857 5084 septuagesimo
909 5028 1052 5068 anno
1101 5014 1445 5073 terminatur.
1500 5012 1666 5069 Sexta
1713 5021 1845 5068 astas
1888 5028 2043 5068 sene-

456 5115 594 5167 ctus,
622 5120 743 5175 quu:
784 5103 928 5160 nullo
962 5119 1230 5159 annorum
1264 5113 1504 5175 tempore
1537 5103 1759 5159 linitur:
1790 5104 1885 5159 sed
1923 5116 2045 5174 post

456 5197 695 5266 quinque
740 5196 861 5253 illas
898 5205 1109 5263 mtates,
1152 5207 1634 5268 quantumcunque
1661 5197 1787 5252 vitae
1814 5206 1915 5262 est,
1953 5214 2042 5252 se-

458 5289 662 5343 nectuti
698 5288 1005 5359 deputatur.
1046 5289 1269 5345 Senium
1309 5299 1488 5343 autem
1519 5304 1647 5360 pars
1676 5289 1863 5344 ultima
1890 5303 2044 5345 sene-

456 5379 835 5445 c‘nuis,'dicta,
864 5382 1111 5451 quodsit
1139 5383 1402 5439 terminus
1439 5391 1606 5439 sextae
1632 5382 1829 5437 aetatis.
1858 5381 1913 5435 In
1962 5383 2044 5436 his

459 5467 626 5538 igitur
657 5486 750 5526 sex
781 5474 972 5542 spatiis
997 5475 1296 5546 philosophi
1319 5475 1485 5530 vitam
1513 5475 1917 5546 descripserunt
1941 5475 2041 5530 hu-

461 5575 702 5626 manam,
727 5562 779 5617 in
802 5564 1000 5633 quibus
1029 5575 1271 5623 mutatur
1291 5575 1349 5622 et
1369 5567 1563 5632 currit,
1589 5576 1641 5624 et
1664 5569 1732 5622 ad
1752 5568 2042 5623 terminum

460 5653 654 5709 mortis
692 5657 956 5724 pervenit.
995 5657 1290 5730 Pergamus
1314 5674 1443 5729 ergo
1467 5660 1706 5715 breviter
1730 5675 1825 5730 per
1851 5659 2045 5729 prtedi-

458 5751 579 5800 ctos
608 5746 805 5814 gradus
833 5755 1072 5811 mtatum,
1106 5749 1461 5821 etympiogias
1500 5764 1687 5805 eorum
1728 5751 1783 5804 in
1827 5750 2044 5811 homine

464 5835 918 5895 demonstrantes.
961 5839 1138 5895 Infans
1180 5840 1376 5898 dicitur
1419 5843 1580 5895 homo
1619 5841 1807 5912 prima:
1847 5842 2039 5895 relatis.

2150 3552 2337 3610 Dictus
2369 3561 2548 3609 autem
2587 3553 2786 3620 infans,
2815 3554 2943 3624 quia
2968 3555 3147 3611 adhuc
3175 3554 3280 3610 fari
3308 3554 3483 3611 nescit
3507 3572 3524 3611 :
3549 3555 3604 3613 id
3627 3565 3737 3625 est,

2149 3640 2297 3713 loqui
2319 3658 2428 3699 non
2458 3651 2652 3713 potest.
2686 3643 2933 3699 Nondum
2968 3645 3114 3699 enim
3148 3644 3287 3700 bene
3319 3644 3587 3702 ordinatis
3610 3647 3740 3703 den-

2151 3733 2299 3789 tibus
2324 3734 2481 3804 plena
2506 3741 2594 3789 est
2616 3737 2886 3791 sermonis
2909 3736 3207 3806 expressio.
3238 3735 3497 3804 Infantes,
3527 3738 3739 3795 malitia

2146 3826 2400 3896 parvulos
2435 3828 2660 3898 mystice
2690 3828 2999 3898 signiﬁcant
3027 3847 3041 3881 :
3073 3836 3132 3882 ut
3163 3829 3218 3883 in
3246 3828 3454 3900 psalmo
3485 3846 3499 3883 :
3530 3829 3617 3885 Ea:
3646 3847 3738 3888 ore

2145 3917 2434 3987 infantium
2490 3928 2538 3973 et
2589 3917 2894 3973 lactentium
2935 3921 3195 3990 perfecisti
3247 3919 3458 3977 Iaudem
3505 3921 3734 3994 (Psalm.

2148 4007 2288 4080 vm).
2317 4007 2625 4073 Lactentes,
2651 4009 2705 4063 in
2730 4009 2929 4065 Christi
2958 4008 3061 4066 fide
3089 4011 3451 4081 proﬁcientes.
3483 4014 3740 4071 Ablacta-

2151 4110 2260 4168 tus,
2282 4100 2551 4167 Christus,
2577 4102 2643 4157 de
2661 4118 2770 4172 quo
2788 4119 2886 4172 per
2907 4102 3098 4157 Isaiam
3127 4104 3325 4159 dicitur
3348 4122 3361 4159 :
3388 4104 3557 4175 Super
3576 4106 3742 4175 fora-

2147 4193 2291 4248 mina
2313 4194 2532 4265 aspidis,
2547 4203 2595 4247 et
2615 4194 2670 4247 in
2692 4211 2913 4249 caverna
2942 4194 3107 4265 reguli
3125 4195 3215 4266 qui
3237 4195 3530 4251 obluctatus
3552 4198 3735 4266 fuerit,

2149 4303 2366 4341 manum
2420 4303 2572 4341 suam
2625 4286 2795 4339 mittet
2845 4284 2981 4355 (lsai
3016 4285 3115 4358 ιι).
3171 4285 3441 4342 Ablactati
3486 4287 3735 4357 perfecti,

2149 4378 2301 4448 quasi
2333 4393 2363 4431 a
2393 4376 2622 4447 simplici
2659 4376 2779 4431 cibo
2816 4376 3074 4431 doctrinae
3111 4378 3393 4432 abstracti.
3425 4377 3527 4434 Ubi
3556 4387 3612 4432 et
3637 4394 3736 4433 sn-

2148 4484 2245 4538 pra
2270 4467 2602 4533 Ablaetatus,
2635 4483 2664 4521 a
2689 4467 2829 4523 lacte
2859 4467 3114 4536 expulsus
3139 4468 3208 4523 ab
3233 4468 3506 4524 uberibus.
3530 4469 3738 4525 Parvu-

2145 4559 2231 4615 Ius
2256 4559 2483 4630 mystice
2502 4558 2771 4625 Christus,
2797 4567 2856 4612 ut
2876 4567 2960 4614 est
2980 4559 3110 4615 illud
3131 4560 3282 4615 Isaia:
3306 4579 3320 4615 :
3346 4558 3614 4616 Parvulas
3637 4578 3737 4616 ua-

2145 4661 2229 4705 tus
2259 4661 2333 4705 est
2361 4652 2510 4706 nobis
2541 4650 2695 4723 (Isai.
2740 4651 2838 4723 Ix).
2882 4650 3014 4705 Item
3051 4653 3258 4721 parvuli
3300 4662 3489 4708 sancto
3524 4653 3735 4723 Spiritu

2144 4743 2396 4812 humiles,
2430 4753 2491 4799 ιιι
2515 4744 2567 4798 in
2598 4744 2807 4813 psalmo
2835 4761 2848 4797 :
2878 4730 3188 4798 Custodiens
3208 4743 3452 4814 parvulos
3472 4743 3736 4800 Dominus
3774 4778 3781 4783 -

2146 4835 2317 4910 (Psal.
2349 4838 2517 4909 cxn').
2568 4839 2634 4893 Et
2674 4839 2728 4893 in
2779 4838 2975 4893 malam
3015 4847 3224 4908 partem
3276 4840 3329 4895 in
3380 4840 3555 4896 Osee:
3586 4840 3737 4895 Par-

2145 4929 2251 4984 culi
2278 4946 2456 4984 eorum
2495 4930 2764 4985 eliduntur
2796 4930 2970 5001 (Osee.
3002 4930 3136 5001 xxv).
3167 4931 3402 4997 Parvuli,
3440 4933 3734 5002 cogitatio-

2146 5034 2480 5091 nespravze,
2524 5021 2839 5091 priusquam
2883 5023 2937 5076 in
2987 5037 3150 5091 opere
3184 5023 3557 5093 perﬁciantur,
3587 5023 3734 5079 utin

2144 5111 2352 5181 psalmo
2376 5131 2389 5166 :
2423 5111 2620 5167 Beatus
2642 5113 2731 5183 qui
2754 5113 2944 5168 tenebit
2965 5124 3015 5167 et
3044 5112 3223 5168 allidet
3242 5113 3487 5184 parvulos
3515 5124 3632 5169 tuos
3658 5116 3734 5169 ad

2143 5210 2344 5271 petram
2387 5198 2557 5273 (Psal.
2600 5204 2846 5273 cxxxvn),
2883 5204 2989 5259 hoc
3017 5212 3117 5267 est,
3159 5205 3228 5259 ad
3264 5204 3555 5261 Christum.
3587 5204 3737 5262 Puer

2155 5309 2185 5347 a
2215 5293 2411 5363 peritia
2440 5303 2684 5359 vocatus,
2726 5295 2850 5365 quia
2898 5311 3065 5366 purus
3091 5304 3196 5361 est,
3232 5304 3289 5351 et
3313 5297 3542 5352 necdum
3570 5297 3734 5351 lann-

2146 5386 2327 5456 ginem
2369 5384 2665 5456 ﬂoremque
2695 5401 2954 5455 genarum
2990 5387 3216 5442 habens.
3260 5387 3325 5443 [Ii
3354 5396 3481 5444 sunt
3510 5388 3732 5457 ephebi,

2146 5476 2199 5531 id
2226 5485 2331 5541 est,
2359 5492 2389 5529 a
2417 5474 2540 5532 febo
2563 5476 2717 5542 dicti,
2761 5475 2991 5532 necdum
3020 5477 3118 5531 viri
3144 5476 3527 5534 adolescentuli
3556 5477 3732 5533 lenes.

2146 5565 2288 5621 Puer
2314 5575 2495 5621 autem
2534 5568 2705 5622 tribus
2736 5566 2911 5621 modis
2938 5568 3135 5621 dieitur
3160 5585 3175 5622 :
3201 5583 3302 5638 pro
3331 5567 3637 5629 nativitate,
3668 5578 3735 5621 ut

2144 5657 2331 5722 Isaias,
2376 5655 2521 5711 Puer
2561 5666 2718 5711 natus
2765 5666 2840 5711 est
2882 5657 3029 5711 nobis
3069 5657 3226 5729 (Isai.
3249 5657 3369 5730 Ix):
3409 5674 3508 5728 pro
3545 5666 3733 5720 astate,

2145 5760 2204 5804 ut
2229 5769 2240 5805 :
2264 5750 2531 5814 octennis,
2560 5751 2835 5806 decennis.
2868 5750 3018 5806 Unde
3048 5761 3131 5805 est
3167 5750 3297 5806 illud
3324 5768 3336 5804 :
3364 5749 3491 5805 lam
3528 5750 3735 5820 puerile

2149 5858 2323 5913 regum
2366 5852 2541 5896 tenera
2579 5842 2774 5896 cervice
2807 5843 3035 5913 gerebat.
3075 5841 3180 5897 Pro
3219 5842 3479 5913 obsequio
3509 5853 3565 5897 et
3603 5841 3731 5896 fidei
