4072 6198
370 310 469 367 18!
1374 312 1465 368 DE
1504 310 1852 371 UNIVERSO
1889 312 1952 368 LI

2054 312 2072 368 l
2112 311 2276 367 XXII.
2315 336 2386 353 έ-
2420 313 2548 371 LIB.
2591 314 2699 372 VII.

362 423 611 494 puritate
641 438 656 475 :
689 420 758 477 de
782 434 892 491 quo
916 421 1181 478 Dominus
1207 421 1277 477 ad
1307 423 1627 495 prOphetam
1673 425 1790 480 ait:
1817 421 1965 480 Puer
1990 426 2044 488 Α
2068 423 2226 480 heres
2246 439 2277 479 a
2305 425 2469 495 pube,
2500 426 2554 482 id
2572 434 2678 495 est,
2715 441 2747 481 a
2778 426 3024 507 pudenda
3058 428 3303 500 corporis
3327 438 3484 503 parte
3508 447 3650 490 nuu-
3720 476 3731 485 .

364 529 518 568 meus
547 528 602 567 es
637 520 696 566 tu
721 525 741 564 :
775 511 884 567 noli
915 513 1096 567 timere
1122 511 1258 585 (Jer.
1287 511 1329 585 ι)
1356 528 1371 566 :
1396 513 1523 568 dum
1554 515 1669 584 jam
1695 513 1961 570 Jeremias

364 603 529 673 longe
552 602 803 673 pueritia:
823 603 1144 658 excessisset
1154 618 1362 658 annos.
1388 603 1532 659 Puer
1554 607 1780 677 mystice
1807 604 1963 661 Chri-

365 704 492 751 stus
516 693 857 763 intelligitur,
887 702 948 748 ut
976 693 1030 747 in
1062 693 1356 765 Evangelio
1386 713 1399 749 :
1430 694 1575 750 Puer
1601 706 1778 752 autem
1802 696 1961 752 Iesus

365 785 632 841 crescebat
662 784 813 857 (Luc.
839 783 920 857 it).
956 786 1087 842 Item
1109 786 1164 841 in
1194 786 1393 842 malam
1418 796 1647 857 partem.
1677 788 1820 844 Puer
1844 805 1964 845 cen-

367 886 492 932 tum
532 892 822 940 annorum,
864 876 918 930 id
955 886 1058 941 est,
1107 885 1363 947 peccator
1399 879 1653 948 perfectte
1698 880 1959 945 stultitim,

367 978 429 1022 ut
458 969 516 1023 in
544 968 683 1022 Isaia
710 985 724 1021 :
761 966 1027 1033 Quoniam
1044 984 1175 1037 puer
1199 978 1405 1023 centum
1426 950 1686 1024 annorum
1713 972 1963 1026 morietur

369 1057 533 1129 (Isai.
593 1056 743 1129 va).
784 1056 947 1113 Pueri
975 1058 1150 1113 sancti
1189 1060 1442 1131 appellati
1468 1076 1499 1116 a
1526 1062 1781 1133 puritate,
1823 1063 1959 1118 utin

366 1150 551 1205 Isaia:
583 1149 717 1203 Ecce
762 1166 856 1219 ego
889 1158 938 1203 et
975 1151 1146 1220 pueri,
1183 1167 1314 1221 quos
1354 1153 1497 1207 dedit
1530 1155 1660 1208 milii
1703 1154 1959 1210 Dominus

370 1239 531 1311 (Isai.
579 1238 803 1310 vni).Et
835 1239 893 1294 in
926 1239 1087 1293 aliam
1134 1248 1346 1309 partem
1376 1258 1389 1294 ε
1424 1240 1601 1296 Nolite
1643 1243 1795 1313 pueri
1831 1245 1959 1314 efﬁci

367 1331 633 1396 sensibus,
659 1338 764 1385 etc.
798 1329 851 1400 (Ι
874 1328 999 1385 Cor.
1031 1331 1165 1401 xxv).
1196 1330 1381 1385 Puella
1403 1340 1486 1386 est
1506 1332 1729 1402 parvula
1763 1374 1778 1399 ,
1804 1333 1959 1402 quasi

367 1423 593 1494 pupitla.
630 1422 784 1479 Unde
816 1422 1048 1493 pupillos
1085 1438 1193 1478 non
1234 1439 1335 1494 pro
1374 1424 1703 1489 conditione,
1737 1426 1832 1481 sed
1861 1442 1960 1497 pro

366 1526 533 1571 aetate
578 1515 772 1586 puerili
820 1529 1097 1575 vocamus.
1147 1515 1342 1586 Pupilli
1390 1527 1574 1572 autem
1620 1519 1772 1583 dicti,
1806 1519 1960 1587 quasi

370 1607 493 1661 sine
520 1605 716 1671 oculis,
757 1606 860 1661 hoc
893 1614 995 1671 est,
1042 1621 1074 1660 a
1112 1607 1429 1676 parentibus
1469 1607 1607 1662 orbi.
1661 1607 1728 1663 Ili
1777 1617 1958 1664 autem

367 1711 500 1750 vere
546 1696 738 1767 pupilli
780 1696 1057 1763 dicuntur,
1095 1711 1323 1766 quorum
1348 1706 1533 1767 patres
1558 1706 1684 1753 ante
1708 1699 1959 1755 decesse-

3543 318 3646 376 {82

2064 516 2267 585 cupati,
2293 516 2438 586 quod
2473 516 2590 572 haec
2634 516 2754 573 loca
2791 527 2920 573 tunc
2948 519 3182 590 primum
3209 520 3514 593 lanuginem
3542 523 3646 580 du-

2063 612 2215 660 cunt.
2241 603 2472 672 Quidam
2499 613 2677 661 autem
2706 621 2770 662 ex
2794 608 2953 663 annis
2978 609 3312 679 pubertatem
3333 609 3648 666 existimant

2063 705 2339 762 vocatam,
2382 695 2438 750 id
2473 704 2578 762 est,
2611 711 2735 751 eum
2776 698 3032 767 puberem
3082 713 3222 764 esse,
3254 697 3346 769 qui
3378 697 3443 753 14
3476 713 3649 755 annos

2062 786 2379 857 expleverit,
2424 787 2673 859 quamvis
2722 787 3029 843 tardissime
3067 788 3346 857 pubescat.
3394 783 3648 845 Certissi-

2061 896 2209 936 mum
2240 882 2498 952 puberem
2519 895 2660 947 esse,
2693 881 2785 953 qui
2812 898 2876 936 ex
2903 882 3085 938 habitu
3116 883 3363 954 corporis
3394 883 3649 954 puberta-

2063 982 2169 1031 tem
2192 972 2451 1039 ostendit,
2482 982 2538 1028 et
2563 988 2826 1045 generare
2842 973 2953 1043 jam
2977 975 3166 1045 possit.
3191 974 3478 1047 Puerperze
3495 987 3645 1043 sunt,

2060 1079 2181 1134 quae
2207 1065 2362 1120 annis
2400 1065 2701 1135 puerilibus
2727 1067 2962 1137 pariunt.
2992 1067 3143 1124 Unde
3167 1076 3221 1124 et
3247 1068 3502 1125 Horatius
3526 1069 3648 1124 lau-

2061 1157 2220 1212 datur
2250 1175 2262 1211 :
2295 1155 2479 1211 Prima
2507 1156 2653 1228 prole
2672 1175 2941 1229 puerpera:
2973 1159 3232 1239 nato.'Et
3280 1160 3453 1239 dicta}
3486 1175 3651 1232 puer-

2058 1261 2225 1317 perae,
2263 1248 2350 1304 vel
2374 1250 2715 1320 quod‘partu
2763 1261 3075 1324 graventur,
3114 1236 3199 1309 vel
3236 1254 3379 1325 quod
3412 1236 3646 1324 primum

2058 1355 2256 1409 pueros
2281 1342 2516 1411 pariunt.
2547 1342 2701 1399 Unde
2728 1343 2794 1400 de
2820 1354 2993 1400 matre
3020 1343 3319 1401 Salvatoris
3344 1345 3421 1399 ait
3445 1353 3603 1415 poeta
3629 1357 3647 1399 :

2185 1431 2354 1495 Salve,
2373 1439 2543 1483 sancta
2568 1446 2766 1497 parens,
2788 1437 2935 1484 enixa
2960 1448 3207 1499 puerpera
3236 1447 3428 1497 regem.

2057 1536 2391 1594 Adolescens
2429 1538 2609 1594 dictus
2637 1553 2726 1605 eo,
2757 1540 2902 1608 quod
2932 1539 3002 1595 sit
3030 1541 3098 1596 ad
3126 1540 3455 1612 gignendum
3491 1536 3665 1607 adul-_

2060 1638 2184 1685 tus:
2213 1630 2329 1685 sive
2355 1645 2385 1684 a
2414 1644 2661 1685 crescere
2685 1639 2739 1685 et
2767 1631 2978 1704 augeri.
3016 1631 3424 1696 Adolescentes,
3460 1629 3647 1687 fideles

2065 1718 2178 1772 sive
2212 1718 2471 1789 operibus
2509 1718 2881 1791 proﬁcientes,
2918 1728 2979 1775 ut
3017 1722 3069 1776 in
3106 1721 3343 1792 Epistola
3370 1718 3595 1776 Joannis
3628 1737 3642 1774 :

367 1795 518 1853 ηιηιν
568 1801 732 1881 quau}
777 1786 845 1881 εξ)
868 1787 993 1881 Illi?
1018 1801 1217 1881 ξ¹⁰¹¹¹⁰η
1255 1788 1605 1881 δςοίβθΐθηξε
1635 1789 1816 1881 (ξίῩῙθΓί
1837 1789 1955 1881 olm
1987 1778 2034 1837 Β
2062 1778 2265 1863 Scriba.
2291 1808 2460 1874 vobis,
2510 1778 2898 1877 adolescentes,
2950 1811 3074 1881 quia
3119 1778 3325 1866 vicistis,
3357 1808 3645 1880 malignum

371 1885 661 1931 vocantur.
692 1860 954 1945 Orpha’ni,
980 1877 1035 1931 id
1065 1884 1170 1943 est,
1209 1878 1301 1947 qui
1323 1886 1378 1932 et
1402 1877 1607 1948 pupilli.
1651 1878 1782 1935 Illud
1812 1880 1957 1935 enim

364 1967 619 2023 Crzecum
634 1982 832 2023 nomen
854 1976 940 2022 est
967 1986 979 2021 :
996 1967 1100 2023 hoc
1115 1967 1389 2022 Latinum.
1420 1966 1557 2022 Nam
1577 1969 1708 2024 etin
1726 1970 1953 2040 psalmo,

368 2060 461 2114 ubi
492 2060 712 2131 legitur,
740 2058 939 2131 pupillo
968 2068 1025 2113 tu
1044 2061 1145 2113 eris
1171 2059 1387 2130 adjutor
1407 2058 1580 2132 (Psal.
1605 2060 1705 2133 ix),
1733 2060 1958 2119 Grzecus

368 2150 567 2215 habet,
619 2152 875 2219 orphano.
919 2148 1086 2222 Cujus
1119 2150 1399 2206 sententiae
1447 2151 1571 2211 talis
1612 2158 1696 2207 est
1741 2167 1953 2209 sensus.

367 2240 642 2311 Pupillum
668 2256 798 2295 vero
818 2241 969 2306 dicit,
994 2256 1103 2296 non
1127 2239 1279 2309 cujus
1301 2241 1514 2311 genitor
1536 2243 1773 2299 carnalis
1795 2259 1958 2301 occu-

369 2333 507 2396 Luit,
552 2331 648 2387 sed
684 2332 772 2387 cui
807 2341 962 2402 pater
1000 2331 1247 2403 sepultus
1278 2341 1363 2387 est
1396 2334 1647 2389 mundus.
1688 2335 1823 2389 Nam
1850 2352 1954 2407 pu-

365 2423 528 2492 pillos
556 2422 759 2478 multos
786 2423 1028 2479 invenies
1051 2424 1273 2479 orbatos
1293 2431 1448 2493 patre
1478 2423 1696 2490 visibili,
1739 2434 1795 2480 et
1829 2434 1957 2481 sunt

365 2514 691 2584 blasphemi,
724 2514 1069 2582 obligatores,
1100 2524 1156 2570 ct
1181 2516 1324 2585 quod
1349 2516 1405 2570 in
1436 2515 1528 2571 illa
1557 2524 1717 2572 aetate
1738 2519 1956 2574 creber-

366 2604 571 2667 rimum
620 2610 722 2667 est,
771 2603 1052 2660 luxuriosi.
1117 2605 1185 2660 Et
1223 2606 1279 2660 hi
1313 2621 1345 2661 a
1383 2605 1614 2663 Domino
1649 2609 1955 2679 probantur

364 2699 562 2775 alieni._
579 2698 688 2755 Sed
713 2699 783 2753 ab
811 2699 916 2755 illis
942 2700 1159 2771 pupillis
1185 2702 1350 2757 dividi
1386 2718 1494 2759 non
1532 2712 1708 2773 potest
1743 2704 1955 2775 adjutoc

365 2789 511 2843 rium
554 2788 681 2856 Dei,
719 2805 949 2860 quorum
972 2800 1128 2862 pater
1153 2793 1400 2849 diabolus
1428 2794 1483 2848 in
1510 2796 1725 2851 actione
1748 2795 1954 2852 facino-

2060 1895 2113 1968 (I
2134 1895 2302 1951 Joan.
2339 1896 2423 1968 tt).
2455 1897 2525 1952 Et
2552 1898 2609 1952 in
2637 1898 2798 1953 aliam
2826 1909 3038 1969 partem
3071 1918 3085 1954 :
3118 1899 3482 1955 Adolescentia
3508 1900 3645 1953 enim

2056 2001 2105 2047 et
2138 1991 2372 2062 voluptas
2413 2010 2548 2048 vana
2584 2005 2706 2048 sunt
2738 1993 2964 2066 (Eccles.
3001 1996 3101 2068 si).
3135 1994 3358 2052 Iuvenis
3398 2004 3644 2061 vocatus,

2056 2074 2198 2151 quod
2217 2080 2409 2150 juvare
2433 2098 2593 2152 posse
2618 2084 2808 2154 incipit
2835 2102 2848 2138 :
2888 2094 2948 2140 ut
2974 2085 3031 2139 in
3060 2086 3233 2141 bobus
3251 2084 3492 2154 juvenci,
3522 2101 3647 2140 cum

2056 2186 2090 2225 a
2114 2171 2296 2227 vitulis
2323 2172 2700 2231 discesserint.
2721 2173 2815 2229 Est
2838 2173 2981 2228 enim
3000 2172 3219 2243 juvenis
3246 2175 3302 2229 in
3331 2174 3446 2243 ipso
3473 2173 3649 2229 aetatis

2055 2263 2392 2319 incremento
2425 2265 2663 2335 positus,
2702 2271 2758 2318 et
2784 2264 2851 2319 ad
2880 2263 3249 2319 auxiliandum
3274 2271 3641 2335 praeparatus.

2055 2352 2193 2408 Nam
2231 2353 2423 2424 juvare
2464 2354 2699 2409 hominis
2734 2362 2817 2409 est
2846 2369 3012 2423 opus,
3039 2353 3253 2424 aliquid
3289 2353 3647 2411 conferentis.

2055 2440 2212 2499 Sicut
2235 2454 2417 2499 autem
2450 2443 2758 2500 tricesimus
2791 2443 3045 2515 perfectae
3075 2444 3252 2499 aetatis
3275 2451 3359 2499 est
3386 2458 3559 2498 annus
3588 2442 3642 2497 in

2057 2533 2389 2597 hominibus,
2445 2534 2521 2589 ita
2560 2534 2615 2588 in
2641 2534 2952 2607 ,pecudihus
2984 2541 3039 2589 et
3070 2533 3124 2588 in
3159 2530 3424 2602 iumentis
3455 2530 3648 2588 tertius

2054 2624 2482 2680 robustissimus.
2512 2623 2746 2679 Juvenes
2776 2623 3081 2695 signiﬁcant
3118 2614 3328 2679 alacres
3363 2622 3418 2678 in
3450 2622 3645 2688 Deum,

2054 2712 2197 2768 utin
2237 2712 2475 2783 Epistula
2512 2711 2777 2768 Joannis:
2812 2712 2995 2767 Scriba
3034 2712 3198 2780 vobis,
3229 2711 3483 2783 juvenes,
3520 2711 3647 2783 quia

2054 2803 2217 2875 fortes
2242 2804 2386 2871 estis,
2414 2814 2463 2858 et
2492 2804 2704 2860 verbum
2728 2803 2828 2858 Dei
2849 2804 2903 2858 in
2926 2802 3065 2858 vobis
3090 2812 3264 2857 manet
3288 2800 3342 2874 (1
3360 2800 3524 2857 Joan.
3556 2800 3642 2874 it).

365 2896 489 2935 rum
514 2882 777 2952 probatur
802 2883 1122 2940 exstinctus.
1150 2886 1216 2940 Et
1237 2886 1477 2954 intende,
1500 2889 1645 2958 quod
1669 2890 1803 2946 dicit
1827 2905 1844 2945 :
1873 2890 1951 2945 Tu
2053 2894 2123 2951 Et
2142 2895 2199 2950 in
2226 2894 2425 2950 malam
2451 2903 2658 2966 partem
2677 2936 2691 2963 ,
2727 2902 2787 2949 ut
2816 2895 2870 2949 in
2896 2892 3116 2949 Psalmo
3153 2910 3166 2947 :
3198 2890 3426 2948 Iuvenes
3464 2908 3646 2948 eorum

363 2973 470 3027 en's
503 2974 761 3044 adjutor:
783 2986 862 3043 ut,
900 2991 1024 3032 cum
1062 2978 1354 3034 carnaliter
1396 2979 1561 3052 afﬂigi
1606 2982 1791 3039 videas
1832 2999 1947 3048 eos,
2053 2984 2273 3042 comedit
2295 2985 2431 3055 ignis
2458 2983 2629 3058 (Psal.
2664 2982 2890 3057 Lxxvtt).
2916 2983 3156 3040 Infantes
3180 2983 3327 3039 enim
3353 2991 3410 3039 et
3432 2982 3647 3050 adoles-

362 3079 476 3121 non
504 3066 723 3123 dubites
754 3083 874 3123 esse
901 3068 1235 3126 liberandosr
1256 3064 1389 3127 Item
1419 3072 1474 3128 in
1513 3072 1775 3131 Psalterio
1816 3078 2023 3148 επὶ-ἠ
2054 3086 2241 3133 centes
2290 3085 2452 3148 atque
2493 3077 2719 3147 juvenes
2771 3076 3001 3147 mystice
3048 3074 3355 3148 signiﬁcant
3394 3089 3488 3132 eos
3546 3075 3642 3146 qui

361 3165 518 3227 ptum
538 3164 667 3212 est:
692 3155 960 3228 Pupillum
982 3169 1029 3213 et
1058 3160 1270 3214 viduam
1294 3163 1537 3233 suscipiet
1562 3177 1580 3216 :
1602 3174 1649 3220 et
1674 3168 1810 3221 viam
1829 3184 1949 3238 pec-
1978 3129 2024 3192 Ο
2058 3177 2313 3225 crescunt
2341 3129 2396 3223 II)
2438 3129 2609 3242 gratia
2634 3167 2762 3234 Dei,
2791 3129 2848 3223 ei
2879 3129 3379 3227 fortiteruresistunt
3403 3129 3641 3223 diabolo.

361 3259 605 3305 ratorum
647 3252 1011 3308 exterminabit
1033 3250 1205 3326 (Psal.
1230 3254 1411 3327 θην).
1442 3255 1683 3327 Pupillus
1709 3267 1765 3314 et
1792 3260 1954 3317 vidua
2060 3259 2212 3317 Unde
2228 3257 2466 3315 Joannes
2497 3258 2771 3330 apostolus
2798 3258 2855 3313 in
2877 3257 3114 3329 Epistola
3140 3273 3238 3313 sua
3258 3257 3389 3313 dicit
3416 3274 3430 3311 :
3457 3256 3643 3313 Scribo

361 3352 509 3405 sunt,
539 3341 634 3410 qui
664 3341 947 3397 Dominum
977 3358 1113 3413 pura
1147 3354 1327 3400 mente
1353 3346 1669 3417 respiciunt,
1699 3350 1952 3408 humanis
2056 3349 2198 3404 vobis
2221 3390 2237 3417 ,
2308 3349 2657 3404 adolescentes
2676 3390 2691 3415 ,
2754 3349 3005 3415 quoniam
3075 3348 3268 3402 vicistis
3330 3346 3639 3418 malignum.

360 3431 573 3487 solatiis
602 3432 845 3487 destituti
872 3451 885 3486 :
910 3434 1009 3488 hos
1032 3435 1222 3505 recipit
1250 3436 1500 3492 Christus
1529 3454 1629 3494 suo
1658 3442 1954 3498 munimine
2058 3438 2244 3496 Sm’bo
2269 3439 2427 3505 vobis,
2457 3440 2714 3509 infantes,
2756 3438 3005 3510 quoniam
3050 3437 3360 3509 cognovistis
3402 3434 3640 3491 Patrem.

359 3522 737 3579 vindicandos.
764 3522 872 3578 Sed
893 3539 1015 3579 cum
1041 3525 1174 3581 istos
1198 3543 1296 3598 pro
1316 3544 1411 3583 sua
1433 3530 1635 3599 pietate
1664 3534 1952 3603 receperit,

357 3614 662 3679 diabolum,
685 3616 779 3687 qui
813 3626 897 3672 est
932 3618 1020 3673 via
1050 3629 1420 3688 peccatorum,
1456 3624 1857 3692 esterminabit,
1892 3625 1945 3681 id

357 3714 460 3778 est,
487 3723 521 3761 a
554 3709 789 3767 termino
814 3712 964 3781 regni
993 3713 1077 3767 sui
1100 3714 1279 3769 reddit
1311 3715 1567 3771 alienum.
1596 3717 1948 3790 ngnantes

357 3800 556 3854 anima:
584 3800 825 3858 ﬁdelium
872 3805 1097 3861 verbum
1142 3807 1236 3861 Dei
1279 3823 1452 3878 nuper
1495 3811 1862 3881 concipientes
1888 3820 1945 3868 et

358 3891 592 3945 necdum
638 3892 691 3945 in
727 3907 895 3962 opere
922 3897 1326 3963 parturientes:
1358 3899 1500 3955 sicut
1527 3901 1582 3955 in
1616 3901 1803 3957 Exodo
1851 3918 1952 3973 pro

358 3985 724 4040 contentionis
744 3986 1058 4044 doctoribus
1082 3990 1281 4045 dicitur
1302 4009 1317 4045 :
1345 3990 1403 4046 Si
1431 3993 1537 4047 duo
1560 3994 1658 4047 viri
1685 3995 1941 4059 rixantes,

358 4086 409 4130 et
450 4077 766 4145 percusserit
811 4078 928 4147 quis
978 4080 1251 4135 mulierem
1293 4092 1668 4153 prazgnantem,
1713 4095 1761 4138 et
1798 4084 1951 4140 abor-

2058 3529 2241 3585 Scribo
2270 3529 2428 3595 vobis,
2442 3530 2683 3600 juvenes,
2708 3531 2833 3600 quia
2854 3528 3015 3599 fortes
3040 3530 3161 3582 estis
3186 3536 3235 3582 et
3262 3527 3454 3583 vicistis
3479 3525 3639 3582 mulio

2053 3637 2237 3692 gnum,
2269 3630 2317 3675 et
2361 3620 2571 3677 verbum
2599 3618 2699 3674 Dei
2748 3618 2809 3673 in
2845 3618 2985 3673 vobis
3031 3625 3206 3673 manet
3254 3616 3303 3690 (I
3347 3617 3509 3672 Joan.
3552 3615 3640 3689 it).

2030 3711 2186 3792 Item
2222 3713 2276 3767 in
2309 3711 2507 3768 malam
2543 3718 2751 3785 partem
2780 3724 2934 3781 puer,
2972 3711 3286 3767 adolescens
3327 3720 3384 3766 et
3420 3704 3638 3782 juvenis

2052 3805 2213 3875 positi
2243 3804 2609 3874 reperiuntur,
2646 3802 2864 3874 quando
2892 3804 3174 3859 stultitiam
3204 3818 3394 3859 sensus
3422 3812 3516 3858 aut
3542 3816 3638 3875 pe-

2054 3894 2335 3951 tulantiam
2381 3909 2593 3949 morum
2642 3893 2966 3964 significant.
2992 3893 3167 3949 .Undc
3210 3895 3468 3964 scriptum
3503 3900 3635 3949 est:

2054 3982 2295 4038 Stultitia
2322 3982 2485 4054 ligata
2514 3992 2587 4036 est
2631 3982 2684 4036 in
2708 3982 2863 4037 corde
2885 3983 3055 4052 pueri,
3086 3992 3133 4037 et
3161 3983 3309 4054 virga
3342 3982 3635 4053 disciplina:

2052 4073 2254 4145 fugabit
2295 4090 2411 4127 eam
2442 4072 2624 4143 (Prov.
2657 4072 2815 4145 XXII).
2862 4073 3014 4129 Unde
3051 4073 3104 4127 in
3151 4073 3287 4129 libro
3320 4073 3525 4145 Regum
3568 4075 3637 4130 de

356 4168 527 4223 unum
555 4167 733 4235 fecerit
761 4167 957 4239 (Exod,
996 4170 1142 4243 ul);
1178 4172 1228 4227 ω
1250 4162 1355 4239 esi;
1394 4173 1517 4228 ﬁdei
1549 4176 1777 4230 verbum
1819 4190 1947 4246 ρει-
2051 4165 2289 4220 Iloboam
2312 4165 2529 4236 legitur,
2560 4165 2704 4234 quod
2725 4164 2913 4221 relicto
2936 4164 3206 4219 seniorum
3229 4164 3454 4221 consilio
3480 4180 3638 4223 secu-

357 4257 578 4312 diderit.
606 4257 684 4321 De
707 4259 795 4315 his
837 4275 1070 4330 namque
1092 4263 1375 4319 animabus
1397 4264 1635 4324 ﬁdelium
1664 4281 1763 4335 per
1782 4267 1949 4323 Amos
2052 4266 2136 4312 tus
2165 4258 2233 4313 sit
2257 4256 2678 4313 adolescentium
2693 4254 3016 4325 etjuvenum
3048 4257 3330 4334 consilium
3356 4257 3476 4332 (111
3499 4258 3631 4333 Reg.

356 4352 427 4406 de
461 4351 740 4411 hareticis
774 4352 971 4407 dicitur
997 4371 1011 4406 :
1041 4353 1331 4408 Secuerunt
1369 4365 1698 4426 pmgnanm
1739 4354 1947 4412 Galaad
2050 4347 2170 4420 xu).
2201 4348 2339 4404 Hinc
2365 4357 2420 4402 et
2445 4348 2735 4419 Apostolus
2758 4348 2959 4419 jubens
2982 4348 3095 4404 ait:
3122 4347 3300 4406 Nolite
3323 4351 3475 4422 pueri
3503 4352 3632 4423 eﬁici

357 4441 542 4511 (Amos
567 4441 628 4510 ι).
662 4440 793 4495 Item
825 4454 1187 4513 praegnantes,
1221 4444 1415 4499 anima:
1440 4454 1809 4515 peccatorum,
1852 4462 1947 4502 cu-

2054 4436 2428 4503 sensibus,‘sed
2455 4435 2657 4491 malitia
2681 4435 2887 4507 parvuli
2914 4444 3073 4491 estote
3098 4435 3146 4507 (1
3181 4435 3304 4493 Cor.
3333 4438 3466 4512 stv).
3496 4437 3632 4495 Par-

355 4534 645 4605 piditatum
669 4533 1090 4603 cogitationibus
1117 4535 1307 4605 plenae,
1338 4535 1406 4590 de
1435 4536 1641 4606 quibus
1672 4536 1726 4590 in
1764 4537 1942 4592 Evan-
1974 4531 2015 4538 '
2051 4534 2204 4588 vulus
2226 4534 2369 4589 enim
2395 4531 2711 4603 intelligitur
2743 4540 2922 4587 mente
2948 4531 3166 4587 humilis
3193 4540 3249 4586 et
3277 4531 3536 4602 simplex,
3574 4543 3635 4590 ut

355 4626 500 4697 gelio
531 4626 762 4680 dicitur:
795 4623 882 4679 Va:
907 4627 1297 4705 prmgnantibus
1325 4635 1374 4680 et
1398 4627 1742 4683 nutrientibus
1765 4629 1819 4681 in
1840 4627 1945 4683 illis
2048 4633 2135 4680 est
2161 4623 2289 4683 illud
2316 4623 2647 4683 Dominicum
2672 4621 3039 4678 testimonium
3067 4622 3121 4677 in
3142 4621 3434 4693 Evangelio
3458 4641 3471 4677 :
3499 4620 3636 4678 Con-

356 4716 543 4769 dicbus
562 4713 779 4787 (Matth.
806 4713 976 4787 xxxv).
1002 4715 1245 4780 Pariens,
1271 4730 1403 4771 aure
1424 4717 1603 4772 cordis
1630 4716 1752 4774 ﬁdei
1778 4721 1944 4775 verba

356 4806 694 4875 concipiens,
733 4812 787 4859 et
832 4804 885 4858 in
933 4804 1271 4859 confessione
1310 4804 1392 4860 vel
1431 4818 1593 4876 opere
1637 4820 1940 4877 generans:

361 4897 502 4950 sicut
537 4896 591 4949 in
621 4892 855 4949 Jeremia
883 4896 949 4950 de
980 4895 1229 4951 ﬁdelibus
1258 4896 1493 4951 dicitur:
1523 4896 1671 4952 Inter
1695 4915 1824 4969 quos
1845 4901 1945 4955 erit

363 5001 532 5038 c.rcus
561 4995 612 5037 et
639 4984 881 5050 claudus,
908 5001 1184 5055 pra’gnans
1206 4993 1255 5039 et
1282 4987 1492 5056 pariens
1513 4985 1730 5059 (Jerem.
1765 4989 1940 5061 χιιι).

360 5075 416 5129 in
449 5075 647 5128 malam
678 5084 888 5144 partem
914 5094 927 5129 :
957 5074 1201 5145 Concepit
1233 5074 1490 5142 dolorem,
1522 5087 1570 5131 et
1607 5078 1802 5148 peperit
1842 5079 1946 5133 ini-

357 5167 609 5235 quitatem
651 5162 824 5235 (Psal.
850 5163 967 5237 vit).
1013 5164 1431 5233 Primogenitus,
1476 5164 1724 5221 Christus
1750 5167 1816 5222 de
1836 5183 1944 5238 quo

359 5257 415 5311 in
461 5256 579 5327 lege
624 5273 637 5308 :
687 5252 852 5329 Omne
893 5256 1315 5331 primogenitum,
1358 5256 1667 5326 adaperiens
1712 5256 1939 5325 vulvam,

359 5358 600 5405 sanctum
633 5344 855 5401 Domino
885 5346 1156 5401 vocabitur
1185 5346 1380 5419 (Exod.
1411 5347 1554 5415 XIII).
1583 5348 1715 5402 Item
1742 5349 1944 5419 primo-

362 5439 603 5509 genitus,
632 5438 861 5508 populus
888 5435 1215 5504 Judteorum,
1241 5447 1300 5493 ut
1325 5439 1376 5493 in
1403 5440 1664 5509 propheta
1692 5458 1704 5493 :
1733 5437 1944 5494 Primo-

361 5530 566 5597 geuitus
600 5542 746 5581 meus
771 5524 940 5581 Israel
968 5525 1164 5599 (Exod.
1193 5527 1288 5600 iv).
1328 5528 1709 5600 Primogenita,
1756 5530 1945 5602 primi-

364 5623 470 5675 tiva
504 5623 639 5687 vita,
668 5637 769 5691 pro
797 5636 904 5692 qua
941 5623 994 5676 in
1028 5622 1144 5692 lege
1172 5623 1431 5692 scriptum
1457 5633 1541 5678 est
1568 5641 1581 5677 :
1618 5621 1810 5678 Omnia
1836 5623 1945 5694 pri-

364 5712 627 5783 mogenita
664 5710 895 5780 ﬁliorum
931 5720 1139 5765 tuorum
1178 5712 1396 5766 redimes
1424 5709 1624 5784 (Exod.
1657 5711 1798 5784 xm).
1831 5711 1942 5771 Pu-

2050 4716 2201 4785 fiteor
2222 4714 2337 4780 tibi,
2369 4713 2591 4769 Domine
2619 4713 2781 4773 Pater
2803 4712 2916 4769 caeli
2946 4725 2992 4769 et
3023 4722 3176 4769 terra:
3204 4727 3223 4766 :
3259 4714 3399 4787 quia,
3421 4714 3635 4769 abscono

2052 4807 2175 4861 disti
2203 4807 2315 4860 Iure
2340 4825 2372 4860 a
2414 4805 2731 4877 sapientibus
2760 4815 2808 4861 et
2828 4805 3192 4877 prudentibus,
3220 4815 3268 4861 et
3307 4804 3540 4860 revelasti
3568 4822 3631 4859 ea

2051 4894 2281 4967 parvulis
2307 4894 2519 4967 (Matth.
2560 4897 2659 4966 si).
2710 4895 2842 4951 Item
2872 4897 3130 4966 parvulus
3154 4896 3315 4950 aliaat
3354 4894 3630 4968 signiﬁca-

2048 4986 2250 5042 tionem
2276 4987 2457 5050 hahet,
2485 4986 2574 5041 ubi
2596 4985 2794 5042 dicitur
2810 4985 3102 5057 Apostolus
3126 5004 3138 5039 :
3171 4984 3301 5039 Cum
3326 5000 3487 5038 essem
3511 5001 3631 5055 par-

2045 5075 2218 5140 vulus,
2236 5076 2483 5146 loquebar
2502 5074 2844 5144 utparvulus,
2875 5075 3209 5147 sapiebamut
3232 5073 3501 5146 parvulus,
3535 5092 3626 5131 co-

2042 5164 2271 5235 gitabam
2293 5173 2347 5217 ut
2366 5162 2615 5236 parvulus
2646 5178 2664 5216 :
2695 5181 2812 5218 cum
2834 5175 3008 5219 autem
3036 5164 3206 5233 [actus
3227 5181 3345 5220 sum
3374 5165 3482 5232 vir,
3508 5183 3630 5221 eva-

2044 5257 2193 5310 cuavi
2213 5272 2329 5325 quae
2356 5264 2504 5309 erant
2524 5240 2729 5326 parvuli
2756 5255 2809 5328 (I
2835 5254 2959 5311 Cor.
2981 5255 3239 5328 xui).Vir
3264 5268 3624 5330 nuncupatus.

2046 5345 2190 5416 quod
2232 5343 2403 5413 major
2432 5344 2485 5398 in
2511 5358 2577 5400 eo
2607 5345 2689 5400 vis
2708 5353 2810 5410 est,
2841 5360 3004 5416 quam
3048 5346 3103 5400 in
3132 5346 3366 5403 feminis.
3397 5346 3550 5404 Unde
3568 5356 3625 5404 et

2045 5436 2217 5491 virtus
2239 5450 2432 5493 nomen
2447 5435 2687 5509 accepit:
2714 5436 2826 5491 sive
2845 5435 2989 5509 quod
3012 5437 3061 5490 vi
3079 5445 3202 5508 agat
3221 5435 3496 5494 feminam.
3512 5439 3626 5513 My-

2045 5526 2177 5581 stice
2189 5526 2331 5581 enim
2346 5525 2720 5595 vir‘aliquando
2733 5524 3042 5597 intelligitur
3052 5524 3478 5597 Christus,cujus
3487 5544 3628 5587 uxor

2045 5626 2131 5673 cst
2150 5616 2407 5683 Ecclesia.
2432 5616 2583 5673 Unde
2598 5616 2729 5675 dicit
2749 5616 3037 5687 Apostolus
3065 5636 3078 5672 :
3113 5617 3247 5687 Viri,
3269 5619 3470 5691 diligifc
3488 5637 3623 5677 uxo-

2049 5728 2126 5767 res
2141 5720 2353 5776 vestras,
2367 5712 2497 5769 sicut
2515 5721 2559 5764 et
2574 5709 2811 5771 Christus
2829 5709 3007 5767 dilexit
3023 5710 3307 5768 Ecclesium
3325 5713 3621 5786 (Ephesm).

3760 5638 3777 5665 ι
