  <div class='ocr_page' id='page_1' title='image "/cluster/home/n/w/nwhite01/storage/ocr_20150623/111/hvd.32044054759766/097.png"; bbox 0 0 4072 6198; ppageno 0'>
   <div class='ocr_carea' id='block_1_1' title="bbox 437 379 539 449">
    <p class='ocr_par' dir='ltr' id='par_1_1' title="bbox 437 379 539 449">
     <span class='ocr_line' id='line_1_1' title="bbox 437 379 539 449; baseline 0 -14"><span class='ocrx_word' id='word_1_1' title='bbox 437 379 539 449; x_wconf 59' lang='grc'><strong>883</strong></span> 
     </span>
    </p>
   </div>
   <div class='ocr_carea' id='block_1_2' title="bbox 1067 372 3037 433">
    <p class='ocr_par' dir='ltr' id='par_1_2' title="bbox 1067 372 3037 433">
     <span class='ocr_line' id='line_1_2' title="bbox 1067 372 3037 433; baseline -0.002 0"><span class='ocrx_word' id='word_1_2' title='bbox 1067 376 1132 433; x_wconf 81' lang='grc' dir='ltr'><strong>Β.</strong></span> <span class='ocrx_word' id='word_1_3' title='bbox 1172 376 1427 433; x_wconf 69' lang='lat' dir='ltr'><strong>RABANI</strong></span> <span class='ocrx_word' id='word_1_4' title='bbox 1467 372 1684 431; x_wconf 70' lang='grc' dir='ltr'><strong>ΜΛϋίὶί</strong></span> <span class='ocrx_word' id='word_1_5' title='bbox 1718 373 2039 430; x_wconf 76' lang='lat' dir='ltr'><strong>ARCHlEl’.</strong></span> <span class='ocrx_word' id='word_1_6' title='bbox 2082 372 2390 429; x_wconf 67' lang='lat' dir='ltr'><strong>MOGUNT.</strong></span> <span class='ocrx_word' id='word_1_7' title='bbox 2432 374 2719 431; x_wconf 70' lang='lat' dir='ltr'><strong>OI‘ERUM</strong></span> <span class='ocrx_word' id='word_1_8' title='bbox 2753 373 2935 430; x_wconf 79' lang='lat' dir='ltr'><strong>PARS</strong></span> <span class='ocrx_word' id='word_1_9' title='bbox 2970 375 3037 432; x_wconf 70' lang='lat' dir='ltr'><strong>Ii.</strong></span> 
     </span>
    </p>
   </div>
   <div class='ocr_carea' id='block_1_3' title="bbox 3596 372 3694 432">
    <p class='ocr_par' dir='ltr' id='par_1_3' title="bbox 3596 372 3694 432">
     <span class='ocr_line' id='line_1_3' title="bbox 3596 372 3694 432; baseline -0.02 0"><span class='ocrx_word' id='word_1_10' title='bbox 3596 372 3694 432; x_wconf 81' lang='lat' dir='ltr'><strong>l8l</strong></span> 
     </span>
    </p>
   </div>
   <div class='ocr_carea' id='block_1_4' title="bbox 431 456 3698 560">
    <p class='ocr_par' dir='ltr' id='par_1_4' title="bbox 431 456 3698 560">
     <span class='ocr_line' id='line_1_4' title="bbox 431 456 3698 560; baseline 0.001 -13"><span class='ocrx_word' id='word_1_11' title='bbox 431 485 565 547; x_wconf 88' lang='lat' dir='ltr'><strong>item</strong></span> <span class='ocrx_word' id='word_1_12' title='bbox 597 488 682 544; x_wconf 88' lang='lat' dir='ltr'><strong>vir</strong></span> <span class='ocrx_word' id='word_1_13' title='bbox 721 490 1024 545; x_wconf 88' lang='lat' dir='ltr'><strong>intellectus</strong></span> <span class='ocrx_word' id='word_1_14' title='bbox 1060 491 1318 560; x_wconf 89' lang='lat' dir='ltr'><strong>spiritalis</strong></span> <span class='ocrx_word' id='word_1_15' title='bbox 1362 491 1415 546; x_wconf 87' lang='lat' dir='ltr'><strong>in</strong></span> <span class='ocrx_word' id='word_1_16' title='bbox 1451 490 1676 545; x_wconf 72' lang='lat' dir='ltr'><strong>historia</strong></span> <span class='ocrx_word' id='word_1_17' title='bbox 1705 487 2016 558; x_wconf 85' lang='lat' dir='ltr'><strong>Scriptura-</strong></span> <span class='ocrx_word' id='word_1_18' title='bbox 2051 456 2092 546; x_wconf 66' lang='grc' dir='ltr'><strong>Ᾰ</strong></span> <span class='ocrx_word' id='word_1_19' title='bbox 2122 496 2207 543; x_wconf 89' lang='lat' dir='ltr'><strong>est</strong></span> <span class='ocrx_word' id='word_1_20' title='bbox 2233 497 2395 557; x_wconf 86' lang='lat' dir='ltr'><strong>caput</strong></span> <span class='ocrx_word' id='word_1_21' title='bbox 2417 488 2583 543; x_wconf 91' lang='lat' dir='ltr'><strong>totius</strong></span> <span class='ocrx_word' id='word_1_22' title='bbox 2613 488 2932 559; x_wconf 76' lang='lat' dir='ltr'><strong>iniquitatis.</strong></span> <span class='ocrx_word' id='word_1_23' title='bbox 2963 488 3183 547; x_wconf 79' lang='lat' dir='ltr'><strong>Adulter</strong></span> <span class='ocrx_word' id='word_1_24' title='bbox 3211 490 3457 546; x_wconf 67' lang='lat' dir='ltr'><strong>diabolus</strong></span> <span class='ocrx_word' id='word_1_25' title='bbox 3486 491 3568 547; x_wconf 85' lang='lat' dir='ltr'><strong>vel</strong></span> <span class='ocrx_word' id='word_1_26' title='bbox 3590 492 3698 549; x_wconf 67' lang='lat' dir='ltr'><strong>dre-</strong></span> 
     </span>
    </p>
   </div>
   <div class='ocr_carea' id='block_1_5' title="bbox 431 579 2013 651">
    <p class='ocr_par' dir='ltr' id='par_1_5' title="bbox 431 579 2013 651">
     <span class='ocr_line' id='line_1_5' title="bbox 431 579 2013 651; baseline -0.003 -14"><span class='ocrx_word' id='word_1_27' title='bbox 431 590 550 637; x_wconf 86' lang='lat' dir='ltr'><strong>rum</strong></span> <span class='ocrx_word' id='word_1_28' title='bbox 588 579 870 649; x_wconf 82' lang='lat' dir='ltr'><strong>accipitur.</strong></span> <span class='ocrx_word' id='word_1_29' title='bbox 914 579 1149 636; x_wconf 80' lang='lat' dir='ltr'><strong>Rursum</strong></span> <span class='ocrx_word' id='word_1_30' title='bbox 1174 580 1258 635; x_wconf 91' lang='lat' dir='ltr'><strong>vir</strong></span> <span class='ocrx_word' id='word_1_31' title='bbox 1293 582 1515 651; x_wconf 87' lang='lat' dir='ltr'><strong>spiritus</strong></span> <span class='ocrx_word' id='word_1_32' title='bbox 1541 580 1876 650; x_wconf 69' lang='lat' dir='ltr'><strong>intelligitur,</strong></span> <span class='ocrx_word' id='word_1_33' title='bbox 1919 580 2013 651; x_wconf 97' lang='lat' dir='ltr'><strong>qui</strong></span> 
     </span>
    </p>
   </div>
   <div class='ocr_carea' id='block_1_6' title="bbox 430 669 2011 746">
    <p class='ocr_par' dir='ltr' id='par_1_6' title="bbox 430 669 2011 746">
     <span class='ocr_line' id='line_1_6' title="bbox 430 669 2011 746; baseline -0.002 -17"><span class='ocrx_word' id='word_1_34' title='bbox 430 669 765 746; x_wconf 84' lang='lat' dir='ltr'><strong>principalur</strong></span> <span class='ocrx_word' id='word_1_35' title='bbox 786 674 837 728; x_wconf 93' lang='lat' dir='ltr'><strong>in</strong></span> <span class='ocrx_word' id='word_1_36' title='bbox 866 674 1067 728; x_wconf 88' lang='lat' dir='ltr'><strong>anima.</strong></span> <span class='ocrx_word' id='word_1_37' title='bbox 1089 674 1242 730; x_wconf 87' lang='lat' dir='ltr'><strong>Unde</strong></span> <span class='ocrx_word' id='word_1_38' title='bbox 1264 674 1526 730; x_wconf 84' lang='lat' dir='ltr'><strong>Dominus</strong></span> <span class='ocrx_word' id='word_1_39' title='bbox 1546 675 1621 729; x_wconf 91' lang='lat' dir='ltr'><strong>ait</strong></span> <span class='ocrx_word' id='word_1_40' title='bbox 1642 674 1709 729; x_wconf 91' lang='lat' dir='ltr'><strong>ad</strong></span> <span class='ocrx_word' id='word_1_41' title='bbox 1732 673 2011 728; x_wconf 81' lang='lat' dir='ltr'><strong>mulierem</strong></span> 
     </span>
    </p>
   </div>
   <div class='ocr_carea' id='block_1_7' title="bbox 434 761 2010 837">
    <p class='ocr_par' dir='ltr' id='par_1_7' title="bbox 434 761 2010 837">
     <span class='ocr_line' id='line_1_7' title="bbox 434 761 2010 837; baseline 0.002 -18"><span class='ocrx_word' id='word_1_42' title='bbox 434 764 831 819; x_wconf 87' lang='lat' dir='ltr'><strong>Samaritanam</strong></span> <span class='ocrx_word' id='word_1_43' title='bbox 864 781 877 817; x_wconf 88' lang='lat'><strong>:</strong></span> <span class='ocrx_word' id='word_1_44' title='bbox 919 761 1084 829; x_wconf 85' lang='lat' dir='ltr'><strong><em>Vade,</em></strong></span> <span class='ocrx_word' id='word_1_45' title='bbox 1120 783 1242 820; x_wconf 89' lang='lat' dir='ltr'><strong>voca</strong></span> <span class='ocrx_word' id='word_1_46' title='bbox 1279 766 1445 821; x_wconf 79' lang='lat' dir='ltr'><strong>virum</strong></span> <span class='ocrx_word' id='word_1_47' title='bbox 1488 777 1637 820; x_wconf 88' lang='lat' dir='ltr'><strong>tuum</strong></span> <span class='ocrx_word' id='word_1_48' title='bbox 1680 764 1862 837; x_wconf 81' lang='lat' dir='ltr'><strong>(Joan.</strong></span> <span class='ocrx_word' id='word_1_49' title='bbox 1902 763 2010 835; x_wconf 78' lang='lat' dir='ltr'><strong>tv):</strong></span> 
     </span>
    </p>
   </div>
   <div class='ocr_carea' id='block_1_8' title="bbox 430 855 2013 922">
    <p class='ocr_par' dir='ltr' id='par_1_8' title="bbox 430 855 2013 922">
     <span class='ocr_line' id='line_1_8' title="bbox 430 855 2013 922; baseline 0 -11"><span class='ocrx_word' id='word_1_50' title='bbox 430 855 535 912; x_wconf 86' lang='lat' dir='ltr'><strong>hoc</strong></span> <span class='ocrx_word' id='word_1_51' title='bbox 558 863 660 922; x_wconf 91' lang='lat' dir='ltr'><strong>est,</strong></span> <span class='ocrx_word' id='word_1_52' title='bbox 691 857 803 912; x_wconf 90' lang='lat' dir='ltr'><strong>redi</strong></span> <span class='ocrx_word' id='word_1_53' title='bbox 824 857 891 911; x_wconf 85' lang='lat' dir='ltr'><strong>ad</strong></span> <span class='ocrx_word' id='word_1_54' title='bbox 918 857 1241 913; x_wconf 88' lang='lat' dir='ltr'><strong>intellectum</strong></span> <span class='ocrx_word' id='word_1_55' title='bbox 1269 867 1437 913; x_wconf 91' lang='lat' dir='ltr'><strong>tuum.</strong></span> <span class='ocrx_word' id='word_1_56' title='bbox 1460 857 1592 914; x_wconf 81' lang='lat' dir='ltr'><strong>item</strong></span> <span class='ocrx_word' id='word_1_57' title='bbox 1617 859 1701 913; x_wconf 90' lang='lat' dir='ltr'><strong>vir</strong></span> <span class='ocrx_word' id='word_1_58' title='bbox 1722 858 1773 913; x_wconf 93' lang='lat' dir='ltr'><strong>in</strong></span> <span class='ocrx_word' id='word_1_59' title='bbox 1796 866 2013 914; x_wconf 79' lang='lat' dir='ltr'><strong>contra-</strong></span> 
     </span>
    </p>
   </div>
   <div class='ocr_carea' id='block_1_9' title="bbox 432 948 2009 1020">
    <p class='ocr_par' dir='ltr' id='par_1_9' title="bbox 432 948 2009 1020">
     <span class='ocr_line' id='line_1_9' title="bbox 432 948 2009 1020; baseline 0.001 -19"><span class='ocrx_word' id='word_1_60' title='bbox 432 948 566 1002; x_wconf 83' lang='lat' dir='ltr'><strong>riam</strong></span> <span class='ocrx_word' id='word_1_61' title='bbox 596 956 804 1020; x_wconf 90' lang='lat' dir='ltr'><strong>partem</strong></span> <span class='ocrx_word' id='word_1_62' title='bbox 844 949 1083 1018; x_wconf 86' lang='lat' dir='ltr'><strong>ponitur,</strong></span> <span class='ocrx_word' id='word_1_63' title='bbox 1123 958 1183 1004; x_wconf 92' lang='lat' dir='ltr'><strong>ut</strong></span> <span class='ocrx_word' id='word_1_64' title='bbox 1211 958 1294 1005; x_wconf 90' lang='lat' dir='ltr'><strong>est</strong></span> <span class='ocrx_word' id='word_1_65' title='bbox 1335 948 1464 1006; x_wconf 89' lang='lat' dir='ltr'><strong>illud</strong></span> <span class='ocrx_word' id='word_1_66' title='bbox 1503 951 1555 1005; x_wconf 92' lang='lat' dir='ltr'><strong>in</strong></span> <span class='ocrx_word' id='word_1_67' title='bbox 1591 948 1962 1005; x_wconf 88' lang='lat' dir='ltr'><strong>Pentateucho</strong></span> <span class='ocrx_word' id='word_1_68' title='bbox 1995 966 2009 1002; x_wconf 91' lang='lat'>:</span> 
     </span>
    </p>
   </div>
   <div class='ocr_carea' id='block_1_10' title="bbox 431 1037 2008 1114">
    <p class='ocr_par' dir='ltr' id='par_1_10' title="bbox 431 1037 2008 1114">
     <span class='ocr_line' id='line_1_10' title="bbox 431 1037 2008 1114; baseline 0.001 -21"><span class='ocrx_word' id='word_1_69' title='bbox 431 1038 580 1095; x_wconf 84' lang='lat' dir='ltr'><strong>Bona</strong></span> <span class='ocrx_word' id='word_1_70' title='bbox 610 1040 744 1111; x_wconf 81' lang='lat' dir='ltr'><strong>facie</strong></span> <span class='ocrx_word' id='word_1_71' title='bbox 766 1040 915 1095; x_wconf 83' lang='lat' dir='ltr'><strong>valde</strong></span> <span class='ocrx_word' id='word_1_72' title='bbox 938 1042 1097 1111; x_wconf 84' lang='lat' dir='ltr'><strong>virgo,</strong></span> <span class='ocrx_word' id='word_1_73' title='bbox 1119 1057 1276 1112; x_wconf 87' lang='lat' dir='ltr'><strong>quam</strong></span> <span class='ocrx_word' id='word_1_74' title='bbox 1298 1041 1376 1096; x_wconf 89' lang='lat' dir='ltr'><strong>vir</strong></span> <span class='ocrx_word' id='word_1_75' title='bbox 1402 1058 1510 1096; x_wconf 83' lang='lat' dir='ltr'><strong>non</strong></span> <span class='ocrx_word' id='word_1_76' title='bbox 1525 1050 1832 1113; x_wconf 79' lang='lat' dir='ltr'><strong>cognoverat</strong></span> <span class='ocrx_word' id='word_1_77' title='bbox 1856 1037 2008 1114; x_wconf 83' lang='lat' dir='ltr'><strong>(Gen.</strong></span> 
     </span>
    </p>
   </div>
   <div class='ocr_carea' id='block_1_11' title="bbox 433 1129 2013 1204">
    <p class='ocr_par' dir='ltr' id='par_1_11' title="bbox 433 1129 2013 1204">
     <span class='ocr_line' id='line_1_11' title="bbox 433 1129 2013 1204; baseline 0.001 -19"><span class='ocrx_word' id='word_1_78' title='bbox 433 1129 583 1203; x_wconf 75' lang='lat' dir='ltr'><strong>xxrv)</strong></span> <span class='ocrx_word' id='word_1_79' title='bbox 612 1149 624 1185; x_wconf 92' lang='lat'>:</span> <span class='ocrx_word' id='word_1_80' title='bbox 655 1132 708 1187; x_wconf 90' lang='lat' dir='ltr'><strong>id</strong></span> <span class='ocrx_word' id='word_1_81' title='bbox 740 1139 855 1197; x_wconf 91' lang='lat' dir='ltr'><strong>est,</strong></span> <span class='ocrx_word' id='word_1_82' title='bbox 883 1132 1155 1201; x_wconf 80' lang='lat' dir='ltr'><strong>diabolus,</strong></span> <span class='ocrx_word' id='word_1_83' title='bbox 1186 1133 1275 1202; x_wconf 89' lang='lat' dir='ltr'><strong>qui</strong></span> <span class='ocrx_word' id='word_1_84' title='bbox 1316 1133 1631 1204; x_wconf 86' lang='lat' dir='ltr'><strong>plerumque</strong></span> <span class='ocrx_word' id='word_1_85' title='bbox 1659 1140 1899 1188; x_wconf 79' lang='lat' dir='ltr'><strong>mentem</strong></span> <span class='ocrx_word' id='word_1_86' title='bbox 1922 1147 2013 1187; x_wconf 83' lang='lat' dir='ltr'><strong>co-</strong></span> 
     </span>
    </p>
   </div>
   <div class='ocr_carea' id='block_1_12' title="bbox 432 1220 2010 1293">
    <p class='ocr_par' dir='ltr' id='par_1_12' title="bbox 432 1220 2010 1293">
     <span class='ocr_line' id='line_1_12' title="bbox 432 1220 2010 1293; baseline 0 -18"><span class='ocrx_word' id='word_1_87' title='bbox 432 1220 689 1291; x_wconf 89' lang='lat' dir='ltr'><strong>gitatione</strong></span> <span class='ocrx_word' id='word_1_88' title='bbox 714 1223 1027 1293; x_wconf 86' lang='lat' dir='ltr'><strong>corrumpit.</strong></span> <span class='ocrx_word' id='word_1_89' title='bbox 1056 1222 1185 1278; x_wconf 85' lang='lat' dir='ltr'><strong>item</strong></span> <span class='ocrx_word' id='word_1_90' title='bbox 1216 1222 1299 1277; x_wconf 89' lang='lat' dir='ltr'><strong>vir</strong></span> <span class='ocrx_word' id='word_1_91' title='bbox 1332 1221 1581 1279; x_wconf 82' lang='lat' dir='ltr'><strong>Christus</strong></span> <span class='ocrx_word' id='word_1_92' title='bbox 1612 1223 1928 1293; x_wconf 81' lang='lat' dir='ltr'><strong>intelligitur</strong></span> <span class='ocrx_word' id='word_1_93' title='bbox 1953 1222 2010 1276; x_wconf 81' lang='lat' dir='ltr'><strong>in</strong></span> 
     </span>
    </p>
   </div>
   <div class='ocr_carea' id='block_1_13' title="bbox 433 1311 2010 1384">
    <p class='ocr_par' dir='ltr' id='par_1_13' title="bbox 433 1311 2010 1384">
     <span class='ocr_line' id='line_1_13' title="bbox 433 1311 2010 1384; baseline 0.001 -20"><span class='ocrx_word' id='word_1_94' title='bbox 433 1311 523 1366; x_wconf 91' lang='lat' dir='ltr'><strong>illo</strong></span> <span class='ocrx_word' id='word_1_95' title='bbox 565 1312 839 1368; x_wconf 65' lang='lat' dir='ltr'><strong>lachariae</strong></span> <span class='ocrx_word' id='word_1_96' title='bbox 871 1313 1178 1369; x_wconf 78' lang='lat' dir='ltr'><strong>teStimonio</strong></span> <span class='ocrx_word' id='word_1_97' title='bbox 1218 1332 1232 1368; x_wconf 93' lang='lat'><strong>:</strong></span> <span class='ocrx_word' id='word_1_98' title='bbox 1287 1312 1420 1368; x_wconf 84' lang='lat' dir='ltr'><strong>Ecce</strong></span> <span class='ocrx_word' id='word_1_99' title='bbox 1464 1314 1647 1375; x_wconf 78' lang='lat' dir='ltr'><strong>veniet,</strong></span> <span class='ocrx_word' id='word_1_100' title='bbox 1686 1313 1885 1384; x_wconf 86' lang='lat' dir='ltr'><strong>inquit,</strong></span> <span class='ocrx_word' id='word_1_101' title='bbox 1913 1312 2010 1375; x_wconf 86' lang='lat' dir='ltr'><strong>rir,</strong></span> 
     </span>
    </p>
   </div>
   <div class='ocr_carea' id='block_1_14' title="bbox 432 1401 2012 1476">
    <p class='ocr_par' dir='ltr' id='par_1_14' title="bbox 432 1401 2012 1476">
     <span class='ocr_line' id='line_1_14' title="bbox 432 1401 2012 1476; baseline 0.001 -21"><span class='ocrx_word' id='word_1_102' title='bbox 432 1401 584 1472; x_wconf 88' lang='lat' dir='ltr'><strong>cujus</strong></span> <span class='ocrx_word' id='word_1_103' title='bbox 621 1402 806 1458; x_wconf 86' lang='lat' dir='ltr'><strong>Oriens</strong></span> <span class='ocrx_word' id='word_1_104' title='bbox 832 1414 1017 1459; x_wconf 87' lang='lat' dir='ltr'><strong>nomen</strong></span> <span class='ocrx_word' id='word_1_105' title='bbox 1045 1414 1119 1458; x_wconf 89' lang='lat' dir='ltr'><strong>est</strong></span> <span class='ocrx_word' id='word_1_106' title='bbox 1149 1402 1335 1475; x_wconf 82' lang='lat' dir='ltr'><strong>(Zach.</strong></span> <span class='ocrx_word' id='word_1_107' title='bbox 1359 1403 1456 1476; x_wconf 70' lang='grc' dir='ltr'><strong>γι).</strong></span> <span class='ocrx_word' id='word_1_108' title='bbox 1487 1404 1552 1459; x_wconf 86' lang='lat' dir='ltr'><strong>Et</strong></span> <span class='ocrx_word' id='word_1_109' title='bbox 1576 1404 1701 1459; x_wconf 88' lang='lat' dir='ltr'><strong>alibi</strong></span> <span class='ocrx_word' id='word_1_110' title='bbox 1733 1424 1745 1458; x_wconf 90' lang='lat'><strong>:</strong></span> <span class='ocrx_word' id='word_1_111' title='bbox 1778 1403 2012 1457; x_wconf 74' lang='lat' dir='ltr'><strong>Reverti~</strong></span> 
     </span>
    </p>
   </div>
   <div class='ocr_carea' id='block_1_15' title="bbox 433 1492 2009 1567">
    <p class='ocr_par' dir='ltr' id='par_1_15' title="bbox 433 1492 2009 1567">
     <span class='ocr_line' id='line_1_15' title="bbox 433 1492 2009 1567; baseline 0 -20"><span class='ocrx_word' id='word_1_112' title='bbox 433 1494 581 1559; x_wconf 86' lang='lat' dir='ltr'><strong>mini,</strong></span> <span class='ocrx_word' id='word_1_113' title='bbox 622 1493 723 1563; x_wconf 90' lang='lat' dir='ltr'><strong>ﬁlii</strong></span> <span class='ocrx_word' id='word_1_114' title='bbox 760 1504 1089 1560; x_wconf 80' lang='lat' dir='ltr'><strong>revertentes,</strong></span> <span class='ocrx_word' id='word_1_115' title='bbox 1115 1495 1241 1565; x_wconf 87' lang='lat' dir='ltr'><strong>quia</strong></span> <span class='ocrx_word' id='word_1_116' title='bbox 1283 1510 1375 1567; x_wconf 82' lang='lat' dir='ltr'><strong>ego</strong></span> <span class='ocrx_word' id='word_1_117' title='bbox 1421 1496 1499 1548; x_wconf 87' lang='lat' dir='ltr'><strong>vir</strong></span> <span class='ocrx_word' id='word_1_118' title='bbox 1524 1503 1687 1549; x_wconf 81' lang='lat' dir='ltr'><strong>vester</strong></span> <span class='ocrx_word' id='word_1_119' title='bbox 1723 1494 1857 1564; x_wconf 79' lang='lat' dir='ltr'><strong>(Jer.</strong></span> <span class='ocrx_word' id='word_1_120' title='bbox 1905 1492 2009 1565; x_wconf 90' lang='grc' dir='ltr'>ιιι).</span> 
     </span>
    </p>
   </div>
   <div class='ocr_carea' id='block_1_16' title="bbox 433 1586 2014 1657">
    <p class='ocr_par' dir='ltr' id='par_1_16' title="bbox 433 1586 2014 1657">
     <span class='ocr_line' id='line_1_16' title="bbox 433 1586 2014 1657; baseline 0.001 -18"><span class='ocrx_word' id='word_1_121' title='bbox 433 1587 666 1641; x_wconf 77' lang='lat' dir='ltr'><strong>llursum</strong></span> <span class='ocrx_word' id='word_1_122' title='bbox 695 1588 777 1642; x_wconf 89' lang='lat' dir='ltr'><strong>vir</strong></span> <span class='ocrx_word' id='word_1_123' title='bbox 802 1596 857 1643; x_wconf 92' lang='lat' dir='ltr'><strong>et</strong></span> <span class='ocrx_word' id='word_1_124' title='bbox 882 1604 1039 1653; x_wconf 85' lang='lat' dir='ltr'><strong>uxor,</strong></span> <span class='ocrx_word' id='word_1_125' title='bbox 1070 1587 1321 1644; x_wconf 82' lang='lat' dir='ltr'><strong>Christus</strong></span> <span class='ocrx_word' id='word_1_126' title='bbox 1347 1596 1402 1642; x_wconf 91' lang='lat' dir='ltr'><strong>et</strong></span> <span class='ocrx_word' id='word_1_127' title='bbox 1432 1587 1692 1651; x_wconf 84' lang='lat' dir='ltr'><strong>Ecclesia,</strong></span> <span class='ocrx_word' id='word_1_128' title='bbox 1714 1595 1773 1641; x_wconf 90' lang='lat' dir='ltr'><strong>ut</strong></span> <span class='ocrx_word' id='word_1_129' title='bbox 1799 1587 1851 1641; x_wconf 90' lang='lat' dir='ltr'><strong>in</strong></span> <span class='ocrx_word' id='word_1_130' title='bbox 1873 1586 2014 1657; x_wconf 70' lang='lat' dir='ltr'><strong>Apo~</strong></span> 
     </span>
    </p>
   </div>
   <div class='ocr_carea' id='block_1_17' title="bbox 433 1676 2013 1751">
    <p class='ocr_par' dir='ltr' id='par_1_17' title="bbox 433 1676 2013 1751">
     <span class='ocr_line' id='line_1_17' title="bbox 433 1676 2013 1751; baseline 0 -20"><span class='ocrx_word' id='word_1_131' title='bbox 433 1678 607 1733; x_wconf 86' lang='lat' dir='ltr'><strong>stolo:</strong></span> <span class='ocrx_word' id='word_1_132' title='bbox 638 1676 860 1744; x_wconf 82' lang='lat' dir='ltr'><strong>Propter</strong></span> <span class='ocrx_word' id='word_1_133' title='bbox 886 1681 985 1733; x_wconf 90' lang='lat' dir='ltr'><strong>hoc</strong></span> <span class='ocrx_word' id='word_1_134' title='bbox 1017 1679 1268 1751; x_wconf 81' lang='lat' dir='ltr'><strong>relinquet</strong></span> <span class='ocrx_word' id='word_1_135' title='bbox 1290 1680 1442 1733; x_wconf 88' lang='lat' dir='ltr'><strong>homo</strong></span> <span class='ocrx_word' id='word_1_136' title='bbox 1466 1687 1666 1750; x_wconf 85' lang='lat' dir='ltr'><strong>patrem</strong></span> <span class='ocrx_word' id='word_1_137' title='bbox 1693 1688 1741 1733; x_wconf 90' lang='lat' dir='ltr'><strong>et</strong></span> <span class='ocrx_word' id='word_1_138' title='bbox 1773 1687 2013 1743; x_wconf 82' lang='lat' dir='ltr'><strong>matrem,</strong></span> 
     </span>
    </p>
   </div>
   <div class='ocr_carea' id='block_1_18' title="bbox 431 1771 2008 1838">
    <p class='ocr_par' dir='ltr' id='par_1_18' title="bbox 431 1771 2008 1838">
     <span class='ocr_line' id='line_1_18' title="bbox 431 1771 2008 1838; baseline 0 -14"><span class='ocrx_word' id='word_1_139' title='bbox 431 1780 479 1825; x_wconf 75' lang='lat' dir='ltr'><strong>et</strong></span> <span class='ocrx_word' id='word_1_140' title='bbox 524 1771 807 1827; x_wconf 70' lang='lat' dir='ltr'><strong>adhtcrebit</strong></span> <span class='ocrx_word' id='word_1_141' title='bbox 834 1773 987 1827; x_wconf 68' lang='lat' dir='ltr'><strong>uxori</strong></span> <span class='ocrx_word' id='word_1_142' title='bbox 1028 1784 1159 1838; x_wconf 64' lang='lat' dir='ltr'><strong>suae,</strong></span> <span class='ocrx_word' id='word_1_143' title='bbox 1192 1781 1245 1827; x_wconf 88' lang='lat' dir='ltr'><strong>et</strong></span> <span class='ocrx_word' id='word_1_144' title='bbox 1274 1782 1428 1827; x_wconf 89' lang='lat' dir='ltr'><strong>erunt</strong></span> <span class='ocrx_word' id='word_1_145' title='bbox 1459 1774 1563 1827; x_wconf 82' lang='lat' dir='ltr'><strong>duo</strong></span> <span class='ocrx_word' id='word_1_146' title='bbox 1592 1772 1647 1826; x_wconf 86' lang='lat' dir='ltr'><strong>in</strong></span> <span class='ocrx_word' id='word_1_147' title='bbox 1684 1786 1840 1826; x_wconf 86' lang='lat' dir='ltr'><strong>carne</strong></span> <span class='ocrx_word' id='word_1_148' title='bbox 1884 1785 2008 1825; x_wconf 83' lang='lat' dir='ltr'><strong>una.</strong></span> 
     </span>
    </p>
   </div>
   <div class='ocr_carea' id='block_1_19' title="bbox 2118 580 3699 655">
    <p class='ocr_par' dir='ltr' id='par_1_19' title="bbox 2118 580 3699 655">
     <span class='ocr_line' id='line_1_19' title="bbox 2118 580 3699 655; baseline 0.004 -20"><span class='ocrx_word' id='word_1_149' title='bbox 2118 594 2327 646; x_wconf 90' lang='lat' dir='ltr'><strong>mones,</strong></span> <span class='ocrx_word' id='word_1_150' title='bbox 2354 590 2414 635; x_wconf 90' lang='lat' dir='ltr'><strong>ut</strong></span> <span class='ocrx_word' id='word_1_151' title='bbox 2452 581 2503 635; x_wconf 91' lang='lat' dir='ltr'><strong>in</strong></span> <span class='ocrx_word' id='word_1_152' title='bbox 2531 581 2669 637; x_wconf 86' lang='lat' dir='ltr'><strong>lsaia</strong></span> <span class='ocrx_word' id='word_1_153' title='bbox 2696 600 2715 636; x_wconf 85' lang='lat'><strong>:</strong></span> <span class='ocrx_word' id='word_1_154' title='bbox 2743 580 2842 637; x_wconf 80' lang='lat' dir='ltr'><strong>Vos</strong></span> <span class='ocrx_word' id='word_1_155' title='bbox 2876 592 3050 636; x_wconf 82' lang='lat' dir='ltr'><strong>autem</strong></span> <span class='ocrx_word' id='word_1_156' title='bbox 3074 582 3322 648; x_wconf 80' lang='lat' dir='ltr'><strong>accedite,</strong></span> <span class='ocrx_word' id='word_1_157' title='bbox 3337 583 3437 653; x_wconf 82' lang='lat' dir='ltr'><strong>ﬁlii</strong></span> <span class='ocrx_word' id='word_1_158' title='bbox 3466 601 3699 655; x_wconf 74' lang='lat' dir='ltr'><strong>augura-</strong></span> 
     </span>
    </p>
   </div>
   <div class='ocr_carea' id='block_1_20' title="bbox 2114 670 3701 746">
    <p class='ocr_par' dir='ltr' id='par_1_20' title="bbox 2114 670 3701 746">
     <span class='ocr_line' id='line_1_20' title="bbox 2114 670 3701 746; baseline 0.004 -22"><span class='ocrx_word' id='word_1_159' title='bbox 2114 671 2281 732; x_wconf 89' lang='lat' dir='ltr'><strong>tricis,</strong></span> <span class='ocrx_word' id='word_1_160' title='bbox 2319 687 2493 726; x_wconf 84' lang='lat' dir='ltr'><strong>semen</strong></span> <span class='ocrx_word' id='word_1_161' title='bbox 2511 670 2811 727; x_wconf 84' lang='lat' dir='ltr'><strong>adulteriet</strong></span> <span class='ocrx_word' id='word_1_162' title='bbox 2831 672 3131 741; x_wconf 73' lang='lat' dir='ltr'><strong>{amicat-ite</strong></span> <span class='ocrx_word' id='word_1_163' title='bbox 3154 672 3288 746; x_wconf 85' lang='lat' dir='ltr'><strong>(Isa.</strong></span> <span class='ocrx_word' id='word_1_164' title='bbox 3320 675 3474 744; x_wconf 77' lang='grc' dir='ltr'>ινιι).</span> <span class='ocrx_word' id='word_1_165' title='bbox 3508 674 3701 731; x_wconf 80' lang='lat' dir='ltr'><strong>Foroi-</strong></span> 
     </span>
    </p>
   </div>
   <div class='ocr_carea' id='block_1_21' title="bbox 2113 762 3697 835">
    <p class='ocr_par' dir='ltr' id='par_1_21' title="bbox 2113 762 3697 835">
     <span class='ocr_line' id='line_1_21' title="bbox 2113 762 3697 835; baseline 0.001 -16"><span class='ocrx_word' id='word_1_166' title='bbox 2113 764 2258 819; x_wconf 83' lang='lat' dir='ltr'><strong>caria</strong></span> <span class='ocrx_word' id='word_1_167' title='bbox 2302 763 2537 820; x_wconf 75' lang='lat' dir='ltr'><strong>carnalis</strong></span> <span class='ocrx_word' id='word_1_168' title='bbox 2576 764 2894 835; x_wconf 81' lang='lat' dir='ltr'><strong>propagatio</strong></span> <span class='ocrx_word' id='word_1_169' title='bbox 2939 764 3091 835; x_wconf 90' lang='lat' dir='ltr'><strong>plebs</strong></span> <span class='ocrx_word' id='word_1_170' title='bbox 3128 762 3314 822; x_wconf 65' lang='lat' dir='ltr'><strong>Iudaea</strong></span> <span class='ocrx_word' id='word_1_171' title='bbox 3355 766 3471 821; x_wconf 84' lang='lat' dir='ltr'><strong>sive</strong></span> <span class='ocrx_word' id='word_1_172' title='bbox 3515 768 3697 821; x_wconf 84' lang='lat' dir='ltr'><strong>anima</strong></span> 
     </span>
    </p>
   </div>
   <div class='ocr_carea' id='block_1_22' title="bbox 2112 855 3699 930">
    <p class='ocr_par' dir='ltr' id='par_1_22' title="bbox 2112 855 3699 930">
     <span class='ocr_line' id='line_1_22' title="bbox 2112 855 3699 930; baseline 0.004 -21"><span class='ocrx_word' id='word_1_173' title='bbox 2112 855 2446 927; x_wconf 77' lang='lat' dir='ltr'><strong>peccatricis.</strong></span> <span class='ocrx_word' id='word_1_174' title='bbox 2469 855 2750 921; x_wconf 80' lang='lat' dir='ltr'><strong>Meretrix,</strong></span> <span class='ocrx_word' id='word_1_175' title='bbox 2776 856 2952 912; x_wconf 87' lang='lat' dir='ltr'><strong>anima</strong></span> <span class='ocrx_word' id='word_1_176' title='bbox 2978 858 3274 927; x_wconf 84' lang='lat' dir='ltr'><strong>peccatrix,</strong></span> <span class='ocrx_word' id='word_1_177' title='bbox 3294 874 3416 930; x_wconf 63' lang='lat' dir='ltr'><strong>quae</strong></span> <span class='ocrx_word' id='word_1_178' title='bbox 3440 860 3699 916; x_wconf 91' lang='lat' dir='ltr'><strong>derelicto</strong></span> 
     </span>
    </p>
   </div>
   <div class='ocr_carea' id='block_1_23' title="bbox 2113 946 3699 1017">
    <p class='ocr_par' dir='ltr' id='par_1_23' title="bbox 2113 946 3699 1017">
     <span class='ocr_line' id='line_1_23' title="bbox 2113 946 3699 1017; baseline 0.004 -16"><span class='ocrx_word' id='word_1_179' title='bbox 2113 947 2318 1002; x_wconf 59' lang='lat' dir='ltr'><strong>caelesti</strong></span> <span class='ocrx_word' id='word_1_180' title='bbox 2347 947 2466 1001; x_wconf 90' lang='lat' dir='ltr'><strong>viro</strong></span> <span class='ocrx_word' id='word_1_181' title='bbox 2487 987 2502 1013; x_wconf 95' lang='lat'><strong>,</strong></span> <span class='ocrx_word' id='word_1_182' title='bbox 2538 946 2590 1002; x_wconf 90' lang='lat' dir='ltr'><strong>id</strong></span> <span class='ocrx_word' id='word_1_183' title='bbox 2612 956 2728 1011; x_wconf 88' lang='lat' dir='ltr'><strong>est,</strong></span> <span class='ocrx_word' id='word_1_184' title='bbox 2758 946 2994 1017; x_wconf 82' lang='lat' dir='ltr'><strong>Christo,</strong></span> <span class='ocrx_word' id='word_1_185' title='bbox 3024 948 3356 1004; x_wconf 90' lang='lat' dir='ltr'><strong>adulterinos</strong></span> <span class='ocrx_word' id='word_1_186' title='bbox 3382 950 3451 1005; x_wconf 91' lang='lat' dir='ltr'><strong>de</strong></span> <span class='ocrx_word' id='word_1_187' title='bbox 3484 951 3699 1007; x_wconf 89' lang='lat' dir='ltr'><strong>diabolo</strong></span> 
     </span>
    </p>
   </div>
   <div class='ocr_carea' id='block_1_24' title="bbox 2114 1036 3700 1109">
    <p class='ocr_par' dir='ltr' id='par_1_24' title="bbox 2114 1036 3700 1109">
     <span class='ocr_line' id='line_1_24' title="bbox 2114 1036 3700 1109; baseline 0.004 -18"><span class='ocrx_word' id='word_1_188' title='bbox 2114 1036 2416 1107; x_wconf 79' lang='lat' dir='ltr'><strong>iniquitatis</strong></span> <span class='ocrx_word' id='word_1_189' title='bbox 2453 1036 2661 1093; x_wconf 80' lang='lat' dir='ltr'><strong>fructus</strong></span> <span class='ocrx_word' id='word_1_190' title='bbox 2719 1038 2956 1109; x_wconf 85' lang='lat' dir='ltr'><strong>concipit</strong></span> <span class='ocrx_word' id='word_1_191' title='bbox 2994 1057 3013 1093; x_wconf 70' lang='grc' dir='ltr'><strong>ι</strong></span> <span class='ocrx_word' id='word_1_192' title='bbox 3040 1045 3101 1093; x_wconf 89' lang='lat' dir='ltr'><strong>ut</strong></span> <span class='ocrx_word' id='word_1_193' title='bbox 3148 1040 3203 1095; x_wconf 86' lang='lat' dir='ltr'><strong>in</strong></span> <span class='ocrx_word' id='word_1_194' title='bbox 3247 1037 3484 1096; x_wconf 64' lang='lat' dir='ltr'><strong>Ieremia</strong></span> <span class='ocrx_word' id='word_1_195' title='bbox 3523 1040 3700 1097; x_wconf 84' lang='lat' dir='ltr'><strong>Frons</strong></span> 
     </span>
    </p>
   </div>
   <div class='ocr_carea' id='block_1_25' title="bbox 2112 1128 3695 1203">
    <p class='ocr_par' dir='ltr' id='par_1_25' title="bbox 2112 1128 3695 1203">
     <span class='ocr_line' id='line_1_25' title="bbox 2112 1128 3695 1203; baseline 0.004 -22"><span class='ocrx_word' id='word_1_196' title='bbox 2112 1129 2398 1182; x_wconf 86' lang='lat' dir='ltr'><strong>meretricis</strong></span> <span class='ocrx_word' id='word_1_197' title='bbox 2447 1128 2590 1198; x_wconf 85' lang='lat' dir='ltr'><strong>facta</strong></span> <span class='ocrx_word' id='word_1_198' title='bbox 2636 1139 2709 1183; x_wconf 88' lang='lat' dir='ltr'><strong>est</strong></span> <span class='ocrx_word' id='word_1_199' title='bbox 2752 1129 2848 1183; x_wconf 84' lang='lat' dir='ltr'><strong>tibi</strong></span> <span class='ocrx_word' id='word_1_200' title='bbox 2882 1128 3016 1200; x_wconf 75' lang='lat' dir='ltr'><strong>(Jer.</strong></span> <span class='ocrx_word' id='word_1_201' title='bbox 3042 1130 3149 1197; x_wconf 87' lang='grc' dir='ltr'>ιιι).</span> <span class='ocrx_word' id='word_1_202' title='bbox 3193 1131 3470 1203; x_wconf 86' lang='lat' dir='ltr'><strong>Lupanar,</strong></span> <span class='ocrx_word' id='word_1_203' title='bbox 3504 1133 3557 1187; x_wconf 92' lang='lat' dir='ltr'><strong>id</strong></span> <span class='ocrx_word' id='word_1_204' title='bbox 3591 1141 3695 1197; x_wconf 88' lang='lat' dir='ltr'><strong>est,</strong></span> 
     </span>
    </p>
   </div>
   <div class='ocr_carea' id='block_1_26' title="bbox 2112 1219 3695 1293">
    <p class='ocr_par' dir='ltr' id='par_1_26' title="bbox 2112 1219 3695 1293">
     <span class='ocr_line' id='line_1_26' title="bbox 2112 1219 3695 1293; baseline 0.002 -17"><span class='ocrx_word' id='word_1_205' title='bbox 2112 1219 2263 1276; x_wconf 83' lang='lat' dir='ltr'><strong>locus</strong></span> <span class='ocrx_word' id='word_1_206' title='bbox 2282 1220 2683 1275; x_wconf 85' lang='lat' dir='ltr'><strong>meretriciosus</strong></span> <span class='ocrx_word' id='word_1_207' title='bbox 2702 1261 2717 1283; x_wconf 91' lang='lat'><strong>,</strong></span> <span class='ocrx_word' id='word_1_208' title='bbox 2743 1221 3076 1276; x_wconf 83' lang='lat' dir='ltr'><strong>conscientia</strong></span> <span class='ocrx_word' id='word_1_209' title='bbox 3109 1222 3341 1278; x_wconf 83' lang='lat' dir='ltr'><strong>hominis</strong></span> <span class='ocrx_word' id='word_1_210' title='bbox 3375 1224 3695 1293; x_wconf 87' lang='lat' dir='ltr'><strong>peccatoris,</strong></span> 
     </span>
    </p>
   </div>
   <div class='ocr_carea' id='block_1_27' title="bbox 2113 1309 3696 1393">
    <p class='ocr_par' dir='ltr' id='par_1_27' title="bbox 2113 1309 3696 1393">
     <span class='ocr_line' id='line_1_27' title="bbox 2113 1309 3696 1393; baseline 0.004 -31"><span class='ocrx_word' id='word_1_211' title='bbox 2113 1309 2196 1365; x_wconf 94' lang='lat' dir='ltr'><strong>vel</strong></span> <span class='ocrx_word' id='word_1_212' title='bbox 2230 1325 2447 1379; x_wconf 86' lang='lat' dir='ltr'><strong>corpus,</strong></span> <span class='ocrx_word' id='word_1_213' title='bbox 2475 1310 2527 1363; x_wconf 93' lang='lat' dir='ltr'><strong>in</strong></span> <span class='ocrx_word' id='word_1_214' title='bbox 2555 1324 2666 1380; x_wconf 90' lang='lat' dir='ltr'><strong>quo</strong></span> <span class='ocrx_word' id='word_1_215' title='bbox 2692 1310 3024 1365; x_wconf 88' lang='lat' dir='ltr'><strong>adulterinos</strong></span> <span class='ocrx_word' id='word_1_216' title='bbox 3050 1326 3179 1365; x_wconf 89' lang='lat' dir='ltr'><strong>cum</strong></span> <span class='ocrx_word' id='word_1_217' title='bbox 3214 1312 3547 1393; x_wconf 63' lang='lat' dir='ltr'><strong>dtemouibus</strong></span> <span class='ocrx_word' id='word_1_218' title='bbox 3568 1329 3696 1384; x_wconf 89' lang='lat' dir='ltr'><strong>per-</strong></span> 
     </span>
    </p>
   </div>
   <div class='ocr_carea' id='block_1_28' title="bbox 2112 1399 3700 1471">
    <p class='ocr_par' dir='ltr' id='par_1_28' title="bbox 2112 1399 3700 1471">
     <span class='ocr_line' id='line_1_28' title="bbox 2112 1399 3700 1471; baseline 0.001 -16"><span class='ocrx_word' id='word_1_219' title='bbox 2112 1409 2290 1471; x_wconf 86' lang='lat' dir='ltr'><strong>pctrat</strong></span> <span class='ocrx_word' id='word_1_220' title='bbox 2312 1399 2634 1455; x_wconf 83' lang='lat' dir='ltr'><strong>concubitus</strong></span> <span class='ocrx_word' id='word_1_221' title='bbox 2665 1418 2676 1452; x_wconf 88' lang='lat'><strong>:</strong></span> <span class='ocrx_word' id='word_1_222' title='bbox 2707 1408 2766 1454; x_wconf 87' lang='lat' dir='ltr'><strong>ut</strong></span> <span class='ocrx_word' id='word_1_223' title='bbox 2794 1400 2847 1454; x_wconf 92' lang='lat' dir='ltr'><strong>in</strong></span> <span class='ocrx_word' id='word_1_224' title='bbox 2879 1400 3157 1455; x_wconf 79' lang='lat' dir='ltr'><strong>Ezechiele</strong></span> <span class='ocrx_word' id='word_1_225' title='bbox 3188 1419 3205 1454; x_wconf 68' lang='grc' dir='ltr'>ε</span> <span class='ocrx_word' id='word_1_226' title='bbox 3237 1400 3303 1454; x_wconf 84' lang='lat' dir='ltr'><strong>Et</strong></span> <span class='ocrx_word' id='word_1_227' title='bbox 3325 1402 3593 1456; x_wconf 75' lang='lat' dir='ltr'><strong>destruant</strong></span> <span class='ocrx_word' id='word_1_228' title='bbox 3614 1402 3700 1457; x_wconf 88' lang='lat' dir='ltr'><strong>lu-</strong></span> 
     </span>
    </p>
   </div>
   <div class='ocr_carea' id='block_1_29' title="bbox 2111 1490 3699 1562">
    <p class='ocr_par' dir='ltr' id='par_1_29' title="bbox 2111 1490 3699 1562">
     <span class='ocr_line' id='line_1_29' title="bbox 2111 1490 3699 1562; baseline 0.003 -17"><span class='ocrx_word' id='word_1_229' title='bbox 2111 1507 2285 1562; x_wconf 79' lang='lat' dir='ltr'><strong>panar</strong></span> <span class='ocrx_word' id='word_1_230' title='bbox 2329 1502 2476 1545; x_wconf 85' lang='lat' dir='ltr'><strong>tuum</strong></span> <span class='ocrx_word' id='word_1_231' title='bbox 2508 1490 2722 1561; x_wconf 77' lang='lat' dir='ltr'><strong>(Ezech.</strong></span> <span class='ocrx_word' id='word_1_232' title='bbox 2766 1490 2898 1562; x_wconf 76' lang='lat' dir='ltr'><strong>xvi).</strong></span> <span class='ocrx_word' id='word_1_233' title='bbox 2934 1492 3139 1562; x_wconf 78' lang='lat' dir='ltr'><strong>V&#39;irago</strong></span> <span class='ocrx_word' id='word_1_234' title='bbox 3177 1509 3207 1546; x_wconf 91' lang='lat' dir='ltr'><strong>a</strong></span> <span class='ocrx_word' id='word_1_235' title='bbox 3257 1492 3499 1547; x_wconf 82' lang='lat' dir='ltr'><strong>viridiori</strong></span> <span class='ocrx_word' id='word_1_236' title='bbox 3539 1503 3699 1551; x_wconf 69' lang='lat' dir='ltr'><strong>astate</strong></span> 
     </span>
    </p>
   </div>
   <div class='ocr_carea' id='block_1_30' title="bbox 2112 1581 3698 1650">
    <p class='ocr_par' dir='ltr' id='par_1_30' title="bbox 2112 1581 3698 1650">
     <span class='ocr_line' id='line_1_30' title="bbox 2112 1581 3698 1650; baseline -0.002 -11"><span class='ocrx_word' id='word_1_237' title='bbox 2112 1582 2256 1638; x_wconf 88' lang='lat' dir='ltr'><strong>dicta</strong></span> <span class='ocrx_word' id='word_1_238' title='bbox 2280 1590 2383 1645; x_wconf 88' lang='lat' dir='ltr'><strong>est,</strong></span> <span class='ocrx_word' id='word_1_239' title='bbox 2405 1581 2548 1637; x_wconf 85' lang='lat' dir='ltr'><strong>sicut</strong></span> <span class='ocrx_word' id='word_1_240' title='bbox 2574 1588 2630 1635; x_wconf 92' lang='lat' dir='ltr'><strong>et</strong></span> <span class='ocrx_word' id='word_1_241' title='bbox 2655 1581 2827 1650; x_wconf 81' lang='lat' dir='ltr'><strong>virga,</strong></span> <span class='ocrx_word' id='word_1_242' title='bbox 2855 1581 2997 1635; x_wconf 85' lang='lat' dir='ltr'><strong>sicut</strong></span> <span class='ocrx_word' id='word_1_243' title='bbox 3022 1590 3082 1636; x_wconf 88' lang='lat' dir='ltr'><strong>et</strong></span> <span class='ocrx_word' id='word_1_244' title='bbox 3106 1582 3292 1635; x_wconf 80' lang='lat' dir='ltr'><strong>vitula.</strong></span> <span class='ocrx_word' id='word_1_245' title='bbox 3332 1581 3488 1638; x_wconf 83' lang='lat' dir='ltr'><strong>Alias</strong></span> <span class='ocrx_word' id='word_1_246' title='bbox 3510 1584 3579 1638; x_wconf 88' lang='lat' dir='ltr'><strong>ab</strong></span> <span class='ocrx_word' id='word_1_247' title='bbox 3617 1584 3698 1637; x_wconf 91' lang='lat' dir='ltr'><strong>in-</strong></span> 
     </span>
    </p>
   </div>
   <div class='ocr_carea' id='block_1_31' title="bbox 2114 1671 3694 1744">
    <p class='ocr_par' dir='ltr' id='par_1_31' title="bbox 2114 1671 3694 1744">
     <span class='ocr_line' id='line_1_31' title="bbox 2114 1671 3694 1744; baseline -0.001 -16"><span class='ocrx_word' id='word_1_248' title='bbox 2114 1673 2487 1744; x_wconf 88' lang='lat' dir='ltr'><strong>corruptione,</strong></span> <span class='ocrx_word' id='word_1_249' title='bbox 2538 1671 2689 1741; x_wconf 89' lang='lat' dir='ltr'><strong>quasi</strong></span> <span class='ocrx_word' id='word_1_250' title='bbox 2736 1672 2953 1743; x_wconf 88' lang='lat' dir='ltr'><strong>virago,</strong></span> <span class='ocrx_word' id='word_1_251' title='bbox 2982 1672 3125 1741; x_wconf 86' lang='lat' dir='ltr'><strong>quod</strong></span> <span class='ocrx_word' id='word_1_252' title='bbox 3169 1672 3378 1743; x_wconf 86' lang='lat' dir='ltr'><strong>ignoret</strong></span> <span class='ocrx_word' id='word_1_253' title='bbox 3405 1671 3694 1728; x_wconf 86' lang='lat' dir='ltr'><strong>femineam</strong></span> 
     </span>
    </p>
   </div>
   <div class='ocr_carea' id='block_1_32' title="bbox 2113 1762 3694 1834">
    <p class='ocr_par' dir='ltr' id='par_1_32' title="bbox 2113 1762 3694 1834">
     <span class='ocr_line' id='line_1_32' title="bbox 2113 1762 3694 1834; baseline 0.001 -17"><span class='ocrx_word' id='word_1_254' title='bbox 2113 1764 2438 1834; x_wconf 86' lang='lat' dir='ltr'><strong>passionem.</strong></span> <span class='ocrx_word' id='word_1_255' title='bbox 2472 1762 2672 1832; x_wconf 77' lang='lat' dir='ltr'><strong>Virago</strong></span> <span class='ocrx_word' id='word_1_256' title='bbox 2698 1770 2915 1828; x_wconf 87' lang='lat' dir='ltr'><strong>vocata,</strong></span> <span class='ocrx_word' id='word_1_257' title='bbox 2939 1764 3065 1832; x_wconf 86' lang='lat' dir='ltr'><strong>quia</strong></span> <span class='ocrx_word' id='word_1_258' title='bbox 3095 1762 3269 1816; x_wconf 89' lang='lat' dir='ltr'><strong>virum</strong></span> <span class='ocrx_word' id='word_1_259' title='bbox 3296 1763 3442 1830; x_wconf 87' lang='lat' dir='ltr'><strong>agit,</strong></span> <span class='ocrx_word' id='word_1_260' title='bbox 3468 1763 3571 1818; x_wconf 86' lang='lat' dir='ltr'><strong>hoc</strong></span> <span class='ocrx_word' id='word_1_261' title='bbox 3590 1771 3694 1826; x_wconf 91' lang='lat' dir='ltr'><strong>est,</strong></span> 
     </span>
    </p>
   </div>
   <div class='ocr_carea' id='block_1_33' title="bbox 436 1852 3697 1935">
    <p class='ocr_par' dir='ltr' id='par_1_33' title="bbox 436 1852 3697 1935">
     <span class='ocr_line' id='line_1_33' title="bbox 436 1852 3697 1935; baseline -0.002 -20"><span class='ocrx_word' id='word_1_262' title='bbox 436 1863 547 1934; x_wconf 83' lang='lat' dir='ltr'><strong>Ego</strong></span> <span class='ocrx_word' id='word_1_263' title='bbox 578 1872 751 1917; x_wconf 86' lang='lat' dir='ltr'><strong>autem</strong></span> <span class='ocrx_word' id='word_1_264' title='bbox 781 1861 897 1918; x_wconf 82' lang='lat' dir='ltr'><strong>dico</strong></span> <span class='ocrx_word' id='word_1_265' title='bbox 926 1864 982 1918; x_wconf 79' lang='lat' dir='ltr'><strong>in</strong></span> <span class='ocrx_word' id='word_1_266' title='bbox 1014 1862 1221 1919; x_wconf 74' lang='lat' dir='ltr'><strong>Christo</strong></span> <span class='ocrx_word' id='word_1_267' title='bbox 1254 1872 1302 1919; x_wconf 72' lang='lat' dir='ltr'><strong>et</strong></span> <span class='ocrx_word' id='word_1_268' title='bbox 1333 1862 1386 1919; x_wconf 74' lang='lat' dir='ltr'><strong>in</strong></span> <span class='ocrx_word' id='word_1_269' title='bbox 1414 1862 1651 1918; x_wconf 68' lang='lat' dir='ltr'><strong>Ecclesia</strong></span> <span class='ocrx_word' id='word_1_270' title='bbox 1688 1861 1901 1935; x_wconf 70' lang='lat' dir='ltr'><strong>(Ep/us.</strong></span> <span class='ocrx_word' id='word_1_271' title='bbox 1930 1861 2007 1935; x_wconf 75' lang='grc' dir='ltr'><strong>ν),</strong></span> <span class='ocrx_word' id='word_1_272' title='bbox 2045 1852 2087 1910; x_wconf 80' lang='grc' dir='ltr'><strong><em>Β</em></strong></span> <span class='ocrx_word' id='word_1_273' title='bbox 2115 1871 2275 1927; x_wconf 89' lang='lat' dir='ltr'><strong>opera</strong></span> <span class='ocrx_word' id='word_1_274' title='bbox 2306 1853 2479 1910; x_wconf 82' lang='lat' dir='ltr'><strong>virilia</strong></span> <span class='ocrx_word' id='word_1_275' title='bbox 2518 1852 2684 1917; x_wconf 91' lang='lat' dir='ltr'><strong>facit,</strong></span> <span class='ocrx_word' id='word_1_276' title='bbox 2711 1861 2765 1907; x_wconf 91' lang='lat' dir='ltr'><strong>et</strong></span> <span class='ocrx_word' id='word_1_277' title='bbox 2797 1854 3080 1908; x_wconf 85' lang='lat' dir='ltr'><strong>masculini</strong></span> <span class='ocrx_word' id='word_1_278' title='bbox 3106 1854 3310 1926; x_wconf 81' lang='lat' dir='ltr'><strong>vigoris</strong></span> <span class='ocrx_word' id='word_1_279' title='bbox 3333 1863 3435 1909; x_wconf 86' lang='lat' dir='ltr'><strong>est.</strong></span> <span class='ocrx_word' id='word_1_280' title='bbox 3480 1855 3697 1924; x_wconf 81' lang='lat' dir='ltr'><strong>Antiqui</strong></span> 
     </span>
    </p>
   </div>
   <div class='ocr_carea' id='block_1_34' title="bbox 432 1953 2012 2024">
    <p class='ocr_par' dir='ltr' id='par_1_34' title="bbox 432 1953 2012 2024">
     <span class='ocr_line' id='line_1_34' title="bbox 432 1953 2012 2024; baseline 0 -17"><span class='ocrx_word' id='word_1_281' title='bbox 432 1953 531 2007; x_wconf 77' lang='lat' dir='ltr'><strong>V&#39;ir</strong></span> <span class='ocrx_word' id='word_1_282' title='bbox 566 1960 620 2008; x_wconf 91' lang='lat' dir='ltr'><strong>et</strong></span> <span class='ocrx_word' id='word_1_283' title='bbox 650 1968 804 2018; x_wconf 85' lang='lat' dir='ltr'><strong>uxor,</strong></span> <span class='ocrx_word' id='word_1_284' title='bbox 835 1954 1015 2009; x_wconf 89' lang='lat' dir='ltr'><strong>anima</strong></span> <span class='ocrx_word' id='word_1_285' title='bbox 1059 1962 1114 2008; x_wconf 89' lang='lat' dir='ltr'><strong>et</strong></span> <span class='ocrx_word' id='word_1_286' title='bbox 1139 1970 1290 2021; x_wconf 89' lang='lat' dir='ltr'><strong>caro,</strong></span> <span class='ocrx_word' id='word_1_287' title='bbox 1333 1953 1426 2009; x_wconf 81' lang='lat' dir='ltr'><strong>filii</strong></span> <span class='ocrx_word' id='word_1_288' title='bbox 1457 1969 1620 2024; x_wconf 86' lang='lat' dir='ltr'><strong>opera</strong></span> <span class='ocrx_word' id='word_1_289' title='bbox 1660 1953 1730 2009; x_wconf 87' lang='lat' dir='ltr'><strong>ab</strong></span> <span class='ocrx_word' id='word_1_290' title='bbox 1768 1953 2012 2023; x_wconf 88' lang='lat' dir='ltr'><strong>utrisque</strong></span> 
     </span>
    </p>
   </div>
   <div class='ocr_carea' id='block_1_35' title="bbox 433 2044 2012 2117">
    <p class='ocr_par' dir='ltr' id='par_1_35' title="bbox 433 2044 2012 2117">
     <span class='ocr_line' id='line_1_35' title="bbox 433 2044 2012 2117; baseline -0.001 -17"><span class='ocrx_word' id='word_1_291' title='bbox 433 2045 637 2117; x_wconf 79' lang='lat' dir='ltr'><strong>genita,</strong></span> <span class='ocrx_word' id='word_1_292' title='bbox 679 2052 737 2099; x_wconf 91' lang='lat' dir='ltr'><strong>ut</strong></span> <span class='ocrx_word' id='word_1_293' title='bbox 763 2046 816 2099; x_wconf 89' lang='lat' dir='ltr'><strong>itt</strong></span> <span class='ocrx_word' id='word_1_294' title='bbox 848 2044 1069 2101; x_wconf 82' lang='lat' dir='ltr'><strong>Exodo:</strong></span> <span class='ocrx_word' id='word_1_295' title='bbox 1105 2045 1309 2102; x_wconf 73' lang='lat' dir='ltr'><strong>Serviat</strong></span> <span class='ocrx_word' id='word_1_296' title='bbox 1343 2046 1438 2101; x_wconf 86' lang='lat' dir='ltr'><strong>tibi</strong></span> <span class='ocrx_word' id='word_1_297' title='bbox 1462 2060 1585 2100; x_wconf 83' lang='lat' dir='ltr'><strong>cum</strong></span> <span class='ocrx_word' id='word_1_298' title='bbox 1613 2061 1776 2101; x_wconf 78' lang='lat' dir='ltr'><strong>uxore</strong></span> <span class='ocrx_word' id='word_1_299' title='bbox 1803 2055 1851 2100; x_wconf 89' lang='lat' dir='ltr'><strong>et</strong></span> <span class='ocrx_word' id='word_1_300' title='bbox 1885 2046 2012 2115; x_wconf 89' lang='lat' dir='ltr'><strong>ﬁliis</strong></span> 
     </span>
    </p>
   </div>
   <div class='ocr_carea' id='block_1_36' title="bbox 434 2133 2015 2206">
    <p class='ocr_par' dir='ltr' id='par_1_36' title="bbox 434 2133 2015 2206">
     <span class='ocr_line' id='line_1_36' title="bbox 434 2133 2015 2206; baseline 0.003 -20"><span class='ocrx_word' id='word_1_301' title='bbox 434 2133 633 2205; x_wconf 70' lang='lat' dir='ltr'><strong>(Exod.</strong></span> <span class='ocrx_word' id='word_1_302' title='bbox 662 2133 796 2206; x_wconf 71' lang='lat' dir='ltr'><strong>xm).</strong></span> <span class='ocrx_word' id='word_1_303' title='bbox 828 2135 957 2190; x_wconf 86' lang='lat' dir='ltr'><strong>Item</strong></span> <span class='ocrx_word' id='word_1_304' title='bbox 987 2136 1071 2190; x_wconf 87' lang='lat' dir='ltr'><strong>vir</strong></span> <span class='ocrx_word' id='word_1_305' title='bbox 1089 2142 1145 2191; x_wconf 82' lang='lat' dir='ltr'><strong>et</strong></span> <span class='ocrx_word' id='word_1_306' title='bbox 1165 2151 1322 2203; x_wconf 89' lang='lat' dir='ltr'><strong>uxor,</strong></span> <span class='ocrx_word' id='word_1_307' title='bbox 1354 2135 1599 2192; x_wconf 73' lang='lat' dir='ltr'><strong>diabolus</strong></span> <span class='ocrx_word' id='word_1_308' title='bbox 1622 2144 1678 2191; x_wconf 90' lang='lat' dir='ltr'><strong>et</strong></span> <span class='ocrx_word' id='word_1_309' title='bbox 1701 2136 1894 2191; x_wconf 89' lang='lat' dir='ltr'><strong>civitas</strong></span> <span class='ocrx_word' id='word_1_310' title='bbox 1915 2136 2015 2191; x_wconf 88' lang='lat' dir='ltr'><strong>Ba-</strong></span> 
     </span>
    </p>
   </div>
   <div class='ocr_carea' id='block_1_37' title="bbox 430 2224 2014 2301">
    <p class='ocr_par' dir='ltr' id='par_1_37' title="bbox 430 2224 2014 2301">
     <span class='ocr_line' id='line_1_37' title="bbox 430 2224 2014 2301; baseline 0.001 -19"><span class='ocrx_word' id='word_1_311' title='bbox 430 2224 785 2296; x_wconf 85' lang='lat' dir='ltr'><strong>bylonia,hoc</strong></span> <span class='ocrx_word' id='word_1_312' title='bbox 808 2232 911 2292; x_wconf 89' lang='lat' dir='ltr'><strong>est,</strong></span> <span class='ocrx_word' id='word_1_313' title='bbox 932 2235 1231 2283; x_wconf 86' lang='lat' dir='ltr'><strong>conventus</strong></span> <span class='ocrx_word' id='word_1_314' title='bbox 1255 2228 1495 2283; x_wconf 89' lang='lat' dir='ltr'><strong>omnium</strong></span> <span class='ocrx_word' id='word_1_315' title='bbox 1520 2228 1804 2301; x_wconf 71' lang='lat' dir='ltr'><strong>malorum.</strong></span> <span class='ocrx_word' id='word_1_316' title='bbox 1824 2228 2014 2284; x_wconf 82' lang='lat' dir='ltr'><strong>Mulier</strong></span> 
     </span>
    </p>
   </div>
   <div class='ocr_carea' id='block_1_38' title="bbox 432 2315 2013 2389">
    <p class='ocr_par' dir='ltr' id='par_1_38' title="bbox 432 2315 2013 2389">
     <span class='ocr_line' id='line_1_38' title="bbox 432 2315 2013 2389; baseline 0.003 -19"><span class='ocrx_word' id='word_1_317' title='bbox 432 2329 566 2371; x_wconf 87' lang='lat' dir='ltr'><strong>vero</strong></span> <span class='ocrx_word' id='word_1_318' title='bbox 593 2330 625 2370; x_wconf 83' lang='lat' dir='ltr'><strong>a</strong></span> <span class='ocrx_word' id='word_1_319' title='bbox 651 2315 893 2383; x_wconf 87' lang='lat' dir='ltr'><strong>mollitie,</strong></span> <span class='ocrx_word' id='word_1_320' title='bbox 938 2326 1195 2389; x_wconf 86' lang='lat' dir='ltr'><strong>tanquam</strong></span> <span class='ocrx_word' id='word_1_321' title='bbox 1249 2319 1478 2386; x_wconf 89' lang='lat' dir='ltr'><strong>mollicr,</strong></span> <span class='ocrx_word' id='word_1_322' title='bbox 1515 2320 1758 2376; x_wconf 88' lang='lat' dir='ltr'><strong>detracta</strong></span> <span class='ocrx_word' id='word_1_323' title='bbox 1793 2318 2013 2376; x_wconf 87' lang='lat' dir='ltr'><strong>llittera</strong></span> 
     </span>
    </p>
   </div>
   <div class='ocr_carea' id='block_1_39' title="bbox 432 2407 2015 2483">
    <p class='ocr_par' dir='ltr' id='par_1_39' title="bbox 432 2407 2015 2483">
     <span class='ocr_line' id='line_1_39' title="bbox 432 2407 2015 2483; baseline 0.002 -19"><span class='ocrx_word' id='word_1_324' title='bbox 432 2407 518 2464; x_wconf 87' lang='lat' dir='ltr'><strong>vel</strong></span> <span class='ocrx_word' id='word_1_325' title='bbox 544 2410 1048 2482; x_wconf 75' lang='lat' dir='ltr'><strong>mutota,appellata</strong></span> <span class='ocrx_word' id='word_1_326' title='bbox 1072 2418 1155 2465; x_wconf 91' lang='lat' dir='ltr'><strong>est</strong></span> <span class='ocrx_word' id='word_1_327' title='bbox 1180 2412 1392 2467; x_wconf 85' lang='lat' dir='ltr'><strong>mulier.</strong></span> <span class='ocrx_word' id='word_1_328' title='bbox 1423 2410 1650 2483; x_wconf 86' lang='lat' dir='ltr'><strong>Utrique</strong></span> <span class='ocrx_word' id='word_1_329' title='bbox 1679 2411 1825 2468; x_wconf 87' lang='lat' dir='ltr'><strong>enim</strong></span> <span class='ocrx_word' id='word_1_330' title='bbox 1856 2411 2015 2468; x_wconf 89' lang='lat' dir='ltr'><strong>forti-</strong></span> 
     </span>
    </p>
   </div>
   <div class='ocr_carea' id='block_1_40' title="bbox 434 2499 2013 2575">
    <p class='ocr_par' dir='ltr' id='par_1_40' title="bbox 434 2499 2013 2575">
     <span class='ocr_line' id='line_1_40' title="bbox 434 2499 2013 2575; baseline 0.004 -23"><span class='ocrx_word' id='word_1_331' title='bbox 434 2499 620 2554; x_wconf 87' lang='lat' dir='ltr'><strong>tudine</strong></span> <span class='ocrx_word' id='word_1_332' title='bbox 644 2499 1082 2556; x_wconf 86' lang='lat' dir='ltr'><strong>etimbeliieitate</strong></span> <span class='ocrx_word' id='word_1_333' title='bbox 1099 2516 1386 2572; x_wconf 86' lang='lat' dir='ltr'><strong>corporum</strong></span> <span class='ocrx_word' id='word_1_334' title='bbox 1413 2510 1752 2575; x_wconf 84' lang='lat' dir='ltr'><strong>separantur.</strong></span> <span class='ocrx_word' id='word_1_335' title='bbox 1771 2502 1877 2558; x_wconf 92' lang='lat' dir='ltr'><strong>Sed</strong></span> <span class='ocrx_word' id='word_1_336' title='bbox 1893 2503 2013 2558; x_wconf 91' lang='lat' dir='ltr'><strong>ideo</strong></span> 
     </span>
    </p>
   </div>
   <div class='ocr_carea' id='block_1_41' title="bbox 435 2589 2016 2664">
    <p class='ocr_par' dir='ltr' id='par_1_41' title="bbox 435 2589 2016 2664">
     <span class='ocr_line' id='line_1_41' title="bbox 435 2589 2016 2664; baseline 0.003 -21"><span class='ocrx_word' id='word_1_337' title='bbox 435 2590 669 2644; x_wconf 83' lang='lat' dir='ltr'><strong>maxima</strong></span> <span class='ocrx_word' id='word_1_338' title='bbox 714 2589 972 2647; x_wconf 78' lang='lat' dir='ltr'><strong>fortitudo</strong></span> <span class='ocrx_word' id='word_1_339' title='bbox 995 2592 1130 2659; x_wconf 90' lang='lat' dir='ltr'><strong>viri,</strong></span> <span class='ocrx_word' id='word_1_340' title='bbox 1175 2591 1418 2648; x_wconf 88' lang='lat' dir='ltr'><strong>mulieris</strong></span> <span class='ocrx_word' id='word_1_341' title='bbox 1454 2593 1657 2659; x_wconf 88' lang='lat' dir='ltr'><strong>minor,</strong></span> <span class='ocrx_word' id='word_1_342' title='bbox 1693 2600 1754 2647; x_wconf 92' lang='lat' dir='ltr'><strong>ut</strong></span> <span class='ocrx_word' id='word_1_343' title='bbox 1800 2594 2016 2664; x_wconf 86' lang='lat' dir='ltr'><strong>patiens</strong></span> 
     </span>
    </p>
   </div>
   <div class='ocr_carea' id='block_1_42' title="bbox 432 2681 2043 2759">
    <p class='ocr_par' dir='ltr' id='par_1_42' title="bbox 432 2681 2043 2759">
     <span class='ocr_line' id='line_1_42' title="bbox 432 2681 2043 2759; baseline 0.004 -25"><span class='ocrx_word' id='word_1_344' title='bbox 432 2681 552 2737; x_wconf 90' lang='lat' dir='ltr'><strong>viro</strong></span> <span class='ocrx_word' id='word_1_345' title='bbox 573 2690 755 2738; x_wconf 87' lang='lat' dir='ltr'><strong>esset:</strong></span> <span class='ocrx_word' id='word_1_346' title='bbox 786 2682 992 2740; x_wconf 90' lang='lat' dir='ltr'><strong>scilicet</strong></span> <span class='ocrx_word' id='word_1_347' title='bbox 1017 2698 1084 2738; x_wconf 88' lang='lat' dir='ltr'><strong>ne</strong></span> <span class='ocrx_word' id='word_1_348' title='bbox 1112 2698 1141 2738; x_wconf 87' lang='lat' dir='ltr'><strong>a</strong></span> <span class='ocrx_word' id='word_1_349' title='bbox 1165 2681 1381 2739; x_wconf 89' lang='lat' dir='ltr'><strong>feminis</strong></span> <span class='ocrx_word' id='word_1_350' title='bbox 1402 2683 1827 2754; x_wconf 76' lang='lat' dir='ltr'><strong>repugnantibus</strong></span> <span class='ocrx_word' id='word_1_351' title='bbox 1849 2683 2016 2740; x_wconf 86' lang='lat' dir='ltr'><strong>libido</strong></span> <span class='ocrx_word' id='word_1_352' title='bbox 2040 2754 2043 2759; x_wconf 17' lang='grc' dir='ltr'>ν</span> 
     </span>
    </p>
   </div>
   <div class='ocr_carea' id='block_1_43' title="bbox 433 2775 2013 2846">
    <p class='ocr_par' dir='ltr' id='par_1_43' title="bbox 433 2775 2013 2846">
     <span class='ocr_line' id='line_1_43' title="bbox 433 2775 2013 2846; baseline 0 -16"><span class='ocrx_word' id='word_1_353' title='bbox 433 2782 651 2845; x_wconf 80' lang='lat' dir='ltr'><strong>cogeret</strong></span> <span class='ocrx_word' id='word_1_354' title='bbox 693 2776 840 2831; x_wconf 90' lang='lat' dir='ltr'><strong>viros</strong></span> <span class='ocrx_word' id='word_1_355' title='bbox 898 2775 1040 2832; x_wconf 89' lang='lat' dir='ltr'><strong>aliud</strong></span> <span class='ocrx_word' id='word_1_356' title='bbox 1091 2785 1365 2846; x_wconf 89' lang='lat' dir='ltr'><strong>appetere,</strong></span> <span class='ocrx_word' id='word_1_357' title='bbox 1402 2782 1498 2830; x_wconf 88' lang='lat' dir='ltr'><strong>aut</strong></span> <span class='ocrx_word' id='word_1_358' title='bbox 1531 2776 1588 2831; x_wconf 87' lang='lat' dir='ltr'><strong>in</strong></span> <span class='ocrx_word' id='word_1_359' title='bbox 1629 2775 1793 2829; x_wconf 89' lang='lat' dir='ltr'><strong>alium</strong></span> <span class='ocrx_word' id='word_1_360' title='bbox 1827 2790 2013 2830; x_wconf 83' lang='lat' dir='ltr'><strong>sexum</strong></span> 
     </span>
    </p>
   </div>
   <div class='ocr_carea' id='block_1_44' title="bbox 434 2863 2015 2935">
    <p class='ocr_par' dir='ltr' id='par_1_44' title="bbox 434 2863 2015 2935">
     <span class='ocr_line' id='line_1_44' title="bbox 434 2863 2015 2935; baseline 0.003 -18"><span class='ocrx_word' id='word_1_361' title='bbox 434 2870 712 2935; x_wconf 83' lang='lat' dir='ltr'><strong>proruere.</strong></span> <span class='ocrx_word' id='word_1_362' title='bbox 747 2865 952 2922; x_wconf 87' lang='lat' dir='ltr'><strong>Dicitur</strong></span> <span class='ocrx_word' id='word_1_363' title='bbox 982 2875 1164 2923; x_wconf 89' lang='lat' dir='ltr'><strong>autem</strong></span> <span class='ocrx_word' id='word_1_364' title='bbox 1191 2866 1383 2921; x_wconf 89' lang='lat' dir='ltr'><strong>mulier</strong></span> <span class='ocrx_word' id='word_1_365' title='bbox 1405 2865 1697 2922; x_wconf 84' lang='lat' dir='ltr'><strong>secundum</strong></span> <span class='ocrx_word' id='word_1_366' title='bbox 1725 2863 2015 2922; x_wconf 88' lang='lat' dir='ltr'><strong>femineum</strong></span> 
     </span>
    </p>
   </div>
   <div class='ocr_carea' id='block_1_45' title="bbox 433 2957 2019 3028">
    <p class='ocr_par' dir='ltr' id='par_1_45' title="bbox 433 2957 2019 3028">
     <span class='ocr_line' id='line_1_45' title="bbox 433 2957 2019 3028; baseline 0 -17"><span class='ocrx_word' id='word_1_367' title='bbox 433 2972 646 3023; x_wconf 79' lang='lat' dir='ltr'><strong>sexum,</strong></span> <span class='ocrx_word' id='word_1_368' title='bbox 675 2973 779 3012; x_wconf 91' lang='lat' dir='ltr'><strong>non</strong></span> <span class='ocrx_word' id='word_1_369' title='bbox 804 2959 1099 3014; x_wconf 89' lang='lat' dir='ltr'><strong>secundum</strong></span> <span class='ocrx_word' id='word_1_370' title='bbox 1141 2958 1542 3028; x_wconf 89' lang='lat' dir='ltr'><strong>corruptionem</strong></span> <span class='ocrx_word' id='word_1_371' title='bbox 1588 2957 1935 3028; x_wconf 78' lang='lat' dir='ltr'><strong>integritatis,</strong></span> <span class='ocrx_word' id='word_1_372' title='bbox 1962 2965 2019 3012; x_wconf 89' lang='lat' dir='ltr'><strong>et</strong></span> 
     </span>
    </p>
   </div>
   <div class='ocr_carea' id='block_1_46' title="bbox 436 3046 2015 3132">
    <p class='ocr_par' dir='ltr' id='par_1_46' title="bbox 436 3046 2015 3132">
     <span class='ocr_line' id='line_1_46' title="bbox 436 3046 2015 3132; baseline 0.001 -30"><span class='ocrx_word' id='word_1_373' title='bbox 436 3046 539 3104; x_wconf 87' lang='lat' dir='ltr'><strong>hoc</strong></span> <span class='ocrx_word' id='word_1_374' title='bbox 580 3064 646 3104; x_wconf 89' lang='lat' dir='ltr'><strong>ex</strong></span> <span class='ocrx_word' id='word_1_375' title='bbox 698 3049 879 3118; x_wconf 83' lang='lat' dir='ltr'><strong>lingua</strong></span> <span class='ocrx_word' id='word_1_376' title='bbox 921 3063 1091 3105; x_wconf 65' lang='lat' dir='ltr'><strong>sacra:</strong></span> <span class='ocrx_word' id='word_1_377' title='bbox 1131 3048 1449 3119; x_wconf 81' lang='lat' dir='ltr'><strong>Scripturac.</strong></span> <span class='ocrx_word' id='word_1_378' title='bbox 1501 3047 1636 3104; x_wconf 83' lang='lat' dir='ltr'><strong>Nam</strong></span> <span class='ocrx_word' id='word_1_379' title='bbox 1685 3048 1796 3103; x_wconf 82' lang='lat' dir='ltr'><strong>Era</strong></span> <span class='ocrx_word' id='word_1_380' title='bbox 1831 3049 2015 3132; x_wconf 74' lang='lat' dir='ltr'><strong>statim</strong></span> 
     </span>
    </p>
   </div>
   <div class='ocr_carea' id='block_1_47' title="bbox 437 3139 2017 3208">
    <p class='ocr_par' dir='ltr' id='par_1_47' title="bbox 437 3139 2017 3208">
     <span class='ocr_line' id='line_1_47' title="bbox 437 3139 2017 3208; baseline 0.002 -14"><span class='ocrx_word' id='word_1_381' title='bbox 437 3139 578 3195; x_wconf 86' lang='lat' dir='ltr'><strong>facta</strong></span> <span class='ocrx_word' id='word_1_382' title='bbox 608 3140 672 3196; x_wconf 84' lang='lat' dir='ltr'><strong>de</strong></span> <span class='ocrx_word' id='word_1_383' title='bbox 701 3139 871 3195; x_wconf 87' lang='lat' dir='ltr'><strong>latere</strong></span> <span class='ocrx_word' id='word_1_384' title='bbox 907 3140 1007 3195; x_wconf 88' lang='lat' dir='ltr'><strong>viri</strong></span> <span class='ocrx_word' id='word_1_385' title='bbox 1056 3140 1177 3208; x_wconf 86' lang='lat' dir='ltr'><strong>sui&#39;,</strong></span> <span class='ocrx_word' id='word_1_386' title='bbox 1225 3141 1461 3196; x_wconf 91' lang='lat' dir='ltr'><strong>nondum</strong></span> <span class='ocrx_word' id='word_1_387' title='bbox 1498 3148 1748 3197; x_wconf 89' lang='lat' dir='ltr'><strong>contacta</strong></span> <span class='ocrx_word' id='word_1_388' title='bbox 1788 3156 1821 3196; x_wconf 84' lang='lat' dir='ltr'><strong>a</strong></span> <span class='ocrx_word' id='word_1_389' title='bbox 1863 3140 2017 3207; x_wconf 91' lang='lat' dir='ltr'><strong>viro,</strong></span> 
     </span>
    </p>
   </div>
   <div class='ocr_carea' id='block_1_48' title="bbox 2112 1940 3696 2012">
    <p class='ocr_par' dir='ltr' id='par_1_48' title="bbox 2112 1940 3696 2012">
     <span class='ocr_line' id='line_1_48' title="bbox 2112 1940 3696 2012; baseline -0.003 -11"><span class='ocrx_word' id='word_1_390' title='bbox 2112 1945 2255 2001; x_wconf 90' lang='lat' dir='ltr'><strong>enim</strong></span> <span class='ocrx_word' id='word_1_391' title='bbox 2285 1941 2453 1999; x_wconf 86' lang='lat' dir='ltr'><strong>fortes</strong></span> <span class='ocrx_word' id='word_1_392' title='bbox 2481 1941 2710 1997; x_wconf 70' lang='lat' dir='ltr'><strong>feminas</strong></span> <span class='ocrx_word' id='word_1_393' title='bbox 2725 1942 2995 2012; x_wconf 84' lang='lat' dir='ltr'><strong>viragines</strong></span> <span class='ocrx_word' id='word_1_394' title='bbox 3016 1942 3299 1997; x_wconf 89' lang='lat' dir='ltr'><strong>vocabant.</strong></span> <span class='ocrx_word' id='word_1_395' title='bbox 3325 1940 3490 2011; x_wconf 76' lang='lat' dir='ltr'><strong>Virgo</strong></span> <span class='ocrx_word' id='word_1_396' title='bbox 3516 1952 3696 1998; x_wconf 90' lang='lat' dir='ltr'><strong>autem</strong></span> 
     </span>
    </p>
   </div>
   <div class='ocr_carea' id='block_1_49' title="bbox 2113 2030 3692 2104">
    <p class='ocr_par' dir='ltr' id='par_1_49' title="bbox 2113 2030 3692 2104">
     <span class='ocr_line' id='line_1_49' title="bbox 2113 2030 3692 2104; baseline -0.002 -15"><span class='ocrx_word' id='word_1_397' title='bbox 2113 2049 2220 2089; x_wconf 90' lang='lat' dir='ltr'><strong>non</strong></span> <span class='ocrx_word' id='word_1_398' title='bbox 2251 2042 2398 2088; x_wconf 90' lang='lat' dir='ltr'><strong>recte</strong></span> <span class='ocrx_word' id='word_1_399' title='bbox 2423 2032 2607 2102; x_wconf 84' lang='lat' dir='ltr'><strong>virago</strong></span> <span class='ocrx_word' id='word_1_400' title='bbox 2632 2031 2848 2095; x_wconf 89' lang='lat' dir='ltr'><strong>dicitur,</strong></span> <span class='ocrx_word' id='word_1_401' title='bbox 2878 2031 2922 2085; x_wconf 90' lang='lat' dir='ltr'><strong>si</strong></span> <span class='ocrx_word' id='word_1_402' title='bbox 2948 2047 3053 2086; x_wconf 91' lang='lat' dir='ltr'><strong>non</strong></span> <span class='ocrx_word' id='word_1_403' title='bbox 3077 2032 3177 2085; x_wconf 87' lang='lat' dir='ltr'><strong>viri</strong></span> <span class='ocrx_word' id='word_1_404' title='bbox 3207 2030 3382 2087; x_wconf 87' lang='lat' dir='ltr'><strong>ofﬁcio</strong></span> <span class='ocrx_word' id='word_1_405' title='bbox 3414 2032 3653 2104; x_wconf 71' lang='lat' dir='ltr'><strong>[eligitur</strong></span> <span class='ocrx_word' id='word_1_406' title='bbox 3680 2051 3692 2086; x_wconf 92' lang='lat'>:</span> 
     </span>
    </p>
   </div>
   <div class='ocr_carea' id='block_1_50' title="bbox 2114 2119 3693 2193">
    <p class='ocr_par' dir='ltr' id='par_1_50' title="bbox 2114 2119 3693 2193">
     <span class='ocr_line' id='line_1_50' title="bbox 2114 2119 3693 2193; baseline -0.003 -15"><span class='ocrx_word' id='word_1_407' title='bbox 2114 2123 2308 2179; x_wconf 90' lang='lat' dir='ltr'><strong>mulier</strong></span> <span class='ocrx_word' id='word_1_408' title='bbox 2330 2136 2479 2186; x_wconf 88' lang='lat' dir='ltr'><strong>vero,</strong></span> <span class='ocrx_word' id='word_1_409' title='bbox 2502 2120 2547 2175; x_wconf 92' lang='lat' dir='ltr'><strong>si</strong></span> <span class='ocrx_word' id='word_1_410' title='bbox 2567 2135 2730 2191; x_wconf 86' lang='lat' dir='ltr'><strong>opera</strong></span> <span class='ocrx_word' id='word_1_411' title='bbox 2750 2120 2925 2175; x_wconf 85' lang='lat' dir='ltr'><strong>virilia</strong></span> <span class='ocrx_word' id='word_1_412' title='bbox 2946 2119 3257 2185; x_wconf 80' lang='lat' dir='ltr'><strong>facit,recte</strong></span> <span class='ocrx_word' id='word_1_413' title='bbox 3279 2121 3464 2193; x_wconf 76' lang='lat' dir='ltr'><strong>virago</strong></span> <span class='ocrx_word' id='word_1_414' title='bbox 3478 2122 3693 2185; x_wconf 86' lang='lat' dir='ltr'><strong>dicitur,</strong></span> 
     </span>
    </p>
   </div>
   <div class='ocr_carea' id='block_1_51' title="bbox 2114 2210 3695 2281">
    <p class='ocr_par' dir='ltr' id='par_1_51' title="bbox 2114 2210 3695 2281">
     <span class='ocr_line' id='line_1_51' title="bbox 2114 2210 3695 2281; baseline -0.002 -12"><span class='ocrx_word' id='word_1_415' title='bbox 2114 2221 2175 2269; x_wconf 89' lang='lat' dir='ltr'><strong>ut</strong></span> <span class='ocrx_word' id='word_1_416' title='bbox 2207 2227 2485 2268; x_wconf 90' lang='lat' dir='ltr'><strong>amazona.</strong></span> <span class='ocrx_word' id='word_1_417' title='bbox 2520 2210 2651 2279; x_wconf 71' lang='lat' dir='ltr'><strong>Qua:</strong></span> <span class='ocrx_word' id='word_1_418' title='bbox 2677 2225 2807 2265; x_wconf 90' lang='lat' dir='ltr'><strong>vero</strong></span> <span class='ocrx_word' id='word_1_419' title='bbox 2834 2226 2978 2266; x_wconf 84' lang='lat' dir='ltr'><strong>nunc</strong></span> <span class='ocrx_word' id='word_1_420' title='bbox 3005 2210 3222 2275; x_wconf 85' lang='lat' dir='ltr'><strong>femina,</strong></span> <span class='ocrx_word' id='word_1_421' title='bbox 3252 2213 3555 2281; x_wconf 75' lang='lat' dir='ltr'><strong>antiquitus</strong></span> <span class='ocrx_word' id='word_1_422' title='bbox 3581 2214 3695 2266; x_wconf 88' lang='lat' dir='ltr'><strong>vira</strong></span> 
     </span>
    </p>
   </div>
   <div class='ocr_carea' id='block_1_52' title="bbox 2111 2303 3694 2370">
    <p class='ocr_par' dir='ltr' id='par_1_52' title="bbox 2111 2303 3694 2370">
     <span class='ocr_line' id='line_1_52' title="bbox 2111 2303 3694 2370; baseline -0.004 -8"><span class='ocrx_word' id='word_1_423' title='bbox 2111 2306 2427 2370; x_wconf 75' lang='lat' dir='ltr'><strong>vocabatur,</strong></span> <span class='ocrx_word' id='word_1_424' title='bbox 2450 2303 2589 2358; x_wconf 88' lang='lat' dir='ltr'><strong>sicut</strong></span> <span class='ocrx_word' id='word_1_425' title='bbox 2610 2318 2641 2357; x_wconf 91' lang='lat' dir='ltr'><strong>a</strong></span> <span class='ocrx_word' id='word_1_426' title='bbox 2661 2318 2822 2358; x_wconf 88' lang='lat' dir='ltr'><strong>servo</strong></span> <span class='ocrx_word' id='word_1_427' title='bbox 2839 2318 3014 2366; x_wconf 89' lang='lat' dir='ltr'><strong>serva,</strong></span> <span class='ocrx_word' id='word_1_428' title='bbox 3029 2306 3168 2357; x_wconf 87' lang='lat' dir='ltr'><strong>sicut</strong></span> <span class='ocrx_word' id='word_1_429' title='bbox 3195 2318 3224 2356; x_wconf 89' lang='lat' dir='ltr'><strong>a</strong></span> <span class='ocrx_word' id='word_1_430' title='bbox 3249 2303 3451 2359; x_wconf 77' lang='lat' dir='ltr'><strong>fatnulo</strong></span> <span class='ocrx_word' id='word_1_431' title='bbox 3472 2304 3694 2365; x_wconf 80' lang='lat' dir='ltr'><strong>fatnuta,</strong></span> 
     </span>
    </p>
   </div>
   <div class='ocr_carea' id='block_1_53' title="bbox 2114 2394 3693 2465">
    <p class='ocr_par' dir='ltr' id='par_1_53' title="bbox 2114 2394 3693 2465">
     <span class='ocr_line' id='line_1_53' title="bbox 2114 2394 3693 2465; baseline -0.003 -13"><span class='ocrx_word' id='word_1_432' title='bbox 2114 2398 2193 2452; x_wconf 87' lang='lat' dir='ltr'><strong>ita</strong></span> <span class='ocrx_word' id='word_1_433' title='bbox 2219 2412 2251 2450; x_wconf 91' lang='lat' dir='ltr'><strong>a</strong></span> <span class='ocrx_word' id='word_1_434' title='bbox 2271 2396 2388 2450; x_wconf 86' lang='lat' dir='ltr'><strong>viro</strong></span> <span class='ocrx_word' id='word_1_435' title='bbox 2408 2395 2541 2449; x_wconf 88' lang='lat' dir='ltr'><strong>vira.</strong></span> <span class='ocrx_word' id='word_1_436' title='bbox 2568 2394 2704 2449; x_wconf 85' lang='lat' dir='ltr'><strong>llinc</strong></span> <span class='ocrx_word' id='word_1_437' title='bbox 2721 2403 2777 2450; x_wconf 91' lang='lat' dir='ltr'><strong>et</strong></span> <span class='ocrx_word' id='word_1_438' title='bbox 2797 2394 3019 2465; x_wconf 86' lang='lat' dir='ltr'><strong>virginis</strong></span> <span class='ocrx_word' id='word_1_439' title='bbox 3039 2410 3233 2449; x_wconf 88' lang='lat' dir='ltr'><strong>nomen</strong></span> <span class='ocrx_word' id='word_1_440' title='bbox 3256 2395 3457 2450; x_wconf 87' lang='lat' dir='ltr'><strong>dictum</strong></span> <span class='ocrx_word' id='word_1_441' title='bbox 3476 2396 3693 2464; x_wconf 86' lang='lat' dir='ltr'><strong>quidam</strong></span> 
     </span>
    </p>
   </div>
   <div class='ocr_carea' id='block_1_54' title="bbox 2116 2486 3696 2561">
    <p class='ocr_par' dir='ltr' id='par_1_54' title="bbox 2116 2486 3696 2561">
     <span class='ocr_line' id='line_1_54' title="bbox 2116 2486 3696 2561; baseline -0.003 -17"><span class='ocrx_word' id='word_1_442' title='bbox 2116 2496 2325 2561; x_wconf 89' lang='lat' dir='ltr'><strong>putant.</strong></span> <span class='ocrx_word' id='word_1_443' title='bbox 2355 2487 2517 2557; x_wconf 70' lang='lat' dir='ltr'><strong>Virgo</strong></span> <span class='ocrx_word' id='word_1_444' title='bbox 2542 2487 2767 2558; x_wconf 87' lang='lat' dir='ltr'><strong>mystice</strong></span> <span class='ocrx_word' id='word_1_445' title='bbox 2792 2497 2884 2540; x_wconf 88' lang='lat' dir='ltr'><strong>aut</strong></span> <span class='ocrx_word' id='word_1_446' title='bbox 2910 2495 3154 2541; x_wconf 85' lang='lat' dir='ltr'><strong>sanctam</strong></span> <span class='ocrx_word' id='word_1_447' title='bbox 3185 2486 3478 2541; x_wconf 87' lang='lat' dir='ltr'><strong>Eeclesiam</strong></span> <span class='ocrx_word' id='word_1_448' title='bbox 3512 2488 3696 2541; x_wconf 82' lang='lat' dir='ltr'><strong>catho—</strong></span> 
     </span>
    </p>
   </div>
   <div class='ocr_carea' id='block_1_55' title="bbox 2116 2577 3696 2650">
    <p class='ocr_par' dir='ltr' id='par_1_55' title="bbox 2116 2577 3696 2650">
     <span class='ocr_line' id='line_1_55' title="bbox 2116 2577 3696 2650; baseline -0.003 -14"><span class='ocrx_word' id='word_1_449' title='bbox 2116 2582 2274 2637; x_wconf 89' lang='lat' dir='ltr'><strong>licam</strong></span> <span class='ocrx_word' id='word_1_450' title='bbox 2297 2579 2578 2650; x_wconf 77' lang='lat' dir='ltr'><strong>significat,</strong></span> <span class='ocrx_word' id='word_1_451' title='bbox 2602 2594 2721 2648; x_wconf 80' lang='lat' dir='ltr'><strong>qua:</strong></span> <span class='ocrx_word' id='word_1_452' title='bbox 2745 2577 2848 2632; x_wconf 84' lang='lat' dir='ltr'><strong>ﬁde</strong></span> <span class='ocrx_word' id='word_1_453' title='bbox 2873 2586 2955 2632; x_wconf 90' lang='lat' dir='ltr'><strong>est</strong></span> <span class='ocrx_word' id='word_1_454' title='bbox 2975 2578 3304 2648; x_wconf 83' lang='lat' dir='ltr'><strong>incorrupta,</strong></span> <span class='ocrx_word' id='word_1_455' title='bbox 3320 2578 3435 2633; x_wconf 89' lang='lat' dir='ltr'><strong>sive</strong></span> <span class='ocrx_word' id='word_1_456' title='bbox 3459 2579 3696 2632; x_wconf 86' lang='lat' dir='ltr'><strong>animam</strong></span> 
     </span>
    </p>
   </div>
   <div class='ocr_carea' id='block_1_56' title="bbox 2117 2669 3697 2741">
    <p class='ocr_par' dir='ltr' id='par_1_56' title="bbox 2117 2669 3697 2741">
     <span class='ocr_line' id='line_1_56' title="bbox 2117 2669 3697 2741; baseline -0.001 -15"><span class='ocrx_word' id='word_1_457' title='bbox 2117 2671 2350 2737; x_wconf 86' lang='lat' dir='ltr'><strong>ﬁdelem,</strong></span> <span class='ocrx_word' id='word_1_458' title='bbox 2382 2685 2502 2740; x_wconf 77' lang='lat' dir='ltr'><strong>qua:</strong></span> <span class='ocrx_word' id='word_1_459' title='bbox 2526 2684 2632 2724; x_wconf 90' lang='lat' dir='ltr'><strong>non</strong></span> <span class='ocrx_word' id='word_1_460' title='bbox 2658 2669 2934 2724; x_wconf 87' lang='lat' dir='ltr'><strong>consentit</strong></span> <span class='ocrx_word' id='word_1_461' title='bbox 2957 2670 3315 2723; x_wconf 84' lang='lat' dir='ltr'><strong>contaminari</strong></span> <span class='ocrx_word' id='word_1_462' title='bbox 3343 2671 3697 2741; x_wconf 79' lang='lat' dir='ltr'><strong>suggestioni-</strong></span> 
     </span>
    </p>
   </div>
   <div class='ocr_carea' id='block_1_57' title="bbox 2116 2758 3701 2830">
    <p class='ocr_par' dir='ltr' id='par_1_57' title="bbox 2116 2758 3701 2830">
     <span class='ocr_line' id='line_1_57' title="bbox 2116 2758 3701 2830; baseline -0.001 -13"><span class='ocrx_word' id='word_1_463' title='bbox 2116 2762 2221 2817; x_wconf 87' lang='lat' dir='ltr'><strong>bus</strong></span> <span class='ocrx_word' id='word_1_464' title='bbox 2238 2760 2458 2826; x_wconf 87' lang='lat' dir='ltr'><strong>diaboli,</strong></span> <span class='ocrx_word' id='word_1_465' title='bbox 2480 2760 2564 2815; x_wconf 91' lang='lat' dir='ltr'><strong>vel</strong></span> <span class='ocrx_word' id='word_1_466' title='bbox 2588 2759 2961 2815; x_wconf 70' lang='lat' dir='ltr'><strong>haereticorum</strong></span> <span class='ocrx_word' id='word_1_467' title='bbox 2985 2759 3261 2814; x_wconf 83' lang='lat' dir='ltr'><strong>erroribus</strong></span> <span class='ocrx_word' id='word_1_468' title='bbox 3282 2759 3576 2830; x_wconf 89' lang='lat' dir='ltr'><strong>corrumpi.</strong></span> <span class='ocrx_word' id='word_1_469' title='bbox 3598 2758 3701 2815; x_wconf 84' lang='lat' dir='ltr'><strong>Cui</strong></span> 
     </span>
    </p>
   </div>
   <div class='ocr_carea' id='block_1_58' title="bbox 2119 2851 3696 2925">
    <p class='ocr_par' dir='ltr' id='par_1_58' title="bbox 2119 2851 3696 2925">
     <span class='ocr_line' id='line_1_58' title="bbox 2119 2851 3696 2925; baseline -0.003 -15"><span class='ocrx_word' id='word_1_470' title='bbox 2119 2856 2249 2911; x_wconf 90' lang='lat' dir='ltr'><strong>dicit</strong></span> <span class='ocrx_word' id='word_1_471' title='bbox 2275 2854 2562 2925; x_wconf 85' lang='lat' dir='ltr'><strong>Apostolus</strong></span> <span class='ocrx_word' id='word_1_472' title='bbox 2595 2870 2608 2906; x_wconf 94' lang='lat'>:</span> <span class='ocrx_word' id='word_1_473' title='bbox 2647 2851 2908 2922; x_wconf 78' lang='lat' dir='ltr'><strong>Despondi</strong></span> <span class='ocrx_word' id='word_1_474' title='bbox 2935 2853 3072 2906; x_wconf 84' lang='lat' dir='ltr'><strong>enim</strong></span> <span class='ocrx_word' id='word_1_475' title='bbox 3107 2868 3194 2906; x_wconf 86' lang='lat' dir='ltr'><strong>vos</strong></span> <span class='ocrx_word' id='word_1_476' title='bbox 3226 2852 3473 2922; x_wconf 76' lang='lat' dir='ltr'><strong>virginem</strong></span> <span class='ocrx_word' id='word_1_477' title='bbox 3495 2864 3696 2907; x_wconf 83' lang='lat' dir='ltr'><strong>castam</strong></span> 
     </span>
    </p>
   </div>
   <div class='ocr_carea' id='block_1_59' title="bbox 2119 2939 3750 3014">
    <p class='ocr_par' dir='ltr' id='par_1_59' title="bbox 2119 2939 3750 3014">
     <span class='ocr_line' id='line_1_59' title="bbox 2119 2939 3750 3014; baseline -0.003 -15"><span class='ocrx_word' id='word_1_478' title='bbox 2119 2944 2358 2999; x_wconf 73' lang='lat' dir='ltr'><strong>exhibere</strong></span> <span class='ocrx_word' id='word_1_479' title='bbox 2388 2941 2598 2997; x_wconf 75' lang='lat' dir='ltr'><strong>Christo</strong></span> <span class='ocrx_word' id='word_1_480' title='bbox 2629 2940 2713 3014; x_wconf 84' lang='lat' dir='ltr'><strong>(II</strong></span> <span class='ocrx_word' id='word_1_481' title='bbox 2749 2941 2870 2996; x_wconf 86' lang='lat' dir='ltr'><strong>Cor.</strong></span> <span class='ocrx_word' id='word_1_482' title='bbox 2910 2939 3008 3013; x_wconf 86' lang='lat' dir='ltr'><strong>xt).</strong></span> <span class='ocrx_word' id='word_1_483' title='bbox 3038 2941 3305 3012; x_wconf 79' lang='lat' dir='ltr'><strong>Virgines,</strong></span> <span class='ocrx_word' id='word_1_484' title='bbox 3332 2944 3529 2997; x_wconf 71' lang='lat' dir='ltr'><strong>anima:</strong></span> <span class='ocrx_word' id='word_1_485' title='bbox 3566 2955 3696 2995; x_wconf 87' lang='lat' dir='ltr'><strong>san-</strong></span> <span class='ocrx_word' id='word_1_486' title='bbox 3746 2957 3750 2961; x_wconf 46' lang='grc' dir='ltr'>θ</span> 
     </span>
    </p>
   </div>
   <div class='ocr_carea' id='block_1_60' title="bbox 2118 3033 3702 3104">
    <p class='ocr_par' dir='ltr' id='par_1_60' title="bbox 2118 3033 3702 3104">
     <span class='ocr_line' id='line_1_60' title="bbox 2118 3033 3702 3104; baseline 0 -15"><span class='ocrx_word' id='word_1_487' title='bbox 2118 3043 2329 3089; x_wconf 87' lang='lat' dir='ltr'><strong>etorum</strong></span> <span class='ocrx_word' id='word_1_488' title='bbox 2383 3049 2414 3088; x_wconf 88' lang='lat' dir='ltr'><strong>a</strong></span> <span class='ocrx_word' id='word_1_489' title='bbox 2461 3033 2808 3103; x_wconf 78' lang='lat' dir='ltr'><strong>corruptione</strong></span> <span class='ocrx_word' id='word_1_490' title='bbox 2851 3033 3034 3088; x_wconf 88' lang='lat' dir='ltr'><strong>mundi</strong></span> <span class='ocrx_word' id='word_1_491' title='bbox 3082 3048 3179 3102; x_wconf 85' lang='lat' dir='ltr'><strong>per</strong></span> <span class='ocrx_word' id='word_1_492' title='bbox 3226 3034 3463 3104; x_wconf 74' lang='lat' dir='ltr'><strong>quinque</strong></span> <span class='ocrx_word' id='word_1_493' title='bbox 3509 3049 3702 3089; x_wconf 84' lang='lat' dir='ltr'><strong>sensus</strong></span> 
     </span>
    </p>
   </div>
   <div class='ocr_carea' id='block_1_61' title="bbox 2119 3123 3697 3195">
    <p class='ocr_par' dir='ltr' id='par_1_61' title="bbox 2119 3123 3697 3195">
     <span class='ocr_line' id='line_1_61' title="bbox 2119 3123 3697 3195; baseline 0 -15"><span class='ocrx_word' id='word_1_494' title='bbox 2119 3125 2365 3195; x_wconf 89' lang='lat' dir='ltr'><strong>corporis</strong></span> <span class='ocrx_word' id='word_1_495' title='bbox 2395 3139 2454 3179; x_wconf 91' lang='lat' dir='ltr'><strong>se</strong></span> <span class='ocrx_word' id='word_1_496' title='bbox 2483 3123 2845 3190; x_wconf 80' lang='lat' dir='ltr'><strong>continentes,</strong></span> <span class='ocrx_word' id='word_1_497' title='bbox 2872 3134 2934 3178; x_wconf 88' lang='lat' dir='ltr'><strong>ut</strong></span> <span class='ocrx_word' id='word_1_498' title='bbox 2964 3124 3019 3179; x_wconf 93' lang='lat' dir='ltr'><strong>in</strong></span> <span class='ocrx_word' id='word_1_499' title='bbox 3055 3124 3345 3194; x_wconf 85' lang='lat' dir='ltr'><strong>Evangeiio</strong></span> <span class='ocrx_word' id='word_1_500' title='bbox 3369 3143 3382 3177; x_wconf 91' lang='lat'><strong>:</strong></span> <span class='ocrx_word' id='word_1_501' title='bbox 3416 3123 3597 3180; x_wconf 79' lang='lat' dir='ltr'><strong>Simile</strong></span> <span class='ocrx_word' id='word_1_502' title='bbox 3622 3135 3697 3180; x_wconf 85' lang='lat' dir='ltr'><strong>est</strong></span> 
     </span>
    </p>
   </div>
   <div class='ocr_carea' id='block_1_62' title="bbox 436 3204 3698 3305">
    <p class='ocr_par' dir='ltr' id='par_1_62' title="bbox 436 3204 3698 3305">
     <span class='ocr_line' id='line_1_62' title="bbox 436 3204 3698 3305; baseline 0.003 -40"><span class='ocrx_word' id='word_1_503' title='bbox 436 3232 633 3289; x_wconf 62' lang='lat' dir='ltr'><strong>mulier</strong></span> <span class='ocrx_word' id='word_1_504' title='bbox 660 3233 923 3304; x_wconf 58' lang='lat' dir='ltr'><strong>appellata</strong></span> <span class='ocrx_word' id='word_1_505' title='bbox 953 3241 1061 3299; x_wconf 50' lang='lat' dir='ltr'><strong>est,</strong></span> <span class='ocrx_word' id='word_1_506' title='bbox 1088 3204 1299 3289; x_wconf 52' lang='grc' dir='ltr'><strong>άίέοηιε</strong></span> <span class='ocrx_word' id='word_1_507' title='bbox 1321 3232 1601 3304; x_wconf 50' lang='lat' dir='ltr'><strong>scripula</strong></span> <span class='ocrx_word' id='word_1_508' title='bbox 1631 3250 1647 3288; x_wconf 61' lang='grc' dir='ltr'>ε</span> <span class='ocrx_word' id='word_1_509' title='bbox 1677 3232 1746 3288; x_wconf 71' lang='grc' dir='ltr'>Ει</span> <span class='ocrx_word' id='word_1_510' title='bbox 1773 3204 2015 3305; x_wconf 41' lang='lat' dir='ltr'><strong>formavi)</strong></span> <span class='ocrx_word' id='word_1_511' title='bbox 2045 3204 2090 3267; x_wconf 91' lang='lat' dir='ltr'><strong>C</strong></span> <span class='ocrx_word' id='word_1_512' title='bbox 2121 3232 2337 3287; x_wconf 80' lang='lat' dir='ltr'><strong>regnum</strong></span> <span class='ocrx_word' id='word_1_513' title='bbox 2356 3217 2601 3272; x_wconf 68' lang='lat' dir='ltr'><strong>caelorum</strong></span> <span class='ocrx_word' id='word_1_514' title='bbox 2622 3216 2800 3271; x_wconf 86' lang='lat' dir='ltr'><strong>decem</strong></span> <span class='ocrx_word' id='word_1_515' title='bbox 2820 3218 3106 3287; x_wconf 73' lang='lat' dir='ltr'><strong>virginibus</strong></span> <span class='ocrx_word' id='word_1_516' title='bbox 3128 3217 3341 3291; x_wconf 77' lang='lat' dir='ltr'><strong>(Matth.</strong></span> <span class='ocrx_word' id='word_1_517' title='bbox 3374 3221 3522 3291; x_wconf 86' lang='lat' dir='ltr'><strong>xxv).</strong></span> <span class='ocrx_word' id='word_1_518' title='bbox 3566 3220 3698 3275; x_wconf 82' lang='lat' dir='ltr'><strong>Item</strong></span> 
     </span>
    </p>
   </div>
   <div class='ocr_carea' id='block_1_63' title="bbox 435 3320 2019 3396">
    <p class='ocr_par' dir='ltr' id='par_1_63' title="bbox 435 3320 2019 3396">
     <span class='ocr_line' id='line_1_63' title="bbox 435 3320 2019 3396; baseline 0.001 -19"><span class='ocrx_word' id='word_1_519' title='bbox 435 3339 551 3377; x_wconf 90' lang='lat' dir='ltr'><strong>eam</strong></span> <span class='ocrx_word' id='word_1_520' title='bbox 595 3323 650 3377; x_wconf 86' lang='lat' dir='ltr'><strong>iu</strong></span> <span class='ocrx_word' id='word_1_521' title='bbox 683 3321 953 3378; x_wconf 85' lang='lat' dir='ltr'><strong>mulierem</strong></span> <span class='ocrx_word' id='word_1_522' title='bbox 997 3320 1148 3395; x_wconf 82' lang='lat' dir='ltr'><strong>(Gen.</strong></span> <span class='ocrx_word' id='word_1_523' title='bbox 1182 3322 1265 3396; x_wconf 87' lang='lat' dir='ltr'><strong>tt).</strong></span> <span class='ocrx_word' id='word_1_524' title='bbox 1319 3322 1542 3395; x_wconf 77' lang='lat' dir='ltr'><strong>Mystice</strong></span> <span class='ocrx_word' id='word_1_525' title='bbox 1571 3322 1765 3380; x_wconf 78' lang='lat' dir='ltr'><strong>mulier</strong></span> <span class='ocrx_word' id='word_1_526' title='bbox 1791 3332 1885 3379; x_wconf 88' lang='lat' dir='ltr'><strong>aut</strong></span> <span class='ocrx_word' id='word_1_527' title='bbox 1911 3324 2019 3379; x_wconf 78' lang='lat' dir='ltr'><strong>Ec-</strong></span> 
     </span>
    </p>
   </div>
   <div class='ocr_carea' id='block_1_64' title="bbox 437 3413 2020 3487">
    <p class='ocr_par' dir='ltr' id='par_1_64' title="bbox 437 3413 2020 3487">
     <span class='ocr_line' id='line_1_64' title="bbox 437 3413 2020 3487; baseline -0.001 -14"><span class='ocrx_word' id='word_1_528' title='bbox 437 3415 658 3473; x_wconf 87' lang='lat' dir='ltr'><strong>clesiam</strong></span> <span class='ocrx_word' id='word_1_529' title='bbox 696 3413 960 3486; x_wconf 88' lang='lat' dir='ltr'><strong>signiﬁcat</strong></span> <span class='ocrx_word' id='word_1_530' title='bbox 984 3423 1208 3487; x_wconf 87' lang='lat' dir='ltr'><strong>propter</strong></span> <span class='ocrx_word' id='word_1_531' title='bbox 1233 3414 1468 3471; x_wconf 84' lang='lat' dir='ltr'><strong>ﬁliorum</strong></span> <span class='ocrx_word' id='word_1_532' title='bbox 1495 3415 1921 3487; x_wconf 84' lang='lat' dir='ltr'><strong>generationem,</strong></span> <span class='ocrx_word' id='word_1_533' title='bbox 1953 3414 2020 3472; x_wconf 92' lang='lat' dir='ltr'><strong>de</strong></span> 
     </span>
    </p>
   </div>
   <div class='ocr_carea' id='block_1_65' title="bbox 435 3503 2017 3579">
    <p class='ocr_par' dir='ltr' id='par_1_65' title="bbox 435 3503 2017 3579">
     <span class='ocr_line' id='line_1_65' title="bbox 435 3503 2017 3579; baseline 0.002 -19"><span class='ocrx_word' id='word_1_534' title='bbox 435 3522 543 3576; x_wconf 91' lang='lat' dir='ltr'><strong>qua</strong></span> <span class='ocrx_word' id='word_1_535' title='bbox 574 3505 769 3578; x_wconf 82' lang='lat' dir='ltr'><strong>legitur</strong></span> <span class='ocrx_word' id='word_1_536' title='bbox 794 3506 849 3561; x_wconf 91' lang='lat' dir='ltr'><strong>in</strong></span> <span class='ocrx_word' id='word_1_537' title='bbox 872 3503 1179 3563; x_wconf 82' lang='lat' dir='ltr'><strong>Proverbiis</strong></span> <span class='ocrx_word' id='word_1_538' title='bbox 1205 3525 1218 3561; x_wconf 94' lang='lat'>:</span> <span class='ocrx_word' id='word_1_539' title='bbox 1266 3505 1541 3562; x_wconf 76' lang='lat' dir='ltr'><strong>Mulierem</strong></span> <span class='ocrx_word' id='word_1_540' title='bbox 1569 3508 1757 3577; x_wconf 81' lang='lat' dir='ltr'><strong>[artem</strong></span> <span class='ocrx_word' id='word_1_541' title='bbox 1783 3509 1899 3579; x_wconf 87' lang='lat' dir='ltr'><strong>quis</strong></span> <span class='ocrx_word' id='word_1_542' title='bbox 1932 3510 2017 3563; x_wconf 85' lang='lat' dir='ltr'><strong>in-</strong></span> 
     </span>
    </p>
   </div>
   <div class='ocr_carea' id='block_1_66' title="bbox 440 3595 2020 3672">
    <p class='ocr_par' dir='ltr' id='par_1_66' title="bbox 440 3595 2020 3672">
     <span class='ocr_line' id='line_1_66' title="bbox 440 3595 2020 3672; baseline 0.003 -19"><span class='ocrx_word' id='word_1_543' title='bbox 440 3596 605 3653; x_wconf 77' lang='lat' dir='ltr'><strong>veniet</strong></span> <span class='ocrx_word' id='word_1_544' title='bbox 650 3595 831 3669; x_wconf 75' lang='lat' dir='ltr'><strong>(Prov.</strong></span> <span class='ocrx_word' id='word_1_545' title='bbox 883 3597 1077 3670; x_wconf 72' lang='lat' dir='ltr'><strong>xxxi)?</strong></span> <span class='ocrx_word' id='word_1_546' title='bbox 1113 3598 1237 3654; x_wconf 68' lang='grc' dir='ltr'><strong>ΙΙωο</strong></span> <span class='ocrx_word' id='word_1_547' title='bbox 1263 3599 1425 3655; x_wconf 88' lang='lat' dir='ltr'><strong>etiam</strong></span> <span class='ocrx_word' id='word_1_548' title='bbox 1470 3600 1662 3655; x_wconf 90' lang='lat' dir='ltr'><strong>mulier</strong></span> <span class='ocrx_word' id='word_1_549' title='bbox 1690 3600 2020 3672; x_wconf 71' lang='lat' dir='ltr'><strong>septiformis</strong></span> 
     </span>
    </p>
   </div>
   <div class='ocr_carea' id='block_1_67' title="bbox 440 3684 2021 3761">
    <p class='ocr_par' dir='ltr' id='par_1_67' title="bbox 440 3684 2021 3761">
     <span class='ocr_line' id='line_1_67' title="bbox 440 3684 2021 3761; baseline 0.003 -21"><span class='ocrx_word' id='word_1_550' title='bbox 440 3693 589 3741; x_wconf 88' lang='lat' dir='ltr'><strong>tenet</strong></span> <span class='ocrx_word' id='word_1_551' title='bbox 616 3684 870 3743; x_wconf 60' lang='lat' dir='ltr'><strong>Ecclesia)</strong></span> <span class='ocrx_word' id='word_1_552' title='bbox 893 3694 1309 3755; x_wconf 87' lang='lat' dir='ltr'><strong>sacramentum,</strong></span> <span class='ocrx_word' id='word_1_553' title='bbox 1335 3696 1393 3742; x_wconf 92' lang='lat' dir='ltr'><strong>ut</strong></span> <span class='ocrx_word' id='word_1_554' title='bbox 1428 3688 1480 3743; x_wconf 92' lang='lat' dir='ltr'><strong>in</strong></span> <span class='ocrx_word' id='word_1_555' title='bbox 1512 3688 1692 3744; x_wconf 86' lang='lat' dir='ltr'><strong>lsaia:</strong></span> <span class='ocrx_word' id='word_1_556' title='bbox 1725 3690 2021 3761; x_wconf 78' lang='lat' dir='ltr'><strong>Apprehen-</strong></span> 
     </span>
    </p>
   </div>
   <div class='ocr_carea' id='block_1_68' title="bbox 438 3776 2015 3851">
    <p class='ocr_par' dir='ltr' id='par_1_68' title="bbox 438 3776 2015 3851">
     <span class='ocr_line' id='line_1_68' title="bbox 438 3776 2015 3851; baseline 0.003 -21"><span class='ocrx_word' id='word_1_557' title='bbox 438 3776 584 3844; x_wconf 85' lang='lat' dir='ltr'><strong>dent,</strong></span> <span class='ocrx_word' id='word_1_558' title='bbox 615 3778 808 3849; x_wconf 87' lang='lat' dir='ltr'><strong>inquit,</strong></span> <span class='ocrx_word' id='word_1_559' title='bbox 839 3788 1029 3848; x_wconf 82' lang='lat' dir='ltr'><strong>septem</strong></span> <span class='ocrx_word' id='word_1_560' title='bbox 1054 3776 1293 3833; x_wconf 77' lang='lat' dir='ltr'><strong>mulieres</strong></span> <span class='ocrx_word' id='word_1_561' title='bbox 1335 3778 1499 3833; x_wconf 82' lang='lat' dir='ltr'><strong>virum</strong></span> <span class='ocrx_word' id='word_1_562' title='bbox 1534 3795 1692 3833; x_wconf 89' lang='lat' dir='ltr'><strong>unum</strong></span> <span class='ocrx_word' id='word_1_563' title='bbox 1726 3778 1861 3851; x_wconf 88' lang='lat' dir='ltr'><strong>(lsa.</strong></span> <span class='ocrx_word' id='word_1_564' title='bbox 1896 3779 1973 3851; x_wconf 90' lang='lat' dir='ltr'><strong>tv)</strong></span> <span class='ocrx_word' id='word_1_565' title='bbox 2000 3798 2015 3834; x_wconf 89' lang='lat'><strong>:</strong></span> 
     </span>
    </p>
   </div>
   <div class='ocr_carea' id='block_1_69' title="bbox 444 3868 2019 3941">
    <p class='ocr_par' dir='ltr' id='par_1_69' title="bbox 444 3868 2019 3941">
     <span class='ocr_line' id='line_1_69' title="bbox 444 3868 2019 3941; baseline 0.003 -20"><span class='ocrx_word' id='word_1_566' title='bbox 444 3869 791 3923; x_wconf 86' lang='lat' dir='ltr'><strong>autauimam</strong></span> <span class='ocrx_word' id='word_1_567' title='bbox 840 3868 952 3923; x_wconf 84' lang='lat' dir='ltr'><strong>sive</strong></span> <span class='ocrx_word' id='word_1_568' title='bbox 1000 3868 1289 3923; x_wconf 82' lang='lat' dir='ltr'><strong>humanam</strong></span> <span class='ocrx_word' id='word_1_569' title='bbox 1334 3883 1553 3923; x_wconf 89' lang='lat' dir='ltr'><strong>carnem</strong></span> <span class='ocrx_word' id='word_1_570' title='bbox 1581 3868 1869 3941; x_wconf 88' lang='lat' dir='ltr'><strong>signiﬁcat,</strong></span> <span class='ocrx_word' id='word_1_571' title='bbox 1901 3886 2019 3941; x_wconf 68' lang='lat' dir='ltr'><strong>qua:</strong></span> 
     </span>
    </p>
   </div>
   <div class='ocr_carea' id='block_1_70' title="bbox 440 3960 2019 4036">
    <p class='ocr_par' dir='ltr' id='par_1_70' title="bbox 440 3960 2019 4036">
     <span class='ocr_line' id='line_1_70' title="bbox 440 3960 2019 4036; baseline 0.002 -19"><span class='ocrx_word' id='word_1_572' title='bbox 440 3960 667 4033; x_wconf 90' lang='lat' dir='ltr'><strong>imperio</strong></span> <span class='ocrx_word' id='word_1_573' title='bbox 686 3960 907 4030; x_wconf 89' lang='lat' dir='ltr'><strong>spiritus</strong></span> <span class='ocrx_word' id='word_1_574' title='bbox 938 3960 1175 4032; x_wconf 86' lang='lat' dir='ltr'><strong>subjecta</strong></span> <span class='ocrx_word' id='word_1_575' title='bbox 1201 3977 1321 4017; x_wconf 90' lang='lat' dir='ltr'><strong>esse</strong></span> <span class='ocrx_word' id='word_1_576' title='bbox 1343 3962 1521 4025; x_wconf 87' lang='lat' dir='ltr'><strong>debet,</strong></span> <span class='ocrx_word' id='word_1_577' title='bbox 1545 3970 1599 4019; x_wconf 91' lang='lat' dir='ltr'><strong>et</strong></span> <span class='ocrx_word' id='word_1_578' title='bbox 1617 3963 1734 4034; x_wconf 87' lang='lat' dir='ltr'><strong>ejus</strong></span> <span class='ocrx_word' id='word_1_579' title='bbox 1760 3964 2019 4036; x_wconf 87' lang='lat' dir='ltr'><strong>regimine</strong></span> 
     </span>
    </p>
   </div>
   <div class='ocr_carea' id='block_1_71' title="bbox 439 4051 2016 4125">
    <p class='ocr_par' dir='ltr' id='par_1_71' title="bbox 439 4051 2016 4125">
     <span class='ocr_line' id='line_1_71' title="bbox 439 4051 2016 4125; baseline 0.003 -19"><span class='ocrx_word' id='word_1_580' title='bbox 439 4052 746 4123; x_wconf 88' lang='lat' dir='ltr'><strong>gubernari.</strong></span> <span class='ocrx_word' id='word_1_581' title='bbox 777 4051 930 4109; x_wconf 85' lang='lat' dir='ltr'><strong>Unde</strong></span> <span class='ocrx_word' id='word_1_582' title='bbox 954 4052 1084 4108; x_wconf 89' lang='lat' dir='ltr'><strong>dicit</strong></span> <span class='ocrx_word' id='word_1_583' title='bbox 1105 4051 1392 4124; x_wconf 83' lang='lat' dir='ltr'><strong>Apostolus</strong></span> <span class='ocrx_word' id='word_1_584' title='bbox 1425 4072 1437 4107; x_wconf 91' lang='lat'><strong>:</strong></span> <span class='ocrx_word' id='word_1_585' title='bbox 1469 4051 1639 4125; x_wconf 85' lang='lat' dir='ltr'><strong>Caput</strong></span> <span class='ocrx_word' id='word_1_586' title='bbox 1662 4053 1893 4109; x_wconf 76' lang='lat' dir='ltr'><strong>mulieris</strong></span> <span class='ocrx_word' id='word_1_587' title='bbox 1921 4055 2016 4123; x_wconf 89' lang='lat' dir='ltr'><strong>vir,</strong></span> 
     </span>
    </p>
   </div>
   <div class='ocr_carea' id='block_1_72' title="bbox 438 4140 2017 4219">
    <p class='ocr_par' dir='ltr' id='par_1_72' title="bbox 438 4140 2017 4219">
     <span class='ocr_line' id='line_1_72' title="bbox 438 4140 2017 4219; baseline 0.004 -23"><span class='ocrx_word' id='word_1_588' title='bbox 438 4151 594 4215; x_wconf 87' lang='lat' dir='ltr'><strong>caput</strong></span> <span class='ocrx_word' id='word_1_589' title='bbox 624 4143 719 4199; x_wconf 83' lang='lat' dir='ltr'><strong>viri</strong></span> <span class='ocrx_word' id='word_1_590' title='bbox 747 4140 985 4199; x_wconf 82' lang='lat' dir='ltr'><strong>Christus</strong></span> <span class='ocrx_word' id='word_1_591' title='bbox 1014 4142 1066 4217; x_wconf 90' lang='grc'><strong>(1</strong></span> <span class='ocrx_word' id='word_1_592' title='bbox 1093 4141 1218 4199; x_wconf 87' lang='lat' dir='ltr'><strong>Cor.</strong></span> <span class='ocrx_word' id='word_1_593' title='bbox 1249 4145 1348 4219; x_wconf 80' lang='grc' dir='ltr'>ιιι).</span> <span class='ocrx_word' id='word_1_594' title='bbox 1381 4145 1532 4202; x_wconf 81' lang='lat' dir='ltr'><strong>Tunc</strong></span> <span class='ocrx_word' id='word_1_595' title='bbox 1566 4146 1710 4201; x_wconf 90' lang='lat' dir='ltr'><strong>enim</strong></span> <span class='ocrx_word' id='word_1_596' title='bbox 1737 4147 1874 4203; x_wconf 87' lang='lat' dir='ltr'><strong>bene</strong></span> <span class='ocrx_word' id='word_1_597' title='bbox 1899 4147 2017 4203; x_wconf 88' lang='lat' dir='ltr'><strong>ani-</strong></span> 
     </span>
    </p>
   </div>
   <div class='ocr_carea' id='block_1_73' title="bbox 336 4237 2019 4311">
    <p class='ocr_par' dir='ltr' id='par_1_73' title="bbox 336 4237 2019 4311">
     <span class='ocr_line' id='line_1_73' title="bbox 336 4237 2019 4311; baseline 0.003 -20"><span class='ocrx_word' id='word_1_598' title='bbox 336 4296 339 4299; x_wconf 25' lang='grc' dir='ltr'><strong><em>γ</em></strong></span> <span class='ocrx_word' id='word_1_599' title='bbox 439 4254 584 4292; x_wconf 87' lang='lat' dir='ltr'><strong>mam</strong></span> <span class='ocrx_word' id='word_1_600' title='bbox 610 4237 723 4293; x_wconf 90' lang='lat' dir='ltr'><strong>sive</strong></span> <span class='ocrx_word' id='word_1_601' title='bbox 749 4253 967 4293; x_wconf 89' lang='lat' dir='ltr'><strong>carnem</strong></span> <span class='ocrx_word' id='word_1_602' title='bbox 995 4238 1132 4309; x_wconf 83' lang='lat' dir='ltr'><strong>regit</strong></span> <span class='ocrx_word' id='word_1_603' title='bbox 1156 4239 1399 4310; x_wconf 89' lang='lat' dir='ltr'><strong>spiritus,</strong></span> <span class='ocrx_word' id='word_1_604' title='bbox 1425 4240 1469 4294; x_wconf 92' lang='lat' dir='ltr'><strong>si</strong></span> <span class='ocrx_word' id='word_1_605' title='bbox 1498 4239 1612 4309; x_wconf 90' lang='lat' dir='ltr'><strong>ipse</strong></span> <span class='ocrx_word' id='word_1_606' title='bbox 1640 4239 1830 4311; x_wconf 84' lang='lat' dir='ltr'><strong>spiritu</strong></span> <span class='ocrx_word' id='word_1_607' title='bbox 1858 4240 2019 4296; x_wconf 84' lang='lat' dir='ltr'><strong>Chri-</strong></span> 
     </span>
    </p>
   </div>
   <div class='ocr_carea' id='block_1_74' title="bbox 441 4326 2017 4405">
    <p class='ocr_par' dir='ltr' id='par_1_74' title="bbox 441 4326 2017 4405">
     <span class='ocr_line' id='line_1_74' title="bbox 441 4326 2017 4405; baseline 0.004 -24"><span class='ocrx_word' id='word_1_608' title='bbox 441 4326 509 4381; x_wconf 68' lang='lat' dir='ltr'><strong>sti</strong></span> <span class='ocrx_word' id='word_1_609' title='bbox 539 4328 645 4401; x_wconf 87' lang='lat' dir='ltr'><strong>regi</strong></span> <span class='ocrx_word' id='word_1_610' title='bbox 672 4329 868 4383; x_wconf 88' lang='lat' dir='ltr'><strong>meruit</strong></span> <span class='ocrx_word' id='word_1_611' title='bbox 897 4346 911 4384; x_wconf 91' lang='lat'><strong>:</strong></span> <span class='ocrx_word' id='word_1_612' title='bbox 941 4329 1064 4400; x_wconf 86' lang='lat' dir='ltr'><strong>quia</strong></span> <span class='ocrx_word' id='word_1_613' title='bbox 1085 4331 1379 4402; x_wconf 86' lang='lat' dir='ltr'><strong>quicunque</strong></span> <span class='ocrx_word' id='word_1_614' title='bbox 1405 4332 1623 4402; x_wconf 85' lang='lat' dir='ltr'><strong>spiritus</strong></span> <span class='ocrx_word' id='word_1_615' title='bbox 1646 4332 1741 4386; x_wconf 75' lang='lat' dir='ltr'><strong>Dei</strong></span> <span class='ocrx_word' id='word_1_616' title='bbox 1769 4344 2017 4405; x_wconf 87' lang='lat' dir='ltr'><strong>aguntur,</strong></span> 
     </span>
    </p>
   </div>
   <div class='ocr_carea' id='block_1_75' title="bbox 438 4417 2021 4493">
    <p class='ocr_par' dir='ltr' id='par_1_75' title="bbox 438 4417 2021 4493">
     <span class='ocr_line' id='line_1_75' title="bbox 438 4417 2021 4493; baseline 0.006 -23"><span class='ocrx_word' id='word_1_617' title='bbox 438 4418 495 4470; x_wconf 85' lang='lat' dir='ltr'><strong>hi</strong></span> <span class='ocrx_word' id='word_1_618' title='bbox 548 4418 647 4486; x_wconf 88' lang='lat' dir='ltr'><strong>ﬁlii</strong></span> <span class='ocrx_word' id='word_1_619' title='bbox 688 4426 806 4472; x_wconf 87' lang='lat' dir='ltr'><strong>sunt</strong></span> <span class='ocrx_word' id='word_1_620' title='bbox 856 4417 973 4474; x_wconf 90' lang='lat' dir='ltr'><strong>Dei.</strong></span> <span class='ocrx_word' id='word_1_621' title='bbox 1028 4419 1131 4485; x_wconf 83' lang='lat' dir='ltr'><strong>Qui</strong></span> <span class='ocrx_word' id='word_1_622' title='bbox 1181 4430 1354 4475; x_wconf 89' lang='lat' dir='ltr'><strong>autem</strong></span> <span class='ocrx_word' id='word_1_623' title='bbox 1392 4424 1636 4493; x_wconf 84' lang='lat' dir='ltr'><strong>spiritum</strong></span> <span class='ocrx_word' id='word_1_624' title='bbox 1684 4423 1880 4478; x_wconf 77' lang='lat' dir='ltr'><strong>Christi</strong></span> <span class='ocrx_word' id='word_1_625' title='bbox 1918 4441 2021 4479; x_wconf 89' lang='lat' dir='ltr'><strong>non</strong></span> 
     </span>
    </p>
   </div>
   <div class='ocr_carea' id='block_1_76' title="bbox 439 4505 2016 4585">
    <p class='ocr_par' dir='ltr' id='par_1_76' title="bbox 439 4505 2016 4585">
     <span class='ocr_line' id='line_1_76' title="bbox 439 4505 2016 4585; baseline 0.006 -25"><span class='ocrx_word' id='word_1_626' title='bbox 439 4505 612 4571; x_wconf 81' lang='lat' dir='ltr'><strong>habet,</strong></span> <span class='ocrx_word' id='word_1_627' title='bbox 661 4507 744 4561; x_wconf 83' lang='lat' dir='ltr'><strong>hic</strong></span> <span class='ocrx_word' id='word_1_628' title='bbox 786 4525 889 4561; x_wconf 92' lang='lat' dir='ltr'><strong>non</strong></span> <span class='ocrx_word' id='word_1_629' title='bbox 935 4519 1009 4563; x_wconf 87' lang='lat' dir='ltr'><strong>est</strong></span> <span class='ocrx_word' id='word_1_630' title='bbox 1033 4510 1147 4580; x_wconf 86' lang='lat' dir='ltr'><strong>ejus</strong></span> <span class='ocrx_word' id='word_1_631' title='bbox 1178 4508 1355 4582; x_wconf 84' lang='lat' dir='ltr'><strong>(Rom.</strong></span> <span class='ocrx_word' id='word_1_632' title='bbox 1390 4512 1531 4585; x_wconf 89' lang='lat' dir='ltr'><strong>vttt).</strong></span> <span class='ocrx_word' id='word_1_633' title='bbox 1577 4514 1708 4567; x_wconf 89' lang='lat' dir='ltr'><strong>Item</strong></span> <span class='ocrx_word' id='word_1_634' title='bbox 1742 4514 2016 4578; x_wconf 84' lang='lat' dir='ltr'><strong>mulieres,</strong></span> 
     </span>
    </p>
   </div>
   <div class='ocr_carea' id='block_1_77' title="bbox 2118 3308 3700 3382">
    <p class='ocr_par' dir='ltr' id='par_1_77' title="bbox 2118 3308 3700 3382">
     <span class='ocr_line' id='line_1_77' title="bbox 2118 3308 3700 3382; baseline 0.003 -20"><span class='ocrx_word' id='word_1_635' title='bbox 2118 3308 2383 3380; x_wconf 81' lang='lat' dir='ltr'><strong>virgines,</strong></span> <span class='ocrx_word' id='word_1_636' title='bbox 2410 3308 2605 3363; x_wconf 61' lang='lat' dir='ltr'><strong>animm</strong></span> <span class='ocrx_word' id='word_1_637' title='bbox 2630 3308 3042 3375; x_wconf 86' lang='lat' dir='ltr'><strong>continentium,</strong></span> <span class='ocrx_word' id='word_1_638' title='bbox 3070 3324 3176 3365; x_wconf 91' lang='lat' dir='ltr'><strong>non</strong></span> <span class='ocrx_word' id='word_1_639' title='bbox 3200 3321 3420 3382; x_wconf 84' lang='lat' dir='ltr'><strong>propter</strong></span> <span class='ocrx_word' id='word_1_640' title='bbox 3441 3323 3700 3367; x_wconf 68' lang='lat' dir='ltr'><strong>aeternum</strong></span> 
     </span>
    </p>
   </div>
   <div class='ocr_carea' id='block_1_78' title="bbox 2119 3397 3698 3469">
    <p class='ocr_par' dir='ltr' id='par_1_78' title="bbox 2119 3397 3698 3469">
     <span class='ocr_line' id='line_1_78' title="bbox 2119 3397 3698 3469; baseline 0.003 -17"><span class='ocrx_word' id='word_1_641' title='bbox 2119 3399 2551 3464; x_wconf 85' lang='lat' dir='ltr'><strong>retributionem,</strong></span> <span class='ocrx_word' id='word_1_642' title='bbox 2587 3397 2681 3453; x_wconf 88' lang='lat' dir='ltr'><strong>sed</strong></span> <span class='ocrx_word' id='word_1_643' title='bbox 2708 3407 2925 3469; x_wconf 86' lang='lat' dir='ltr'><strong>propter</strong></span> <span class='ocrx_word' id='word_1_644' title='bbox 2951 3399 3186 3457; x_wconf 82' lang='lat' dir='ltr'><strong>favorem</strong></span> <span class='ocrx_word' id='word_1_645' title='bbox 3224 3401 3398 3460; x_wconf 84' lang='lat' dir='ltr'><strong>laudis</strong></span> <span class='ocrx_word' id='word_1_646' title='bbox 3431 3404 3698 3458; x_wconf 69' lang='lat' dir='ltr'><strong>humanae.</strong></span> 
     </span>
    </p>
   </div>
   <div class='ocr_carea' id='block_1_79' title="bbox 2125 3490 3700 3569">
    <p class='ocr_par' dir='ltr' id='par_1_79' title="bbox 2125 3490 3700 3569">
     <span class='ocr_line' id='line_1_79' title="bbox 2125 3490 3700 3569; baseline 0.005 -23"><span class='ocrx_word' id='word_1_647' title='bbox 2125 3490 2276 3546; x_wconf 87' lang='lat' dir='ltr'><strong>Unde</strong></span> <span class='ocrx_word' id='word_1_648' title='bbox 2298 3499 2350 3544; x_wconf 90' lang='lat' dir='ltr'><strong>et</strong></span> <span class='ocrx_word' id='word_1_649' title='bbox 2368 3500 2529 3562; x_wconf 85' lang='lat' dir='ltr'><strong>supra</strong></span> <span class='ocrx_word' id='word_1_650' title='bbox 2557 3490 2662 3545; x_wconf 85' lang='lat' dir='ltr'><strong>:Et</strong></span> <span class='ocrx_word' id='word_1_651' title='bbox 2687 3494 2915 3564; x_wconf 82' lang='lat' dir='ltr'><strong>quinque</strong></span> <span class='ocrx_word' id='word_1_652' title='bbox 2935 3494 3098 3564; x_wconf 66' lang='lat' dir='ltr'><strong>fatuae</strong></span> <span class='ocrx_word' id='word_1_653' title='bbox 3119 3495 3331 3569; x_wconf 69' lang='lat' dir='ltr'><strong>(Ibid).</strong></span> <span class='ocrx_word' id='word_1_654' title='bbox 3360 3497 3427 3551; x_wconf 82' lang='lat' dir='ltr'><strong>Et</strong></span> <span class='ocrx_word' id='word_1_655' title='bbox 3450 3498 3502 3551; x_wconf 90' lang='lat' dir='ltr'><strong>in</strong></span> <span class='ocrx_word' id='word_1_656' title='bbox 3532 3497 3700 3554; x_wconf 82' lang='lat' dir='ltr'><strong>Amos</strong></span> 
     </span>
    </p>
   </div>
   <div class='ocr_carea' id='block_1_80' title="bbox 2119 3581 3702 3657">
    <p class='ocr_par' dir='ltr' id='par_1_80' title="bbox 2119 3581 3702 3657">
     <span class='ocr_line' id='line_1_80' title="bbox 2119 3581 3702 3657; baseline 0.004 -22"><span class='ocrx_word' id='word_1_657' title='bbox 2119 3581 2383 3652; x_wconf 83' lang='lat' dir='ltr'><strong>propheta</strong></span> <span class='ocrx_word' id='word_1_658' title='bbox 2426 3594 2442 3634; x_wconf 90' lang='lat'><strong>:</strong></span> <span class='ocrx_word' id='word_1_659' title='bbox 2497 3581 2566 3635; x_wconf 90' lang='lat' dir='ltr'><strong>In</strong></span> <span class='ocrx_word' id='word_1_660' title='bbox 2621 3582 2707 3636; x_wconf 87' lang='lat' dir='ltr'><strong>die</strong></span> <span class='ocrx_word' id='word_1_661' title='bbox 2758 3582 2850 3636; x_wconf 88' lang='lat' dir='ltr'><strong>illa</strong></span> <span class='ocrx_word' id='word_1_662' title='bbox 2898 3582 3140 3653; x_wconf 80' lang='lat' dir='ltr'><strong>deﬁcient</strong></span> <span class='ocrx_word' id='word_1_663' title='bbox 3190 3586 3412 3657; x_wconf 73' lang='lat' dir='ltr'><strong>virgines</strong></span> <span class='ocrx_word' id='word_1_664' title='bbox 3462 3588 3702 3657; x_wconf 71' lang='lat' dir='ltr'><strong>pulchr-te</strong></span> 
     </span>
    </p>
   </div>
   <div class='ocr_carea' id='block_1_81' title="bbox 2121 3670 3704 3749">
    <p class='ocr_par' dir='ltr' id='par_1_81' title="bbox 2121 3670 3704 3749">
     <span class='ocr_line' id='line_1_81' title="bbox 2121 3670 3704 3749; baseline 0.006 -26"><span class='ocrx_word' id='word_1_665' title='bbox 2121 3671 2301 3743; x_wconf 79' lang='lat' dir='ltr'><strong>(Amos</strong></span> <span class='ocrx_word' id='word_1_666' title='bbox 2334 3670 2474 3743; x_wconf 89' lang='lat' dir='ltr'><strong>vm).</strong></span> <span class='ocrx_word' id='word_1_667' title='bbox 2505 3672 2827 3743; x_wconf 82' lang='lat' dir='ltr'><strong>Lampades,</strong></span> <span class='ocrx_word' id='word_1_668' title='bbox 2848 3688 3011 3745; x_wconf 84' lang='lat' dir='ltr'><strong>opera</strong></span> <span class='ocrx_word' id='word_1_669' title='bbox 3028 3675 3269 3744; x_wconf 75' lang='lat' dir='ltr'><strong>justitizr,</strong></span> <span class='ocrx_word' id='word_1_670' title='bbox 3299 3688 3358 3731; x_wconf 90' lang='lat' dir='ltr'><strong>ut</strong></span> <span class='ocrx_word' id='word_1_671' title='bbox 3386 3679 3437 3731; x_wconf 89' lang='lat' dir='ltr'><strong>in</strong></span> <span class='ocrx_word' id='word_1_672' title='bbox 3464 3679 3704 3749; x_wconf 82' lang='lat' dir='ltr'><strong>Evange-</strong></span> 
     </span>
    </p>
   </div>
   <div class='ocr_carea' id='block_1_82' title="bbox 2120 3752 3704 3836">
    <p class='ocr_par' dir='ltr' id='par_1_82' title="bbox 2120 3752 3704 3836">
     <span class='ocr_line' id='line_1_82' title="bbox 2120 3752 3704 3836; baseline 0.004 -17"><span class='ocrx_word' id='word_1_673' title='bbox 2120 3763 2226 3819; x_wconf 88' lang='lat' dir='ltr'><strong>lio:</strong></span> <span class='ocrx_word' id='word_1_674' title='bbox 2257 3764 2582 3836; x_wconf 79' lang='lat' dir='ltr'><strong>Accipientes</strong></span> <span class='ocrx_word' id='word_1_675' title='bbox 2594 3764 2862 3836; x_wconf 80' lang='lat' dir='ltr'><strong>lampades</strong></span> <span class='ocrx_word' id='word_1_676' title='bbox 2884 3782 3009 3821; x_wconf 72' lang='lat' dir='ltr'><strong>suas</strong></span> <span class='ocrx_word' id='word_1_677' title='bbox 3029 3769 3267 3822; x_wconf 73' lang='lat' dir='ltr'><strong>exierunt</strong></span> <span class='ocrx_word' id='word_1_678' title='bbox 3290 3752 3491 3823; x_wconf 80' lang='lat' dir='ltr'><strong>obviam</strong></span> <span class='ocrx_word' id='word_1_679' title='bbox 3513 3787 3704 3834; x_wconf 75' lang='lat' dir='ltr'><strong>sponso</strong></span> 
     </span>
    </p>
   </div>
   <div class='ocr_carea' id='block_1_83' title="bbox 2119 3854 3705 3930">
    <p class='ocr_par' dir='ltr' id='par_1_83' title="bbox 2119 3854 3705 3930">
     <span class='ocr_line' id='line_1_83' title="bbox 2119 3854 3705 3930; baseline 0.003 -19"><span class='ocrx_word' id='word_1_680' title='bbox 2119 3865 2167 3911; x_wconf 88' lang='lat' dir='ltr'><strong>et</strong></span> <span class='ocrx_word' id='word_1_681' title='bbox 2188 3872 2392 3928; x_wconf 66' lang='lat' dir='ltr'><strong>sponsae</strong></span> <span class='ocrx_word' id='word_1_682' title='bbox 2421 3854 2636 3929; x_wconf 73' lang='lat' dir='ltr'><strong>(Matth.</strong></span> <span class='ocrx_word' id='word_1_683' title='bbox 2661 3855 2811 3929; x_wconf 90' lang='lat' dir='ltr'><strong>xxv).</strong></span> <span class='ocrx_word' id='word_1_684' title='bbox 2836 3856 3047 3913; x_wconf 85' lang='lat' dir='ltr'><strong>Sterilis</strong></span> <span class='ocrx_word' id='word_1_685' title='bbox 3076 3860 3302 3930; x_wconf 85' lang='lat' dir='ltr'><strong>mystice</strong></span> <span class='ocrx_word' id='word_1_686' title='bbox 3333 3868 3575 3915; x_wconf 83' lang='lat' dir='ltr'><strong>sanctam</strong></span> <span class='ocrx_word' id='word_1_687' title='bbox 3607 3861 3705 3916; x_wconf 88' lang='lat' dir='ltr'><strong>Ec-</strong></span> 
     </span>
    </p>
   </div>
   <div class='ocr_carea' id='block_1_84' title="bbox 2120 3948 3701 4023">
    <p class='ocr_par' dir='ltr' id='par_1_84' title="bbox 2120 3948 3701 4023">
     <span class='ocr_line' id='line_1_84' title="bbox 2120 3948 3701 4023; baseline 0.001 -17"><span class='ocrx_word' id='word_1_688' title='bbox 2120 3950 2340 4006; x_wconf 90' lang='lat' dir='ltr'><strong>clesiam</strong></span> <span class='ocrx_word' id='word_1_689' title='bbox 2372 3959 2500 4005; x_wconf 86' lang='lat' dir='ltr'><strong>ante</strong></span> <span class='ocrx_word' id='word_1_690' title='bbox 2527 3949 2815 4004; x_wconf 86' lang='lat' dir='ltr'><strong>adventum</strong></span> <span class='ocrx_word' id='word_1_691' title='bbox 2857 3948 3158 4007; x_wconf 85' lang='lat' dir='ltr'><strong>Salvatoris</strong></span> <span class='ocrx_word' id='word_1_692' title='bbox 3197 3951 3366 4005; x_wconf 87' lang='lat' dir='ltr'><strong>nostri</strong></span> <span class='ocrx_word' id='word_1_693' title='bbox 3413 3950 3701 4023; x_wconf 82' lang='lat' dir='ltr'><strong>signiﬁcat,</strong></span> 
     </span>
    </p>
   </div>
   <div class='ocr_carea' id='block_1_85' title="bbox 2120 4035 3701 4114">
    <p class='ocr_par' dir='ltr' id='par_1_85' title="bbox 2120 4035 3701 4114">
     <span class='ocr_line' id='line_1_85' title="bbox 2120 4035 3701 4114; baseline 0.003 -22"><span class='ocrx_word' id='word_1_694' title='bbox 2120 4045 2181 4092; x_wconf 93' lang='lat' dir='ltr'><strong>ut</strong></span> <span class='ocrx_word' id='word_1_695' title='bbox 2209 4038 2264 4092; x_wconf 88' lang='lat' dir='ltr'><strong>in</strong></span> <span class='ocrx_word' id='word_1_696' title='bbox 2295 4037 2428 4094; x_wconf 71' lang='lat' dir='ltr'><strong>leuia</strong></span> <span class='ocrx_word' id='word_1_697' title='bbox 2455 4054 2468 4091; x_wconf 89' lang='lat'><strong>:</strong></span> <span class='ocrx_word' id='word_1_698' title='bbox 2491 4035 2702 4104; x_wconf 60' lang='lat' dir='ltr'><strong>unde,</strong></span> <span class='ocrx_word' id='word_1_699' title='bbox 2727 4039 2943 4105; x_wconf 85' lang='lat' dir='ltr'><strong>sterilis,</strong></span> <span class='ocrx_word' id='word_1_700' title='bbox 2966 4055 3082 4110; x_wconf 67' lang='lat' dir='ltr'><strong>qua</strong></span> <span class='ocrx_word' id='word_1_701' title='bbox 3103 4056 3206 4096; x_wconf 82' lang='lat' dir='ltr'><strong>non</strong></span> <span class='ocrx_word' id='word_1_702' title='bbox 3232 4041 3378 4110; x_wconf 90' lang='lat' dir='ltr'><strong>paris</strong></span> <span class='ocrx_word' id='word_1_703' title='bbox 3403 4040 3540 4112; x_wconf 85' lang='lat' dir='ltr'><strong>(lsn.</strong></span> <span class='ocrx_word' id='word_1_704' title='bbox 3568 4043 3701 4114; x_wconf 82' lang='lat' dir='ltr'><strong>uv).</strong></span> 
     </span>
    </p>
   </div>
   <div class='ocr_carea' id='block_1_86' title="bbox 2119 4128 3704 4202">
    <p class='ocr_par' dir='ltr' id='par_1_86' title="bbox 2119 4128 3704 4202">
     <span class='ocr_line' id='line_1_86' title="bbox 2119 4128 3704 4202; baseline 0.004 -19"><span class='ocrx_word' id='word_1_705' title='bbox 2119 4128 2189 4183; x_wconf 89' lang='lat' dir='ltr'><strong>Et</strong></span> <span class='ocrx_word' id='word_1_706' title='bbox 2234 4129 2289 4183; x_wconf 92' lang='lat' dir='ltr'><strong>in</strong></span> <span class='ocrx_word' id='word_1_707' title='bbox 2336 4128 2587 4199; x_wconf 81' lang='lat' dir='ltr'><strong>psalmo:</strong></span> <span class='ocrx_word' id='word_1_708' title='bbox 2619 4128 2727 4195; x_wconf 83' lang='lat' dir='ltr'><strong>Qui</strong></span> <span class='ocrx_word' id='word_1_709' title='bbox 2770 4130 3007 4185; x_wconf 75' lang='lat' dir='ltr'><strong>habitare</strong></span> <span class='ocrx_word' id='word_1_710' title='bbox 3045 4131 3173 4202; x_wconf 84' lang='lat' dir='ltr'><strong>facit</strong></span> <span class='ocrx_word' id='word_1_711' title='bbox 3198 4132 3427 4188; x_wconf 86' lang='lat' dir='ltr'><strong>sterilem</strong></span> <span class='ocrx_word' id='word_1_712' title='bbox 3456 4134 3512 4188; x_wconf 91' lang='lat' dir='ltr'><strong>in</strong></span> <span class='ocrx_word' id='word_1_713' title='bbox 3550 4135 3704 4190; x_wconf 86' lang='lat' dir='ltr'><strong>domo</strong></span> 
     </span>
    </p>
   </div>
   <div class='ocr_carea' id='block_1_87' title="bbox 2122 4212 3702 4292">
    <p class='ocr_par' dir='ltr' id='par_1_87' title="bbox 2122 4212 3702 4292">
     <span class='ocr_line' id='line_1_87' title="bbox 2122 4212 3702 4292; baseline 0.006 -21"><span class='ocrx_word' id='word_1_714' title='bbox 2122 4217 2293 4290; x_wconf 86' lang='lat' dir='ltr'><strong>(Psal.</strong></span> <span class='ocrx_word' id='word_1_715' title='bbox 2317 4219 2473 4291; x_wconf 84' lang='lat' dir='ltr'><strong>exn).</strong></span> <span class='ocrx_word' id='word_1_716' title='bbox 2530 4212 2753 4275; x_wconf 79' lang='lat' dir='ltr'><strong>Femina</strong></span> <span class='ocrx_word' id='word_1_717' title='bbox 2775 4235 2903 4275; x_wconf 89' lang='lat' dir='ltr'><strong>vero</strong></span> <span class='ocrx_word' id='word_1_718' title='bbox 2928 4237 2960 4275; x_wconf 90' lang='lat' dir='ltr'><strong>a</strong></span> <span class='ocrx_word' id='word_1_719' title='bbox 2984 4223 3228 4292; x_wconf 84' lang='lat' dir='ltr'><strong>partibus</strong></span> <span class='ocrx_word' id='word_1_720' title='bbox 3249 4222 3515 4279; x_wconf 86' lang='lat' dir='ltr'><strong>femorum</strong></span> <span class='ocrx_word' id='word_1_721' title='bbox 3538 4225 3702 4292; x_wconf 76' lang='lat' dir='ltr'><strong>dicta,</strong></span> 
     </span>
    </p>
   </div>
   <div class='ocr_carea' id='block_1_88' title="bbox 2119 4310 3707 4390">
    <p class='ocr_par' dir='ltr' id='par_1_88' title="bbox 2119 4310 3707 4390">
     <span class='ocr_line' id='line_1_88' title="bbox 2119 4310 3707 4390; baseline 0.006 -26"><span class='ocrx_word' id='word_1_722' title='bbox 2119 4310 2211 4365; x_wconf 87' lang='lat' dir='ltr'><strong>ubi</strong></span> <span class='ocrx_word' id='word_1_723' title='bbox 2231 4326 2395 4366; x_wconf 85' lang='lat' dir='ltr'><strong>sexus</strong></span> <span class='ocrx_word' id='word_1_724' title='bbox 2418 4311 2629 4381; x_wconf 86' lang='lat' dir='ltr'><strong>species</strong></span> <span class='ocrx_word' id='word_1_725' title='bbox 2659 4327 2691 4366; x_wconf 89' lang='lat' dir='ltr'><strong>a</strong></span> <span class='ocrx_word' id='word_1_726' title='bbox 2719 4313 2842 4368; x_wconf 87' lang='lat' dir='ltr'><strong>viro</strong></span> <span class='ocrx_word' id='word_1_727' title='bbox 2861 4312 3227 4386; x_wconf 82' lang='lat' dir='ltr'><strong>distinguitur.</strong></span> <span class='ocrx_word' id='word_1_728' title='bbox 3251 4315 3356 4370; x_wconf 78' lang='lat' dir='ltr'><strong>Alii</strong></span> <span class='ocrx_word' id='word_1_729' title='bbox 3385 4332 3560 4388; x_wconf 68' lang='lat' dir='ltr'><strong>graeca</strong></span> <span class='ocrx_word' id='word_1_730' title='bbox 3589 4325 3707 4390; x_wconf 77' lang='lat' dir='ltr'><strong>ety-</strong></span> 
     </span>
    </p>
   </div>
   <div class='ocr_carea' id='block_1_89' title="bbox 2122 4404 3710 4480">
    <p class='ocr_par' dir='ltr' id='par_1_89' title="bbox 2122 4404 3710 4480">
     <span class='ocr_line' id='line_1_89' title="bbox 2122 4404 3710 4480; baseline 0.004 -23"><span class='ocrx_word' id='word_1_731' title='bbox 2122 4404 2350 4474; x_wconf 81' lang='lat' dir='ltr'><strong>mologia</strong></span> <span class='ocrx_word' id='word_1_732' title='bbox 2373 4404 2629 4459; x_wconf 81' lang='lat' dir='ltr'><strong>feminam</strong></span> <span class='ocrx_word' id='word_1_733' title='bbox 2659 4405 2728 4459; x_wconf 89' lang='lat' dir='ltr'><strong>ab</strong></span> <span class='ocrx_word' id='word_1_734' title='bbox 2747 4405 2899 4476; x_wconf 79' lang='lat' dir='ltr'><strong>ignea</strong></span> <span class='ocrx_word' id='word_1_735' title='bbox 2921 4406 2972 4460; x_wconf 90' lang='lat' dir='ltr'><strong>vi</strong></span> <span class='ocrx_word' id='word_1_736' title='bbox 3000 4406 3199 4461; x_wconf 89' lang='lat' dir='ltr'><strong>dictam</strong></span> <span class='ocrx_word' id='word_1_737' title='bbox 3226 4416 3439 4477; x_wconf 89' lang='lat' dir='ltr'><strong>putant,</strong></span> <span class='ocrx_word' id='word_1_738' title='bbox 3462 4409 3587 4480; x_wconf 85' lang='lat' dir='ltr'><strong>quia</strong></span> <span class='ocrx_word' id='word_1_739' title='bbox 3619 4422 3710 4464; x_wconf 84' lang='lat' dir='ltr'><strong>ve-</strong></span> 
     </span>
    </p>
   </div>
   <div class='ocr_carea' id='block_1_90' title="bbox 2124 4493 3709 4565">
    <p class='ocr_par' dir='ltr' id='par_1_90' title="bbox 2124 4493 3709 4565">
     <span class='ocr_line' id='line_1_90' title="bbox 2124 4493 3709 4565; baseline 0.004 -18"><span class='ocrx_word' id='word_1_740' title='bbox 2124 4493 2404 4550; x_wconf 86' lang='lat' dir='ltr'><strong>hementer</strong></span> <span class='ocrx_word' id='word_1_741' title='bbox 2439 4495 2796 4565; x_wconf 85' lang='lat' dir='ltr'><strong>concupiscit.</strong></span> <span class='ocrx_word' id='word_1_742' title='bbox 2822 4495 3266 4553; x_wconf 86' lang='lat' dir='ltr'><strong>Libidiniosiores</strong></span> <span class='ocrx_word' id='word_1_743' title='bbox 3291 4500 3435 4553; x_wconf 91' lang='lat' dir='ltr'><strong>enim</strong></span> <span class='ocrx_word' id='word_1_744' title='bbox 3459 4500 3592 4555; x_wconf 88' lang='lat' dir='ltr'><strong>viris</strong></span> <span class='ocrx_word' id='word_1_745' title='bbox 3627 4498 3709 4554; x_wconf 89' lang='lat' dir='ltr'><strong>fe-</strong></span> 
     </span>
    </p>
   </div>
   <div class='ocr_carea' id='block_1_91' title="bbox 440 4589 2015 4672">
    <p class='ocr_par' dir='ltr' id='par_1_91' title="bbox 440 4596 2015 4672">
     <span class='ocr_line' id='line_1_91' title="bbox 440 4596 2015 4672; baseline 0.005 -21"><span class='ocrx_word' id='word_1_746' title='bbox 440 4597 634 4651; x_wconf 69' lang='lat' dir='ltr'><strong>anima:</strong></span> <span class='ocrx_word' id='word_1_747' title='bbox 679 4596 933 4663; x_wconf 83' lang='lat' dir='ltr'><strong>ﬁdelium,</strong></span> <span class='ocrx_word' id='word_1_748' title='bbox 965 4600 1057 4654; x_wconf 90' lang='lat' dir='ltr'><strong>sed</strong></span> <span class='ocrx_word' id='word_1_749' title='bbox 1088 4600 1334 4667; x_wconf 79' lang='lat' dir='ltr'><strong>inﬁrmae,</strong></span> <span class='ocrx_word' id='word_1_750' title='bbox 1369 4602 1509 4657; x_wconf 87' lang='lat' dir='ltr'><strong>sicut</strong></span> <span class='ocrx_word' id='word_1_751' title='bbox 1556 4602 1611 4656; x_wconf 91' lang='lat' dir='ltr'><strong>in</strong></span> <span class='ocrx_word' id='word_1_752' title='bbox 1654 4599 1922 4672; x_wconf 83' lang='lat' dir='ltr'><strong>Propheta</strong></span> <span class='ocrx_word' id='word_1_753' title='bbox 1953 4604 2015 4659; x_wconf 90' lang='lat' dir='ltr'><strong>de</strong></span> 
     </span>
    </p>
   </div>
   <div class='ocr_carea' id='block_1_92' title="bbox 2117 4589 3704 4672">
    <p class='ocr_par' dir='ltr' id='par_1_92' title="bbox 2124 4589 3704 4660">
     <span class='ocr_line' id='line_1_92' title="bbox 2124 4589 3704 4660; baseline 0.001 -14"><span class='ocrx_word' id='word_1_754' title='bbox 2124 4591 2301 4646; x_wconf 85' lang='lat' dir='ltr'><strong>minas</strong></span> <span class='ocrx_word' id='word_1_755' title='bbox 2316 4602 2460 4654; x_wconf 85' lang='lat' dir='ltr'><strong>esse,</strong></span> <span class='ocrx_word' id='word_1_756' title='bbox 2504 4598 2611 4644; x_wconf 86' lang='lat' dir='ltr'><strong>tam</strong></span> <span class='ocrx_word' id='word_1_757' title='bbox 2645 4589 2698 4643; x_wconf 90' lang='lat' dir='ltr'><strong>in</strong></span> <span class='ocrx_word' id='word_1_758' title='bbox 2724 4589 3053 4653; x_wconf 87' lang='lat' dir='ltr'><strong>hominibus,</strong></span> <span class='ocrx_word' id='word_1_759' title='bbox 3088 4606 3251 4660; x_wconf 88' lang='lat' dir='ltr'><strong>quam</strong></span> <span class='ocrx_word' id='word_1_760' title='bbox 3278 4592 3332 4646; x_wconf 91' lang='lat' dir='ltr'><strong>in</strong></span> <span class='ocrx_word' id='word_1_761' title='bbox 3363 4592 3704 4647; x_wconf 86' lang='lat' dir='ltr'><strong>animalibus.</strong></span> 
     </span>
    </p>
   </div>
   <div class='ocr_carea' id='block_1_93' title="bbox 441 4681 3708 4764">
    <p class='ocr_par' dir='ltr' id='par_1_93' title="bbox 441 4681 3708 4764">
     <span class='ocr_line' id='line_1_93' title="bbox 441 4681 3708 4764; baseline 0.002 -21"><span class='ocrx_word' id='word_1_762' title='bbox 441 4688 709 4743; x_wconf 78' lang='lat' dir='ltr'><strong>lucreticis</strong></span> <span class='ocrx_word' id='word_1_763' title='bbox 756 4688 953 4743; x_wconf 89' lang='lat' dir='ltr'><strong>dicitur</strong></span> <span class='ocrx_word' id='word_1_764' title='bbox 996 4707 1010 4743; x_wconf 91' lang='lat'>:</span> <span class='ocrx_word' id='word_1_765' title='bbox 1054 4689 1300 4746; x_wconf 80' lang='lat' dir='ltr'><strong>Mulieres</strong></span> <span class='ocrx_word' id='word_1_766' title='bbox 1347 4693 1527 4763; x_wconf 88' lang='lat' dir='ltr'><strong>populi</strong></span> <span class='ocrx_word' id='word_1_767' title='bbox 1563 4694 1665 4747; x_wconf 88' lang='lat' dir='ltr'><strong>mei</strong></span> <span class='ocrx_word' id='word_1_768' title='bbox 1702 4693 1925 4764; x_wconf 87' lang='lat' dir='ltr'><strong>ejecistis</strong></span> <span class='ocrx_word' id='word_1_769' title='bbox 1955 4694 2021 4749; x_wconf 89' lang='lat' dir='ltr'><strong>de</strong></span> <span class='ocrx_word' id='word_1_770' title='bbox 2128 4684 2281 4741; x_wconf 71' lang='lat' dir='ltr'><strong>unde</strong></span> <span class='ocrx_word' id='word_1_771' title='bbox 2324 4683 2523 4738; x_wconf 71' lang='grc' dir='ltr'><strong>ηίωῖυε</strong></span> <span class='ocrx_word' id='word_1_772' title='bbox 2550 4695 2706 4736; x_wconf 65' lang='lat' dir='ltr'><strong>“mor</strong></span> <span class='ocrx_word' id='word_1_773' title='bbox 2737 4681 2874 4751; x_wconf 64' lang='lat' dir='ltr'><strong>apud</strong></span> <span class='ocrx_word' id='word_1_774' title='bbox 2906 4682 3159 4752; x_wconf 55' lang='lat' dir='ltr'><strong>antiquos</strong></span> <span class='ocrx_word' id='word_1_775' title='bbox 3186 4682 3450 4738; x_wconf 57' lang='lat' dir='ltr'><strong>femineus</strong></span> <span class='ocrx_word' id='word_1_776' title='bbox 3476 4682 3708 4738; x_wconf 47' lang='grc' dir='ltr'><strong>νοητῶν</strong></span> 
     </span>
    </p>
   </div>
   <div class='ocr_carea' id='block_1_94' title="bbox 440 4774 3704 4853">
    <p class='ocr_par' dir='ltr' id='par_1_94' title="bbox 440 4774 3704 4853">
     <span class='ocr_line' id='line_1_94' title="bbox 440 4774 3704 4853; baseline -0.002 -21"><span class='ocrx_word' id='word_1_777' title='bbox 440 4778 597 4833; x_wconf 88' lang='lat' dir='ltr'><strong>domo</strong></span> <span class='ocrx_word' id='word_1_778' title='bbox 623 4777 933 4832; x_wconf 82' lang='lat' dir='ltr'><strong>deliciarum</strong></span> <span class='ocrx_word' id='word_1_779' title='bbox 969 4796 1192 4836; x_wconf 85' lang='lat' dir='ltr'><strong>suarum</strong></span> <span class='ocrx_word' id='word_1_780' title='bbox 1218 4779 1402 4852; x_wconf 77' lang='lat' dir='ltr'><strong>(Mich.</strong></span> <span class='ocrx_word' id='word_1_781' title='bbox 1440 4780 1523 4853; x_wconf 88' lang='grc' dir='ltr'>ιι).</span> <span class='ocrx_word' id='word_1_782' title='bbox 1563 4781 1696 4837; x_wconf 86' lang='lat' dir='ltr'><strong>Item</strong></span> <span class='ocrx_word' id='word_1_783' title='bbox 1719 4783 1913 4837; x_wconf 90' lang='lat' dir='ltr'><strong>mulier</strong></span> <span class='ocrx_word' id='word_1_784' title='bbox 1933 4783 2020 4837; x_wconf 89' lang='lat' dir='ltr'><strong>vel</strong></span> <span class='ocrx_word' id='word_1_785' title='bbox 2125 4785 2234 4832; x_wconf 90' lang='lat' dir='ltr'><strong>tur.</strong></span> <span class='ocrx_word' id='word_1_786' title='bbox 2269 4775 2489 4830; x_wconf 84' lang='lat' dir='ltr'><strong>Femina</strong></span> <span class='ocrx_word' id='word_1_787' title='bbox 2519 4774 2734 4844; x_wconf 82' lang='lat' dir='ltr'><strong>quando</strong></span> <span class='ocrx_word' id='word_1_788' title='bbox 2764 4774 2817 4827; x_wconf 90' lang='lat' dir='ltr'><strong>in</strong></span> <span class='ocrx_word' id='word_1_789' title='bbox 2846 4774 3041 4828; x_wconf 91' lang='lat' dir='ltr'><strong>bonam</strong></span> <span class='ocrx_word' id='word_1_790' title='bbox 3072 4784 3278 4844; x_wconf 86' lang='lat' dir='ltr'><strong>partem</strong></span> <span class='ocrx_word' id='word_1_791' title='bbox 3309 4774 3593 4843; x_wconf 89' lang='lat' dir='ltr'><strong>accipitur,</strong></span> <span class='ocrx_word' id='word_1_792' title='bbox 3627 4774 3704 4827; x_wconf 87' lang='lat' dir='ltr'><strong>si-</strong></span> 
     </span>
    </p>
   </div>
   <div class='ocr_carea' id='block_1_95' title="bbox 439 4865 3708 4943">
    <p class='ocr_par' dir='ltr' id='par_1_95' title="bbox 439 4865 3708 4943">
     <span class='ocr_line' id='line_1_95' title="bbox 439 4865 3708 4943; baseline -0.001 -19"><span class='ocrx_word' id='word_1_793' title='bbox 439 4884 577 4925; x_wconf 87' lang='lat' dir='ltr'><strong>uxor</strong></span> <span class='ocrx_word' id='word_1_794' title='bbox 601 4866 884 4940; x_wconf 72' lang='lat' dir='ltr'><strong>sa&#39;pientia’,</strong></span> <span class='ocrx_word' id='word_1_795' title='bbox 907 4875 967 4923; x_wconf 92' lang='lat' dir='ltr'><strong>ut</strong></span> <span class='ocrx_word' id='word_1_796' title='bbox 992 4877 1077 4924; x_wconf 87' lang='lat' dir='ltr'><strong>est</strong></span> <span class='ocrx_word' id='word_1_797' title='bbox 1100 4869 1265 4925; x_wconf 85' lang='lat' dir='ltr'><strong>illud:</strong></span> <span class='ocrx_word' id='word_1_798' title='bbox 1293 4869 1496 4926; x_wconf 81' lang='lat' dir='ltr'><strong>Ltetare</strong></span> <span class='ocrx_word' id='word_1_799' title='bbox 1520 4887 1637 4925; x_wconf 79' lang='lat' dir='ltr'><strong>cum</strong></span> <span class='ocrx_word' id='word_1_800' title='bbox 1658 4871 1873 4927; x_wconf 83' lang='lat' dir='ltr'><strong>muliere</strong></span> <span class='ocrx_word' id='word_1_801' title='bbox 1899 4872 2023 4926; x_wconf 86' lang='lat' dir='ltr'><strong>ado-</strong></span> <span class='ocrx_word' id='word_1_802' title='bbox 2127 4870 2347 4943; x_wconf 87' lang='lat' dir='ltr'><strong>gniﬁcat</strong></span> <span class='ocrx_word' id='word_1_803' title='bbox 2376 4868 2599 4923; x_wconf 79' lang='lat' dir='ltr'><strong>Mariam</strong></span> <span class='ocrx_word' id='word_1_804' title='bbox 2642 4878 2872 4923; x_wconf 86' lang='lat' dir='ltr'><strong>matrem</strong></span> <span class='ocrx_word' id='word_1_805' title='bbox 2916 4866 3158 4932; x_wconf 89' lang='lat' dir='ltr'><strong>Domini,</strong></span> <span class='ocrx_word' id='word_1_806' title='bbox 3204 4867 3272 4922; x_wconf 79' lang='lat' dir='ltr'><strong>de</strong></span> <span class='ocrx_word' id='word_1_807' title='bbox 3301 4882 3404 4937; x_wconf 88' lang='lat' dir='ltr'><strong>qua</strong></span> <span class='ocrx_word' id='word_1_808' title='bbox 3437 4865 3708 4936; x_wconf 86' lang='lat' dir='ltr'><strong>Propheta</strong></span> 
     </span>
    </p>
   </div>
   <div class='ocr_carea' id='block_1_96' title="bbox 439 4956 2017 5034">
    <p class='ocr_par' dir='ltr' id='par_1_96' title="bbox 439 4956 2017 5034">
     <span class='ocr_line' id='line_1_96' title="bbox 439 4956 2017 5034; baseline 0.004 -21"><span class='ocrx_word' id='word_1_809' title='bbox 439 4958 698 5016; x_wconf 74' lang='lat' dir='ltr'><strong>lescentite</strong></span> <span class='ocrx_word' id='word_1_810' title='bbox 730 4969 835 5015; x_wconf 66' lang='lat' dir='ltr'><strong>ture</strong></span> <span class='ocrx_word' id='word_1_811' title='bbox 875 4956 1058 5034; x_wconf 85' lang='lat' dir='ltr'><strong>(Prov.</strong></span> <span class='ocrx_word' id='word_1_812' title='bbox 1082 4958 1159 5033; x_wconf 88' lang='lat' dir='ltr'><strong>v).</strong></span> <span class='ocrx_word' id='word_1_813' title='bbox 1192 4959 1315 5015; x_wconf 68' lang='lat' dir='ltr'><strong>llaec</strong></span> <span class='ocrx_word' id='word_1_814' title='bbox 1345 4961 1539 5016; x_wconf 87' lang='lat' dir='ltr'><strong>mulier</strong></span> <span class='ocrx_word' id='word_1_815' title='bbox 1566 4971 1825 5034; x_wconf 82' lang='lat' dir='ltr'><strong>genuerat</strong></span> <span class='ocrx_word' id='word_1_816' title='bbox 1860 4962 2017 5030; x_wconf 89' lang='lat' dir='ltr'><strong>ﬁlios,</strong></span> 
     </span>
    </p>
   </div>
   <div class='ocr_carea' id='block_1_97' title="bbox 440 5050 2019 5117">
    <p class='ocr_par' dir='ltr' id='par_1_97' title="bbox 440 5050 2019 5117">
     <span class='ocr_line' id='line_1_97' title="bbox 440 5050 2019 5117; baseline 0.001 -9"><span class='ocrx_word' id='word_1_817' title='bbox 440 5067 544 5108; x_wconf 91' lang='lat' dir='ltr'><strong>non</strong></span> <span class='ocrx_word' id='word_1_818' title='bbox 575 5050 733 5117; x_wconf 87' lang='lat' dir='ltr'><strong>ﬁlias,</strong></span> <span class='ocrx_word' id='word_1_819' title='bbox 778 5051 881 5107; x_wconf 89' lang='lat' dir='ltr'><strong>hoc</strong></span> <span class='ocrx_word' id='word_1_820' title='bbox 918 5059 1022 5116; x_wconf 89' lang='lat' dir='ltr'><strong>est,</strong></span> <span class='ocrx_word' id='word_1_821' title='bbox 1048 5051 1299 5116; x_wconf 80' lang='lat' dir='ltr'><strong>virtutes,</strong></span> <span class='ocrx_word' id='word_1_822' title='bbox 1327 5066 1433 5105; x_wconf 90' lang='lat' dir='ltr'><strong>non</strong></span> <span class='ocrx_word' id='word_1_823' title='bbox 1457 5050 1606 5106; x_wconf 82' lang='lat' dir='ltr'><strong>vitia.</strong></span> <span class='ocrx_word' id='word_1_824' title='bbox 1634 5052 1866 5108; x_wconf 81' lang='lat' dir='ltr'><strong>Rursum</strong></span> <span class='ocrx_word' id='word_1_825' title='bbox 1902 5070 2019 5109; x_wconf 89' lang='lat' dir='ltr'><strong>mu-</strong></span> 
     </span>
    </p>
   </div>
   <div class='ocr_carea' id='block_1_98' title="bbox 438 5141 2021 5216">
    <p class='ocr_par' dir='ltr' id='par_1_98' title="bbox 438 5141 2021 5216">
     <span class='ocr_line' id='line_1_98' title="bbox 438 5141 2021 5216; baseline 0 -18"><span class='ocrx_word' id='word_1_826' title='bbox 438 5143 541 5200; x_wconf 88' lang='lat' dir='ltr'><strong>lier</strong></span> <span class='ocrx_word' id='word_1_827' title='bbox 564 5144 617 5199; x_wconf 90' lang='lat' dir='ltr'><strong>in</strong></span> <span class='ocrx_word' id='word_1_828' title='bbox 660 5143 854 5198; x_wconf 88' lang='lat' dir='ltr'><strong>malam</strong></span> <span class='ocrx_word' id='word_1_829' title='bbox 883 5149 1094 5216; x_wconf 87' lang='lat' dir='ltr'><strong>partem</strong></span> <span class='ocrx_word' id='word_1_830' title='bbox 1124 5143 1421 5213; x_wconf 76' lang='lat' dir='ltr'><strong>accipitur:</strong></span> <span class='ocrx_word' id='word_1_831' title='bbox 1457 5141 1651 5198; x_wconf 85' lang='lat' dir='ltr'><strong>mulier</strong></span> <span class='ocrx_word' id='word_1_832' title='bbox 1679 5144 1808 5199; x_wconf 82' lang='lat' dir='ltr'><strong>urbs</strong></span> <span class='ocrx_word' id='word_1_833' title='bbox 1850 5144 2021 5216; x_wconf 84' lang='lat' dir='ltr'><strong>Baby-</strong></span> 
     </span>
    </p>
   </div>
   <div class='ocr_carea' id='block_1_99' title="bbox 438 5234 2010 5306">
    <p class='ocr_par' dir='ltr' id='par_1_99' title="bbox 438 5234 2010 5306">
     <span class='ocr_line' id='line_1_99' title="bbox 438 5234 2010 5306; baseline 0 -15"><span class='ocrx_word' id='word_1_834' title='bbox 438 5235 602 5301; x_wconf 90' lang='lat' dir='ltr'><strong>lonia,</strong></span> <span class='ocrx_word' id='word_1_835' title='bbox 627 5250 747 5305; x_wconf 79' lang='lat' dir='ltr'><strong>qua:</strong></span> <span class='ocrx_word' id='word_1_836' title='bbox 775 5236 937 5290; x_wconf 89' lang='lat' dir='ltr'><strong>totius</strong></span> <span class='ocrx_word' id='word_1_837' title='bbox 968 5234 1147 5290; x_wconf 88' lang='lat' dir='ltr'><strong>mundi</strong></span> <span class='ocrx_word' id='word_1_838' title='bbox 1184 5234 1323 5305; x_wconf 89' lang='lat' dir='ltr'><strong>gerit</strong></span> <span class='ocrx_word' id='word_1_839' title='bbox 1356 5234 1601 5306; x_wconf 83' lang='lat' dir='ltr'><strong>ﬁguram,</strong></span> <span class='ocrx_word' id='word_1_840' title='bbox 1631 5244 1689 5289; x_wconf 91' lang='lat' dir='ltr'><strong>ut</strong></span> <span class='ocrx_word' id='word_1_841' title='bbox 1724 5236 1777 5290; x_wconf 90' lang='lat' dir='ltr'><strong>in</strong></span> <span class='ocrx_word' id='word_1_842' title='bbox 1806 5235 2010 5306; x_wconf 81' lang='lat' dir='ltr'><strong>Apoca-</strong></span> 
     </span>
    </p>
   </div>
   <div class='ocr_carea' id='block_1_100' title="bbox 437 5321 2016 5396">
    <p class='ocr_par' dir='ltr' id='par_1_100' title="bbox 437 5321 2016 5396">
     <span class='ocr_line' id='line_1_100' title="bbox 437 5321 2016 5396; baseline 0.001 -17"><span class='ocrx_word' id='word_1_843' title='bbox 437 5324 574 5396; x_wconf 69' lang='lat' dir='ltr'><strong>lypsi</strong></span> <span class='ocrx_word' id='word_1_844' title='bbox 604 5341 617 5379; x_wconf 90' lang='lat'><strong>:</strong></span> <span class='ocrx_word' id='word_1_845' title='bbox 658 5321 777 5378; x_wconf 83' lang='lat' dir='ltr'><strong>Vidi</strong></span> <span class='ocrx_word' id='word_1_846' title='bbox 803 5324 1071 5379; x_wconf 85' lang='lat' dir='ltr'><strong>mulierem</strong></span> <span class='ocrx_word' id='word_1_847' title='bbox 1107 5325 1304 5379; x_wconf 83' lang='lat' dir='ltr'><strong>ebriam</strong></span> <span class='ocrx_word' id='word_1_848' title='bbox 1337 5324 1402 5379; x_wconf 88' lang='lat' dir='ltr'><strong>de</strong></span> <span class='ocrx_word' id='word_1_849' title='bbox 1432 5326 1686 5394; x_wconf 82' lang='lat' dir='ltr'><strong>sanguine</strong></span> <span class='ocrx_word' id='word_1_850' title='bbox 1717 5336 2016 5381; x_wconf 87' lang='lat' dir='ltr'><strong>sanctorum</strong></span> 
     </span>
    </p>
   </div>
   <div class='ocr_carea' id='block_1_101' title="bbox 440 5414 2016 5487">
    <p class='ocr_par' dir='ltr' id='par_1_101' title="bbox 440 5414 2016 5487">
     <span class='ocr_line' id='line_1_101' title="bbox 440 5414 2016 5487; baseline 0.003 -20"><span class='ocrx_word' id='word_1_851' title='bbox 440 5416 799 5487; x_wconf 67' lang='lat' dir='ltr'><strong>(.4poc.xvu).</strong></span> <span class='ocrx_word' id='word_1_852' title='bbox 847 5414 979 5472; x_wconf 86' lang='lat' dir='ltr'><strong>item</strong></span> <span class='ocrx_word' id='word_1_853' title='bbox 1028 5415 1235 5478; x_wconf 89' lang='lat' dir='ltr'><strong>mulier,</strong></span> <span class='ocrx_word' id='word_1_854' title='bbox 1287 5415 1536 5471; x_wconf 75' lang='lat' dir='ltr'><strong>lucretica</strong></span> <span class='ocrx_word' id='word_1_855' title='bbox 1566 5416 1825 5485; x_wconf 86' lang='lat' dir='ltr'><strong>pravitas,</strong></span> <span class='ocrx_word' id='word_1_856' title='bbox 1857 5424 1919 5470; x_wconf 94' lang='lat' dir='ltr'><strong>ut</strong></span> <span class='ocrx_word' id='word_1_857' title='bbox 1962 5417 2016 5472; x_wconf 92' lang='lat' dir='ltr'><strong>in</strong></span> 
     </span>
    </p>
   </div>
   <div class='ocr_carea' id='block_1_102' title="bbox 441 5504 2017 5577">
    <p class='ocr_par' dir='ltr' id='par_1_102' title="bbox 441 5504 2017 5577">
     <span class='ocr_line' id='line_1_102' title="bbox 441 5504 2017 5577; baseline 0.003 -19"><span class='ocrx_word' id='word_1_858' title='bbox 441 5504 727 5560; x_wconf 85' lang='lat' dir='ltr'><strong>Salomone</strong></span> <span class='ocrx_word' id='word_1_859' title='bbox 754 5525 767 5561; x_wconf 92' lang='lat'><strong>:</strong></span> <span class='ocrx_word' id='word_1_860' title='bbox 799 5506 994 5562; x_wconf 65' lang='lat' dir='ltr'><strong>Mulier</strong></span> <span class='ocrx_word' id='word_1_861' title='bbox 1031 5508 1192 5563; x_wconf 88' lang='lat' dir='ltr'><strong>stulta</strong></span> <span class='ocrx_word' id='word_1_862' title='bbox 1221 5516 1269 5561; x_wconf 89' lang='lat' dir='ltr'><strong>et</strong></span> <span class='ocrx_word' id='word_1_863' title='bbox 1300 5506 1528 5561; x_wconf 82' lang='lat' dir='ltr'><strong>clamosa</strong></span> <span class='ocrx_word' id='word_1_864' title='bbox 1562 5506 1814 5577; x_wconf 80' lang='lat' dir='ltr'><strong>plenaque</strong></span> <span class='ocrx_word' id='word_1_865' title='bbox 1845 5506 2017 5562; x_wconf 90' lang='lat' dir='ltr'><strong>illece-</strong></span> 
     </span>
    </p>
   </div>
   <div class='ocr_carea' id='block_1_103' title="bbox 440 5592 2019 5671">
    <p class='ocr_par' dir='ltr' id='par_1_103' title="bbox 440 5592 2019 5671">
     <span class='ocr_line' id='line_1_103' title="bbox 440 5592 2019 5671; baseline 0.006 -23"><span class='ocrx_word' id='word_1_866' title='bbox 440 5594 547 5649; x_wconf 85' lang='lat' dir='ltr'><strong>bris</strong></span> <span class='ocrx_word' id='word_1_867' title='bbox 578 5592 760 5666; x_wconf 84' lang='lat' dir='ltr'><strong>(Prav.</strong></span> <span class='ocrx_word' id='word_1_868' title='bbox 786 5598 884 5670; x_wconf 69' lang='grc' dir='ltr'><strong>ιχ).</strong></span> <span class='ocrx_word' id='word_1_869' title='bbox 920 5599 1049 5654; x_wconf 89' lang='lat' dir='ltr'><strong>item</strong></span> <span class='ocrx_word' id='word_1_870' title='bbox 1084 5600 1357 5664; x_wconf 87' lang='lat' dir='ltr'><strong>mulieres,</strong></span> <span class='ocrx_word' id='word_1_871' title='bbox 1389 5599 1507 5655; x_wconf 77' lang='lat' dir='ltr'><strong>duze</strong></span> <span class='ocrx_word' id='word_1_872' title='bbox 1540 5599 1745 5671; x_wconf 82' lang='lat' dir='ltr'><strong>plebes,</strong></span> <span class='ocrx_word' id='word_1_873' title='bbox 1796 5597 2019 5657; x_wconf 73' lang='lat' dir='ltr'><strong>Judaica</strong></span> 
     </span>
    </p>
   </div>
   <div class='ocr_carea' id='block_1_104' title="bbox 439 5688 2018 5758">
    <p class='ocr_par' dir='ltr' id='par_1_104' title="bbox 439 5688 2018 5758">
     <span class='ocr_line' id='line_1_104' title="bbox 439 5688 2018 5758; baseline 0.001 -15"><span class='ocrx_word' id='word_1_874' title='bbox 439 5695 605 5758; x_wconf 88' lang='lat' dir='ltr'><strong>atque</strong></span> <span class='ocrx_word' id='word_1_875' title='bbox 629 5688 879 5745; x_wconf 64' lang='grc' dir='ltr'><strong>ἤδηῑίοα</strong></span> <span class='ocrx_word' id='word_1_876' title='bbox 898 5730 911 5751; x_wconf 86' lang='grc'><strong><em>.</em></strong></span> <span class='ocrx_word' id='word_1_877' title='bbox 939 5698 993 5743; x_wconf 84' lang='grc' dir='ltr'><strong>ιιι</strong></span> <span class='ocrx_word' id='word_1_878' title='bbox 1023 5690 1076 5744; x_wconf 91' lang='lat' dir='ltr'><strong>in</strong></span> <span class='ocrx_word' id='word_1_879' title='bbox 1113 5689 1377 5745; x_wconf 80' lang='lat' dir='ltr'><strong>Zacltaria</strong></span> <span class='ocrx_word' id='word_1_880' title='bbox 1407 5709 1418 5744; x_wconf 92' lang='lat'>:</span> <span class='ocrx_word' id='word_1_881' title='bbox 1452 5689 1585 5744; x_wconf 77' lang='lat' dir='ltr'><strong>Ecce</strong></span> <span class='ocrx_word' id='word_1_882' title='bbox 1620 5691 1861 5745; x_wconf 87' lang='lat' dir='ltr'><strong>mulieres</strong></span> <span class='ocrx_word' id='word_1_883' title='bbox 1896 5690 2018 5745; x_wconf 75' lang='lat' dir='ltr'><strong>dua:</strong></span> 
     </span>
    </p>
   </div>
   <div class='ocr_carea' id='block_1_105' title="bbox 441 5779 2017 5863">
    <p class='ocr_par' dir='ltr' id='par_1_105' title="bbox 441 5779 2017 5863">
     <span class='ocr_line' id='line_1_105' title="bbox 441 5779 2017 5863; baseline 0.003 -30"><span class='ocrx_word' id='word_1_884' title='bbox 441 5790 701 5863; x_wconf 79' lang='lat' dir='ltr'><strong>portantes</strong></span> <span class='ocrx_word' id='word_1_885' title='bbox 731 5781 1030 5836; x_wconf 74' lang='lat' dir='ltr'><strong>amphoram</strong></span> <span class='ocrx_word' id='word_1_886' title='bbox 1065 5779 1246 5849; x_wconf 86' lang='lat' dir='ltr'><strong>(Zach.</strong></span> <span class='ocrx_word' id='word_1_887' title='bbox 1281 5786 1355 5851; x_wconf 71' lang='grc' dir='ltr'><strong>γ),</strong></span> <span class='ocrx_word' id='word_1_888' title='bbox 1394 5782 1445 5836; x_wconf 87' lang='lat' dir='ltr'><strong>id</strong></span> <span class='ocrx_word' id='word_1_889' title='bbox 1470 5789 1570 5863; x_wconf 78' lang='lat' dir='ltr'><strong>est,</strong></span> <span class='ocrx_word' id='word_1_890' title='bbox 1605 5782 1893 5845; x_wconf 81' lang='lat' dir='ltr'><strong>diabolum,</strong></span> <span class='ocrx_word' id='word_1_891' title='bbox 1926 5783 2017 5852; x_wconf 85' lang='lat' dir='ltr'><strong>qui</strong></span> 
     </span>
    </p>
   </div>
   <div class='ocr_carea' id='block_1_106' title="bbox 2129 4955 3703 5030">
    <p class='ocr_par' dir='ltr' id='par_1_106' title="bbox 2129 4955 3703 5030">
     <span class='ocr_line' id='line_1_106' title="bbox 2129 4955 3703 5030; baseline -0.004 -13"><span class='ocrx_word' id='word_1_892' title='bbox 2129 4962 2207 5017; x_wconf 85' lang='lat' dir='ltr'><strong>ait</strong></span> <span class='ocrx_word' id='word_1_893' title='bbox 2237 4980 2250 5013; x_wconf 87' lang='lat'><strong>:</strong></span> <span class='ocrx_word' id='word_1_894' title='bbox 2282 4958 2505 5014; x_wconf 84' lang='lat' dir='ltr'><strong>Femina</strong></span> <span class='ocrx_word' id='word_1_895' title='bbox 2531 4958 2871 5014; x_wconf 83' lang='lat' dir='ltr'><strong>circumdabit</strong></span> <span class='ocrx_word' id='word_1_896' title='bbox 2893 4959 3063 5012; x_wconf 90' lang='lat' dir='ltr'><strong>virum</strong></span> <span class='ocrx_word' id='word_1_897' title='bbox 3092 4957 3223 5030; x_wconf 81' lang='lat' dir='ltr'><strong>(Jer.</strong></span> <span class='ocrx_word' id='word_1_898' title='bbox 3250 4955 3435 5028; x_wconf 76' lang='lat' dir='ltr'><strong>xxxi);</strong></span> <span class='ocrx_word' id='word_1_899' title='bbox 3471 4966 3566 5012; x_wconf 87' lang='lat' dir='ltr'><strong>aut</strong></span> <span class='ocrx_word' id='word_1_900' title='bbox 3602 4957 3703 5011; x_wconf 86' lang='lat' dir='ltr'><strong>hu-</strong></span> 
     </span>
    </p>
   </div>
   <div class='ocr_carea' id='block_1_107' title="bbox 2122 5049 3709 5124">
    <p class='ocr_par' dir='ltr' id='par_1_107' title="bbox 2122 5049 3709 5124">
     <span class='ocr_line' id='line_1_107' title="bbox 2122 5049 3709 5124; baseline -0.005 -13"><span class='ocrx_word' id='word_1_901' title='bbox 2122 5054 2405 5111; x_wconf 86' lang='lat' dir='ltr'><strong>militatem</strong></span> <span class='ocrx_word' id='word_1_902' title='bbox 2428 5052 2812 5124; x_wconf 78' lang='lat' dir='ltr'><strong>subiectorum.</strong></span> <span class='ocrx_word' id='word_1_903' title='bbox 2837 5051 3063 5120; x_wconf 84' lang='lat' dir='ltr'><strong>Quando</strong></span> <span class='ocrx_word' id='word_1_904' title='bbox 3084 5059 3262 5105; x_wconf 88' lang='lat' dir='ltr'><strong>autem</strong></span> <span class='ocrx_word' id='word_1_905' title='bbox 3288 5052 3342 5106; x_wconf 88' lang='lat' dir='ltr'><strong>in</strong></span> <span class='ocrx_word' id='word_1_906' title='bbox 3369 5049 3565 5105; x_wconf 86' lang='lat' dir='ltr'><strong>malam</strong></span> <span class='ocrx_word' id='word_1_907' title='bbox 3586 5063 3709 5119; x_wconf 86' lang='lat' dir='ltr'><strong>par-</strong></span> 
     </span>
    </p>
   </div>
   <div class='ocr_carea' id='block_1_108' title="bbox 2121 5140 3706 5216">
    <p class='ocr_par' dir='ltr' id='par_1_108' title="bbox 2121 5140 3706 5216">
     <span class='ocr_line' id='line_1_108' title="bbox 2121 5140 3706 5216; baseline -0.003 -15"><span class='ocrx_word' id='word_1_908' title='bbox 2121 5155 2255 5212; x_wconf 90' lang='lat' dir='ltr'><strong>tem,</strong></span> <span class='ocrx_word' id='word_1_909' title='bbox 2307 5143 2575 5216; x_wconf 86' lang='lat' dir='ltr'><strong>signiﬁcat</strong></span> <span class='ocrx_word' id='word_1_910' title='bbox 2616 5143 2894 5199; x_wconf 90' lang='lat' dir='ltr'><strong>libidinem</strong></span> <span class='ocrx_word' id='word_1_911' title='bbox 2933 5142 3353 5197; x_wconf 84' lang='lat' dir='ltr'><strong>luxuriosorum.</strong></span> <span class='ocrx_word' id='word_1_912' title='bbox 3392 5140 3589 5198; x_wconf 88' lang='lat' dir='ltr'><strong>Senior</strong></span> <span class='ocrx_word' id='word_1_913' title='bbox 3622 5149 3706 5196; x_wconf 84' lang='lat' dir='ltr'><strong>est</strong></span> 
     </span>
    </p>
   </div>
   <div class='ocr_carea' id='block_1_109' title="bbox 2122 5229 3577 5291">
    <p class='ocr_par' dir='ltr' id='par_1_109' title="bbox 2122 5229 3577 5291">
     <span class='ocr_line' id='line_1_109' title="bbox 2122 5229 3577 5291; baseline -0.004 0"><span class='ocrx_word' id='word_1_914' title='bbox 2122 5236 2298 5291; x_wconf 85' lang='lat' dir='ltr'><strong>adhuc</strong></span> <span class='ocrx_word' id='word_1_915' title='bbox 2322 5235 2565 5290; x_wconf 84' lang='lat' dir='ltr'><strong>viridior.</strong></span> <span class='ocrx_word' id='word_1_916' title='bbox 2597 5233 2750 5290; x_wconf 87' lang='lat' dir='ltr'><strong>Unde</strong></span> <span class='ocrx_word' id='word_1_917' title='bbox 2777 5234 2831 5289; x_wconf 91' lang='lat' dir='ltr'><strong>in</strong></span> <span class='ocrx_word' id='word_1_918' title='bbox 2864 5243 3018 5289; x_wconf 87' lang='lat' dir='ltr'><strong>sexto</strong></span> <span class='ocrx_word' id='word_1_919' title='bbox 3048 5232 3188 5286; x_wconf 82' lang='lat' dir='ltr'><strong>libro</strong></span> <span class='ocrx_word' id='word_1_920' title='bbox 3214 5229 3436 5287; x_wconf 86' lang='lat' dir='ltr'><strong>Ovidius</strong></span> <span class='ocrx_word' id='word_1_921' title='bbox 3465 5232 3577 5287; x_wconf 91' lang='lat' dir='ltr'><strong>ait:</strong></span> 
     </span>
    </p>
   </div>
   <div class='ocr_carea' id='block_1_110' title="bbox 2305 5335 3320 5397">
    <p class='ocr_par' dir='ltr' id='par_1_110' title="bbox 2305 5335 3320 5397">
     <span class='ocr_line' id='line_1_110' title="bbox 2305 5335 3320 5397; baseline -0.008 -10"><span class='ocrx_word' id='word_1_922' title='bbox 2305 5337 2483 5387; x_wconf 82' lang='lat' dir='ltr'><strong>Senior</strong></span> <span class='ocrx_word' id='word_1_923' title='bbox 2509 5337 2636 5386; x_wconf 77' lang='lat' dir='ltr'><strong>inter</strong></span> <span class='ocrx_word' id='word_1_924' title='bbox 2656 5335 2993 5397; x_wconf 74' lang='lat' dir='ltr'><strong>iuvenemque</strong></span> <span class='ocrx_word' id='word_1_925' title='bbox 3022 5343 3320 5394; x_wconf 78' lang='lat' dir='ltr'><strong>senemque.</strong></span> 
     </span>
    </p>
   </div>
   <div class='ocr_carea' id='block_1_111' title="bbox 2096 5412 3707 5486">
    <p class='ocr_par' dir='ltr' id='par_1_111' title="bbox 2096 5412 3707 5486">
     <span class='ocr_line' id='line_1_111' title="bbox 2096 5412 3707 5486; baseline -0.005 -11"><span class='ocrx_word' id='word_1_926' title='bbox 2096 5442 2111 5449; x_wconf 87' lang='grc'><strong><em>-</em></strong></span> <span class='ocrx_word' id='word_1_927' title='bbox 2126 5418 2373 5475; x_wconf 84' lang='lat' dir='ltr'><strong>Senioris</strong></span> <span class='ocrx_word' id='word_1_928' title='bbox 2401 5427 2584 5473; x_wconf 85' lang='lat' dir='ltr'><strong>autem</strong></span> <span class='ocrx_word' id='word_1_929' title='bbox 2607 5431 2803 5472; x_wconf 87' lang='lat' dir='ltr'><strong>nomen</strong></span> <span class='ocrx_word' id='word_1_930' title='bbox 2821 5423 2915 5470; x_wconf 89' lang='lat' dir='ltr'><strong>aut</strong></span> <span class='ocrx_word' id='word_1_931' title='bbox 2939 5414 3251 5486; x_wconf 87' lang='lat' dir='ltr'><strong>dignitatem</strong></span> <span class='ocrx_word' id='word_1_932' title='bbox 3270 5412 3586 5485; x_wconf 83' lang='lat' dir='ltr'><strong>magisterii,</strong></span> <span class='ocrx_word' id='word_1_933' title='bbox 3613 5421 3707 5467; x_wconf 83' lang='lat' dir='ltr'><strong>aut</strong></span> 
     </span>
    </p>
   </div>
   <div class='ocr_carea' id='block_1_112' title="bbox 2120 5502 3706 5578">
    <p class='ocr_par' dir='ltr' id='par_1_112' title="bbox 2120 5502 3706 5578">
     <span class='ocr_line' id='line_1_112' title="bbox 2120 5502 3706 5578; baseline -0.007 -12"><span class='ocrx_word' id='word_1_934' title='bbox 2120 5511 2491 5566; x_wconf 87' lang='lat' dir='ltr'><strong>maturitatem</strong></span> <span class='ocrx_word' id='word_1_935' title='bbox 2517 5508 2725 5565; x_wconf 86' lang='lat' dir='ltr'><strong>consilii</strong></span> <span class='ocrx_word' id='word_1_936' title='bbox 2754 5507 3038 5578; x_wconf 82' lang='lat' dir='ltr'><strong>signiﬁcat.</strong></span> <span class='ocrx_word' id='word_1_937' title='bbox 3070 5505 3226 5562; x_wconf 90' lang='lat' dir='ltr'><strong>Unde</strong></span> <span class='ocrx_word' id='word_1_938' title='bbox 3255 5506 3310 5559; x_wconf 90' lang='lat' dir='ltr'><strong>in</strong></span> <span class='ocrx_word' id='word_1_939' title='bbox 3338 5502 3574 5575; x_wconf 79' lang='lat' dir='ltr'><strong>Epistols</strong></span> <span class='ocrx_word' id='word_1_940' title='bbox 3606 5516 3706 5557; x_wconf 80' lang='lat' dir='ltr'><strong>sua</strong></span> 
     </span>
    </p>
   </div>
   <div class='ocr_carea' id='block_1_113' title="bbox 2126 5594 3703 5671">
    <p class='ocr_par' dir='ltr' id='par_1_113' title="bbox 2126 5594 3703 5671">
     <span class='ocr_line' id='line_1_113' title="bbox 2126 5594 3703 5671; baseline -0.006 -16"><span class='ocrx_word' id='word_1_941' title='bbox 2126 5600 2317 5655; x_wconf 84' lang='lat' dir='ltr'><strong>Petrus</strong></span> <span class='ocrx_word' id='word_1_942' title='bbox 2359 5599 2631 5671; x_wconf 89' lang='lat' dir='ltr'><strong>apostolus</strong></span> <span class='ocrx_word' id='word_1_943' title='bbox 2667 5598 2797 5653; x_wconf 91' lang='lat' dir='ltr'><strong>dicit</strong></span> <span class='ocrx_word' id='word_1_944' title='bbox 2828 5615 2841 5649; x_wconf 89' lang='lat'>:</span> <span class='ocrx_word' id='word_1_945' title='bbox 2878 5595 3142 5659; x_wconf 86' lang='lat' dir='ltr'><strong>Seniores,</strong></span> <span class='ocrx_word' id='word_1_946' title='bbox 3175 5597 3263 5667; x_wconf 85' lang='lat' dir='ltr'><strong>qui</strong></span> <span class='ocrx_word' id='word_1_947' title='bbox 3298 5598 3353 5650; x_wconf 86' lang='lat' dir='ltr'><strong>in</strong></span> <span class='ocrx_word' id='word_1_948' title='bbox 3386 5594 3527 5649; x_wconf 82' lang='lat' dir='ltr'><strong>vobis</strong></span> <span class='ocrx_word' id='word_1_949' title='bbox 3559 5603 3703 5655; x_wconf 72' lang='lat' dir='ltr'><strong>sunt,</strong></span> 
     </span>
    </p>
   </div>
   <div class='ocr_carea' id='block_1_114' title="bbox 2125 5685 3701 5757">
    <p class='ocr_par' dir='ltr' id='par_1_114' title="bbox 2125 5685 3701 5757">
     <span class='ocr_line' id='line_1_114' title="bbox 2125 5685 3701 5757; baseline -0.006 -12"><span class='ocrx_word' id='word_1_950' title='bbox 2125 5691 2333 5745; x_wconf 82' lang='lat' dir='ltr'><strong>obsecro</strong></span> <span class='ocrx_word' id='word_1_951' title='bbox 2355 5691 2628 5745; x_wconf 87' lang='lat' dir='ltr'><strong>consenior</strong></span> <span class='ocrx_word' id='word_1_952' title='bbox 2645 5700 2692 5744; x_wconf 91' lang='lat' dir='ltr'><strong>et</strong></span> <span class='ocrx_word' id='word_1_953' title='bbox 2714 5689 2856 5743; x_wconf 74' lang='lat' dir='ltr'><strong>testis</strong></span> <span class='ocrx_word' id='word_1_954' title='bbox 2879 5687 3073 5743; x_wconf 87' lang='lat' dir='ltr'><strong>Christi</strong></span> <span class='ocrx_word' id='word_1_955' title='bbox 3092 5689 3395 5757; x_wconf 68' lang='lat' dir='ltr'><strong>passionum</strong></span> <span class='ocrx_word' id='word_1_956' title='bbox 3414 5685 3467 5757; x_wconf 79' lang='grc'><strong>(1</strong></span> <span class='ocrx_word' id='word_1_957' title='bbox 3496 5685 3610 5739; x_wconf 77' lang='lat' dir='ltr'><strong>Pet.</strong></span> <span class='ocrx_word' id='word_1_958' title='bbox 3625 5685 3701 5753; x_wconf 74' lang='lat' dir='ltr'><strong>vi.</strong></span> 
     </span>
    </p>
   </div>
   <div class='ocr_carea' id='block_1_115' title="bbox 2125 5776 3700 5853">
    <p class='ocr_par' dir='ltr' id='par_1_115' title="bbox 2125 5776 3700 5853">
     <span class='ocr_line' id='line_1_115' title="bbox 2125 5776 3700 5853; baseline -0.007 -13"><span class='ocrx_word' id='word_1_959' title='bbox 2125 5784 2192 5840; x_wconf 85' lang='lat' dir='ltr'><strong>Et</strong></span> <span class='ocrx_word' id='word_1_960' title='bbox 2220 5783 2472 5847; x_wconf 78' lang='lat' dir='ltr'><strong>Joannes,</strong></span> <span class='ocrx_word' id='word_1_961' title='bbox 2505 5783 2712 5848; x_wconf 84' lang='lat' dir='ltr'><strong>Semor,</strong></span> <span class='ocrx_word' id='word_1_962' title='bbox 2746 5777 3467 5853; x_wconf 66' lang='lat' dir='ltr'><strong>inquit,Electrtdominazuf</strong></span> <span class='ocrx_word' id='word_1_963' title='bbox 3488 5776 3700 5847; x_wconf 63' lang='lat' dir='ltr'><strong>leam).</strong></span> 
     </span>
    </p>
   </div>
  </div>
