4072 6198
364 335 468 391 ΙϐῚ

999 331 1061 388 Β.
1098 329 1352 386 MBAN!
1387 327 1608 385 MAURJ
1641 323 1961 384 ARCHIEP.
2003 316 2314 378 MOGUNT.
2354 315 2643 376 OPERUII
2677 311 2856 371 PARS
2891 311 2953 367 ll.

3515 306 3621 364 188

360 441 755 511 complectitur.
799 438 936 497 Hinc
963 442 1107 496 enim
1132 449 1380 497 exortum
1410 448 1493 496 est
1520 454 1714 495 nomen
1735 437 1934 509 patris-
1958 439 2010 496 Α
2033 432 2216 505 populi
2241 431 2428 488 ﬁdeles
2450 445 2549 501 per
2570 429 2933 502 apostolorum
2960 426 3400 499 praedicationem
3434 426 3490 480 in
3515 424 3623 482 Ec-

365 533 612 587 fatnilias.
650 531 756 600 Qui
799 540 980 586 autem
1026 532 1208 600 inique
1246 531 1601 601 ﬁominantur
1642 531 1698 582 in
1741 526 1932 589 servis,

364 625 466 678 ltoc
490 637 548 676 se
572 621 790 677 nomine
828 634 1166 690 nequaquam
1204 627 1394 690 putent
1421 619 1704 690 appellari.
1736 617 1839 684 Qui
1866 617 1941 671 sit

361 722 541 765 autem
577 709 964 781 paterfamilias
993 711 1216 781 mystice
1250 709 1650 779 intelligendus,
1682 708 1938 778 parabola

360 801 669 872 evangelica
699 801 874 865 docet,
915 815 1039 854 cum
1073 798 1147 853 ibi
1179 800 1253 853 ita
1280 799 1477 866 legitur
1504 816 1518 851 :
1544 796 1727 853 Simile
1755 807 1828 851 est
1858 815 1940 851 re-

361 910 521 965 gnum
560 892 805 949 ctelorum
838 891 1233 960 patrifamilias,
1273 891 1365 962 qui
1409 890 1534 944 exiit
1578 891 1747 961 primo
1789 906 1940 944 mane

363 986 649 1041 conducere
674 984 938 1055 operarios
963 985 1019 1037 in
1043 985 1241 1037 vineam
1261 999 1414 1036 suam
1439 979 1651 1052 (Matth.
1670 979 1784 1051 xx).
1808 979 1942 1046 Quis

361 1091 491 1131 vero
514 1073 921 1146 patrisfamilias
942 1072 1357 1127 similitudinem
1370 1071 1570 1125 rectius
1586 1077 1754 1136 tenet,
1778 1086 1940 1140 quam

363 1166 608 1221 conditor
645 1173 851 1227 noster,
882 1163 976 1233 qui
1029 1162 1173 1233 regit
1200 1177 1335 1231 quos
1361 1160 1620 1225 condidit,
1651 1168 1706 1214 et
1742 1160 1944 1215 electos

364 1270 493 1310 suos
514 1255 595 1308 sic
628 1254 683 1307 in
713 1254 816 1307 hoc
838 1251 1039 1306 mundo
1067 1249 1327 1320 possidet,
1357 1249 1513 1319 quasi
1539 1248 1809 1319 subjectos
1839 1249 1944 1303 Do-

366 1346 542 1399 minus
570 1345 625 1398 in
661 1342 860 1398 domo?
897 1342 998 1409 Qui
1026 1342 1191 1396 habet
1210 1341 1445 1404 vineam,
1469 1339 1774 1394 universam
1802 1338 1946 1392 scili-

364 1443 451 1491 cet
469 1434 788 1497 Ecclesiam,
818 1432 946 1503 quia
974 1433 1044 1487 ab
1079 1431 1216 1487 Abel
1237 1431 1387 1502 justo
1408 1445 1579 1500 usque
1605 1428 1675 1484 ad
1695 1428 1947 1483 ultimum

365 1525 616 1590 electum,
658 1525 749 1595 qui
793 1525 849 1578 in
877 1525 983 1579 ﬁne
1011 1524 1197 1578 mundi
1226 1531 1487 1578 venturus
1522 1530 1624 1587 est,
1653 1529 1782 1592 quot
1817 1535 1945 1575 san-

373 1627 491 1671 ctos
524 1615 765 1684 protulit,
789 1615 944 1684 quasi
969 1623 1050 1669 tot
1073 1613 1321 1683 palmites
1356 1612 1523 1667 misit.
1562 1607 1949 1665 Matremfami-

366 1706 470 1761 lias
494 1706 618 1761 inde
638 1706 843 1771 vocari,
871 1706 997 1775 quia
1031 1720 1128 1774 per
1164 1703 1451 1773 quamdam
1471 1701 1611 1773 juris
1632 1701 1947 1757 solemnita-

2034 522 2200 579 clesia
2232 523 2406 576 renati
2434 540 2448 575 :
2481 522 2623 576 sicut
2653 521 2731 575 ait
2762 518 3051 590 Apostolus
3085 536 3099 571 :
3141 515 3211 570 In
3247 514 3454 570 Christo
3489 513 3625 570 Jesu

2034 629 2127 684 per
2152 610 2495 682 Evangelium
2523 627 2615 681 ego
2646 627 2733 665 vos
2759 610 2915 679 genui
2941 608 2993 680 (1
3020 606 3141 663 Cor.
3167 606 3263 678 tv).
3294 606 3501 673 Quibus
3525 622 3623 677 per

2037 702 2375 765 Psalmistam
2400 698 2667 769 Domitius
2700 701 2832 755 dicit
2863 717 2875 753 :
2922 697 3124 764 Venite,
3164 697 3295 766 ﬁlii,
3333 697 3512 751 audite
3537 714 3625 754 me

2040 794 2210 868 (Psal.
2243 794 2461 865 χχχιιι).
2513 793 2670 860 Filii,
2720 793 3093 848 haereticorum
3137 790 3417 859 discipuli,
3466 799 3527 844 ut
3568 790 3621 845 in

2037 886 2137 942 Job
2166 903 2179 940 :
2214 884 2272 940 Si
2313 883 2645 955 multiplicati
2675 883 2871 952 fuerint
2897 882 2995 951 ﬁlii
3018 882 3157 953 ejus,
3186 883 3243 935 iu
3274 880 3624 951 gladioerunt

2041 975 2183 1049 (Job.
2219 977 2413 1048 xxvu).
2458 977 2613 1041 Filii,
2659 975 2874 1046 reprobi
2920 990 3109 1030 omnes
3143 992 3158 1028 :
3202 984 3264 1030 ut
3307 975 3362 1029 in
3388 975 3627 1045 Epistola

2039 1069 2265 1125 Joannis
2292 1088 2304 1123 :
2335 1069 2403 1123 In
2431 1069 2529 1123 hoc
2576 1069 2843 1139 manifesti
2868 1079 2990 1123 sunt
3035 1067 3134 1137 ﬁlii
3179 1068 3279 1123 Dei
3311 1079 3359 1123 et
3383 1068 3481 1137 ﬁlii
3509 1069 3628 1122 dia-

2042 1160 2145 1214 boli
2184 1158 2233 1231 (Ι
2262 1158 2424 1214 Joan.
2457 1159 2565 1233 ιιι).
2609 1160 2769 1226 Filia,
2807 1160 2990 1214 anima
3028 1159 3202 1215 ﬁdelis
3227 1160 3339 1214 sive
3366 1160 3626 1226 Ecclesia,

2043 1256 2105 1302 ut
2140 1248 2194 1302 in
2228 1248 2436 1317 psalmo
2465 1267 2478 1302 :
2504 1249 2664 1315 Audi,
2693 1249 2831 1318 ﬁlia,
2858 1258 2907 1304 et
2934 1249 3050 1304 uide
3071 1248 3245 1320 (Psal.
3274 1249 3441 1322 XLIV).
3477 1251 3545 1304 Et
3566 1251 3620 1304 in

2045 1338 2242 1393 malam
2258 1348 2467 1409 partem
2486 1357 2501 1397 :
2522 1338 2666 1394 Filia
2683 1339 2970 1411 Babylonis
2989 1341 3182 1394 misera
3200 1337 3368 1412 (Psal.
3385 1340 3627 1409 cxxsvt).

2045 1429 2195 1484 Filia:
2212 1470 2228 1495 ,
2259 1431 2454 1486 animae
2482 1439 2827 1498 sanctorum,
2852 1439 2915 1486 ut
2941 1431 2996 1485 in
3025 1432 3285 1502 propheta
3311 1449 3326 1485 :
3354 1431 3465 1486 Ero
3489 1433 3631 1488 vobis

2046 1519 2101 1572 in
2124 1529 2343 1588 patrem,
2370 1528 2420 1573 et
2442 1536 2528 1573 vos
2549 1521 2694 1574 eritis
2717 1520 2846 1574 mihi
2868 1522 2925 1579 in
2949 1520 3087 1590 ﬁlios
3110 1530 3156 1575 et
3182 1521 3323 1590 ﬁlias
3353 1521 3485 1593 (Jer.
3511 1522 3631 1592 vn).

2047 1608 2180 1662 Item
2206 1607 2298 1662 ﬁlii
2330 1610 2544 1679 reprobi
2561 1625 2770 1677 omnes,
2798 1619 2858 1666 ut
2883 1612 2939 1666 in
2964 1611 3102 1669 Isaia
3128 1610 3468 1683 :Prwparate
3492 1615 3634 1683 ﬁlios

2049 1701 2323 1756 occisionis
2365 1703 2422 1756 in
2467 1703 2741 1774 iniquitate
2784 1713 2995 1774 patrum
3042 1721 3258 1759 suorum
3304 1704 3445 1776 (Isa.
3490 1704 3631 1779 xw).

369 1809 478 1857 tem
500 1800 555 1856 in
584 1800 841 1854 familiam
865 1798 1080 1853 transit.
1111 1797 1329 1852 Tabulae
1354 1796 1497 1851 enim
1519 1792 1947 1850 matrimoniales
1975 1788 2022 1846 B
2048 1792 2171 1847 Filii
2201 1794 2527 1850 autemideo
2555 1795 2609 1848 in
2640 1795 2849 1865 legibus
2875 1794 3031 1850 liberi
3059 1794 3418 1875 appellantur,
3447 1804 3505 1850 ut
3530 1796 3637 1852 isto

370 1890 727 1944 instrumenta
777 1887 1063 1957 emptionis
1105 1901 1216 1941 sua:
1262 1894 1406 1941 sunt.
1459 1884 1608 1940 Alias
1656 1884 1796 1939 sicut
1833 1898 1948 1935 ma-

372 1987 525 2032 trona
572 1987 657 2031 est
705 1986 882 2031 mater
928 1975 1085 2046 primi
1126 1976 1301 2044 pueri,
1352 1975 1406 2029 id
1439 1982 1544 2041 est,
1593 1974 1748 2043 quasi
1778 1980 1949 2027 mater

370 2069 483 2123 nati
514 2081 530 2121 :
554 2068 629 2121 ita
651 2066 1058 2121 materfamilias
1080 2064 1169 2120 illa
1190 2074 1294 2131 est,
1318 2080 1438 2134 qua:
1458 2064 1638 2135 plures
1662 2064 1819 2117 enixa
1843 2071 1946 2117 est.

369 2156 504 2213 Nam
530 2156 731 2210 familia
751 2171 818 2210 ex
837 2155 1045 2211 duobus
1056 2170 1177 2210 esse
1192 2155 1399 2225 incipit.
1428 2153 1757 2224 Spiritaliter
1769 2162 1949 2208 autem

370 2256 544 2303 mater
561 2248 801 2302 omnium
828 2245 1067 2302 ﬁdelium
1086 2254 1275 2302 sancta
1296 2254 1382 2301 est
1400 2245 1662 2310 Ecclesia,
1685 2261 1806 2315 quze
1823 2259 1953 2316 quo-

373 2340 500 2395 tidie
519 2340 629 2395 Deo
657 2339 796 2394 ﬁlios
822 2348 1045 2410 generat
1072 2353 1168 2409 per
1188 2348 1527 2394 sacramenta
1547 2337 1729 2392 divina
1758 2345 1814 2392 et
1832 2351 1954 2392 ver-

374 2430 501 2485 bum
522 2429 818 2498 Evangelii.
838 2429 973 2483 ltem
993 2428 1294 2485 Jerusalem
1317 2427 1554 2484 ccelestis
1572 2437 1746 2483 mater
1766 2436 1954 2484 nostra

372 2522 607 2578 dicitur:
648 2529 707 2576 ut
738 2530 823 2575 est
856 2520 986 2575 illud
1015 2520 1069 2575 in
1100 2519 1356 2590 Apostolo
1382 2537 1395 2573 :
1438 2518 1567 2582 Illa,
1599 2520 1798 2589 inquit,
1836 2535 1952 2591 qua:

371 2628 580 2669 sursum
602 2622 675 2666 est
698 2609 1019 2677 Jerusalem,
1042 2609 1201 2665 libera
1225 2619 1454 2683 est,qute
1476 2620 1550 2664 est
1580 2620 1748 2664 mater
1775 2620 1954 2665 nostra

375 2703 519 2777 (Gal.
553 2705 649 2775 tv).
681 2702 815 2757 Nam
844 2702 1047 2757 familia
1073 2719 1173 2774 pro
1200 2703 1372 2757 servis
1397 2702 1620 2757 abusive
1642 2743 1657 2768 ,
1693 2717 1798 2756 non
1828 2716 1953 2772 pro-

376 2793 524 2863 prie,
614 2792 829 2848 dicitur.
899 2790 1062 2847 Juxta
1128 2790 1444 2862 allegoriam
1502 2798 1684 2845 autem
1750 2787 1954 2844 familia

374 2880 577 2937 Christi
611 2879 766 2951 plebs
792 2888 877 2936 est
905 2879 1239 2945 Christiana,
1271 2895 1392 2949 quae
1432 2881 1487 2934 in
1534 2886 1721 2934 sancta
1768 2892 1953 2933 versa.

376 2982 465 3028 tur
510 2974 747 3029 Ecclesia
772 3014 786 3039 ,
816 2981 877 3027 ut
911 2988 1071 3043 supra
1104 2974 1455 3029 ostendimus.
1490 2972 1645 3028 Unde
1670 2972 1866 3028 dicitur
1898 2973 1955 3028 in

374 3065 622 3119 oratione
663 3064 965 3120 sacerdotis
993 3064 1063 3119 ad
1091 3065 1375 3120 Dominum
1404 3082 1419 3118 :
1453 3063 1740 3119 Familiam
1767 3075 1911 3119 tuam
1934 3105 1950 3129 ,

373 3171 704 3228 qutvsumus,
750 3156 997 3223 Domine,
1024 3158 1270 3211 continua
1313 3159 1504 3228 pietate
1545 3158 1747 3212 custodi
1777 3171 1795 3208 :
1825 3157 1953 3227 quia

376 3246 533 3303 aliter
557 3246 720 3302 illaesa
752 3247 958 3301 servari
986 3262 1091 3301 non
1121 3254 1318 3317 potest,
1346 3248 1450 3302 nisi
1477 3245 1593 3315 ejus
1618 3248 1954 3317 protectione

374 3337 672 3392 muniatur.
703 3336 853 3391 Avus
885 3336 1056 3407 patris
1099 3345 1251 3407 pater
1284 3347 1369 3395 est
1396 3340 1464 3393 ab
1492 3354 1608 3394 aevo
1641 3340 1816 3395 dictus
1845 3380 1860 3405 ,
1899 3340 1954 3394 id

372 3435 479 3491 est,
508 3428 577 3481 ab
630 3426 969 3497 antiquitate.
1021 3427 1261 3483 Proavus
1316 3428 1403 3482 avi
1451 3438 1605 3498 pater
1646 3439 1770 3494 est,
1800 3429 1953 3499 quasi

374 3531 540 3587 prope
565 3531 744 3570 avum.
774 3517 991 3572 Abavus
1021 3517 1202 3587 proavi
1233 3525 1388 3586 pater
1406 3518 1519 3588 jam
1549 3518 1705 3588 longe
1732 3519 1800 3572 ab
1828 3533 1949 3572 avo.

380 3610 584 3662 Atavus
612 3608 766 3662 abavi
804 3617 974 3677 pater.
1007 3608 1262 3663 'l‘ritavus
1288 3610 1431 3663 atavi
1472 3619 1648 3679 pater,
1686 3610 1841 3679 quasi
1868 3618 1950 3664 te-

379 3705 600 3759 travus,
651 3697 703 3750 id
731 3705 833 3762 est,
864 3706 1090 3766 quartus
1132 3713 1295 3768 supra
1346 3714 1527 3752 avum.
1570 3696 1677 3753 Sed
1724 3697 1954 3753 tritavus

377 3787 625 3843 ultimum
651 3788 984 3858 cognationis
1005 3803 1202 3844 nomen
1225 3797 1326 3843 est.

990 3900 1215 3957 CAPUT
1253 3900 1336 3955 lll.

837 3988 915 4044 De
943 3990 1211 4044 ordinibus
1239 3990 1491 4060 ﬁliorum.

444 4078 871 4150 Quadripartitus
910 4088 994 4134 est
1026 4088 1206 4134 autem
1243 4079 1377 4135 ordo
1411 4078 1645 4133 ﬁliorum
1683 4078 1759 4132 ita
1789 4095 1802 4131 :
1837 4078 1956 4133 uni-

371 4168 603 4238 genitus,
638 4169 1045 4240 primogenitus,
1088 4170 1317 4236 medius,
1357 4170 1702 4225 novissimus.
1748 4168 1956 4224 Primo.

370 4264 602 4327 genitus,
646 4267 772 4312 ante
805 4272 965 4326 quem
1001 4256 1177 4312 nullus
1221 4275 1234 4311 :
1277 4258 1606 4329 unigenitus,
1638 4264 1761 4327 post
1792 4272 1952 4327 quem

371 4346 548 4401 nullus
577 4366 590 4401 :
622 4349 852 4413 medius,
884 4349 1022 4403 inter
1050 4363 1240 4404 omnes
1267 4366 1279 4402 :
1310 4350 1654 4414 novissimus,
1692 4360 1811 4417 post
1839 4365 1955 4404 om-

371 4452 486 4502 nes,
518 4438 654 4492 idem
677 4447 733 4492 et
764 4439 1020 4494 minimus
1047 4454 1077 4493 a
1106 4440 1354 4495 monade.
1389 4440 1727 4495 Novissimus
1746 4450 1948 4508 autem,
1980 4478 2029 4536 Β

369 4533 587 4594 propter
623 4527 767 4595 quod
807 4541 996 4593 novus,
1041 4528 1167 4597 quia
1195 4528 1378 4583 caeteri
1421 4529 1771 4598 prmcedendo
1812 4532 1953 4585 anti-

369 4618 587 4685 quiores
631 4618 887 4672 existunt.
931 4619 1176 4686 Quatuor
1212 4620 1377 4676 etiam
1424 4622 1597 4677 modis
1634 4622 1728 4676 ﬁlii
1773 4623 1952 4693 appel-

371 4705 552 4759 lantur
598 4722 612 4757 :
661 4715 890 4769 natura,
940 4708 1268 4773 imitatione,
1314 4709 1629 4779 adoptione,
1681 4712 1947 4767 doctrina.

372 4793 574 4848 Natura
610 4794 770 4849 veluti
799 4812 921 4850 cum
951 4797 1203 4852 dicuntur
1233 4799 1324 4853 ﬁlii
1350 4799 1581 4855 Abrahae
1606 4799 1794 4855 Judaei.
1825 4801 1953 4881 lmi-

372 4887 594 4950 tatione,
626 4896 685 4941 ut
720 4888 888 4956 ipsius
924 4887 1152 4945 Abrahae
1190 4890 1346 4956 ﬁdem
1380 4892 1653 4947 imitantes
1685 4907 1751 4946 ex
1780 4893 1954 4963 genti-

370 4978 470 5034 bus
493 4979 702 5035 dicente
729 4980 1017 5049 Evattgelio
1047 4999 1062 5034 :
1104 4979 1293 5037 Potens
1327 4993 1399 5038 est
1432 4984 1569 5037 Deus
1598 4984 1661 5037 de
1689 4982 1949 5052 lapidibus

368 5067 481 5122 istis
523 5071 775 5123 suscitare
817 5069 953 5139 ﬁlios
999 5071 1223 5126 Abralue
1269 5072 1483 5143 (Matth.
1528 5072 1639 5144 ut);
1688 5072 1770 5126 vel
1811 5073 1952 5127 sicut

370 5161 587 5217 eosdem
641 5160 853 5217 Judaeos
907 5162 1167 5218 Dominus
1218 5164 1356 5219 ﬁlios
1402 5178 1523 5219 esse
1572 5164 1703 5219 dicit
1751 5164 1947 5219 diaboli

368 5251 550 5324 (Joan.
577 5251 724 5322 vttt),
767 5268 797 5306 a
825 5268 931 5323 quo
958 5268 1065 5307 non
1092 5255 1233 5319 nati,
1274 5254 1366 5308 sed
1394 5269 1555 5323 quem
1583 5253 1794 5308 fuerant
1825 5253 1947 5307 inti-

369 5342 484 5395 tati.
526 5340 827 5411 Adoptione
850 5358 1082 5414 quoque,
1119 5344 1262 5414 quod
1304 5344 1537 5399 humana
1566 5344 1953 5400 consuetudine

368 5429 500 5483 nulli
540 5429 665 5485 licet
704 5432 911 5486 nescire
941 5447 957 5486 :
985 5433 1068 5486 vel
1107 5432 1248 5487 sicut
1280 5447 1381 5486 nos
1422 5431 1550 5495 Deo,
1591 5447 1697 5486 non
1737 5440 1950 5507 natura,

369 5519 464 5574 sed
493 5521 776 5590 adoptione
805 5523 1035 5579 dicimus
1063 5542 1075 5576 :
1115 5523 1271 5577 Pater
1296 5533 1491 5588 noster,
1528 5524 1620 5595 qui
1653 5542 1706 5578 es
1733 5525 1785 5578 in
1814 5523 1953 5578 caelis

372 5607 584 5675 (Matth.
626 5612 723 5682 v1).
771 5613 1055 5677 Doctrina,
1106 5615 1245 5668 sicut
1294 5616 1584 5685 Apostolus
1636 5616 1774 5670 ﬁlios
1825 5630 1953 5671 suos

372 5700 602 5771 appellat
645 5716 762 5766 cos,
816 5703 1010 5772 quibus
1056 5702 1400 5775 Evangeliutn
1451 5705 1781 5775 praedicavit.
1834 5703 1953 5759 Filii

2047 1883 2307 1938 vocabulo
2335 1892 2687 1939 secernantur
2725 1900 2757 1939 a
2799 1886 2972 1940 servis
3001 1903 3013 1939 :
3046 1886 3171 1955 quia
3201 1886 3339 1940 sicut
3366 1902 3554 1943 servus
3577 1887 3637 1944 in

2048 1982 2312 2043 potestate
2335 1983 2420 2030 est
2445 1975 2676 2041 Domini,
2703 1976 2784 2031 sic
2810 1976 2952 2032 ﬁlius
2977 1977 3032 2031 in
3057 1985 3320 2047 potestate
3340 1986 3425 2033 est
3444 1980 3633 2048 patris.

2048 2064 2177 2120 Inde
2206 2066 2371 2119 etiam
2399 2066 2459 2119 ﬁt
2490 2066 2599 2121 ﬁlio
2625 2068 3005 2137 emancipatio,
3035 2076 3097 2122 ut
3124 2068 3196 2122 sit
3219 2068 3358 2123 liber
3382 2076 3592 2139 apatte
3618 2088 3635 2126 ι

2050 2156 2193 2229 sicut
2218 2155 2279 2210 ﬁt
2307 2171 2465 2212 servo
2493 2173 2655 2212 manu
2699 2159 2969 2224 remissio,
3010 2167 3071 2213 ut
3113 2159 3185 2214 sit
3216 2159 3442 2215 libertus
3475 2176 3506 2215 a
3534 2161 3639 2217 Do-

2051 2248 2218 2304 mino.
2255 2248 2387 2303 Item
2413 2249 2571 2304 liberi
2600 2250 2758 2313 dicti,
2789 2251 2881 2321 qui
2909 2267 2976 2306 ex
3006 2250 3175 2307 libero
3201 2260 3327 2307 sunt
3358 2254 3640 2309 matrimo-

2052 2340 2143 2395 nio
2170 2340 2297 2394 orti.
2328 2339 2463 2395 Nam
2491 2339 2583 2394 lilii
2609 2356 2677 2395 ex
2701 2340 2873 2396 libero
2899 2350 2956 2396 et
2984 2342 3178 2396 ancilla
3209 2343 3421 2398 servilis
3454 2345 3640 2399 condi-

2053 2431 2215 2487 tionis
2255 2440 2382 2486 sunt
2410 2448 2424 2486 ;
2454 2447 2668 2503 semper
2703 2433 2848 2487 enim
2887 2434 2978 2503 qui
3016 2435 3273 2499 nascitur,
3314 2434 3635 2491 deteriorem

2052 2523 2292 2593 parentis
2313 2532 2512 2578 statum
2548 2524 2731 2578 sumit.
2761 2524 3044 2580 Naturales
3075 2535 3253 2580 autem
3280 2526 3533 2581 dicuntur
3558 2528 3640 2581 in-

2053 2627 2352 2683 genuarum
2387 2614 2810 2668 concubinarum
2846 2614 2969 2681 lilii,
3004 2631 3140 2685 quos
3167 2616 3280 2671 sola
3315 2625 3510 2671 natura
3543 2632 3639 2688 ge~

2055 2706 2203 2769 nuit,
2249 2721 2357 2759 non
2406 2707 2662 2762 honestas
2704 2705 2971 2778 conjugii,
3016 2709 3155 2763 idem
3199 2710 3352 2779 pueri
3398 2725 3429 2764 a
3472 2711 3637 2780 pube.

2022 2792 2519 2867 ’Adoptivus-ﬁlius
2545 2807 2657 2865 est,
2694 2800 2785 2869 qui
2811 2808 2905 2853 aut
2932 2809 3085 2869 patre
3109 2799 3260 2867 justo
3289 2810 3385 2854 aut
3410 2816 3512 2857 avo
3542 2808 3637 2856 aut

2000 2940 2011 2949 ,
2054 2901 2258 2958 proavo
2279 2885 2431 2955 cujus
2454 2895 2722 2956 potestate
2756 2903 2850 2957 per
2876 2888 3330 2959 mancipationem
3358 2899 3442 2945 est
3466 2890 3637 2946 tradi-

2056 2983 2143 3030 tus
2167 2977 2220 3029 in
2245 2976 2475 3031 alienam
2502 2984 2841 3045 potestatem,
2863 2978 2953 3047 qui
2980 2979 3258 3048 utriusque
3286 2977 3390 3033 fert
3413 2995 3632 3047 nomen,

2057 3072 2118 3119 ut
2147 3064 2345 3120 Fabius
2378 3066 2623 3131 Emilius,
2654 3066 2739 3122 vel
2769 3067 2950 3137 Scipio
2983 3067 3260 3123 Paulinus.
3294 3069 3515 3140 Mystice
3543 3087 3639 3126 au-

1981 3136 2027 3197 C
2056 3163 2163 3210 tem
2205 3156 2445 3226 adoptivi
2484 3156 2576 3211 lilii
2616 3136 2988 3229 intelliguntur
3013 3173 3134 3214 esse
3161 3136 3473 3225 Christiani,
3503 3176 3640 3232 quos
3685 3163 3696 3171 ’

2052 3245 2193 3300 Deus
2240 3244 2402 3299 Pater
2453 3246 2673 3301 mittens
2707 3247 3040 3317 unigenitum
3086 3247 3283 3303 Filium
3326 3265 3480 3304 suum
3534 3251 3637 3304 im-

2053 3350 2241 3390 mensa
2283 3336 2454 3406 gratia
2496 3352 2593 3406 per
2630 3336 2862 3407 Spiritus
2904 3340 3076 3393 sancti
3120 3340 3319 3395 donum
3361 3341 3415 3394 in
3460 3341 3638 3396 locum

2053 3427 2329 3496 adoptavit
2366 3427 2617 3482 ﬁliorum.
2654 3428 2807 3484 Unde
2843 3440 2899 3485 et
2933 3430 3222 3500 Apostolus
3258 3432 3325 3485 ad
3354 3433 3641 3488 credentes

2053 3516 2129 3571 ait
2155 3534 2168 3570 :
2195 3517 2262 3570 At
2284 3518 2371 3572 ubi
2389 3519 2522 3573 venit
2542 3517 2810 3588 plenitudo
2828 3521 3093 3590 temporis,
3120 3522 3259 3576 misit
3277 3521 3419 3577 Deus
3442 3522 3639 3578 Filium

2054 3622 2239 3671 suum,
2281 3608 2477 3676 factum
2514 3625 2579 3662 ea:
2614 3608 2854 3674 muliere,
2892 3611 3091 3680 factum
3125 3613 3221 3667 sub
3277 3613 3405 3685 lege,
3450 3625 3507 3668 ut
3550 3632 3638 3671 eos

2052 3702 2140 3770 qui
2173 3701 2267 3754 sub
2310 3702 2420 3772 lege
2458 3704 2949 3767 erant,‘redimeret
2988 3720 3007 3758 :
3049 3713 3106 3758 ut
3141 3705 3474 3776 adoptionem
3502 3688 3640 3776 ﬁlio-

2054 3808 2171 3846 rum
2206 3793 2567 3863 reciperemus.
2606 3794 2868 3859 Quoniam
2896 3806 3071 3851 autem
3103 3798 3226 3854 estis
3252 3799 3352 3868 ﬁlii
3381 3800 3508 3867 Dei,
3541 3804 3642 3856 mi-

2053 3886 2120 3940 sit
2155 3885 2295 3939 Deus
2325 3884 2577 3955 Spiritum
2613 3885 2741 3940 Filii
2773 3888 2856 3941 sui
2884 3890 2941 3943 in
2968 3890 3129 3944 corda
3164 3901 3368 3957 nostra,
3401 3891 3640 3947 claman-

2054 3987 2175 4041 tem,
2203 3977 2335 4030 abba
2370 3974 2546 4030 Pater.
2571 3975 2757 4047 Itaque
2774 3978 2892 4047 jam
2919 3996 3021 4033 non
3044 3989 3118 4034 est
3140 3997 3341 4047 seruus,
3367 3983 3457 4036 sed
3470 3981 3637 4052 ﬁlius.

2056 4068 2209 4134 Quod
2239 4069 2285 4121 si
2309 4068 2472 4137 ﬁlius,
2502 4084 2551 4121 et
2585 4069 2752 4123 lateres
2787 4086 2880 4139 per
2915 4070 3081 4125 Deum
3108 4069 3250 4143 (Gal.
3291 4074 3387 4145 tv).
3427 4074 3639 4130 Gemini

2054 4171 2181 4217 sunt
2216 4177 2323 4217 non
2353 4162 2458 4216 duo
2489 4171 2695 4217 tantum
2731 4163 2889 4218 simul
2919 4165 3032 4219 nati
3054 4204 3069 4229 ,
3109 4166 3203 4220 sed
3237 4168 3399 4221 etiam
3436 4166 3635 4236 plures.

2054 4256 2130 4310 De
2159 4255 2386 4326 geminis
2425 4263 2604 4310 autem
2642 4270 2780 4310 unus
2812 4256 3085 4311 abortivus
3120 4271 3137 4309 :
3176 4257 3333 4324 alter,
3372 4259 3462 4327 qui
3502 4258 3636 4327 legi-

2055 4347 2186 4400 time
2205 4352 2366 4398 natus
2388 4343 2567 4410 fuerit,
2593 4344 2833 4414 volpicus
2858 4346 3185 4437 nominatur.
3215 4345 3428 4401 Gemini
3452 4356 3633 4401 autem

2056 4434 2112 4488 in
2143 4433 2436 4503 Scripturis
2464 4432 2618 4501 juxta
2646 4434 2954 4505 allegoriam
2981 4436 3086 4490 duo
3102 4432 3289 4507 populi
3325 4437 3635 4506 intelligun-

2057 4530 2164 4586 tur,
2206 4524 2306 4576 hoc
2328 4531 2440 4587 est,
2475 4522 2782 4578 Judmorum
2823 4531 2880 4578 et
2914 4524 3212 4593 gentilium.
3252 4525 3360 4581 llos
3389 4529 3637 4597 praeﬁgu-

2052 4613 2247 4668 rabant
2285 4614 2360 4669 illi
2403 4616 2602 4684 gemini
2638 4615 2928 4682 Rebeccae,
2966 4632 3103 4687 quos
3134 4618 3318 4686 genuit
3357 4618 3505 4673 Isaac
3543 4636 3637 4689 pa-

2052 4705 2320 4760 triarchae.
2364 4706 2517 4762 Unde
2558 4708 2672 4776 ipsa
2722 4706 2964 4763 Rebecca
3002 4708 3128 4763 dum
3176 4709 3534 4779 perrexisset,
3578 4719 3639 4764 ut

2052 4796 2301 4849 adoraret
2337 4804 2392 4850 et
2419 4797 2727 4852 consuleret
2755 4796 3060 4861 Dominum,
3112 4797 3216 4851 tale
3244 4797 3311 4851 ab
3334 4812 3400 4851 eo
3429 4798 3638 4866 accepit

2052 4901 2377 4967 responsuml
2412 4904 2424 4938 :
2471 4885 2604 4939 Dua:
2638 4896 2809 4955 gentes
2846 4886 2899 4939 in
2938 4896 3083 4939 utero
3126 4895 3214 4939 tuo
3250 4896 3417 4939 sunt:
3448 4895 3496 4940 et
3529 4886 3635 4941 duo

2052 4972 2231 5046 populi
2264 4990 2328 5027 ea:
2366 4983 2535 5028 uentre
2562 4982 2651 5028 tuo
2687 4974 3003 5038 dividentur,
3044 4974 3363 5043 populusque
3385 4974 3635 5045 populum

2054 5063 2338 5134 superabit,
2360 5072 2406 5117 et
2432 5064 2605 5133 major
2623 5064 2805 5118 serviet
2830 5064 3021 5117 minori
3044 5061 3195 5133 (Cen.
3223 5063 3372 5135 xxv).
3402 5064 3552 5131 Quod
3578 5075 3634 5121 et

2054 5153 2210 5208 aliter
2247 5153 2402 5223 juxta
2445 5152 2797 5223 trepologiam
2845 5154 3063 5225 intelligi
3110 5162 3305 5224 potest.
3356 5153 3633 5224 Siquidem

2054 5253 2110 5300 et
2137 5245 2190 5299 in
2213 5244 2437 5315 singulis
2460 5244 2615 5298 nobis
2644 5244 2746 5298 hoc
2776 5244 2877 5299 dici
2908 5254 3104 5313 potest,
3132 5244 3273 5313 quod
3298 5244 3416 5299 dum
3445 5254 3632 5316 gentes

2054 5350 2108 5395 et
2136 5339 2244 5393 duo
2276 5339 2455 5410 populi
2485 5339 2593 5392 sint
2622 5338 2761 5391 intra
2793 5353 2913 5403 nos,
2944 5338 3195 5392 vitiorum
3222 5337 3427 5392 scilicet
3461 5344 3625 5406 atque

2050 5429 2329 5483 virtutum.
2382 5427 2487 5483 Sed
2531 5428 2634 5482 iste
2672 5427 2850 5481 minor
2886 5435 2987 5492 est,
3036 5426 3124 5481 ille
3171 5425 3359 5495 major.
3408 5426 3635 5499 Semper

2052 5523 2196 5578 enim
2226 5521 2407 5592 plures
2435 5529 2561 5575 sunt
2585 5519 2736 5586 mali,
2767 5534 2929 5588 quam
2953 5518 3099 5582 boni,
3134 5527 3190 5574 et
3220 5519 3353 5573 vitia
3376 5534 3632 5575 numero-

2052 5614 2195 5668 siora
2236 5621 2361 5667 sunt
2403 5612 2691 5667 virtutibus
2721 5628 2735 5664 :
2764 5611 2862 5666 sed
2902 5618 3081 5665 tamen
3113 5619 3167 5667 et
3195 5612 3247 5665 in
3278 5611 3435 5667 nobis
3458 5611 3633 5682 gratia

2052 5702 2146 5765 Dei
2177 5700 2402 5773 populus
2435 5700 2688 5770 pupulum
2722 5707 2940 5770 superat
2960 5741 2974 5761 .
3011 5708 3065 5755 et
3098 5702 3270 5772 major
3298 5700 3495 5756 serviet
3526 5701 3630 5756 nti-
