4072 6198
399 367 503 425 189

1357 359 1445 414 DE
1480 351 1825 415 UNIVERSO
1860 351 2036 409 ΗΒΚ)
2077 346 2242 403 XXII.
2280 377 2350 387 —
2386 347 2515 403 LIB.
2560 344 2671 402 VII.

3560 342 3665 400 l90

391 484 535 540 nori.
579 480 794 539 Serviet
830 479 977 535 enim
1006 492 1133 533 caro
1168 474 1410 547 spiritui,
1437 483 1494 529 et
1530 475 1658 528 vitia
1686 471 1974 527 virtutibus
2002 472 2051 531 Α
2077 461 2200 516 talis
2237 462 2291 515 in
2331 460 2435 515 ﬁde
2471 469 2526 516 et
2566 460 2724 515 bonis
2760 458 3013 529 operibus
3052 456 3347 530 conjungit.
3389 457 3543 526 Quod
3584 459 3659 515 ibi

391 575 616 631 cedunt.
656 569 985 635 Posthumus
1023 576 1247 621 vocatur
1288 579 1354 619 eo
1383 562 1525 634 quod
1566 570 1689 633 post
1711 560 1977 615 humatio-

388 682 520 722 nem
559 664 732 735 patris
762 661 1026 723 nascitur,
1064 658 1118 712 id
1141 665 1225 712 est
1251 665 1369 726 post
1394 655 1618 710 obitum.
1659 653 1764 707 Iste
1804 660 1858 705 et
1885 651 1978 705 de-

388 756 562 812 functi
608 768 802 809 nomen
843 750 1070 820 azcepit.
1121 746 1212 802 Sic
1248 747 1391 802 enim
1433 746 1522 801 lex
1558 744 1746 807 voluit,
1788 752 1847 797 ut
1885 742 1975 811 qui

388 845 648 901 defuncto
688 840 949 902 nascitur,
994 836 1233 894 defuncti
1262 838 1478 891 nomine
1517 834 1831 905 appelletur.
1872 832 1976 886 No-

390 938 521 991 thus
558 935 773 994 dicitur,
807 932 900 1001 qui
942 931 1010 984 de
1050 938 1203 999 patre
1243 928 1405 984 nobili
1446 936 1501 981 et
1540 935 1712 981 matre
1757 924 1974 995 ignobili

386 1027 653 1097 gignitur,
686 1023 825 1078 sicut
852 1036 919 1075 ex
946 1020 1266 1076 concubina.
1300 1019 1394 1074 Est
1422 1026 1599 1072 autem
1634 1016 1739 1071 hoc
1780 1030 1975 1069 nomen

386 1114 661 1179 Gnaeum,
690 1120 747 1167 et
780 1113 834 1166 in
862 1110 1131 1165 latinitate
1160 1107 1373 1163 defecit.
1404 1107 1539 1162 Huic
1566 1105 1868 1160 contrarius
1894 1112 1978 1158 est

389 1204 628 1276 spurius,
659 1204 751 1273 qui
778 1202 847 1257 de
875 1209 1046 1255 matre
1083 1199 1245 1254 nobili
1273 1206 1328 1252 et
1363 1207 1516 1267 patre
1554 1196 1771 1268 ignobili
1802 1196 1976 1249 nasci-

390 1300 504 1347 tur.
534 1291 668 1346 ltem
691 1291 907 1361 spurius
928 1298 1084 1358 patre
1106 1288 1332 1352 incerto,
1362 1296 1535 1341 matre
1557 1286 1715 1340 vidua
1742 1285 1973 1356 genitus,

386 1382 535 1437 velut
569 1389 777 1436 tantum
805 1380 973 1450 spurii
1000 1378 1143 1434 ﬁlius
1171 1396 1185 1433 :
1217 1378 1343 1447 quia
1378 1376 1697 1431 muliebrem
1728 1386 1974 1431 naturam

387 1482 603 1528 veteres
622 1472 864 1542 spuriam
882 1470 1164 1526 vocabant.
1192 1468 1383 1523 Latine
1405 1475 1580 1522 autem
1608 1466 1799 1536 spurii,
1820 1465 1972 1535 quasi

386 1572 545 1619 extra
572 1563 888 1633 puritatem,
917 1560 969 1614 id
995 1570 1081 1616 est
1100 1561 1254 1629 quasi
1277 1558 1560 1614 immundi.
1583 1558 1807 1628 Legitur
1830 1558 1974 1613 enim

386 1654 445 1707 in
474 1653 614 1708 libro
637 1652 844 1724 Regum
868 1652 948 1706 vir
963 1652 1195 1721 spurius,
1220 1650 1426 1703 nomine
1448 1645 1675 1711 Goliath,
1700 1647 1764 1700 de
1788 1647 1973 1700 castris

387 1742 797 1797 Philistinorum
838 1741 1171 1812 processisse,
1213 1754 1365 1810 quem
1410 1737 1578 1791 David
1623 1738 1767 1802 vicit,
1821 1745 1974 1806 atque

2081 563 2435 618 monstratur,
2472 552 2560 607 ubi
2604 550 2788 607 ﬁdeles
2825 550 2892 605 de
2926 550 3173 622 gentibus
3207 565 3390 605 semen
3427 550 3660 605 Abrahm

2078 653 2480 714 nuncupantur.
2549 642 2703 697 Unde
2746 640 3034 710 Apostolus
3078 638 3206 696 dicit
3247 660 3260 694 :
3314 640 3437 695 Non
3485 657 3661 696 omnes

2076 733 2167 804 qui
2205 750 2269 787 ea:
2306 733 2569 787 Abraham
2610 733 2719 785 nati
2764 740 2903 796 sunt,
2929 731 3029 799 ﬁlii
3069 730 3318 784 dicuntur
3355 730 3661 787 Abraham:

2076 825 2168 879 sed
2204 826 2293 897 qui
2330 841 2394 878 ea:
2430 824 2536 894 ﬁde
2573 823 2809 891 Abralue
2832 835 2983 888 sunt,
3025 822 3104 877 illi
3134 823 3463 876 restituantur
3487 824 3541 876 in
3574 839 3660 877 se-

2076 918 2215 971 mine
2241 932 2259 969 :
2286 918 2535 988 quoniam
2562 917 2650 987 qui
2683 933 2747 970 ea:
2767 916 2871 984 ﬁde
2891 924 3032 981 sunt,
3060 914 3141 968 illi
3166 914 3268 984 ﬁlii
3291 925 3413 969 sunt
3439 916 3661 969 Abraha:

2078 1006 2255 1078 (Rom.
2300 1007 2399 1079 ιχ).
2445 1007 2684 1061 Proximi
2725 1017 2905 1062 autem
2954 1007 3179 1078 mystice
3222 1006 3326 1061 fide
3370 1007 3661 1077 propinqui

2077 1097 2485 1166 intelliguntur:
2515 1105 2576 1151 ut
2616 1107 2700 1153 est
2744 1098 2873 1151 illud
2918 1098 2971 1152 in
3020 1096 3348 1153 Salomone:
3390 1095 3566 1152 Venite
3612 1105 3662 1151 et

2075 1190 2387 1245 manducate
2411 1201 2459 1245 et
2498 1192 2652 1246 bibite
2679 1201 2725 1245 et
2755 1193 3109 1259 inebriamini,
3134 1194 3360 1263 proximi
3391 1192 3543 1264 (Sap.
3573 1193 3657 1263 ιι).

2079 1282 2286 1347 Vicini,
2332 1284 2647 1353 propinqui,
2696 1292 2755 1337 ut
2792 1284 2843 1337 in
2884 1284 3110 1338 Exodo:
3148 1285 3387 1338 Assumet
3432 1286 3660 1338 vicinum

2074 1389 2258 1436 suum,
2291 1374 2379 1444 qui
2406 1373 2715 1441 conjunctus
2752 1384 2825 1427 est
2859 1374 3039 1428 domui
3066 1392 3177 1429 sua:
3208 1374 3402 1447 (Exod.
3431 1377 3553 1446 xtl).
3592 1375 3663 1429 Et

2076 1462 2130 1517 in
2166 1462 2494 1537 Salomone:
2527 1463 2716 1520 Melius
2756 1478 2828 1519 est
2870 1467 3064 1521 vicinus
3097 1467 3277 1536 juxta,
3311 1484 3467 1537 quam
3497 1468 3662 1537 frater

2072 1551 2256 1621 procul
2297 1536 2479 1623 (Prou.
2513 1554 2707 1624 xxvn).
2755 1555 2975 1610 Fratres
3023 1556 3151 1611 dicti
3185 1551 3251 1611 eo
3287 1536 3429 1625 quod
3459 1536 3566 1611 sint
3591 1573 3659 1612 ex

2073 1641 2260 1696 eodem
2291 1642 2487 1709 fructu,
2512 1644 2563 1698 id
2586 1653 2688 1709 est,
2715 1660 2782 1699 ex
2801 1646 2989 1700 eodem
3017 1648 3132 1701 nati
3154 1647 3376 1702 semine.
3403 1646 3659 1703 Germani

2073 1747 2201 1787 vero
2228 1732 2294 1786 de
2324 1733 2512 1788 eadem
2543 1736 2804 1805 genitrice
2830 1744 3129 1801 manantes,
3160 1753 3266 1792 non
3295 1736 3376 1809 (ut
3401 1738 3553 1793 multi
3580 1739 3662 1793 die

384 1831 640 1901 percussit
669 1830 720 1902 (Ι
748 1830 873 1900 Reg.
902 1829 1058 1901 xvu),
1086 1830 1227 1899 quod
1262 1826 1533 1898 signiﬁcat
1559 1827 1972 1896 Redemptorem
2001 1834 2049 1894 Β
2076 1821 2224 1893 cunt)
2253 1823 2317 1877 de
2350 1823 2539 1878 eodem
2576 1821 2835 1895 germine,
2868 1828 2960 1896 qui
2992 1835 3200 1883 tantum
3240 1826 3435 1882 fratres
3462 1843 3660 1883 vocan~

387 1929 667 1981 nostrum,
697 1921 787 1989 qui
815 1920 970 1975 fortis
1005 1935 1165 1974 manu
1194 1919 1443 1985 Goliath,
1470 1919 1562 1988 qui
1594 1918 1973 1987 transmigrans

387 2012 793 2081 interpretatur,
820 2020 876 2064 et
900 2010 1165 2080 signiﬁcat
1192 2008 1390 2063 diaboli
1422 2006 1749 2077 superbiam,
1785 2006 1971 2076 singu-

386 2100 487 2157 lari
516 2100 813 2156 certamine
843 2114 1189 2171 congressum
1216 2099 1595 2168 prostravisse,
1624 2113 1690 2152 ae
1717 2096 1972 2167 populum

385 2190 484 2247 Dei
516 2206 547 2244 a
578 2190 772 2245 timore
801 2187 918 2257 ejus
943 2190 1225 2259 eripuisse.
1269 2187 1447 2257 Nepos
1486 2196 1569 2243 est
1588 2228 1603 2253 ,
1641 2187 1732 2257 qui
1761 2202 1824 2242 ex
1863 2185 1973 2240 ﬁlio

387 2292 550 2337 natus
575 2290 679 2337 est.
720 2281 903 2336 Dictus
930 2289 1141 2345 autem,
1174 2280 1328 2349 quasi
1370 2287 1528 2334 natus
1556 2285 1696 2349 post.
1732 2276 1971 2330 Primum

386 2375 534 2429 enim
584 2374 728 2430 ﬁlius
772 2373 1029 2435 nascitur,
1086 2373 1278 2428 deinde
1324 2387 1511 2441 nepos.
1566 2369 1778 2425 Gradus
1827 2368 1972 2423 enim

386 2466 788 2521 substitutiouis
815 2474 917 2519 est.
964 2466 1101 2520 Hinc
1138 2473 1195 2520 et
1236 2463 1543 2534 posteritas,
1573 2461 1727 2531 quasi
1757 2470 1972 2530 postera

385 2564 544 2610 tetas.
592 2554 771 2625 Nepos
822 2563 1003 2610 autem
1051 2555 1332 2625 utriusque
1378 2569 1539 2608 sexus
1582 2560 1684 2619 est.
1733 2550 1868 2606 Nam
1912 2558 1973 2604 ut

386 2646 568 2716 neptis
610 2646 884 2711 dicamus,
933 2646 985 2700 in
1029 2643 1152 2713 jure
1196 2653 1281 2701 est
1326 2652 1548 2715 propter
1593 2641 1972 2698 discretionem

384 2734 751 2789 successionis
785 2735 1060 2789 amissam.
1107 2734 1378 2802 Pronepos
1405 2740 1510 2796 est,
1551 2731 1641 2800 qui
1682 2746 1750 2786 ex
1779 2737 1973 2800 nepote

385 2833 682 2894 conceptus
724 2833 990 2893 natusque
1030 2832 1134 2889 est,
1177 2833 1232 2879 et
1268 2822 1445 2877 dictus
1484 2836 1771 2892 pronepos,
1817 2818 1971 2889 quasi

385 2922 551 2968 natus
577 2929 738 2985 porro
773 2923 914 2984 post.
956 2913 1033 2967 Ex
1073 2912 1176 2968 hoc
1205 2923 1418 2982 quoque
1450 2910 1620 2980 gradu
1662 2908 1846 2977 incipit
1873 2922 1970 2961 vo-

387 3006 504 3065 cari
528 3014 585 3060 et
611 3006 915 3077 progenies,
946 3005 1071 3077 quia
1112 3018 1218 3058 non
1245 3011 1329 3058 est
1364 3002 1416 3056 in
1446 3002 1526 3057 eis
1553 3001 1709 3070 longa
1738 2999 1968 3070 posteri-

388 3104 494 3154 tas.
537 3094 691 3150 Sicut
728 3103 907 3151 autem
948 3094 1168 3150 inferius
1206 3092 1363 3164 longe
1401 3092 1531 3147 editi
1571 3091 1855 3164 progenies
1886 3089 1969 3144 di-

2075 1926 2181 1971 tur.
2220 1919 2361 1991 Ergo
2402 1920 2598 1975 fratres
2628 1936 2694 1975 ex
2728 1922 2917 1977 eodem
2952 1922 3165 1988 fructu,
3206 1923 3446 1994 germani
3476 1937 3661 1994 exea-

2074 2008 2194 2063 dem
2230 2009 2494 2079 genitrice
2531 2020 2829 2066 manantes.
2871 2012 3078 2067 Uterini
3121 1992 3325 2079 vocati,
3368 2015 3509 2083 quod
3540 1992 3659 2067 'sint

2072 2097 2399 2152 exdiversis
2426 2099 2668 2167 patribus
2696 2108 2753 2153 et
2785 2109 2939 2155 utero
2972 2117 3081 2155 uno
3108 2102 3238 2156 editi
3269 2119 3282 2155 :
3320 2118 3443 2157 nam
3475 2111 3660 2156 uterus

2072 2194 2280 2242 tantum
2312 2189 2554 2243 mulieris
2592 2198 2695 2246 est.
2733 2191 2974 2259 Quatuor
3006 2201 3184 2248 autem
3216 2194 3389 2248 modis
3426 2194 3477 2247 in
3508 2192 3658 2247 Seri-

2071 2278 2244 2347 pturis
2289 2279 2483 2335 divinis
2522 2281 2719 2337 fratres
2751 2282 2855 2337 dici
2893 2292 3107 2339 constat
3146 2303 3158 2338 :
3197 2294 3420 2351 natura,
3466 2293 3667 2356 gente;

2071 2368 2409 2437 cognatione,
2451 2368 2665 2427 aﬁ‘eetu.
2707 2370 2929 2439 Natura,
2964 2380 3023 2428 ut
3060 2374 3203 2431 Esau
3242 2385 3296 2430 et
3330 2373 3514 2440 Iacob,
3547 2375 3660 2428 An~

2072 2459 2229 2514 dreas
2256 2468 2312 2513 et
2337 2459 2551 2526 Petrus,
2581 2461 2811 2518 Jacobus
2837 2473 2891 2518 et
2931 2462 3189 2521 Joannes.
3227 2464 3418 2531 Gente,
3453 2473 3510 2519 ut
3534 2479 3652 2518 om-

2070 2563 2168 2602 nes
2201 2546 2371 2604 Judaei
2408 2549 2606 2606 fratres
2648 2552 2791 2607 inter
2830 2567 2887 2608 se
2925 2564 3202 2608 vocantur.
3246 2554 3398 2610 Unde
3433 2555 3563 2610 dicit
3599 2554 3654 2609 in

2074 2636 2530 2695 Deuteronomio:
2572 2637 2630 2695 Si
2666 2652 2840 2697 autem
2880 2645 3065 2698 emeris
3094 2644 3311 2713 fratrem
3353 2654 3524 2712 tuum,
3566 2645 3656 2717 qui

2070 2736 2147 2781 est
2176 2726 2433 2784 Hebraeus
2462 2730 2641 2801 (Deut.
2670 2734 2781 2803 xv).
2815 2734 2884 2787 Et
2910 2734 3195 2805 Apostolus
3222 2752 3236 2790 :
3270 2735 3546 2807 Optabam,
3574 2736 3659 2791 in-

2071 2820 2216 2889 quit,
2244 2837 2342 2891 ego
2367 2823 2646 2876 anathema
2675 2840 2785 2878 esse
2810 2842 2841 2878 a
2870 2822 3080 2880 Christo
3103 2843 3197 2897 pro
3228 2826 3479 2896 fratribus
3506 2827 3654 2893 meis,

2069 2912 2159 2977 qui
2209 2919 2331 2964 sunt
2381 2913 2586 2982 cognati
2630 2915 2735 2967 mei
2784 2915 3067 2969 secundum
3111 2932 3352 2981 carnem,
3399 2917 3488 2988 qui
3532 2926 3656 2971 sunt

2070 2998 2330 3054 Israelita:
2363 2999 2539 3073 (Rom.
2569 3004 2669 3072 ix).
2698 3003 2867 3059 Porro
2896 3005 3212 3076 cognatione
3236 3004 3433 3061 fratres
3459 3022 3657 3062 vocan-

2070 3100 2177 3157 tur,
2206 3091 2295 3159 qui
2317 3100 2442 3145 sunt
2470 3092 2535 3147 de
2559 3108 2665 3148 una
2690 3092 2913 3161 familia,
2945 3094 2999 3150 id
3026 3103 3129 3162 est,
3159 3096 3356 3167 patria,
3384 3112 3520 3167 quas
3546 3096 3653 3151 La-

387 3195 588 3242 cuntur
625 3204 638 3240 :
680 3186 752 3239 ita
780 3184 1026 3253 superius
1059 3184 1267 3254 proavi,
1313 3185 1476 3248 atavi,
1511 3183 1600 3253 qui
1628 3194 1682 3238 et
1718 3182 1970 3253 progeni-
1998 3175 2043 3236 C
2078 3182 2174 3236 tini
2209 3184 2561 3252 paternitates
2596 3185 3037 3255 interpretantur,
3076 3203 3197 3241 cum
3228 3203 3296 3243 ex
3330 3203 3433 3242 una
3474 3189 3655 3243 radice

390 3287 538 3335 tores
566 3276 926 3348 appellantur,
956 3276 1108 3345 quasi
1140 3290 1301 3345 porro
1330 3281 1669 3345 generantes.
1698 3272 1974 3341 Pronepos

387 3372 588 3436 dictus,
635 3370 761 3441 quia
809 3384 977 3440 prope
1025 3384 1131 3424 non
1178 3375 1371 3436 potest.
1415 3366 1688 3436 Abnepos,
1734 3365 1859 3434 quia
1889 3377 1973 3419 se-

383 3462 630 3533 iungitur
669 3476 701 3515 a
747 3469 960 3530 nepote.
1001 3458 1213 3514 Etenim
1256 3459 1398 3513 inter
1442 3458 1589 3512 illum
1631 3466 1685 3511 et
1722 3465 1971 3525 nepotem

386 3569 676 3625 pronepos.
719 3550 986 3621 Adnepos,
1032 3550 1313 3620 abnepotis
1362 3549 1523 3604 ﬁlius.
1574 3548 1835 3618 Trinepos
1879 3549 1972 3602 ad-

388 3644 603 3713 nepotis
640 3642 782 3697 filius
816 3641 939 3710 quia
978 3648 1099 3710 post
1138 3647 1389 3708 nepotem
1426 3646 1652 3707 quartus
1692 3637 1745 3693 in
1782 3636 1971 3692 ordine

389 3744 495 3800 est,
540 3733 693 3803 quasi
718 3741 1048 3800 tetranepos.
1085 3729 1320 3784 Minores
1349 3737 1529 3784 autem
1573 3743 1680 3782 non
1721 3727 1969 3792 dicimus,

388 3824 495 3879 nisi
523 3823 738 3893 quoties
784 3821 1046 3892 graduum
1073 3819 1254 3875 deﬁcit
1295 3833 1509 3884 nomen,
1544 3824 1604 3871 ut
1645 3825 1774 3887 puta
1804 3815 1967 3879 ﬁlius,

390 3927 578 3984 nepos,
625 3928 917 3984 pronepos,
965 3912 1220 3980 abnepos,
1246 3912 1506 3977 adnepos,
1553 3907 1814 3976 trinepos.
1868 3903 1969 3960 Ubi

390 4004 482 4059 isti
508 4006 705 4074 gradus
734 4000 1045 4063 defecerint,
1075 3999 1269 4053 merito
1304 3995 1418 4065 jam
1463 3996 1693 4051 dicimus
1738 3994 1973 4048 minores

390 4094 535 4149 sicut
562 4101 617 4147 et
644 4090 878 4159 majores
910 4090 1139 4145 dicimus
1171 4102 1271 4158 pro
1298 4095 1453 4157 patre
1480 4085 1672 4155 patris,
1702 4083 1817 4149 avi,
1846 4096 1972 4152 pro-

391 4184 499 4251 avi,
531 4182 709 4247 abavi,
739 4180 905 4246 atavi,
941 4178 1231 4249 tritavique
1258 4176 1591 4233 vocabulum.

1007 4309 1233 4368 CAPUT
1269 4309 1355 4364 ιν.

846 4422 925 4476 De
951 4421 1156 4491 agnatis
1184 4429 1232 4473 et
1257 4418 1509 4491 cognatis.

463 4535 656 4606 Agnati
691 4532 820 4590 dicti
848 4547 913 4586 eo
938 4530 1081 4601 quod
1110 4532 1368 4585 accedant
1396 4543 1496 4598 pro
1526 4527 1687 4590 natis,
1719 4526 1842 4582 dum
1872 4525 1968 4581 de-
1997 4514 2048 4574 D

393 4636 521 4687 sunt
564 4627 679 4680 ﬁlii.
723 4626 826 4692 Qui
872 4624 993 4679 ideo
1039 4623 1189 4694 prius
1223 4623 1277 4677 in
1321 4636 1518 4694 genere
1559 4628 1967 4692 agnoscuntur:

393 4720 518 4790 quia
552 4717 777 4772 veniunt
813 4732 909 4785 per
933 4715 1102 4771 virilis
1142 4730 1304 4770 sexus
1336 4729 1636 4784 personas:
1665 4713 1827 4767 veluti
1856 4711 1969 4765 fra-

396 4816 479 4862 ter
505 4796 694 4865 eodem
736 4814 887 4877 patre
928 4813 1105 4870 natus,
1135 4803 1219 4858 vel
1254 4802 1436 4858 fratris
1466 4802 1625 4871 ﬁlius,
1670 4818 1856 4873 nepos,
1886 4802 1971 4856 vel

394 4912 462 4952 ex
486 4913 551 4952 eo
573 4896 769 4951 iterum
801 4904 1042 4965 patruus.
1074 4894 1299 4967 Cognati
1334 4894 1485 4958 dicti,
1505 4894 1630 4964 quia
1652 4900 1777 4949 sunt
1796 4901 1851 4947 et
1870 4892 1970 4961 ipsi

396 4987 793 5058 propinquitate
832 4987 1168 5059 cognationis
1206 4985 1512 5059 conjuncti,
1557 4987 1648 5056 qui
1687 4986 1811 5041 inde
1853 4993 1975 5055 post

396 5084 618 5147 agnatos
644 5076 935 5146 habentur,
978 5078 1103 5147 quia
1132 5093 1229 5148 per
1255 5076 1497 5133 feminini
1527 5092 1688 5132 sexus
1718 5092 1974 5147 personas

396 5156 618 5222 veniunt
658 5187 671 5223 :
718 5185 818 5223 nec
851 5177 976 5224 sunt
1016 5170 1225 5239 agnati,
1270 5172 1363 5224 sed
1408 5170 1542 5223 alias
1585 5167 1815 5223 naturali
1852 5166 1974 5237 jure

397 5256 632 5326 cognati.
679 5255 965 5311 Proximus
1008 5267 1228 5327 propter
1261 5258 1660 5327 proximitatem
1700 5257 1974 5327 sanguinis

396 5346 712 5418 appellatus.
744 5346 1140 5416 Consanguinei
1184 5364 1249 5403 eo
1277 5348 1417 5417 quod
1448 5363 1514 5402 ex
1551 5362 1656 5402 uno
1693 5347 1969 5417 sanguine,

397 5435 451 5492 id
480 5444 597 5503 est,
631 5452 696 5491 ex
726 5454 833 5492 uno
860 5439 1029 5508 patris
1062 5439 1269 5493 semine
1293 5439 1404 5493 nati
1431 5445 1574 5493 sunt.
1604 5437 1661 5491 lu
1693 5436 1973 5507 Scriptura

398 5542 527 5600 ergo
566 5543 721 5583 saera
771 5543 875 5583 non
924 5536 1129 5583 tantum
1176 5529 1253 5583 illi
1301 5529 1513 5599 cognati
1563 5529 1833 5592 dicuntur,
1883 5528 1973 5597 qui

399 5617 747 5675 historialiter
801 5619 1031 5688 quadam
1088 5620 1434 5691 proximitate
1494 5619 1976 5689 consanguinitatis

401 5709 588 5763 sociati
616 5710 866 5765 videntur
894 5729 905 5763 :
937 5711 1029 5765 sed
1055 5713 1217 5766 etiam
1247 5710 1342 5771 illi.
1372 5728 1506 5781 quos
1533 5712 1782 5782 cognatio
1812 5712 1972 5778 spiri—
2012 5786 2023 5799 ⁸

2074 3272 2241 3327 multa
2276 3275 2489 3345 generis
2516 3277 2669 3331 turba
2716 3276 3045 3333 diffunditur.
3092 3279 3158 3334 Et
3200 3281 3252 3334 in
3293 3279 3484 3336 Genesi
3521 3281 3657 3336 dixit

2072 3363 2344 3419 Abraham
2373 3366 2441 3418 ad
2473 3365 2574 3420 Lot
2606 3385 2618 3419 :
2654 3366 2777 3421 Non
2807 3369 2873 3422 sit
2904 3370 3021 3423 rixa
3051 3370 3187 3423 inter
3214 3387 3295 3423 me
3323 3380 3370 3425 et
3401 3380 3470 3436 te,
3500 3379 3550 3424 et
3573 3371 3659 3425 in-

2072 3461 2151 3506 ter
2174 3462 2405 3523 pastores
2427 3464 2542 3509 tuos
2564 3464 2613 3510 et
2636 3467 2866 3526 pastores
2895 3475 3053 3524 meos,
3075 3461 3197 3531 quia
3225 3477 3400 3518 omnes
3424 3478 3517 3516 nos
3541 3461 3657 3535 fra-

2072 3552 2175 3597 tres
2200 3561 2379 3598 sumus
2415 3543 2566 3616 (Gen.
2598 3547 2737 3618 xui).
2781 3548 2843 3602 Et
2879 3557 3026 3604 certe
3062 3550 3163 3605 Lot
3186 3567 3295 3607 non
3328 3562 3447 3607 erat
3485 3551 3657 3609 frater

2070 3633 2303 3689 Abrahae
2335 3654 2347 3689 :
2377 3637 2471 3690 sed
2508 3636 2648 3692 ﬁlius
2675 3636 2861 3693 fratris
2890 3639 3007 3709 ejus
3032 3639 3233 3696 Aaron.
3265 3640 3468 3708 Quarto
3496 3644 3655 3699 modo

2052 3724 2264 3787 affectu
2291 3725 2489 3782 fratres
2524 3728 2651 3794 dici,
2684 3730 2774 3798 qui
2816 3729 2871 3783 in
2901 3730 3008 3785 duo
3039 3732 3378 3797 scinduntur,
3411 3733 3656 3803 spiritale

2070 3822 2126 3869 et
2156 3830 2443 3871 commune
2479 3834 2493 3872 ;
2535 3817 2805 3887 apiritale,
2852 3820 3105 3889 quoniam
3146 3837 3334 3877 omnes
3361 3822 3655 3879 Christiani
3734 3864 3743 3875 .

2071 3904 2267 3963 fratres
2292 3924 2549 3975 vocamur
2574 3928 2587 3963 :
2615 3918 2675 3964 ut
2698 3927 2711 3963 :
2744 3910 2881 3965 Ecce
2906 3929 3062 3982 quam
3090 3913 3278 3969 bonum
3306 3902 3354 3967 et
3380 3932 3536 3986 quam
3559 3915 3655 3986 ju-

2072 3999 2300 4053 cundum
2337 4000 2573 4054 habitare
2612 4000 2800 4070 fratres
2837 4004 2892 4056 in
2921 4019 3081 4057 unum
3112 4003 3283 4074 (Psal.
3310 4005 3545 4073 cxxxn);
3594 4006 3647 4060 itt

2072 4108 2374 4154 commune,
2408 4108 2531 4146 cum
2560 4101 2614 4147 et
2641 4108 2827 4148 omnes
2859 4093 3103 4147 homines
3128 4110 3194 4148 ex
3219 4111 3325 4149 uno
3356 4104 3508 4164 patre
3538 4097 3649 4150 nati

2070 4185 2188 4256 pari
2233 4185 2373 4239 inter
2415 4199 2513 4238 nos
2556 4185 2910 4255 germanitate
2949 4183 3340 4255 conjungimus,
3371 4183 3650 4254 Scriptura

2071 4275 2322 4345 loquente
2352 4292 2365 4327 :
2396 4273 2562 4327 Dicite
2594 4275 2675 4329 his
2701 4275 2790 4346 qui
2821 4274 3041 4328 oderunt
3070 4291 3156 4329 vos
3184 4292 3201 4329 :
3234 4273 3450 4329 Fratres
3490 4277 3653 4331 nostri

2071 4382 2159 4420 vos
2190 4364 2333 4420 estis.
2363 4362 2628 4418 Germana
2661 4364 2735 4418 ita
2776 4363 3111 4434 intelligitur,
3142 4372 3201 4419 ut
3237 4379 3523 4435 germanus
3557 4379 3652 4418 ea-

2072 4453 2192 4509 dem
2220 4453 2479 4523 genitrice
2518 4468 2761 4507 manans.
2809 4452 3030 4524 Mystice
3064 4453 3309 4509 Christus
3348 4454 3517 4509 frater
3546 4464 3651 4521 est,

2076 4546 2142 4599 de
2168 4560 2273 4613 quo
2304 4545 2356 4598 in
2387 4542 2623 4598 Canticis
2649 4543 2981 4598 canticorum
3010 4544 3141 4599 dicit
3170 4560 3183 4597 :
3219 4541 3406 4597 Frater
3434 4561 3579 4599 meus
3603 4553 3654 4600 et

2076 4650 2169 4705 ego
2197 4633 2274 4686 illi
2307 4632 2483 4705 (Cant.
2514 4630 2654 4703 vni).
2687 4630 2821 4687 Item
2850 4631 3068 4700 fratres,
3094 4633 3333 4704 Apostoli
3353 4676 3367 4699 ,
3397 4635 3510 4691 sive
3533 4636 3652 4690 όιιι-

2077 4743 2174 4781 nes
2199 4725 2402 4790 sancti,
2434 4733 2493 4779 ut
2519 4725 2570 4779 in
2602 4726 2808 4795 psalmo
2835 4744 2849 4780 :
2881 4722 3125 4781 Narrabo
3154 4743 3338 4783 nomen
3365 4737 3510 4780 tuum
3536 4726 3651 4796 fra-

2076 4815 2241 4869 tribus
2284 4817 2410 4869 meis
2451 4812 2622 4887 (Psal.
2652 4815 2788 4886 xxi).
2827 4815 2894 4870 Et
2934 4816 2988 4869 in
3029 4815 3190 4871 aliam
3227 4825 3465 4886 partem,
3500 4825 3560 4871 ut
3598 4816 3652 4870 in

2076 4901 2175 4957 Job
2203 4921 2216 4956 :
2255 4901 2469 4957 Fratres
2498 4904 2598 4956 mei
2626 4905 2984 4973 prazterierunt
3016 4920 3094 4958 me
3117 4906 3249 4957 sicut
3278 4914 3476 4958 torrens
3505 4902 3648 4974 (Job.

2074 4992 2174 5061 vt).
2214 4990 2422 5056 Amici,
2465 4991 2689 5060 apostoli
2724 4991 2808 5046 vel
2843 5008 3032 5047 omnes
3061 4993 3231 5048 sancti
3258 5009 3271 5045 :
3304 5000 3363 5045 ut
3392 4993 3444 5047 in
3475 4992 3652 5047 Evan-

2076 5081 2214 5151 gelio
2238 5099 2250 5134 :
2274 5081 2397 5134 .lam
2419 5097 2521 5134 non
2541 5080 2658 5135 dico
2681 5098 2767 5135 vos
2788 5099 2980 5147 servos,
3002 5082 3091 5135 sed
3112 5082 3305 5135 amicos
3333 5080 3511 5151 (loan.
3535 5084 3647 5154 xv).

2077 5170 2143 5225 Et
2167 5171 2217 5224 in
2242 5169 2403 5223 aliam
2424 5178 2632 5239 partem
2656 5187 2669 5223 :
2694 5170 2890 5235 Amice,
2913 5170 3168 5241 quomoda
3196 5170 3296 5224 huc
3316 5173 3526 5227 intrasti
3549 5191 3651 5228 non
3689 5175 3704 5188 '

2075 5260 2268 5313 habens
2296 5268 2483 5312 vestem
2519 5260 2801 5328 nuptialem
2832 5259 3044 5331 (Matth.
3075 5259 3247 5331 xxu)?
3269 5260 3492 5317 Sodales
3517 5278 3650 5333 apo-

2076 5347 2219 5410 stoli,
2252 5355 2311 5400 ut
2335 5347 2387 5400 in
2415 5345 2652 5402 Canticis
2679 5347 3008 5403 canticorum
3038 5362 3055 5402 :
3092 5348 3175 5403 Ne
3197 5351 3379 5419 vagari
3405 5350 3651 5421 incipiam

2078 5455 2170 5509 per
2196 5454 2372 5507 greges
2402 5438 2660 5492 sodalium
2694 5446 2900 5492 tuorum
2937 5437 3111 5511 (Cant.
3143 5440 3204 5512 ι).
3253 5439 3421 5496 Soror
3446 5450 3649 5509 autem,

2082 5538 2139 5583 ut
2170 5528 2354 5583 frater.
2404 5530 2535 5583 Nam
2580 5545 2735 5585 soror
2774 5540 2858 5586 est
2892 5548 2958 5587 ex
3001 5532 3187 5589 eodem
3235 5536 3467 5602 semine.
3510 5537 3651 5593 dicta

2080 5621 2222 5691 quod
2264 5621 2376 5675 sola
2420 5636 2542 5677 cum
2572 5620 2829 5677 fratribus
2871 5623 2926 5678 in
2956 5633 3099 5680 sorte
3129 5627 3431 5697 agnationis
3458 5627 3653 5681 habea-

2083 5722 2185 5765 tur.
2228 5710 2451 5782 Mystice
2491 5719 2667 5767 autem
2704 5715 2907 5770 sororis
2944 5716 3160 5771 nomina
3202 5726 3385 5772 sancta
3415 5714 3651 5772 Ecclesia
