  <div class='ocr_page' id='page_1' title='image "/cluster/home/n/w/nwhite01/storage/ocr_20150623/111/hvd.32044054759766/101.png"; bbox 0 0 4072 6198; ppageno 0'>
   <div class='ocr_carea' id='block_1_1' title="bbox 379 326 2989 391">
    <p class='ocr_par' dir='ltr' id='par_1_1' title="bbox 379 326 2989 391">
     <span class='ocr_line' id='line_1_1' title="bbox 379 326 2989 391; baseline -0.002 0"><span class='ocrx_word' id='word_1_1' title='bbox 379 335 472 391; x_wconf 81' lang='lat' dir='ltr'><strong>l9l</strong></span> <span class='ocrx_word' id='word_1_2' title='bbox 1023 330 1086 386; x_wconf 82' lang='grc' dir='ltr'><strong>Β.</strong></span> <span class='ocrx_word' id='word_1_3' title='bbox 1126 327 1382 386; x_wconf 81' lang='lat' dir='ltr'><strong>RABANI</strong></span> <span class='ocrx_word' id='word_1_4' title='bbox 1413 326 1636 385; x_wconf 74' lang='lat' dir='ltr'><strong>MAURI</strong></span> <span class='ocrx_word' id='word_1_5' title='bbox 1671 327 1992 386; x_wconf 74' lang='lat' dir='ltr'><strong>ARCBIEP.</strong></span> <span class='ocrx_word' id='word_1_6' title='bbox 2033 327 2346 386; x_wconf 75' lang='lat' dir='ltr'><strong>MOGUNT.</strong></span> <span class='ocrx_word' id='word_1_7' title='bbox 2385 326 2672 385; x_wconf 76' lang='lat' dir='ltr'><strong>OPERUM</strong></span> <span class='ocrx_word' id='word_1_8' title='bbox 2707 327 2888 385; x_wconf 80' lang='lat' dir='ltr'><strong>PARS</strong></span> <span class='ocrx_word' id='word_1_9' title='bbox 2921 328 2989 385; x_wconf 84' lang='lat' dir='ltr'><strong>Il.</strong></span> 
     </span>
    </p>
   </div>
   <div class='ocr_carea' id='block_1_2' title="bbox 3542 334 3643 390">
    <p class='ocr_par' dir='ltr' id='par_1_2' title="bbox 3542 334 3643 390">
     <span class='ocr_line' id='line_1_2' title="bbox 3542 334 3643 390; baseline 0 0"><span class='ocrx_word' id='word_1_10' title='bbox 3542 334 3643 390; x_wconf 67' lang='lat'><strong>103</strong></span> 
     </span>
    </p>
   </div>
   <div class='ocr_carea' id='block_1_3' title="bbox 372 436 3642 516">
    <p class='ocr_par' dir='ltr' id='par_1_3' title="bbox 372 436 3642 516">
     <span class='ocr_line' id='line_1_3' title="bbox 372 436 3642 516; baseline -0.001 -10"><span class='ocrx_word' id='word_1_11' title='bbox 372 449 456 506; x_wconf 85' lang='lat' dir='ltr'><strong>vel</strong></span> <span class='ocrx_word' id='word_1_12' title='bbox 487 462 667 504; x_wconf 72' lang='lat' dir='ltr'><strong>anima</strong></span> <span class='ocrx_word' id='word_1_13' title='bbox 699 445 872 501; x_wconf 89' lang='lat' dir='ltr'><strong>ﬁdelis</strong></span> <span class='ocrx_word' id='word_1_14' title='bbox 899 445 1067 516; x_wconf 89' lang='lat' dir='ltr'><strong>accipi</strong></span> <span class='ocrx_word' id='word_1_15' title='bbox 1095 452 1289 515; x_wconf 90' lang='lat' dir='ltr'><strong>potest.</strong></span> <span class='ocrx_word' id='word_1_16' title='bbox 1316 443 1469 500; x_wconf 84' lang='lat' dir='ltr'><strong>Unde</strong></span> <span class='ocrx_word' id='word_1_17' title='bbox 1499 443 1551 496; x_wconf 89' lang='lat' dir='ltr'><strong>in</strong></span> <span class='ocrx_word' id='word_1_18' title='bbox 1575 441 1796 497; x_wconf 91' lang='lat' dir='ltr'><strong>Cantico</strong></span> <span class='ocrx_word' id='word_1_19' title='bbox 1827 455 1955 496; x_wconf 90' lang='lat' dir='ltr'><strong>can-</strong></span> <span class='ocrx_word' id='word_1_20' title='bbox 1981 443 2029 502; x_wconf 83' lang='grc' dir='ltr'><strong>Α</strong></span> <span class='ocrx_word' id='word_1_21' title='bbox 2058 436 2216 511; x_wconf 75' lang='lat' dir='ltr'><strong>nn).</strong></span> <span class='ocrx_word' id='word_1_22' title='bbox 2258 439 2390 495; x_wconf 92' lang='lat' dir='ltr'><strong>ltem</strong></span> <span class='ocrx_word' id='word_1_23' title='bbox 2428 440 2628 510; x_wconf 61' lang='lat' dir='ltr'><strong>nuptiae</strong></span> <span class='ocrx_word' id='word_1_24' title='bbox 2667 441 2900 497; x_wconf 76' lang='lat' dir='ltr'><strong>societas</strong></span> <span class='ocrx_word' id='word_1_25' title='bbox 2933 441 3244 512; x_wconf 82' lang='lat' dir='ltr'><strong>angelorum</strong></span> <span class='ocrx_word' id='word_1_26' title='bbox 3271 453 3328 500; x_wconf 90' lang='lat' dir='ltr'><strong>et</strong></span> <span class='ocrx_word' id='word_1_27' title='bbox 3362 445 3642 504; x_wconf 81' lang='lat' dir='ltr'><strong>hominum</strong></span> 
     </span>
    </p>
   </div>
   <div class='ocr_carea' id='block_1_4' title="bbox 375 529 1952 607">
    <p class='ocr_par' dir='ltr' id='par_1_4' title="bbox 375 529 1952 607">
     <span class='ocr_line' id='line_1_4' title="bbox 375 529 1952 607; baseline -0.006 -12"><span class='ocrx_word' id='word_1_28' title='bbox 375 543 602 595; x_wconf 53' lang='lat' dir='ltr'><strong>deorum</strong></span> <span class='ocrx_word' id='word_1_29' title='bbox 643 552 872 607; x_wconf 79' lang='lat' dir='ltr'><strong>sponsus</strong></span> <span class='ocrx_word' id='word_1_30' title='bbox 907 537 974 590; x_wconf 90' lang='lat' dir='ltr'><strong>ad</strong></span> <span class='ocrx_word' id='word_1_31' title='bbox 1007 549 1260 605; x_wconf 86' lang='lat' dir='ltr'><strong>sponsam</strong></span> <span class='ocrx_word' id='word_1_32' title='bbox 1293 533 1422 588; x_wconf 90' lang='lat' dir='ltr'><strong>dicit</strong></span> <span class='ocrx_word' id='word_1_33' title='bbox 1455 549 1470 586; x_wconf 90' lang='lat'><strong>:</strong></span> <span class='ocrx_word' id='word_1_34' title='bbox 1512 529 1683 598; x_wconf 81' lang='lat' dir='ltr'><strong>Quam</strong></span> <span class='ocrx_word' id='word_1_35' title='bbox 1722 529 1952 602; x_wconf 77' lang='lat' dir='ltr'><strong>pulchra:</strong></span> 
     </span>
    </p>
   </div>
   <div class='ocr_carea' id='block_1_5' title="bbox 375 618 1956 693">
    <p class='ocr_par' dir='ltr' id='par_1_5' title="bbox 375 618 1956 693">
     <span class='ocr_line' id='line_1_5' title="bbox 375 618 1956 693; baseline -0.004 -13"><span class='ocrx_word' id='word_1_36' title='bbox 375 639 492 681; x_wconf 67' lang='grc' dir='ltr'><strong>δνντι</strong></span> <span class='ocrx_word' id='word_1_37' title='bbox 521 642 762 680; x_wconf 68' lang='lat' dir='ltr'><strong>mammae</strong></span> <span class='ocrx_word' id='word_1_38' title='bbox 777 636 902 689; x_wconf 72' lang='lat' dir='ltr'><strong>tum,</strong></span> <span class='ocrx_word' id='word_1_39' title='bbox 917 640 1068 678; x_wconf 86' lang='lat' dir='ltr'><strong>soror</strong></span> <span class='ocrx_word' id='word_1_40' title='bbox 1090 640 1203 677; x_wconf 82' lang='lat' dir='ltr'><strong>mea</strong></span> <span class='ocrx_word' id='word_1_41' title='bbox 1221 618 1776 693; x_wconf 75' lang='lat' dir='ltr'><strong>sponsalPulclrriora</strong></span> <span class='ocrx_word' id='word_1_42' title='bbox 1797 620 1956 674; x_wconf 88' lang='lat' dir='ltr'><strong>ubera</strong></span> 
     </span>
    </p>
   </div>
   <div class='ocr_carea' id='block_1_6' title="bbox 378 713 1956 786">
    <p class='ocr_par' dir='ltr' id='par_1_6' title="bbox 378 713 1956 786">
     <span class='ocr_line' id='line_1_6' title="bbox 378 713 1956 786; baseline -0.002 -17"><span class='ocrx_word' id='word_1_43' title='bbox 378 735 462 772; x_wconf 66' lang='grc' dir='ltr'><strong>ριιιε</strong></span> <span class='ocrx_word' id='word_1_44' title='bbox 504 721 620 773; x_wconf 59' lang='lat' dir='ltr'><strong>vino</strong></span> <span class='ocrx_word' id='word_1_45' title='bbox 646 732 664 770; x_wconf 91' lang='lat'><strong><em>:</em></strong></span> <span class='ocrx_word' id='word_1_46' title='bbox 694 729 741 773; x_wconf 90' lang='lat' dir='ltr'><strong>et</strong></span> <span class='ocrx_word' id='word_1_47' title='bbox 779 717 911 772; x_wconf 88' lang='lat' dir='ltr'><strong>odor</strong></span> <span class='ocrx_word' id='word_1_48' title='bbox 939 726 1319 786; x_wconf 83' lang='lat' dir='ltr'><strong>unguentorum</strong></span> <span class='ocrx_word' id='word_1_49' title='bbox 1356 723 1566 770; x_wconf 80' lang='lat' dir='ltr'><strong>tuorum</strong></span> <span class='ocrx_word' id='word_1_50' title='bbox 1595 729 1749 784; x_wconf 84' lang='lat' dir='ltr'><strong>super</strong></span> <span class='ocrx_word' id='word_1_51' title='bbox 1781 713 1956 767; x_wconf 89' lang='lat' dir='ltr'><strong>omnia</strong></span> 
     </span>
    </p>
   </div>
   <div class='ocr_carea' id='block_1_7' title="bbox 377 804 1955 881">
    <p class='ocr_par' dir='ltr' id='par_1_7' title="bbox 377 804 1955 881">
     <span class='ocr_line' id='line_1_7' title="bbox 377 804 1955 881; baseline -0.001 -21"><span class='ocrx_word' id='word_1_52' title='bbox 377 830 403 860; x_wconf 74' lang='grc' dir='ltr'><em>η</em></span> <span class='ocrx_word' id='word_1_53' title='bbox 442 821 614 862; x_wconf 68' lang='lat' dir='ltr'><strong>urnula</strong></span> <span class='ocrx_word' id='word_1_54' title='bbox 645 807 821 881; x_wconf 85' lang='lat' dir='ltr'><strong>(Cant.</strong></span> <span class='ocrx_word' id='word_1_55' title='bbox 858 807 953 878; x_wconf 88' lang='lat' dir='ltr'><strong>tv).</strong></span> <span class='ocrx_word' id='word_1_56' title='bbox 997 805 1056 862; x_wconf 86' lang='lat' dir='ltr'><strong>In</strong></span> <span class='ocrx_word' id='word_1_57' title='bbox 1089 805 1336 860; x_wconf 85' lang='lat' dir='ltr'><strong>mammis</strong></span> <span class='ocrx_word' id='word_1_58' title='bbox 1375 804 1544 860; x_wconf 83' lang='lat' dir='ltr'><strong>sancti</strong></span> <span class='ocrx_word' id='word_1_59' title='bbox 1585 805 1833 859; x_wconf 90' lang='lat' dir='ltr'><strong>doctores</strong></span> <span class='ocrx_word' id='word_1_60' title='bbox 1875 804 1955 858; x_wconf 89' lang='lat' dir='ltr'><strong>in-</strong></span> 
     </span>
    </p>
   </div>
   <div class='ocr_carea' id='block_1_8' title="bbox 380 897 1956 973">
    <p class='ocr_par' dir='ltr' id='par_1_8' title="bbox 380 897 1956 973">
     <span class='ocr_line' id='line_1_8' title="bbox 380 897 1956 973; baseline -0.003 -19"><span class='ocrx_word' id='word_1_61' title='bbox 380 902 690 973; x_wconf 78' lang='lat' dir='ltr'><strong>telliguntur</strong></span> <span class='ocrx_word' id='word_1_62' title='bbox 738 907 958 972; x_wconf 79' lang='lat' dir='ltr'><strong>propter</strong></span> <span class='ocrx_word' id='word_1_63' title='bbox 1007 899 1424 954; x_wconf 87' lang='lat' dir='ltr'><strong>consolationem</strong></span> <span class='ocrx_word' id='word_1_64' title='bbox 1475 897 1846 962; x_wconf 89' lang='lat' dir='ltr'><strong>inﬁrmorum,</strong></span> <span class='ocrx_word' id='word_1_65' title='bbox 1900 903 1956 951; x_wconf 92' lang='lat' dir='ltr'><strong>et</strong></span> 
     </span>
    </p>
   </div>
   <div class='ocr_carea' id='block_1_9' title="bbox 375 987 1952 1060">
    <p class='ocr_par' dir='ltr' id='par_1_9' title="bbox 375 987 1952 1060">
     <span class='ocr_line' id='line_1_9' title="bbox 375 987 1952 1060; baseline -0.001 -16"><span class='ocrx_word' id='word_1_66' title='bbox 375 992 723 1060; x_wconf 84' lang='lat' dir='ltr'><strong>parvulorum</strong></span> <span class='ocrx_word' id='word_1_67' title='bbox 763 989 1238 1053; x_wconf 78' lang='lat' dir='ltr'><strong>sustentationem,</strong></span> <span class='ocrx_word' id='word_1_68' title='bbox 1278 1003 1398 1059; x_wconf 67' lang='lat' dir='ltr'><strong>qum</strong></span> <span class='ocrx_word' id='word_1_69' title='bbox 1438 987 1576 1044; x_wconf 89' lang='lat' dir='ltr'><strong>lacte</strong></span> <span class='ocrx_word' id='word_1_70' title='bbox 1615 987 1952 1059; x_wconf 82' lang='lat' dir='ltr'><strong>exprimitur.</strong></span> 
     </span>
    </p>
   </div>
   <div class='ocr_carea' id='block_1_10' title="bbox 375 1079 1959 1152">
    <p class='ocr_par' dir='ltr' id='par_1_10' title="bbox 375 1079 1959 1152">
     <span class='ocr_line' id='line_1_10' title="bbox 375 1079 1959 1152; baseline -0.004 -13"><span class='ocrx_word' id='word_1_71' title='bbox 375 1083 434 1139; x_wconf 86' lang='lat' dir='ltr'><strong>In</strong></span> <span class='ocrx_word' id='word_1_72' title='bbox 481 1083 732 1138; x_wconf 82' lang='lat' dir='ltr'><strong>uberibus</strong></span> <span class='ocrx_word' id='word_1_73' title='bbox 776 1081 1012 1137; x_wconf 86' lang='lat' dir='ltr'><strong>suavitas</strong></span> <span class='ocrx_word' id='word_1_74' title='bbox 1056 1080 1242 1152; x_wconf 69' lang='lat' dir='ltr'><strong>gratia:</strong></span> <span class='ocrx_word' id='word_1_75' title='bbox 1286 1079 1630 1150; x_wconf 80' lang='lat' dir='ltr'><strong>designatur,</strong></span> <span class='ocrx_word' id='word_1_76' title='bbox 1675 1095 1796 1150; x_wconf 65' lang='lat' dir='ltr'><strong>qua:</strong></span> <span class='ocrx_word' id='word_1_77' title='bbox 1839 1079 1959 1151; x_wconf 89' lang='lat' dir='ltr'><strong>pul-</strong></span> 
     </span>
    </p>
   </div>
   <div class='ocr_carea' id='block_1_11' title="bbox 375 1169 1954 1241">
    <p class='ocr_par' dir='ltr' id='par_1_11' title="bbox 375 1169 1954 1241">
     <span class='ocr_line' id='line_1_11' title="bbox 375 1169 1954 1241; baseline -0.003 -12"><span class='ocrx_word' id='word_1_78' title='bbox 375 1172 560 1228; x_wconf 83' lang='lat' dir='ltr'><strong>chrior</strong></span> <span class='ocrx_word' id='word_1_79' title='bbox 585 1178 670 1226; x_wconf 88' lang='lat' dir='ltr'><strong>est</strong></span> <span class='ocrx_word' id='word_1_80' title='bbox 706 1171 1021 1226; x_wconf 82' lang='lat' dir='ltr'><strong>austeritate</strong></span> <span class='ocrx_word' id='word_1_81' title='bbox 1059 1169 1211 1240; x_wconf 90' lang='lat' dir='ltr'><strong>legis.</strong></span> <span class='ocrx_word' id='word_1_82' title='bbox 1259 1169 1316 1222; x_wconf 88' lang='lat' dir='ltr'><strong>In</strong></span> <span class='ocrx_word' id='word_1_83' title='bbox 1357 1171 1524 1225; x_wconf 84' lang='lat' dir='ltr'><strong>odore</strong></span> <span class='ocrx_word' id='word_1_84' title='bbox 1559 1178 1954 1241; x_wconf 84' lang='lat' dir='ltr'><strong>unguentorum</strong></span> 
     </span>
    </p>
   </div>
   <div class='ocr_carea' id='block_1_12' title="bbox 377 1257 1957 1336">
    <p class='ocr_par' dir='ltr' id='par_1_12' title="bbox 377 1257 1957 1336">
     <span class='ocr_line' id='line_1_12' title="bbox 377 1257 1957 1336; baseline 0.001 -22"><span class='ocrx_word' id='word_1_85' title='bbox 377 1258 520 1315; x_wconf 82' lang='lat' dir='ltr'><strong>fama</strong></span> <span class='ocrx_word' id='word_1_86' title='bbox 560 1260 878 1315; x_wconf 88' lang='lat' dir='ltr'><strong>suavissima</strong></span> <span class='ocrx_word' id='word_1_87' title='bbox 924 1259 1228 1314; x_wconf 85' lang='lat' dir='ltr'><strong>insinuatur</strong></span> <span class='ocrx_word' id='word_1_88' title='bbox 1253 1257 1460 1314; x_wconf 67' lang='lat' dir='ltr'><strong>dill‘usae</strong></span> <span class='ocrx_word' id='word_1_89' title='bbox 1503 1259 1656 1323; x_wconf 89' lang='lat' dir='ltr'><strong>ﬁdei,</strong></span> <span class='ocrx_word' id='word_1_90' title='bbox 1701 1275 1820 1330; x_wconf 69' lang='lat' dir='ltr'><strong>qua:</strong></span> <span class='ocrx_word' id='word_1_91' title='bbox 1852 1276 1957 1336; x_wconf 74' lang='lat' dir='ltr'><strong>per</strong></span> 
     </span>
    </p>
   </div>
   <div class='ocr_carea' id='block_1_13' title="bbox 377 1345 1955 1420">
    <p class='ocr_par' dir='ltr' id='par_1_13' title="bbox 377 1345 1955 1420">
     <span class='ocr_line' id='line_1_13' title="bbox 377 1345 1955 1420; baseline 0.002 -19"><span class='ocrx_word' id='word_1_92' title='bbox 377 1357 547 1402; x_wconf 91' lang='lat' dir='ltr'><strong>totum</strong></span> <span class='ocrx_word' id='word_1_93' title='bbox 574 1346 757 1401; x_wconf 87' lang='lat' dir='ltr'><strong>orbem</strong></span> <span class='ocrx_word' id='word_1_94' title='bbox 789 1347 1075 1418; x_wconf 73' lang='lat' dir='ltr'><strong>spargitur.</strong></span> <span class='ocrx_word' id='word_1_95' title='bbox 1106 1345 1231 1401; x_wconf 69' lang='lat' dir='ltr'><strong>ﬂare</strong></span> <span class='ocrx_word' id='word_1_96' title='bbox 1259 1361 1472 1417; x_wconf 91' lang='lat' dir='ltr'><strong>quoque</strong></span> <span class='ocrx_word' id='word_1_97' title='bbox 1499 1346 1600 1419; x_wconf 91' lang='lat' dir='ltr'><strong>legi</strong></span> <span class='ocrx_word' id='word_1_98' title='bbox 1627 1349 1794 1403; x_wconf 87' lang='lat' dir='ltr'><strong>veteri</strong></span> <span class='ocrx_word' id='word_1_99' title='bbox 1820 1364 1955 1420; x_wconf 71' lang='lat' dir='ltr'><strong>pne-</strong></span> 
     </span>
    </p>
   </div>
   <div class='ocr_carea' id='block_1_14' title="bbox 377 1435 1952 1508">
    <p class='ocr_par' dir='ltr' id='par_1_14' title="bbox 377 1435 1952 1508">
     <span class='ocr_line' id='line_1_14' title="bbox 377 1435 1952 1508; baseline 0.002 -17"><span class='ocrx_word' id='word_1_100' title='bbox 377 1437 568 1504; x_wconf 88' lang='lat' dir='ltr'><strong>fertur,</strong></span> <span class='ocrx_word' id='word_1_101' title='bbox 607 1453 726 1508; x_wconf 77' lang='lat' dir='ltr'><strong>quze</strong></span> <span class='ocrx_word' id='word_1_102' title='bbox 761 1439 814 1492; x_wconf 92' lang='lat' dir='ltr'><strong>in</strong></span> <span class='ocrx_word' id='word_1_103' title='bbox 853 1437 963 1493; x_wconf 91' lang='lat' dir='ltr'><strong>sola</strong></span> <span class='ocrx_word' id='word_1_104' title='bbox 998 1435 1181 1492; x_wconf 72' lang='lat' dir='ltr'><strong>Iudaea</strong></span> <span class='ocrx_word' id='word_1_105' title='bbox 1210 1444 1565 1508; x_wconf 87' lang='lat' dir='ltr'><strong>coangustata</strong></span> <span class='ocrx_word' id='word_1_106' title='bbox 1602 1438 1690 1492; x_wconf 91' lang='lat' dir='ltr'><strong>diu</strong></span> <span class='ocrx_word' id='word_1_107' title='bbox 1734 1437 1952 1494; x_wconf 87' lang='lat' dir='ltr'><strong>latebat.</strong></span> 
     </span>
    </p>
   </div>
   <div class='ocr_carea' id='block_1_15' title="bbox 373 1529 1958 1602">
    <p class='ocr_par' dir='ltr' id='par_1_15' title="bbox 373 1529 1958 1602">
     <span class='ocr_line' id='line_1_15' title="bbox 373 1529 1958 1602; baseline 0.001 -18"><span class='ocrx_word' id='word_1_108' title='bbox 373 1529 623 1585; x_wconf 79' lang='lat' dir='ltr'><strong>Fratrum</strong></span> <span class='ocrx_word' id='word_1_109' title='bbox 660 1531 935 1601; x_wconf 87' lang='lat' dir='ltr'><strong>patrueles</strong></span> <span class='ocrx_word' id='word_1_110' title='bbox 960 1530 1088 1585; x_wconf 91' lang='lat' dir='ltr'><strong>dicti</strong></span> <span class='ocrx_word' id='word_1_111' title='bbox 1120 1546 1187 1585; x_wconf 92' lang='lat' dir='ltr'><strong>eo</strong></span> <span class='ocrx_word' id='word_1_112' title='bbox 1238 1529 1380 1599; x_wconf 87' lang='lat' dir='ltr'><strong>quod</strong></span> <span class='ocrx_word' id='word_1_113' title='bbox 1416 1538 1598 1600; x_wconf 88' lang='lat' dir='ltr'><strong>patres</strong></span> <span class='ocrx_word' id='word_1_114' title='bbox 1622 1545 1808 1584; x_wconf 89' lang='lat' dir='ltr'><strong>eorum</strong></span> <span class='ocrx_word' id='word_1_115' title='bbox 1836 1546 1958 1602; x_wconf 90' lang='lat' dir='ltr'><strong>ger-</strong></span> 
     </span>
    </p>
   </div>
   <div class='ocr_carea' id='block_1_16' title="bbox 375 1620 1952 1690">
    <p class='ocr_par' dir='ltr' id='par_1_16' title="bbox 375 1620 1952 1690">
     <span class='ocr_line' id='line_1_16' title="bbox 375 1620 1952 1690; baseline 0 -14"><span class='ocrx_word' id='word_1_116' title='bbox 375 1625 518 1678; x_wconf 89' lang='lat' dir='ltr'><strong>mani</strong></span> <span class='ocrx_word' id='word_1_117' title='bbox 544 1621 739 1678; x_wconf 81' lang='lat' dir='ltr'><strong>fratres</strong></span> <span class='ocrx_word' id='word_1_118' title='bbox 763 1623 904 1678; x_wconf 90' lang='lat' dir='ltr'><strong>inter</strong></span> <span class='ocrx_word' id='word_1_119' title='bbox 927 1638 984 1677; x_wconf 90' lang='lat' dir='ltr'><strong>se</strong></span> <span class='ocrx_word' id='word_1_120' title='bbox 1008 1621 1244 1677; x_wconf 89' lang='lat' dir='ltr'><strong>fuerunt.</strong></span> <span class='ocrx_word' id='word_1_121' title='bbox 1267 1620 1585 1677; x_wconf 89' lang='lat' dir='ltr'><strong>Consobrini</strong></span> <span class='ocrx_word' id='word_1_122' title='bbox 1605 1637 1734 1677; x_wconf 89' lang='lat' dir='ltr'><strong>vero</strong></span> <span class='ocrx_word' id='word_1_123' title='bbox 1752 1623 1952 1690; x_wconf 83' lang='lat' dir='ltr'><strong>vocati,</strong></span> 
     </span>
    </p>
   </div>
   <div class='ocr_carea' id='block_1_17' title="bbox 372 1709 1955 1781">
    <p class='ocr_par' dir='ltr' id='par_1_17' title="bbox 372 1709 1955 1781">
     <span class='ocr_line' id='line_1_17' title="bbox 372 1709 1955 1781; baseline 0.003 -16"><span class='ocrx_word' id='word_1_124' title='bbox 372 1711 499 1781; x_wconf 90' lang='lat' dir='ltr'><strong>quia</strong></span> <span class='ocrx_word' id='word_1_125' title='bbox 525 1720 618 1766; x_wconf 89' lang='lat' dir='ltr'><strong>aut</strong></span> <span class='ocrx_word' id='word_1_126' title='bbox 641 1728 707 1767; x_wconf 75' lang='lat' dir='ltr'><strong>ex</strong></span> <span class='ocrx_word' id='word_1_127' title='bbox 729 1726 916 1778; x_wconf 83' lang='lat' dir='ltr'><strong>sorore</strong></span> <span class='ocrx_word' id='word_1_128' title='bbox 940 1719 996 1766; x_wconf 87' lang='lat' dir='ltr'><strong>et</strong></span> <span class='ocrx_word' id='word_1_129' title='bbox 1023 1709 1210 1776; x_wconf 80' lang='lat' dir='ltr'><strong>fratre,</strong></span> <span class='ocrx_word' id='word_1_130' title='bbox 1239 1719 1331 1765; x_wconf 90' lang='lat' dir='ltr'><strong>aut</strong></span> <span class='ocrx_word' id='word_1_131' title='bbox 1356 1725 1423 1766; x_wconf 82' lang='lat' dir='ltr'><strong>ex</strong></span> <span class='ocrx_word' id='word_1_132' title='bbox 1449 1711 1654 1768; x_wconf 90' lang='lat' dir='ltr'><strong>duabus</strong></span> <span class='ocrx_word' id='word_1_133' title='bbox 1679 1712 1955 1769; x_wconf 87' lang='lat' dir='ltr'><strong>sororibus</strong></span> 
     </span>
    </p>
   </div>
   <div class='ocr_carea' id='block_1_18' title="bbox 2059 529 3642 608">
    <p class='ocr_par' dir='ltr' id='par_1_18' title="bbox 2059 529 3642 608">
     <span class='ocr_line' id='line_1_18' title="bbox 2059 529 3642 608; baseline 0.007 -26"><span class='ocrx_word' id='word_1_134' title='bbox 2059 543 2158 599; x_wconf 90' lang='lat' dir='ltr'><strong>per</strong></span> <span class='ocrx_word' id='word_1_135' title='bbox 2183 529 2468 584; x_wconf 89' lang='lat' dir='ltr'><strong>Dominum</strong></span> <span class='ocrx_word' id='word_1_136' title='bbox 2493 529 2766 586; x_wconf 87' lang='lat' dir='ltr'><strong>Christum</strong></span> <span class='ocrx_word' id='word_1_137' title='bbox 2805 531 2979 597; x_wconf 83' lang='lat' dir='ltr'><strong>facta,</strong></span> <span class='ocrx_word' id='word_1_138' title='bbox 3018 541 3080 588; x_wconf 84' lang='lat' dir='ltr'><strong>ut</strong></span> <span class='ocrx_word' id='word_1_139' title='bbox 3117 533 3170 588; x_wconf 91' lang='lat' dir='ltr'><strong>in</strong></span> <span class='ocrx_word' id='word_1_140' title='bbox 3211 533 3540 608; x_wconf 85' lang='lat' dir='ltr'><strong>Evangelio:</strong></span> <span class='ocrx_word' id='word_1_141' title='bbox 3574 537 3642 593; x_wconf 85' lang='lat' dir='ltr'><strong>Et</strong></span> 
     </span>
    </p>
   </div>
   <div class='ocr_carea' id='block_1_19' title="bbox 2059 619 3644 695">
    <p class='ocr_par' dir='ltr' id='par_1_19' title="bbox 2059 619 3644 695">
     <span class='ocr_line' id='line_1_19' title="bbox 2059 619 3644 695; baseline 0.008 -21"><span class='ocrx_word' id='word_1_142' title='bbox 2059 636 2147 674; x_wconf 82' lang='lat' dir='ltr'><strong>vos</strong></span> <span class='ocrx_word' id='word_1_143' title='bbox 2173 619 2367 676; x_wconf 84' lang='lat' dir='ltr'><strong>similes</strong></span> <span class='ocrx_word' id='word_1_144' title='bbox 2397 621 2690 676; x_wconf 81' lang='lat' dir='ltr'><strong>hominibus</strong></span> <span class='ocrx_word' id='word_1_145' title='bbox 2716 623 3130 695; x_wconf 71' lang='lat' dir='ltr'><strong>exspectant,bus</strong></span> <span class='ocrx_word' id='word_1_146' title='bbox 3157 627 3423 682; x_wconf 85' lang='lat' dir='ltr'><strong>dominum</strong></span> <span class='ocrx_word' id='word_1_147' title='bbox 3463 635 3644 687; x_wconf 82' lang='lat' dir='ltr'><strong>suumi</strong></span> 
     </span>
    </p>
   </div>
   <div class='ocr_carea' id='block_1_20' title="bbox 2057 712 3641 788">
    <p class='ocr_par' dir='ltr' id='par_1_20' title="bbox 2057 712 3641 788">
     <span class='ocr_line' id='line_1_20' title="bbox 2057 712 3641 788; baseline 0.008 -23"><span class='ocrx_word' id='word_1_148' title='bbox 2057 712 2268 783; x_wconf 83' lang='lat' dir='ltr'><strong>quando</strong></span> <span class='ocrx_word' id='word_1_149' title='bbox 2317 722 2606 767; x_wconf 82' lang='lat' dir='ltr'><strong>revertatur</strong></span> <span class='ocrx_word' id='word_1_150' title='bbox 2655 731 2687 766; x_wconf 91' lang='lat' dir='ltr'><strong>a</strong></span> <span class='ocrx_word' id='word_1_151' title='bbox 2740 716 2936 784; x_wconf 78' lang='lat' dir='ltr'><strong>nuptiis</strong></span> <span class='ocrx_word' id='word_1_152' title='bbox 2986 715 3150 782; x_wconf 90' lang='lat' dir='ltr'><strong>(Luc.&#39;</strong></span> <span class='ocrx_word' id='word_1_153' title='bbox 3184 718 3304 788; x_wconf 82' lang='lat' dir='ltr'><strong>xu).</strong></span> <span class='ocrx_word' id='word_1_154' title='bbox 3354 719 3641 782; x_wconf 78' lang='lat' dir='ltr'><strong>Thalamus</strong></span> 
     </span>
    </p>
   </div>
   <div class='ocr_carea' id='block_1_21' title="bbox 2057 800 3644 876">
    <p class='ocr_par' dir='ltr' id='par_1_21' title="bbox 2057 800 3644 876">
     <span class='ocr_line' id='line_1_21' title="bbox 2057 800 3644 876; baseline 0.006 -20"><span class='ocrx_word' id='word_1_155' title='bbox 2057 810 2246 856; x_wconf 86' lang='lat' dir='ltr'><strong>uterus</strong></span> <span class='ocrx_word' id='word_1_156' title='bbox 2275 800 2502 872; x_wconf 85' lang='lat' dir='ltr'><strong>virginis</strong></span> <span class='ocrx_word' id='word_1_157' title='bbox 2532 801 2747 868; x_wconf 70' lang='lat' dir='ltr'><strong>Mariae,</strong></span> <span class='ocrx_word' id='word_1_158' title='bbox 2786 811 2848 858; x_wconf 83' lang='lat' dir='ltr'><strong>ut</strong></span> <span class='ocrx_word' id='word_1_159' title='bbox 2887 805 2940 858; x_wconf 93' lang='lat' dir='ltr'><strong>in</strong></span> <span class='ocrx_word' id='word_1_160' title='bbox 2979 804 3191 861; x_wconf 85' lang='lat' dir='ltr'><strong>Psalmo</strong></span> <span class='ocrx_word' id='word_1_161' title='bbox 3229 826 3241 860; x_wconf 91' lang='lat'>:</span> <span class='ocrx_word' id='word_1_162' title='bbox 3287 807 3356 862; x_wconf 83' lang='lat' dir='ltr'><strong>Et</strong></span> <span class='ocrx_word' id='word_1_163' title='bbox 3388 811 3495 876; x_wconf 79' lang='lat' dir='ltr'><strong>irse</strong></span> <span class='ocrx_word' id='word_1_164' title='bbox 3525 821 3644 866; x_wconf 83' lang='lat' dir='ltr'><strong>tan-</strong></span> 
     </span>
    </p>
   </div>
   <div class='ocr_carea' id='block_1_22' title="bbox 2057 893 3639 972">
    <p class='ocr_par' dir='ltr' id='par_1_22' title="bbox 2057 893 3639 972">
     <span class='ocr_line' id='line_1_22' title="bbox 2057 893 3639 972; baseline 0.008 -27"><span class='ocrx_word' id='word_1_165' title='bbox 2057 909 2214 962; x_wconf 84' lang='lat' dir='ltr'><strong>quam</strong></span> <span class='ocrx_word' id='word_1_166' title='bbox 2239 909 2459 962; x_wconf 78' lang='lat' dir='ltr'><strong>sponsus</strong></span> <span class='ocrx_word' id='word_1_167' title='bbox 2486 893 2767 964; x_wconf 74' lang='lat' dir='ltr'><strong>procedens</strong></span> <span class='ocrx_word' id='word_1_168' title='bbox 2792 895 2864 948; x_wconf 64' lang='lat' dir='ltr'><strong>dei</strong></span> <span class='ocrx_word' id='word_1_169' title='bbox 2888 895 3118 950; x_wconf 84' lang='lat' dir='ltr'><strong>thalamo</strong></span> <span class='ocrx_word' id='word_1_170' title='bbox 3142 914 3238 951; x_wconf 88' lang='lat' dir='ltr'><strong>suo</strong></span> <span class='ocrx_word' id='word_1_171' title='bbox 3266 897 3439 969; x_wconf 83' lang='lat' dir='ltr'><strong>(Psal.</strong></span> <span class='ocrx_word' id='word_1_172' title='bbox 3463 902 3639 972; x_wconf 82' lang='lat' dir='ltr'><strong>xvnt).</strong></span> 
     </span>
    </p>
   </div>
   <div class='ocr_carea' id='block_1_23' title="bbox 2059 980 3639 1047">
    <p class='ocr_par' dir='ltr' id='par_1_23' title="bbox 2059 980 3639 1047">
     <span class='ocr_line' id='line_1_23' title="bbox 2059 980 3639 1047; baseline 0.006 -12"><span class='ocrx_word' id='word_1_173' title='bbox 2059 980 2301 1036; x_wconf 84' lang='lat' dir='ltr'><strong>Thalami</strong></span> <span class='ocrx_word' id='word_1_174' title='bbox 2328 982 2490 1036; x_wconf 85' lang='lat' dir='ltr'><strong>corda</strong></span> <span class='ocrx_word' id='word_1_175' title='bbox 2518 993 2846 1047; x_wconf 84' lang='lat' dir='ltr'><strong>sanctorum,</strong></span> <span class='ocrx_word' id='word_1_176' title='bbox 2873 993 2934 1038; x_wconf 90' lang='lat' dir='ltr'><strong>ut</strong></span> <span class='ocrx_word' id='word_1_177' title='bbox 2960 984 3012 1038; x_wconf 91' lang='lat' dir='ltr'><strong>in</strong></span> <span class='ocrx_word' id='word_1_178' title='bbox 3041 985 3320 1040; x_wconf 82' lang='lat' dir='ltr'><strong>Ezechiele</strong></span> <span class='ocrx_word' id='word_1_179' title='bbox 3346 1005 3360 1041; x_wconf 89' lang='lat'><strong>:</strong></span> <span class='ocrx_word' id='word_1_180' title='bbox 3391 986 3639 1045; x_wconf 75' lang='lat' dir='ltr'><strong>Osculum</strong></span> 
     </span>
    </p>
   </div>
   <div class='ocr_carea' id='block_1_24' title="bbox 2058 1069 3642 1148">
    <p class='ocr_par' dir='ltr' id='par_1_24' title="bbox 2058 1069 3642 1148">
     <span class='ocr_line' id='line_1_24' title="bbox 2058 1069 3642 1148; baseline 0.006 -25"><span class='ocrx_word' id='word_1_181' title='bbox 2058 1069 2413 1124; x_wconf 81' lang='lat' dir='ltr'><strong>reconciliatio</strong></span> <span class='ocrx_word' id='word_1_182' title='bbox 2445 1071 2668 1126; x_wconf 78' lang='lat' dir='ltr'><strong>hominis</strong></span> <span class='ocrx_word' id='word_1_183' title='bbox 2698 1073 2752 1126; x_wconf 90' lang='lat' dir='ltr'><strong>in</strong></span> <span class='ocrx_word' id='word_1_184' title='bbox 2786 1071 2946 1126; x_wconf 85' lang='lat' dir='ltr'><strong>Deum</strong></span> <span class='ocrx_word' id='word_1_185' title='bbox 2975 1086 2994 1126; x_wconf 90' lang='lat'><strong><em>:</em></strong></span> <span class='ocrx_word' id='word_1_186' title='bbox 3024 1074 3164 1129; x_wconf 88' lang='lat' dir='ltr'><strong>sicut</strong></span> <span class='ocrx_word' id='word_1_187' title='bbox 3191 1076 3258 1130; x_wconf 91' lang='lat' dir='ltr'><strong>de</strong></span> <span class='ocrx_word' id='word_1_188' title='bbox 3280 1077 3506 1148; x_wconf 77' lang='lat' dir='ltr'><strong>prodigo</strong></span> <span class='ocrx_word' id='word_1_189' title='bbox 3535 1079 3642 1133; x_wconf 92' lang='lat' dir='ltr'><strong>ﬁlio</strong></span> 
     </span>
    </p>
   </div>
   <div class='ocr_carea' id='block_1_25' title="bbox 2059 1158 3639 1237">
    <p class='ocr_par' dir='ltr' id='par_1_25' title="bbox 2059 1158 3639 1237">
     <span class='ocr_line' id='line_1_25' title="bbox 2059 1158 3639 1237; baseline 0.005 -23"><span class='ocrx_word' id='word_1_190' title='bbox 2059 1159 2256 1214; x_wconf 87' lang='lat' dir='ltr'><strong>dicitur</strong></span> <span class='ocrx_word' id='word_1_191' title='bbox 2285 1178 2296 1213; x_wconf 93' lang='lat'>:</span> <span class='ocrx_word' id='word_1_192' title='bbox 2329 1158 2401 1214; x_wconf 79' lang='lat' dir='ltr'><strong>Et</strong></span> <span class='ocrx_word' id='word_1_193' title='bbox 2432 1160 2698 1215; x_wconf 79' lang='lat' dir='ltr'><strong>osculatus</strong></span> <span class='ocrx_word' id='word_1_194' title='bbox 2732 1171 2807 1216; x_wconf 84' lang='lat' dir='ltr'><strong>est</strong></span> <span class='ocrx_word' id='word_1_195' title='bbox 2835 1179 2952 1218; x_wconf 88' lang='lat' dir='ltr'><strong>eum</strong></span> <span class='ocrx_word' id='word_1_196' title='bbox 2984 1161 3144 1235; x_wconf 82' lang='lat' dir='ltr'><strong>(Luc:</strong></span> <span class='ocrx_word' id='word_1_197' title='bbox 3163 1165 3274 1236; x_wconf 80' lang='lat' dir='ltr'><strong>xv).</strong></span> <span class='ocrx_word' id='word_1_198' title='bbox 3315 1167 3383 1221; x_wconf 89' lang='lat' dir='ltr'><strong>Et</strong></span> <span class='ocrx_word' id='word_1_199' title='bbox 3412 1168 3462 1221; x_wconf 88' lang='lat' dir='ltr'><strong>in</strong></span> <span class='ocrx_word' id='word_1_200' title='bbox 3494 1167 3639 1237; x_wconf 85' lang='lat' dir='ltr'><strong>Apo-</strong></span> 
     </span>
    </p>
   </div>
   <div class='ocr_carea' id='block_1_26' title="bbox 2056 1251 3642 1331">
    <p class='ocr_par' dir='ltr' id='par_1_26' title="bbox 2056 1251 3642 1331">
     <span class='ocr_line' id='line_1_26' title="bbox 2056 1251 3642 1331; baseline 0.004 -24"><span class='ocrx_word' id='word_1_201' title='bbox 2056 1252 2196 1307; x_wconf 89' lang='lat' dir='ltr'><strong>stolo</strong></span> <span class='ocrx_word' id='word_1_202' title='bbox 2227 1272 2240 1306; x_wconf 88' lang='lat'><strong>:</strong></span> <span class='ocrx_word' id='word_1_203' title='bbox 2281 1251 2623 1331; x_wconf 69' lang='lat' dir='ltr'><strong>Reconciliati</strong></span> <span class='ocrx_word' id='word_1_204' title='bbox 2648 1269 2830 1307; x_wconf 86' lang='lat' dir='ltr'><strong>sumus</strong></span> <span class='ocrx_word' id='word_1_205' title='bbox 2857 1253 2965 1308; x_wconf 88' lang='lat' dir='ltr'><strong>Deo</strong></span> <span class='ocrx_word' id='word_1_206' title='bbox 2993 1272 3085 1324; x_wconf 83' lang='lat' dir='ltr'><strong>per</strong></span> <span class='ocrx_word' id='word_1_207' title='bbox 3114 1266 3329 1310; x_wconf 86' lang='lat' dir='ltr'><strong>mortem</strong></span> <span class='ocrx_word' id='word_1_208' title='bbox 3359 1256 3489 1312; x_wconf 86' lang='lat' dir='ltr'><strong>Filii</strong></span> <span class='ocrx_word' id='word_1_209' title='bbox 3527 1260 3642 1330; x_wconf 81' lang='lat' dir='ltr'><strong>ejus</strong></span> 
     </span>
    </p>
   </div>
   <div class='ocr_carea' id='block_1_27' title="bbox 2058 1341 3638 1418">
    <p class='ocr_par' dir='ltr' id='par_1_27' title="bbox 2058 1341 3638 1418">
     <span class='ocr_line' id='line_1_27' title="bbox 2058 1341 3638 1418; baseline 0.006 -23"><span class='ocrx_word' id='word_1_210' title='bbox 2058 1341 2230 1413; x_wconf 79' lang='lat' dir='ltr'><strong>(Rom.</strong></span> <span class='ocrx_word' id='word_1_211' title='bbox 2258 1341 2334 1413; x_wconf 88' lang='lat' dir='ltr'><strong>v).</strong></span> <span class='ocrx_word' id='word_1_212' title='bbox 2381 1341 2447 1396; x_wconf 87' lang='lat' dir='ltr'><strong>Et</strong></span> <span class='ocrx_word' id='word_1_213' title='bbox 2475 1343 2528 1396; x_wconf 92' lang='lat' dir='ltr'><strong>in</strong></span> <span class='ocrx_word' id='word_1_214' title='bbox 2559 1343 2752 1398; x_wconf 90' lang='lat' dir='ltr'><strong>malam</strong></span> <span class='ocrx_word' id='word_1_215' title='bbox 2793 1353 3002 1413; x_wconf 85' lang='lat' dir='ltr'><strong>partem</strong></span> <span class='ocrx_word' id='word_1_216' title='bbox 3033 1364 3046 1399; x_wconf 91' lang='lat'><strong>:</strong></span> <span class='ocrx_word' id='word_1_217' title='bbox 3075 1345 3436 1412; x_wconf 80' lang='lat' dir='ltr'><strong>Juda,osculo</strong></span> <span class='ocrx_word' id='word_1_218' title='bbox 3471 1350 3638 1418; x_wconf 79' lang='lat' dir='ltr'><strong>[ilium</strong></span> 
     </span>
    </p>
   </div>
   <div class='ocr_carea' id='block_1_28' title="bbox 2057 1431 3636 1509">
    <p class='ocr_par' dir='ltr' id='par_1_28' title="bbox 2057 1431 3636 1509">
     <span class='ocr_line' id='line_1_28' title="bbox 2057 1431 3636 1509; baseline 0.008 -25"><span class='ocrx_word' id='word_1_219' title='bbox 2057 1431 2282 1486; x_wconf 85' lang='lat' dir='ltr'><strong>hominis</strong></span> <span class='ocrx_word' id='word_1_220' title='bbox 2304 1433 2506 1486; x_wconf 84' lang='lat' dir='ltr'><strong>tradis!</strong></span> <span class='ocrx_word' id='word_1_221' title='bbox 2535 1431 2686 1503; x_wconf 88' lang='lat' dir='ltr'><strong>(Luc.</strong></span> <span class='ocrx_word' id='word_1_222' title='bbox 2712 1434 2874 1505; x_wconf 80' lang='lat' dir='ltr'><strong>xm.)</strong></span> <span class='ocrx_word' id='word_1_223' title='bbox 2897 1435 3056 1490; x_wconf 82' lang='lat' dir='ltr'><strong>Risus</strong></span> <span class='ocrx_word' id='word_1_224' title='bbox 3080 1437 3331 1506; x_wconf 77' lang='lat' dir='ltr'><strong>gaudium</strong></span> <span class='ocrx_word' id='word_1_225' title='bbox 3358 1443 3636 1509; x_wconf 82' lang='lat' dir='ltr'><strong>sempiter-</strong></span> 
     </span>
    </p>
   </div>
   <div class='ocr_carea' id='block_1_29' title="bbox 2056 1522 3635 1595">
    <p class='ocr_par' dir='ltr' id='par_1_29' title="bbox 2056 1522 3635 1595">
     <span class='ocr_line' id='line_1_29' title="bbox 2056 1522 3635 1595; baseline 0.008 -21"><span class='ocrx_word' id='word_1_226' title='bbox 2056 1535 2210 1586; x_wconf 89' lang='lat' dir='ltr'><strong>num,</strong></span> <span class='ocrx_word' id='word_1_227' title='bbox 2237 1523 2378 1578; x_wconf 87' lang='lat' dir='ltr'><strong>sicut</strong></span> <span class='ocrx_word' id='word_1_228' title='bbox 2409 1523 2461 1577; x_wconf 91' lang='lat' dir='ltr'><strong>in</strong></span> <span class='ocrx_word' id='word_1_229' title='bbox 2492 1522 2782 1578; x_wconf 88' lang='lat' dir='ltr'><strong>Salomone</strong></span> <span class='ocrx_word' id='word_1_230' title='bbox 2807 1541 2906 1595; x_wconf 91' lang='lat' dir='ltr'><strong>pro</strong></span> <span class='ocrx_word' id='word_1_231' title='bbox 2934 1525 3170 1581; x_wconf 84' lang='lat' dir='ltr'><strong>Ecclesia</strong></span> <span class='ocrx_word' id='word_1_232' title='bbox 3199 1529 3398 1584; x_wconf 89' lang='lat' dir='ltr'><strong>dicitur</strong></span> <span class='ocrx_word' id='word_1_233' title='bbox 3426 1549 3437 1584; x_wconf 93' lang='lat'>:</span> <span class='ocrx_word' id='word_1_234' title='bbox 3475 1531 3541 1585; x_wconf 82' lang='lat' dir='ltr'><strong>Et</strong></span> <span class='ocrx_word' id='word_1_235' title='bbox 3566 1534 3635 1586; x_wconf 84' lang='lat' dir='ltr'><strong>ri-</strong></span> 
     </span>
    </p>
   </div>
   <div class='ocr_carea' id='block_1_30' title="bbox 2057 1611 3639 1693">
    <p class='ocr_par' dir='ltr' id='par_1_30' title="bbox 2057 1611 3639 1693">
     <span class='ocr_line' id='line_1_30' title="bbox 2057 1611 3639 1693; baseline 0.008 -29"><span class='ocrx_word' id='word_1_236' title='bbox 2057 1611 2196 1666; x_wconf 89' lang='lat' dir='ltr'><strong>debit</strong></span> <span class='ocrx_word' id='word_1_237' title='bbox 2223 1613 2278 1666; x_wconf 88' lang='lat' dir='ltr'><strong>in</strong></span> <span class='ocrx_word' id='word_1_238' title='bbox 2311 1612 2394 1667; x_wconf 88' lang='lat' dir='ltr'><strong>die</strong></span> <span class='ocrx_word' id='word_1_239' title='bbox 2431 1613 2707 1668; x_wconf 84' lang='lat' dir='ltr'><strong>novissimo</strong></span> <span class='ocrx_word' id='word_1_240' title='bbox 2736 1614 2919 1686; x_wconf 83' lang='lat' dir='ltr'><strong>(Prov.</strong></span> <span class='ocrx_word' id='word_1_241' title='bbox 2951 1616 3123 1689; x_wconf 63' lang='grc' dir='ltr'><strong>χιιι).</strong></span> <span class='ocrx_word' id='word_1_242' title='bbox 3153 1619 3218 1673; x_wconf 87' lang='lat' dir='ltr'><strong>Et</strong></span> <span class='ocrx_word' id='word_1_243' title='bbox 3246 1619 3298 1674; x_wconf 91' lang='lat' dir='ltr'><strong>in</strong></span> <span class='ocrx_word' id='word_1_244' title='bbox 3329 1620 3488 1675; x_wconf 88' lang='lat' dir='ltr'><strong>aliam</strong></span> <span class='ocrx_word' id='word_1_245' title='bbox 3513 1637 3639 1693; x_wconf 86' lang='lat' dir='ltr'><strong>par-</strong></span> 
     </span>
    </p>
   </div>
   <div class='ocr_carea' id='block_1_31' title="bbox 2061 1703 3640 1791">
    <p class='ocr_par' dir='ltr' id='par_1_31' title="bbox 2061 1703 3640 1791">
     <span class='ocr_line' id='line_1_31' title="bbox 2061 1703 3640 1791; baseline 0.006 -34"><span class='ocrx_word' id='word_1_246' title='bbox 2061 1712 2170 1758; x_wconf 91' lang='lat' dir='ltr'><strong>tem</strong></span> <span class='ocrx_word' id='word_1_247' title='bbox 2215 1722 2229 1758; x_wconf 90' lang='lat'><strong>:</strong></span> <span class='ocrx_word' id='word_1_248' title='bbox 2282 1703 2392 1774; x_wconf 85' lang='lat' dir='ltr'><strong>Ego</strong></span> <span class='ocrx_word' id='word_1_249' title='bbox 2431 1721 2634 1776; x_wconf 86' lang='lat' dir='ltr'><strong>quoque</strong></span> <span class='ocrx_word' id='word_1_250' title='bbox 2678 1706 2890 1760; x_wconf 86' lang='lat' dir='ltr'><strong>interitu</strong></span> <span class='ocrx_word' id='word_1_251' title='bbox 2934 1716 3100 1762; x_wconf 79' lang='lat' dir='ltr'><strong>restro</strong></span> <span class='ocrx_word' id='word_1_252' title='bbox 3149 1710 3326 1764; x_wconf 81' lang='lat' dir='ltr'><strong>ridebo</strong></span> <span class='ocrx_word' id='word_1_253' title='bbox 3359 1708 3542 1791; x_wconf 67' lang='lat' dir='ltr'><strong>(Prov.</strong></span> <span class='ocrx_word' id='word_1_254' title='bbox 3578 1713 3640 1785; x_wconf 86' lang='grc' dir='ltr'><strong>ι).</strong></span> 
     </span>
    </p>
   </div>
   <div class='ocr_carea' id='block_1_32' title="bbox 373 1791 3640 1871">
    <p class='ocr_par' dir='ltr' id='par_1_32' title="bbox 373 1791 3640 1871">
     <span class='ocr_line' id='line_1_32' title="bbox 373 1791 3640 1871; baseline 0 -15"><span class='ocrx_word' id='word_1_255' title='bbox 373 1810 500 1856; x_wconf 86' lang='lat' dir='ltr'><strong>sunt</strong></span> <span class='ocrx_word' id='word_1_256' title='bbox 529 1803 636 1855; x_wconf 91' lang='lat' dir='ltr'><strong>nati</strong></span> <span class='ocrx_word' id='word_1_257' title='bbox 656 1841 671 1863; x_wconf 91' lang='lat'><strong>,</strong></span> <span class='ocrx_word' id='word_1_258' title='bbox 705 1801 857 1871; x_wconf 87' lang='lat' dir='ltr'><strong>quasi</strong></span> <span class='ocrx_word' id='word_1_259' title='bbox 887 1800 1180 1870; x_wconf 81' lang='lat' dir='ltr'><strong>consorini.</strong></span> <span class='ocrx_word' id='word_1_260' title='bbox 1220 1799 1508 1856; x_wconf 82' lang='lat' dir='ltr'><strong>Matrueles</strong></span> <span class='ocrx_word' id='word_1_261' title='bbox 1537 1810 1716 1857; x_wconf 90' lang='lat' dir='ltr'><strong>autem</strong></span> <span class='ocrx_word' id='word_1_262' title='bbox 1754 1809 1952 1858; x_wconf 85' lang='lat' dir='ltr'><strong>mater-</strong></span> <span class='ocrx_word' id='word_1_263' title='bbox 1983 1791 2030 1850; x_wconf 82' lang='grc' dir='ltr'><strong>Β</strong></span> <span class='ocrx_word' id='word_1_264' title='bbox 2056 1791 2266 1849; x_wconf 75' lang='lat' dir='ltr'><strong>Arrabo</strong></span> <span class='ocrx_word' id='word_1_265' title='bbox 2285 1795 2618 1864; x_wconf 81' lang='lat' dir='ltr'><strong>dicta,quasi</strong></span> <span class='ocrx_word' id='word_1_266' title='bbox 2647 1797 2809 1850; x_wconf 81' lang='lat' dir='ltr'><strong>arrha</strong></span> <span class='ocrx_word' id='word_1_267' title='bbox 2837 1797 3165 1866; x_wconf 81' lang='lat' dir='ltr'><strong>bona.Quod</strong></span> <span class='ocrx_word' id='word_1_268' title='bbox 3191 1799 3332 1853; x_wconf 87' lang='lat' dir='ltr'><strong>enim</strong></span> <span class='ocrx_word' id='word_1_269' title='bbox 3362 1801 3520 1854; x_wconf 88' lang='lat' dir='ltr'><strong>datur</strong></span> <span class='ocrx_word' id='word_1_270' title='bbox 3546 1817 3640 1870; x_wconf 88' lang='lat' dir='ltr'><strong>pro</strong></span> 
     </span>
    </p>
   </div>
   <div class='ocr_carea' id='block_1_33' title="bbox 375 1889 1960 1958">
    <p class='ocr_par' dir='ltr' id='par_1_33' title="bbox 375 1889 1960 1958">
     <span class='ocr_line' id='line_1_33' title="bbox 375 1889 1960 1958; baseline 0.002 -13"><span class='ocrx_word' id='word_1_271' title='bbox 375 1896 506 1946; x_wconf 60' lang='lat' dir='ltr'><strong>tera:</strong></span> <span class='ocrx_word' id='word_1_272' title='bbox 531 1891 621 1944; x_wconf 90' lang='lat' dir='ltr'><strong>ﬁlii</strong></span> <span class='ocrx_word' id='word_1_273' title='bbox 655 1900 796 1946; x_wconf 87' lang='lat' dir='ltr'><strong>sunt.</strong></span> <span class='ocrx_word' id='word_1_274' title='bbox 833 1889 1072 1958; x_wconf 88' lang='lat' dir='ltr'><strong>Sobrini,</strong></span> <span class='ocrx_word' id='word_1_275' title='bbox 1105 1891 1553 1946; x_wconf 90' lang='lat' dir='ltr'><strong>consobrinorum</strong></span> <span class='ocrx_word' id='word_1_276' title='bbox 1585 1890 1698 1946; x_wconf 88' lang='lat' dir='ltr'><strong>ﬁlii.</strong></span> <span class='ocrx_word' id='word_1_277' title='bbox 1724 1891 1960 1949; x_wconf 85' lang='lat' dir='ltr'><strong>Patruus</strong></span> 
     </span>
    </p>
   </div>
   <div class='ocr_carea' id='block_1_34' title="bbox 376 1979 1960 2053">
    <p class='ocr_par' dir='ltr' id='par_1_34' title="bbox 376 1979 1960 2053">
     <span class='ocr_line' id='line_1_34' title="bbox 376 1979 1960 2053; baseline 0.004 -19"><span class='ocrx_word' id='word_1_278' title='bbox 376 1979 544 2037; x_wconf 78' lang='lat' dir='ltr'><strong>frater</strong></span> <span class='ocrx_word' id='word_1_279' title='bbox 570 1983 742 2051; x_wconf 90' lang='lat' dir='ltr'><strong>patris</strong></span> <span class='ocrx_word' id='word_1_280' title='bbox 765 1990 872 2047; x_wconf 90' lang='lat' dir='ltr'><strong>est,</strong></span> <span class='ocrx_word' id='word_1_281' title='bbox 896 1981 1052 2052; x_wconf 89' lang='lat' dir='ltr'><strong>quasi</strong></span> <span class='ocrx_word' id='word_1_282' title='bbox 1073 1989 1230 2053; x_wconf 90' lang='lat' dir='ltr'><strong>pater</strong></span> <span class='ocrx_word' id='word_1_283' title='bbox 1254 1981 1410 2037; x_wconf 88' lang='lat' dir='ltr'><strong>alius.</strong></span> <span class='ocrx_word' id='word_1_284' title='bbox 1439 1981 1592 2039; x_wconf 90' lang='lat' dir='ltr'><strong>Unde</strong></span> <span class='ocrx_word' id='word_1_285' title='bbox 1615 1991 1672 2038; x_wconf 91' lang='lat' dir='ltr'><strong>et</strong></span> <span class='ocrx_word' id='word_1_286' title='bbox 1697 1983 1960 2040; x_wconf 86' lang='lat' dir='ltr'><strong>moriente</strong></span> 
     </span>
    </p>
   </div>
   <div class='ocr_carea' id='block_1_35' title="bbox 372 2075 1956 2148">
    <p class='ocr_par' dir='ltr' id='par_1_35' title="bbox 372 2075 1956 2148">
     <span class='ocr_line' id='line_1_35' title="bbox 372 2075 1956 2148; baseline 0.003 -19"><span class='ocrx_word' id='word_1_287' title='bbox 372 2088 528 2145; x_wconf 88' lang='lat' dir='ltr'><strong>patre</strong></span> <span class='ocrx_word' id='word_1_288' title='bbox 555 2076 814 2148; x_wconf 86' lang='lat' dir='ltr'><strong>pupillum</strong></span> <span class='ocrx_word' id='word_1_289' title='bbox 839 2076 989 2148; x_wconf 85' lang='lat' dir='ltr'><strong>prior</strong></span> <span class='ocrx_word' id='word_1_290' title='bbox 1012 2086 1236 2146; x_wconf 88' lang='lat' dir='ltr'><strong>patruus</strong></span> <span class='ocrx_word' id='word_1_291' title='bbox 1263 2075 1504 2146; x_wconf 89' lang='lat' dir='ltr'><strong>suscipit,</strong></span> <span class='ocrx_word' id='word_1_292' title='bbox 1529 2085 1585 2132; x_wconf 90' lang='lat' dir='ltr'><strong>et</strong></span> <span class='ocrx_word' id='word_1_293' title='bbox 1607 2077 1758 2148; x_wconf 88' lang='lat' dir='ltr'><strong>quasi</strong></span> <span class='ocrx_word' id='word_1_294' title='bbox 1789 2076 1956 2134; x_wconf 88' lang='lat' dir='ltr'><strong>ﬁlium</strong></span> 
     </span>
    </p>
   </div>
   <div class='ocr_carea' id='block_1_36' title="bbox 373 2163 1958 2236">
    <p class='ocr_par' dir='ltr' id='par_1_36' title="bbox 373 2163 1958 2236">
     <span class='ocr_line' id='line_1_36' title="bbox 373 2163 1958 2236; baseline 0.001 -16"><span class='ocrx_word' id='word_1_295' title='bbox 373 2165 489 2236; x_wconf 82' lang='lat' dir='ltr'><strong>lege</strong></span> <span class='ocrx_word' id='word_1_296' title='bbox 517 2174 715 2221; x_wconf 90' lang='lat' dir='ltr'><strong>tuetur.</strong></span> <span class='ocrx_word' id='word_1_297' title='bbox 755 2165 1066 2222; x_wconf 82' lang='lat' dir='ltr'><strong>Avunculus</strong></span> <span class='ocrx_word' id='word_1_298' title='bbox 1099 2176 1185 2220; x_wconf 57' lang='lat' dir='ltr'><strong>est</strong></span> <span class='ocrx_word' id='word_1_299' title='bbox 1226 2163 1397 2220; x_wconf 89' lang='lat' dir='ltr'><strong>frater</strong></span> <span class='ocrx_word' id='word_1_300' title='bbox 1433 2165 1640 2229; x_wconf 88' lang='lat' dir='ltr'><strong>matris,</strong></span> <span class='ocrx_word' id='word_1_301' title='bbox 1673 2165 1828 2234; x_wconf 86' lang='lat' dir='ltr'><strong>cujus</strong></span> <span class='ocrx_word' id='word_1_302' title='bbox 1854 2181 1958 2222; x_wconf 91' lang='lat' dir='ltr'><strong>no-</strong></span> 
     </span>
    </p>
   </div>
   <div class='ocr_carea' id='block_1_37' title="bbox 373 2255 1957 2326">
    <p class='ocr_par' dir='ltr' id='par_1_37' title="bbox 373 2255 1957 2326">
     <span class='ocr_line' id='line_1_37' title="bbox 373 2255 1957 2326; baseline 0 -15"><span class='ocrx_word' id='word_1_303' title='bbox 373 2272 496 2312; x_wconf 91' lang='lat' dir='ltr'><strong>men</strong></span> <span class='ocrx_word' id='word_1_304' title='bbox 545 2255 770 2312; x_wconf 90' lang='lat' dir='ltr'><strong>formam</strong></span> <span class='ocrx_word' id='word_1_305' title='bbox 823 2256 1127 2312; x_wconf 83' lang='lat' dir='ltr'><strong>diminutivi</strong></span> <span class='ocrx_word' id='word_1_306' title='bbox 1179 2257 1380 2312; x_wconf 87' lang='lat' dir='ltr'><strong>habere</strong></span> <span class='ocrx_word' id='word_1_307' title='bbox 1425 2255 1658 2322; x_wconf 89' lang='lat' dir='ltr'><strong>videtur,</strong></span> <span class='ocrx_word' id='word_1_308' title='bbox 1712 2256 1837 2326; x_wconf 91' lang='lat' dir='ltr'><strong>quia</strong></span> <span class='ocrx_word' id='word_1_309' title='bbox 1887 2257 1957 2312; x_wconf 92' lang='lat' dir='ltr'><strong>ab</strong></span> 
     </span>
    </p>
   </div>
   <div class='ocr_carea' id='block_1_38' title="bbox 374 2344 1953 2416">
    <p class='ocr_par' dir='ltr' id='par_1_38' title="bbox 374 2344 1953 2416">
     <span class='ocr_line' id='line_1_38' title="bbox 374 2344 1953 2416; baseline 0.001 -18"><span class='ocrx_word' id='word_1_310' title='bbox 374 2360 475 2400; x_wconf 89' lang='lat' dir='ltr'><strong>avo</strong></span> <span class='ocrx_word' id='word_1_311' title='bbox 501 2346 686 2401; x_wconf 84' lang='lat' dir='ltr'><strong>venire</strong></span> <span class='ocrx_word' id='word_1_312' title='bbox 707 2355 1057 2402; x_wconf 85' lang='lat' dir='ltr'><strong>monstratur.</strong></span> <span class='ocrx_word' id='word_1_313' title='bbox 1079 2344 1259 2399; x_wconf 80' lang='lat' dir='ltr'><strong>Amita</strong></span> <span class='ocrx_word' id='word_1_314' title='bbox 1287 2355 1370 2402; x_wconf 89' lang='lat' dir='ltr'><strong>est</strong></span> <span class='ocrx_word' id='word_1_315' title='bbox 1396 2360 1552 2400; x_wconf 90' lang='lat' dir='ltr'><strong>soror</strong></span> <span class='ocrx_word' id='word_1_316' title='bbox 1578 2347 1770 2416; x_wconf 91' lang='lat' dir='ltr'><strong>patris,</strong></span> <span class='ocrx_word' id='word_1_317' title='bbox 1798 2345 1953 2416; x_wconf 88' lang='lat' dir='ltr'><strong>quasi</strong></span> 
     </span>
    </p>
   </div>
   <div class='ocr_carea' id='block_1_39' title="bbox 374 2435 1960 2504">
    <p class='ocr_par' dir='ltr' id='par_1_39' title="bbox 374 2435 1960 2504">
     <span class='ocr_line' id='line_1_39' title="bbox 374 2435 1960 2504; baseline 0 -14"><span class='ocrx_word' id='word_1_318' title='bbox 374 2437 477 2491; x_wconf 86' lang='lat' dir='ltr'><strong>alia</strong></span> <span class='ocrx_word' id='word_1_319' title='bbox 509 2445 702 2493; x_wconf 89' lang='lat' dir='ltr'><strong>mater.</strong></span> <span class='ocrx_word' id='word_1_320' title='bbox 731 2437 1040 2501; x_wconf 82' lang='lat' dir='ltr'><strong>Matertera,</strong></span> <span class='ocrx_word' id='word_1_321' title='bbox 1069 2452 1224 2491; x_wconf 89' lang='lat' dir='ltr'><strong>soror</strong></span> <span class='ocrx_word' id='word_1_322' title='bbox 1250 2435 1442 2490; x_wconf 89' lang='lat' dir='ltr'><strong>matris</strong></span> <span class='ocrx_word' id='word_1_323' title='bbox 1463 2435 1620 2504; x_wconf 84' lang='lat' dir='ltr'><strong>quasi</strong></span> <span class='ocrx_word' id='word_1_324' title='bbox 1650 2435 1816 2490; x_wconf 88' lang='lat' dir='ltr'><strong>altera</strong></span> <span class='ocrx_word' id='word_1_325' title='bbox 1845 2451 1960 2492; x_wconf 86' lang='lat' dir='ltr'><strong>ma-</strong></span> 
     </span>
    </p>
   </div>
   <div class='ocr_carea' id='block_1_40' title="bbox 375 2524 1960 2596">
    <p class='ocr_par' dir='ltr' id='par_1_40' title="bbox 375 2524 1960 2596">
     <span class='ocr_line' id='line_1_40' title="bbox 375 2524 1960 2596; baseline 0 -16"><span class='ocrx_word' id='word_1_326' title='bbox 375 2535 476 2580; x_wconf 89' lang='lat' dir='ltr'><strong>ter.</strong></span> <span class='ocrx_word' id='word_1_327' title='bbox 511 2524 698 2592; x_wconf 90' lang='lat' dir='ltr'><strong>Socer,</strong></span> <span class='ocrx_word' id='word_1_328' title='bbox 735 2527 859 2596; x_wconf 87' lang='lat' dir='ltr'><strong>quia</strong></span> <span class='ocrx_word' id='word_1_329' title='bbox 894 2525 1057 2592; x_wconf 81' lang='lat' dir='ltr'><strong>ﬁliam</strong></span> <span class='ocrx_word' id='word_1_330' title='bbox 1088 2525 1250 2580; x_wconf 87' lang='lat' dir='ltr'><strong>dedit.</strong></span> <span class='ocrx_word' id='word_1_331' title='bbox 1288 2525 1484 2590; x_wconf 85' lang='lat' dir='ltr'><strong>Gener,</strong></span> <span class='ocrx_word' id='word_1_332' title='bbox 1517 2527 1645 2596; x_wconf 85' lang='lat' dir='ltr'><strong>quia</strong></span> <span class='ocrx_word' id='word_1_333' title='bbox 1675 2526 1836 2581; x_wconf 92' lang='lat' dir='ltr'><strong>ﬁliam</strong></span> <span class='ocrx_word' id='word_1_334' title='bbox 1863 2527 1960 2581; x_wconf 87' lang='lat' dir='ltr'><strong>du-</strong></span> 
     </span>
    </p>
   </div>
   <div class='ocr_carea' id='block_1_41' title="bbox 377 2616 1961 2690">
    <p class='ocr_par' dir='ltr' id='par_1_41' title="bbox 377 2616 1961 2690">
     <span class='ocr_line' id='line_1_41' title="bbox 377 2616 1961 2690; baseline 0 -18"><span class='ocrx_word' id='word_1_335' title='bbox 377 2618 474 2674; x_wconf 76' lang='lat' dir='ltr'><strong>xit.</strong></span> <span class='ocrx_word' id='word_1_336' title='bbox 513 2617 692 2673; x_wconf 88' lang='lat' dir='ltr'><strong>Gener</strong></span> <span class='ocrx_word' id='word_1_337' title='bbox 719 2625 896 2672; x_wconf 89' lang='lat' dir='ltr'><strong>autem</strong></span> <span class='ocrx_word' id='word_1_338' title='bbox 928 2617 1126 2684; x_wconf 90' lang='lat' dir='ltr'><strong>dictus,</strong></span> <span class='ocrx_word' id='word_1_339' title='bbox 1165 2616 1308 2685; x_wconf 91' lang='lat' dir='ltr'><strong>quod</strong></span> <span class='ocrx_word' id='word_1_340' title='bbox 1342 2616 1642 2672; x_wconf 88' lang='lat' dir='ltr'><strong>asciscatur</strong></span> <span class='ocrx_word' id='word_1_341' title='bbox 1667 2617 1734 2672; x_wconf 89' lang='lat' dir='ltr'><strong>ad</strong></span> <span class='ocrx_word' id='word_1_342' title='bbox 1761 2633 1961 2690; x_wconf 85' lang='lat' dir='ltr'><strong>augen-</strong></span> 
     </span>
    </p>
   </div>
   <div class='ocr_carea' id='block_1_42' title="bbox 374 2706 1958 2780">
    <p class='ocr_par' dir='ltr' id='par_1_42' title="bbox 374 2706 1958 2780">
     <span class='ocr_line' id='line_1_42' title="bbox 374 2706 1958 2780; baseline -0.001 -18"><span class='ocrx_word' id='word_1_343' title='bbox 374 2708 500 2762; x_wconf 91' lang='lat' dir='ltr'><strong>dum</strong></span> <span class='ocrx_word' id='word_1_344' title='bbox 531 2723 716 2780; x_wconf 89' lang='lat' dir='ltr'><strong>genus.</strong></span> <span class='ocrx_word' id='word_1_345' title='bbox 763 2706 932 2763; x_wconf 90' lang='lat' dir='ltr'><strong>Socer</strong></span> <span class='ocrx_word' id='word_1_346' title='bbox 969 2715 1150 2762; x_wconf 90' lang='lat' dir='ltr'><strong>autem</strong></span> <span class='ocrx_word' id='word_1_347' title='bbox 1191 2715 1248 2762; x_wconf 89' lang='lat' dir='ltr'><strong>et</strong></span> <span class='ocrx_word' id='word_1_348' title='bbox 1285 2721 1500 2773; x_wconf 86' lang='lat' dir='ltr'><strong>socrus,</strong></span> <span class='ocrx_word' id='word_1_349' title='bbox 1524 2706 1666 2776; x_wconf 86' lang='lat' dir='ltr'><strong>quod</strong></span> <span class='ocrx_word' id='word_1_350' title='bbox 1701 2721 1958 2778; x_wconf 76' lang='lat' dir='ltr'><strong>generum</strong></span> 
     </span>
    </p>
   </div>
   <div class='ocr_carea' id='block_1_43' title="bbox 376 2796 1959 2868">
    <p class='ocr_par' dir='ltr' id='par_1_43' title="bbox 376 2796 1959 2868">
     <span class='ocr_line' id='line_1_43' title="bbox 376 2796 1959 2868; baseline 0.004 -21"><span class='ocrx_word' id='word_1_351' title='bbox 376 2797 462 2853; x_wconf 85' lang='lat' dir='ltr'><strong>vel</strong></span> <span class='ocrx_word' id='word_1_352' title='bbox 491 2813 683 2852; x_wconf 90' lang='lat' dir='ltr'><strong>nurum</strong></span> <span class='ocrx_word' id='word_1_353' title='bbox 713 2798 817 2852; x_wconf 89' lang='lat' dir='ltr'><strong>sibi</strong></span> <span class='ocrx_word' id='word_1_354' title='bbox 851 2797 1104 2854; x_wconf 86' lang='lat' dir='ltr'><strong>associat.</strong></span> <span class='ocrx_word' id='word_1_355' title='bbox 1135 2796 1366 2853; x_wconf 88' lang='lat' dir='ltr'><strong>Vitricus</strong></span> <span class='ocrx_word' id='word_1_356' title='bbox 1391 2807 1494 2862; x_wconf 85' lang='lat' dir='ltr'><strong>est,</strong></span> <span class='ocrx_word' id='word_1_357' title='bbox 1521 2799 1610 2868; x_wconf 91' lang='lat' dir='ltr'><strong>qui</strong></span> <span class='ocrx_word' id='word_1_358' title='bbox 1637 2814 1860 2854; x_wconf 83' lang='lat' dir='ltr'><strong>uxorem</strong></span> <span class='ocrx_word' id='word_1_359' title='bbox 1890 2816 1959 2854; x_wconf 79' lang='lat' dir='ltr'><strong>ex</strong></span> 
     </span>
    </p>
   </div>
   <div class='ocr_carea' id='block_1_44' title="bbox 375 2887 1961 2946">
    <p class='ocr_par' dir='ltr' id='par_1_44' title="bbox 375 2887 1961 2946">
     <span class='ocr_line' id='line_1_44' title="bbox 375 2887 1961 2946; baseline 0.001 -1"><span class='ocrx_word' id='word_1_360' title='bbox 375 2887 482 2945; x_wconf 86' lang='lat' dir='ltr'><strong>alio</strong></span> <span class='ocrx_word' id='word_1_361' title='bbox 503 2889 618 2944; x_wconf 90' lang='lat' dir='ltr'><strong>viro</strong></span> <span class='ocrx_word' id='word_1_362' title='bbox 643 2889 810 2944; x_wconf 88' lang='lat' dir='ltr'><strong>ﬁlium</strong></span> <span class='ocrx_word' id='word_1_363' title='bbox 838 2898 931 2944; x_wconf 92' lang='lat' dir='ltr'><strong>aut</strong></span> <span class='ocrx_word' id='word_1_364' title='bbox 963 2889 1128 2944; x_wconf 88' lang='lat' dir='ltr'><strong>ﬁliam</strong></span> <span class='ocrx_word' id='word_1_365' title='bbox 1157 2889 1446 2945; x_wconf 86' lang='lat' dir='ltr'><strong>habentem</strong></span> <span class='ocrx_word' id='word_1_366' title='bbox 1473 2890 1626 2944; x_wconf 80' lang='lat' dir='ltr'><strong>duxit</strong></span> <span class='ocrx_word' id='word_1_367' title='bbox 1655 2908 1667 2943; x_wconf 90' lang='lat'><strong>:</strong></span> <span class='ocrx_word' id='word_1_368' title='bbox 1701 2898 1756 2945; x_wconf 91' lang='lat' dir='ltr'><strong>et</strong></span> <span class='ocrx_word' id='word_1_369' title='bbox 1784 2890 1961 2946; x_wconf 88' lang='lat' dir='ltr'><strong>dictus</strong></span> 
     </span>
    </p>
   </div>
   <div class='ocr_carea' id='block_1_45' title="bbox 374 2979 1960 3052">
    <p class='ocr_par' dir='ltr' id='par_1_45' title="bbox 374 2979 1960 3052">
     <span class='ocr_line' id='line_1_45' title="bbox 374 2979 1960 3052; baseline 0 -18"><span class='ocrx_word' id='word_1_370' title='bbox 374 2979 616 3046; x_wconf 76' lang='lat' dir='ltr'><strong>vitricus,</strong></span> <span class='ocrx_word' id='word_1_371' title='bbox 649 2981 802 3052; x_wconf 88' lang='lat' dir='ltr'><strong>quasi</strong></span> <span class='ocrx_word' id='word_1_372' title='bbox 831 2980 1151 3046; x_wconf 77' lang='lat' dir='ltr'><strong>novitricus,</strong></span> <span class='ocrx_word' id='word_1_373' title='bbox 1187 2980 1331 3050; x_wconf 89' lang='lat' dir='ltr'><strong>quod</strong></span> <span class='ocrx_word' id='word_1_374' title='bbox 1359 2994 1388 3033; x_wconf 89' lang='lat' dir='ltr'><strong>a</strong></span> <span class='ocrx_word' id='word_1_375' title='bbox 1428 2987 1602 3035; x_wconf 88' lang='lat' dir='ltr'><strong>matre</strong></span> <span class='ocrx_word' id='word_1_376' title='bbox 1628 2979 1960 3050; x_wconf 75' lang='lat' dir='ltr'><strong>super-duca-</strong></span> 
     </span>
    </p>
   </div>
   <div class='ocr_carea' id='block_1_46' title="bbox 376 3069 1962 3141">
    <p class='ocr_par' dir='ltr' id='par_1_46' title="bbox 376 3069 1962 3141">
     <span class='ocr_line' id='line_1_46' title="bbox 376 3069 1962 3141; baseline -0.001 -15"><span class='ocrx_word' id='word_1_377' title='bbox 376 3077 468 3126; x_wconf 88' lang='lat' dir='ltr'><strong>tur</strong></span> <span class='ocrx_word' id='word_1_378' title='bbox 492 3086 680 3128; x_wconf 88' lang='lat' dir='ltr'><strong>novus.</strong></span> <span class='ocrx_word' id='word_1_379' title='bbox 707 3070 989 3140; x_wconf 78' lang='lat' dir='ltr'><strong>Privignus</strong></span> <span class='ocrx_word' id='word_1_380' title='bbox 1013 3077 1117 3136; x_wconf 88' lang='lat' dir='ltr'><strong>est,</strong></span> <span class='ocrx_word' id='word_1_381' title='bbox 1143 3070 1236 3140; x_wconf 89' lang='lat' dir='ltr'><strong>qui</strong></span> <span class='ocrx_word' id='word_1_382' title='bbox 1258 3085 1323 3126; x_wconf 79' lang='lat' dir='ltr'><strong>ex</strong></span> <span class='ocrx_word' id='word_1_383' title='bbox 1348 3069 1456 3125; x_wconf 91' lang='lat' dir='ltr'><strong>alio</strong></span> <span class='ocrx_word' id='word_1_384' title='bbox 1479 3079 1631 3141; x_wconf 87' lang='lat' dir='ltr'><strong>patre</strong></span> <span class='ocrx_word' id='word_1_385' title='bbox 1657 3079 1816 3125; x_wconf 87' lang='lat' dir='ltr'><strong>natus</strong></span> <span class='ocrx_word' id='word_1_386' title='bbox 1839 3079 1924 3126; x_wconf 91' lang='lat' dir='ltr'><strong>est</strong></span> <span class='ocrx_word' id='word_1_387' title='bbox 1943 3089 1962 3124; x_wconf 90' lang='lat'><strong>:-</strong></span> 
     </span>
    </p>
   </div>
   <div class='ocr_carea' id='block_1_47' title="bbox 2061 1885 3622 1960">
    <p class='ocr_par' dir='ltr' id='par_1_47' title="bbox 2061 1885 3622 1960">
     <span class='ocr_line' id='line_1_47' title="bbox 2061 1885 3622 1960; baseline 0.005 -22"><span class='ocrx_word' id='word_1_388' title='bbox 2061 1885 2331 1954; x_wconf 86' lang='lat' dir='ltr'><strong>coniugio,</strong></span> <span class='ocrx_word' id='word_1_389' title='bbox 2372 1887 2510 1940; x_wconf 89' lang='lat' dir='ltr'><strong>bene</strong></span> <span class='ocrx_word' id='word_1_390' title='bbox 2548 1885 2708 1940; x_wconf 90' lang='lat' dir='ltr'><strong>datur</strong></span> <span class='ocrx_word' id='word_1_391' title='bbox 2742 1903 2754 1939; x_wconf 93' lang='lat'>:</span> <span class='ocrx_word' id='word_1_392' title='bbox 2798 1885 2924 1955; x_wconf 86' lang='lat' dir='ltr'><strong>quia</strong></span> <span class='ocrx_word' id='word_1_393' title='bbox 2963 1887 3271 1960; x_wconf 75' lang='lat' dir='ltr'><strong>coniugium</strong></span> <span class='ocrx_word' id='word_1_394' title='bbox 3309 1889 3507 1945; x_wconf 89' lang='lat' dir='ltr'><strong>bonum</strong></span> <span class='ocrx_word' id='word_1_395' title='bbox 3537 1901 3622 1946; x_wconf 89' lang='lat' dir='ltr'><strong>est</strong></span> 
     </span>
    </p>
   </div>
   <div class='ocr_carea' id='block_1_48' title="bbox 2063 1973 3641 2046">
    <p class='ocr_par' dir='ltr' id='par_1_48' title="bbox 2063 1973 3641 2046">
     <span class='ocr_line' id='line_1_48' title="bbox 2063 1973 3641 2046; baseline 0.004 -19"><span class='ocrx_word' id='word_1_396' title='bbox 2063 1973 2214 2041; x_wconf 86' lang='lat' dir='ltr'><strong>Quod</strong></span> <span class='ocrx_word' id='word_1_397' title='bbox 2239 1988 2367 2027; x_wconf 84' lang='lat' dir='ltr'><strong>vero</strong></span> <span class='ocrx_word' id='word_1_398' title='bbox 2396 1989 2558 2028; x_wconf 88' lang='lat' dir='ltr'><strong>causa</strong></span> <span class='ocrx_word' id='word_1_399' title='bbox 2595 1973 2964 2030; x_wconf 87' lang='lat' dir='ltr'><strong>fornicationis</strong></span> <span class='ocrx_word' id='word_1_400' title='bbox 3005 1987 3097 2030; x_wconf 89' lang='lat' dir='ltr'><strong>aut</strong></span> <span class='ocrx_word' id='word_1_401' title='bbox 3132 1978 3411 2046; x_wconf 86' lang='lat' dir='ltr'><strong>adulterii,</strong></span> <span class='ocrx_word' id='word_1_402' title='bbox 3444 1980 3641 2035; x_wconf 89' lang='lat' dir='ltr'><strong>malum</strong></span> 
     </span>
    </p>
   </div>
   <div class='ocr_carea' id='block_1_49' title="bbox 2060 2065 3644 2141">
    <p class='ocr_par' dir='ltr' id='par_1_49' title="bbox 2060 2065 3644 2141">
     <span class='ocr_line' id='line_1_49' title="bbox 2060 2065 3644 2141; baseline 0.008 -23"><span class='ocrx_word' id='word_1_403' title='bbox 2060 2073 2144 2120; x_wconf 92' lang='lat' dir='ltr'><strong>est</strong></span> <span class='ocrx_word' id='word_1_404' title='bbox 2168 2082 2182 2119; x_wconf 93' lang='lat'>:</span> <span class='ocrx_word' id='word_1_405' title='bbox 2211 2065 2413 2120; x_wconf 87' lang='lat' dir='ltr'><strong>idcirco</strong></span> <span class='ocrx_word' id='word_1_406' title='bbox 2455 2065 2651 2120; x_wconf 88' lang='lat' dir='ltr'><strong>arrabo</strong></span> <span class='ocrx_word' id='word_1_407' title='bbox 2679 2082 2782 2121; x_wconf 92' lang='lat' dir='ltr'><strong>non</strong></span> <span class='ocrx_word' id='word_1_408' title='bbox 2806 2077 2909 2122; x_wconf 88' lang='lat' dir='ltr'><strong>est.</strong></span> <span class='ocrx_word' id='word_1_409' title='bbox 2940 2067 3092 2124; x_wconf 89' lang='lat' dir='ltr'><strong>Dicta</strong></span> <span class='ocrx_word' id='word_1_410' title='bbox 3115 2079 3292 2126; x_wconf 88' lang='lat' dir='ltr'><strong>autem</strong></span> <span class='ocrx_word' id='word_1_411' title='bbox 3313 2073 3474 2128; x_wconf 88' lang='lat' dir='ltr'><strong>arrha</strong></span> <span class='ocrx_word' id='word_1_412' title='bbox 3501 2089 3530 2128; x_wconf 91' lang='lat' dir='ltr'><strong>a</strong></span> <span class='ocrx_word' id='word_1_413' title='bbox 3561 2089 3644 2141; x_wconf 87' lang='lat' dir='ltr'><strong>re,</strong></span> 
     </span>
    </p>
   </div>
   <div class='ocr_carea' id='block_1_50' title="bbox 2059 2157 3644 2236">
    <p class='ocr_par' dir='ltr' id='par_1_50' title="bbox 2059 2157 3644 2236">
     <span class='ocr_line' id='line_1_50' title="bbox 2059 2157 3644 2236; baseline 0.008 -27"><span class='ocrx_word' id='word_1_414' title='bbox 2059 2170 2158 2226; x_wconf 91' lang='lat' dir='ltr'><strong>pro</strong></span> <span class='ocrx_word' id='word_1_415' title='bbox 2180 2172 2284 2226; x_wconf 86' lang='lat' dir='ltr'><strong>qua</strong></span> <span class='ocrx_word' id='word_1_416' title='bbox 2314 2157 2564 2212; x_wconf 91' lang='lat' dir='ltr'><strong>traditur.</strong></span> <span class='ocrx_word' id='word_1_417' title='bbox 2590 2157 2688 2213; x_wconf 88' lang='lat' dir='ltr'><strong>Est</strong></span> <span class='ocrx_word' id='word_1_418' title='bbox 2711 2167 2889 2214; x_wconf 87' lang='lat' dir='ltr'><strong>autem</strong></span> <span class='ocrx_word' id='word_1_419' title='bbox 2917 2160 3078 2215; x_wconf 88' lang='lat' dir='ltr'><strong>arrha</strong></span> <span class='ocrx_word' id='word_1_420' title='bbox 3105 2177 3212 2218; x_wconf 89' lang='lat' dir='ltr'><strong>non</strong></span> <span class='ocrx_word' id='word_1_421' title='bbox 3234 2163 3405 2219; x_wconf 90' lang='lat' dir='ltr'><strong>solum</strong></span> <span class='ocrx_word' id='word_1_422' title='bbox 3427 2167 3644 2236; x_wconf 88' lang='lat' dir='ltr'><strong>sponsio</strong></span> 
     </span>
    </p>
   </div>
   <div class='ocr_carea' id='block_1_51' title="bbox 2061 2242 3644 2324">
    <p class='ocr_par' dir='ltr' id='par_1_51' title="bbox 2061 2242 3644 2324">
     <span class='ocr_line' id='line_1_51' title="bbox 2061 2242 3644 2324; baseline 0.008 -26"><span class='ocrx_word' id='word_1_423' title='bbox 2061 2242 2375 2315; x_wconf 83' lang='lat' dir='ltr'><strong>coniugalis,</strong></span> <span class='ocrx_word' id='word_1_424' title='bbox 2413 2247 2506 2301; x_wconf 91' lang='lat' dir='ltr'><strong>sed</strong></span> <span class='ocrx_word' id='word_1_425' title='bbox 2531 2247 2692 2301; x_wconf 90' lang='lat' dir='ltr'><strong>etiam</strong></span> <span class='ocrx_word' id='word_1_426' title='bbox 2725 2263 2822 2317; x_wconf 92' lang='lat' dir='ltr'><strong>pro</strong></span> <span class='ocrx_word' id='word_1_427' title='bbox 2851 2249 3089 2318; x_wconf 89' lang='lat' dir='ltr'><strong>qualibet</strong></span> <span class='ocrx_word' id='word_1_428' title='bbox 3119 2253 3381 2323; x_wconf 89' lang='lat' dir='ltr'><strong>promissa</strong></span> <span class='ocrx_word' id='word_1_429' title='bbox 3412 2269 3472 2309; x_wconf 79' lang='lat' dir='ltr'><strong>re</strong></span> <span class='ocrx_word' id='word_1_430' title='bbox 3495 2256 3644 2324; x_wconf 88' lang='lat' dir='ltr'><strong>data,</strong></span> 
     </span>
    </p>
   </div>
   <div class='ocr_carea' id='block_1_52' title="bbox 2061 2335 3644 2416">
    <p class='ocr_par' dir='ltr' id='par_1_52' title="bbox 2061 2335 3644 2416">
     <span class='ocr_line' id='line_1_52' title="bbox 2061 2335 3644 2416; baseline 0.009 -28"><span class='ocrx_word' id='word_1_431' title='bbox 2061 2343 2122 2389; x_wconf 90' lang='lat' dir='ltr'><strong>ut</strong></span> <span class='ocrx_word' id='word_1_432' title='bbox 2152 2337 2505 2407; x_wconf 86' lang='lat' dir='ltr'><strong>compleatur.</strong></span> <span class='ocrx_word' id='word_1_433' title='bbox 2542 2335 2722 2401; x_wconf 88' lang='lat' dir='ltr'><strong>Proci,</strong></span> <span class='ocrx_word' id='word_1_434' title='bbox 2769 2341 3076 2408; x_wconf 89' lang='lat' dir='ltr'><strong>nuptiarum</strong></span> <span class='ocrx_word' id='word_1_435' title='bbox 3114 2343 3405 2413; x_wconf 89' lang='lat' dir='ltr'><strong>petitores,</strong></span> <span class='ocrx_word' id='word_1_436' title='bbox 3448 2361 3479 2400; x_wconf 89' lang='lat' dir='ltr'><strong>a</strong></span> <span class='ocrx_word' id='word_1_437' title='bbox 3519 2360 3644 2416; x_wconf 77' lang='lat' dir='ltr'><strong>pre-</strong></span> 
     </span>
    </p>
   </div>
   <div class='ocr_carea' id='block_1_53' title="bbox 2060 2428 3642 2510">
    <p class='ocr_par' dir='ltr' id='par_1_53' title="bbox 2060 2428 3642 2510">
     <span class='ocr_line' id='line_1_53' title="bbox 2060 2428 3642 2510; baseline 0.01 -28"><span class='ocrx_word' id='word_1_438' title='bbox 2060 2428 2234 2484; x_wconf 89' lang='lat' dir='ltr'><strong>cando</strong></span> <span class='ocrx_word' id='word_1_439' title='bbox 2261 2438 2315 2484; x_wconf 90' lang='lat' dir='ltr'><strong>et</strong></span> <span class='ocrx_word' id='word_1_440' title='bbox 2344 2433 2574 2501; x_wconf 88' lang='lat' dir='ltr'><strong>petendo</strong></span> <span class='ocrx_word' id='word_1_441' title='bbox 2599 2434 2746 2488; x_wconf 89' lang='lat' dir='ltr'><strong>dicti.</strong></span> <span class='ocrx_word' id='word_1_442' title='bbox 2778 2434 3028 2491; x_wconf 88' lang='lat' dir='ltr'><strong>Pronuba</strong></span> <span class='ocrx_word' id='word_1_443' title='bbox 3058 2438 3642 2510; x_wconf 77' lang='lat' dir='ltr'><strong>dictaeoquodnubcn-</strong></span> 
     </span>
    </p>
   </div>
   <div class='ocr_carea' id='block_1_54' title="bbox 2062 2515 3642 2602">
    <p class='ocr_par' dir='ltr' id='par_1_54' title="bbox 2062 2515 3642 2602">
     <span class='ocr_line' id='line_1_54' title="bbox 2062 2515 3642 2602; baseline 0.012 -34"><span class='ocrx_word' id='word_1_444' title='bbox 2062 2515 2206 2570; x_wconf 90' lang='lat' dir='ltr'><strong>tibus</strong></span> <span class='ocrx_word' id='word_1_445' title='bbox 2232 2528 2448 2588; x_wconf 76' lang='lat' dir='ltr'><strong>przeest,</strong></span> <span class='ocrx_word' id='word_1_446' title='bbox 2479 2537 2706 2592; x_wconf 72' lang='lat' dir='ltr'><strong>quaeque</strong></span> <span class='ocrx_word' id='word_1_447' title='bbox 2730 2524 3019 2579; x_wconf 86' lang='lat' dir='ltr'><strong>nubentem</strong></span> <span class='ocrx_word' id='word_1_448' title='bbox 3052 2526 3167 2582; x_wconf 79' lang='lat' dir='ltr'><strong>viro</strong></span> <span class='ocrx_word' id='word_1_449' title='bbox 3189 2526 3498 2601; x_wconf 88' lang='lat' dir='ltr'><strong>coniungit,</strong></span> <span class='ocrx_word' id='word_1_450' title='bbox 3530 2533 3642 2602; x_wconf 91' lang='lat' dir='ltr'><strong>ipsa</strong></span> 
     </span>
    </p>
   </div>
   <div class='ocr_carea' id='block_1_55' title="bbox 2060 2611 3641 2692">
    <p class='ocr_par' dir='ltr' id='par_1_55' title="bbox 2060 2611 3641 2692">
     <span class='ocr_line' id='line_1_55' title="bbox 2060 2611 3641 2692; baseline 0.012 -33"><span class='ocrx_word' id='word_1_451' title='bbox 2060 2613 2144 2659; x_wconf 89' lang='lat' dir='ltr'><strong>est</strong></span> <span class='ocrx_word' id='word_1_452' title='bbox 2169 2615 2225 2660; x_wconf 86' lang='lat' dir='ltr'><strong>et</strong></span> <span class='ocrx_word' id='word_1_453' title='bbox 2247 2611 2635 2680; x_wconf 80' lang='lat' dir='ltr'><strong>paranympha.</strong></span> <span class='ocrx_word' id='word_1_454' title='bbox 2670 2612 2801 2666; x_wconf 85' lang='lat' dir='ltr'><strong>Nam</strong></span> <span class='ocrx_word' id='word_1_455' title='bbox 2834 2615 3067 2686; x_wconf 84' lang='lat' dir='ltr'><strong>nympha</strong></span> <span class='ocrx_word' id='word_1_456' title='bbox 3097 2632 3291 2688; x_wconf 91' lang='lat' dir='ltr'><strong>sponsa</strong></span> <span class='ocrx_word' id='word_1_457' title='bbox 3330 2619 3383 2674; x_wconf 89' lang='lat' dir='ltr'><strong>in</strong></span> <span class='ocrx_word' id='word_1_458' title='bbox 3418 2623 3641 2692; x_wconf 88' lang='lat' dir='ltr'><strong>nuptiis,</strong></span> 
     </span>
    </p>
   </div>
   <div class='ocr_carea' id='block_1_56' title="bbox 2061 2701 3642 2778">
    <p class='ocr_par' dir='ltr' id='par_1_56' title="bbox 2061 2701 3642 2778">
     <span class='ocr_line' id='line_1_56' title="bbox 2061 2701 3642 2778; baseline 0.012 -28"><span class='ocrx_word' id='word_1_459' title='bbox 2061 2705 2130 2751; x_wconf 87' lang='lat' dir='ltr'><strong>et‘</strong></span> <span class='ocrx_word' id='word_1_460' title='bbox 2159 2701 2391 2768; x_wconf 80' lang='lat' dir='ltr'><strong>nympha</strong></span> <span class='ocrx_word' id='word_1_461' title='bbox 2437 2701 2824 2772; x_wconf 88' lang='lat' dir='ltr'><strong>prolabationis</strong></span> <span class='ocrx_word' id='word_1_462' title='bbox 2848 2705 3038 2770; x_wconf 79' lang='lat' dir='ltr'><strong>ofﬁcio,</strong></span> <span class='ocrx_word' id='word_1_463' title='bbox 3067 2710 3210 2778; x_wconf 89' lang='lat' dir='ltr'><strong>quod</strong></span> <span class='ocrx_word' id='word_1_464' title='bbox 3253 2718 3309 2766; x_wconf 90' lang='lat' dir='ltr'><strong>et</strong></span> <span class='ocrx_word' id='word_1_465' title='bbox 3335 2711 3402 2766; x_wconf 94' lang='lat' dir='ltr'><strong>ad</strong></span> <span class='ocrx_word' id='word_1_466' title='bbox 3448 2729 3642 2769; x_wconf 87' lang='lat' dir='ltr'><strong>nomen</strong></span> 
     </span>
    </p>
   </div>
   <div class='ocr_carea' id='block_1_57' title="bbox 2060 2787 3642 2874">
    <p class='ocr_par' dir='ltr' id='par_1_57' title="bbox 2060 2787 3642 2874">
     <span class='ocr_line' id='line_1_57' title="bbox 2060 2787 3642 2874; baseline 0.011 -32"><span class='ocrx_word' id='word_1_467' title='bbox 2060 2787 2314 2845; x_wconf 88' lang='lat' dir='ltr'><strong>nubentis</strong></span> <span class='ocrx_word' id='word_1_468' title='bbox 2347 2789 2554 2846; x_wconf 86' lang='lat' dir='ltr'><strong>alludit.</strong></span> <span class='ocrx_word' id='word_1_469' title='bbox 2600 2792 2868 2866; x_wconf 85' lang='lat' dir='ltr'><strong>Coniuges</strong></span> <span class='ocrx_word' id='word_1_470' title='bbox 2891 2799 3141 2869; x_wconf 88' lang='lat' dir='ltr'><strong>appellati</strong></span> <span class='ocrx_word' id='word_1_471' title='bbox 3189 2811 3411 2872; x_wconf 90' lang='lat' dir='ltr'><strong>propter</strong></span> <span class='ocrx_word' id='word_1_472' title='bbox 3429 2801 3642 2874; x_wconf 83' lang='lat' dir='ltr'><strong>iugum,</strong></span> 
     </span>
    </p>
   </div>
   <div class='ocr_carea' id='block_1_58' title="bbox 2060 2881 3643 2963">
    <p class='ocr_par' dir='ltr' id='par_1_58' title="bbox 2060 2881 3643 2963">
     <span class='ocr_line' id='line_1_58' title="bbox 2060 2881 3643 2963; baseline 0.01 -29"><span class='ocrx_word' id='word_1_473' title='bbox 2060 2881 2204 2950; x_wconf 90' lang='lat' dir='ltr'><strong>quod</strong></span> <span class='ocrx_word' id='word_1_474' title='bbox 2230 2881 2522 2952; x_wconf 89' lang='lat' dir='ltr'><strong>imponitur</strong></span> <span class='ocrx_word' id='word_1_475' title='bbox 2541 2885 2886 2941; x_wconf 91' lang='lat' dir='ltr'><strong>matrimonio</strong></span> <span class='ocrx_word' id='word_1_476' title='bbox 2905 2887 3309 2962; x_wconf 81' lang='lat' dir='ltr'><strong>coniungendis.</strong></span> <span class='ocrx_word' id='word_1_477' title='bbox 3336 2891 3471 2963; x_wconf 84' lang='lat' dir='ltr'><strong>Jugo</strong></span> <span class='ocrx_word' id='word_1_478' title='bbox 3499 2896 3643 2950; x_wconf 90' lang='lat' dir='ltr'><strong>enim</strong></span> 
     </span>
    </p>
   </div>
   <div class='ocr_carea' id='block_1_59' title="bbox 2061 2971 3641 3050">
    <p class='ocr_par' dir='ltr' id='par_1_59' title="bbox 2061 2971 3641 3050">
     <span class='ocr_line' id='line_1_59' title="bbox 2061 2971 3641 3050; baseline 0.01 -27"><span class='ocrx_word' id='word_1_479' title='bbox 2061 2971 2326 3026; x_wconf 88' lang='lat' dir='ltr'><strong>nubentes</strong></span> <span class='ocrx_word' id='word_1_480' title='bbox 2350 2973 2542 3043; x_wconf 91' lang='lat' dir='ltr'><strong>subiici</strong></span> <span class='ocrx_word' id='word_1_481' title='bbox 2565 2975 2739 3030; x_wconf 91' lang='lat' dir='ltr'><strong>solent</strong></span> <span class='ocrx_word' id='word_1_482' title='bbox 2766 2987 2987 3047; x_wconf 90' lang='lat' dir='ltr'><strong>propter</strong></span> <span class='ocrx_word' id='word_1_483' title='bbox 3015 2977 3246 3035; x_wconf 88' lang='lat' dir='ltr'><strong>futuram</strong></span> <span class='ocrx_word' id='word_1_484' title='bbox 3276 2985 3641 3050; x_wconf 87' lang='lat' dir='ltr'><strong>concordiam,</strong></span> 
     </span>
    </p>
   </div>
   <div class='ocr_carea' id='block_1_60' title="bbox 2061 3064 3644 3144">
    <p class='ocr_par' dir='ltr' id='par_1_60' title="bbox 2061 3064 3644 3144">
     <span class='ocr_line' id='line_1_60' title="bbox 2061 3064 3644 3144; baseline 0.01 -29"><span class='ocrx_word' id='word_1_485' title='bbox 2061 3076 2130 3116; x_wconf 92' lang='lat' dir='ltr'><strong>ne</strong></span> <span class='ocrx_word' id='word_1_486' title='bbox 2159 3071 2497 3132; x_wconf 87' lang='lat' dir='ltr'><strong>separentur.</strong></span> <span class='ocrx_word' id='word_1_487' title='bbox 2541 3064 2806 3137; x_wconf 86' lang='lat' dir='ltr'><strong>Coniuges</strong></span> <span class='ocrx_word' id='word_1_488' title='bbox 2835 3078 3012 3124; x_wconf 89' lang='lat' dir='ltr'><strong>autem</strong></span> <span class='ocrx_word' id='word_1_489' title='bbox 3040 3071 3220 3128; x_wconf 85' lang='lat' dir='ltr'><strong>verius</strong></span> <span class='ocrx_word' id='word_1_490' title='bbox 3249 3074 3587 3144; x_wconf 84' lang='lat' dir='ltr'><strong>appellantur</strong></span> <span class='ocrx_word' id='word_1_491' title='bbox 3613 3090 3644 3131; x_wconf 82' lang='lat' dir='ltr'><strong>a</strong></span> 
     </span>
    </p>
   </div>
   <div class='ocr_carea' id='block_1_61' title="bbox 377 3150 3646 3233">
    <p class='ocr_par' dir='ltr' id='par_1_61' title="bbox 377 3150 3646 3233">
     <span class='ocr_line' id='line_1_61' title="bbox 377 3150 3646 3233; baseline 0.003 -14"><span class='ocrx_word' id='word_1_492' title='bbox 377 3169 435 3219; x_wconf 85' lang='lat' dir='ltr'><strong>et</strong></span> <span class='ocrx_word' id='word_1_493' title='bbox 473 3161 754 3233; x_wconf 88' lang='lat' dir='ltr'><strong>privignus</strong></span> <span class='ocrx_word' id='word_1_494' title='bbox 799 3161 904 3216; x_wconf 89' lang='lat' dir='ltr'><strong>dici</strong></span> <span class='ocrx_word' id='word_1_495' title='bbox 955 3169 1194 3231; x_wconf 85' lang='lat' dir='ltr'><strong>putatur,</strong></span> <span class='ocrx_word' id='word_1_496' title='bbox 1245 3160 1399 3232; x_wconf 88' lang='lat' dir='ltr'><strong>quasi</strong></span> <span class='ocrx_word' id='word_1_497' title='bbox 1443 3160 1785 3232; x_wconf 86' lang='lat' dir='ltr'><strong>privigenus,</strong></span> <span class='ocrx_word' id='word_1_498' title='bbox 1834 3161 1960 3231; x_wconf 86' lang='lat' dir='ltr'><strong>quia</strong></span> <span class='ocrx_word' id='word_1_499' title='bbox 1988 3150 2033 3212; x_wconf 86' lang='lat' dir='ltr'><strong><em>C</em></strong></span> <span class='ocrx_word' id='word_1_500' title='bbox 2063 3151 2236 3220; x_wconf 65' lang='lat' dir='ltr'><strong>Prima</strong></span> <span class='ocrx_word' id='word_1_501' title='bbox 2267 3151 2638 3223; x_wconf 64' lang='lat' dir='ltr'><strong>diSPOSilioniS</strong></span> <span class='ocrx_word' id='word_1_502' title='bbox 2682 3157 2816 3224; x_wconf 62' lang='lat' dir='ltr'><strong>“de.</strong></span> <span class='ocrx_word' id='word_1_503' title='bbox 2863 3162 3108 3228; x_wconf 64' lang='grc' dir='ltr'><strong>(Ιυαηινῖε</strong></span> <span class='ocrx_word' id='word_1_504' title='bbox 3144 3163 3321 3219; x_wconf 73' lang='lat' dir='ltr'><strong>adhuc</strong></span> <span class='ocrx_word' id='word_1_505' title='bbox 3365 3166 3505 3222; x_wconf 65' lang='lat' dir='ltr'><strong>inter</strong></span> <span class='ocrx_word' id='word_1_506' title='bbox 3550 3181 3646 3223; x_wconf 80' lang='lat' dir='ltr'><strong>eos</strong></span> 
     </span>
    </p>
   </div>
   <div class='ocr_carea' id='block_1_62' title="bbox 377 3250 1957 3324">
    <p class='ocr_par' dir='ltr' id='par_1_62' title="bbox 377 3250 1957 3324">
     <span class='ocr_line' id='line_1_62' title="bbox 377 3250 1957 3324; baseline 0 -16"><span class='ocrx_word' id='word_1_507' title='bbox 377 3250 527 3324; x_wconf 78' lang='lat' dir='ltr'><strong>ptius</strong></span> <span class='ocrx_word' id='word_1_508' title='bbox 565 3252 798 3324; x_wconf 90' lang='lat' dir='ltr'><strong>genitus.</strong></span> <span class='ocrx_word' id='word_1_509' title='bbox 874 3251 1026 3308; x_wconf 88' lang='lat' dir='ltr'><strong>Unde</strong></span> <span class='ocrx_word' id='word_1_510' title='bbox 1069 3259 1143 3306; x_wconf 82' lang='lat' dir='ltr'><strong>et-</strong></span> <span class='ocrx_word' id='word_1_511' title='bbox 1167 3250 1336 3322; x_wconf 89' lang='lat' dir='ltr'><strong>vulgo&#39;</strong></span> <span class='ocrx_word' id='word_1_512' title='bbox 1373 3260 1499 3306; x_wconf 87' lang='lat' dir='ltr'><strong>ante</strong></span> <span class='ocrx_word' id='word_1_513' title='bbox 1541 3261 1700 3318; x_wconf 85' lang='lat' dir='ltr'><strong>natus</strong></span> <span class='ocrx_word' id='word_1_514' title='bbox 1741 3253 1957 3308; x_wconf 90' lang='lat' dir='ltr'><strong>dicitur.</strong></span> 
     </span>
    </p>
   </div>
   <div class='ocr_carea' id='block_1_63' title="bbox 376 3340 1962 3414">
    <p class='ocr_par' dir='ltr' id='par_1_63' title="bbox 376 3340 1962 3414">
     <span class='ocr_line' id='line_1_63' title="bbox 376 3340 1962 3414; baseline -0.001 -16"><span class='ocrx_word' id='word_1_515' title='bbox 376 3341 646 3398; x_wconf 78' lang='lat' dir='ltr'><strong>Vocabula</strong></span> <span class='ocrx_word' id='word_1_516' title='bbox 687 3343 804 3398; x_wconf 67' lang='lat' dir='ltr'><strong>haec</strong></span> <span class='ocrx_word' id='word_1_517' title='bbox 846 3357 878 3397; x_wconf 89' lang='lat' dir='ltr'><strong>a</strong></span> <span class='ocrx_word' id='word_1_518' title='bbox 919 3349 1078 3414; x_wconf 82' lang='lat' dir='ltr'><strong>gente</strong></span> <span class='ocrx_word' id='word_1_519' title='bbox 1117 3342 1370 3397; x_wconf 89' lang='lat' dir='ltr'><strong>videntur</strong></span> <span class='ocrx_word' id='word_1_520' title='bbox 1411 3340 1718 3397; x_wconf 86' lang='lat' dir='ltr'><strong>declinata:</strong></span> <span class='ocrx_word' id='word_1_521' title='bbox 1751 3343 1962 3414; x_wconf 86' lang='lat' dir='ltr'><strong>genitor</strong></span> 
     </span>
    </p>
   </div>
   <div class='ocr_carea' id='block_1_64' title="bbox 374 3435 1966 3508">
    <p class='ocr_par' dir='ltr' id='par_1_64' title="bbox 374 3435 1966 3508">
     <span class='ocr_line' id='line_1_64' title="bbox 374 3435 1966 3508; baseline 0.001 -18"><span class='ocrx_word' id='word_1_522' title='bbox 374 3437 627 3506; x_wconf 79' lang='lat' dir='ltr'><strong>genitrix,</strong></span> <span class='ocrx_word' id='word_1_523' title='bbox 653 3437 834 3508; x_wconf 80' lang='lat' dir='ltr'><strong>agnati</strong></span> <span class='ocrx_word' id='word_1_524' title='bbox 863 3445 1092 3508; x_wconf 82' lang='lat' dir='ltr'><strong>agnatac,</strong></span> <span class='ocrx_word' id='word_1_525' title='bbox 1123 3435 1333 3506; x_wconf 88' lang='lat' dir='ltr'><strong>cognati</strong></span> <span class='ocrx_word' id='word_1_526' title='bbox 1361 3447 1623 3507; x_wconf 72' lang='lat' dir='ltr'><strong>cognatm,</strong></span> <span class='ocrx_word' id='word_1_527' title='bbox 1649 3435 1966 3508; x_wconf 72' lang='lat' dir='ltr'><strong>progenito-</strong></span> 
     </span>
    </p>
   </div>
   <div class='ocr_carea' id='block_1_65' title="bbox 377 3527 1480 3600">
    <p class='ocr_par' dir='ltr' id='par_1_65' title="bbox 377 3527 1480 3600">
     <span class='ocr_line' id='line_1_65' title="bbox 377 3527 1480 3600; baseline -0.001 -18"><span class='ocrx_word' id='word_1_528' title='bbox 377 3541 466 3582; x_wconf 87' lang='lat' dir='ltr'><strong>res</strong></span> <span class='ocrx_word' id='word_1_529' title='bbox 487 3527 899 3600; x_wconf 84' lang='lat' dir='ltr'><strong>progenitrices,</strong></span> <span class='ocrx_word' id='word_1_530' title='bbox 926 3527 1167 3598; x_wconf 82' lang='lat' dir='ltr'><strong>germani</strong></span> <span class='ocrx_word' id='word_1_531' title='bbox 1193 3541 1480 3596; x_wconf 62' lang='lat' dir='ltr'><strong>germanae.</strong></span> 
     </span>
    </p>
   </div>
   <div class='ocr_carea' id='block_1_66' title="bbox 998 3655 1327 3713">
    <p class='ocr_par' dir='ltr' id='par_1_66' title="bbox 998 3655 1327 3713">
     <span class='ocr_line' id='line_1_66' title="bbox 998 3655 1327 3713; baseline -0.003 -1"><span class='ocrx_word' id='word_1_532' title='bbox 998 3655 1226 3713; x_wconf 79' lang='lat' dir='ltr'><strong>CAPUT</strong></span> <span class='ocrx_word' id='word_1_533' title='bbox 1267 3657 1327 3712; x_wconf 84' lang='lat' dir='ltr'><strong>V.</strong></span> 
     </span>
    </p>
   </div>
   <div class='ocr_carea' id='block_1_67' title="bbox 974 3764 1358 3838">
    <p class='ocr_par' dir='ltr' id='par_1_67' title="bbox 974 3764 1358 3838">
     <span class='ocr_line' id='line_1_67' title="bbox 974 3764 1358 3838; baseline 0.003 -18"><span class='ocrx_word' id='word_1_534' title='bbox 974 3764 1052 3821; x_wconf 84' lang='lat' dir='ltr'><strong>De</strong></span> <span class='ocrx_word' id='word_1_535' title='bbox 1079 3766 1358 3838; x_wconf 83' lang='lat' dir='ltr'><strong>conjugiis.</strong></span> 
     </span>
    </p>
   </div>
   <div class='ocr_carea' id='block_1_68' title="bbox 446 3874 1959 3955">
    <p class='ocr_par' dir='ltr' id='par_1_68' title="bbox 446 3874 1959 3955">
     <span class='ocr_line' id='line_1_68' title="bbox 446 3874 1959 3955; baseline 0.004 -23"><span class='ocrx_word' id='word_1_536' title='bbox 446 3874 542 3932; x_wconf 86' lang='lat' dir='ltr'><strong>Vir</strong></span> <span class='ocrx_word' id='word_1_537' title='bbox 569 3892 756 3932; x_wconf 73' lang='lat' dir='ltr'><strong>sexum</strong></span> <span class='ocrx_word' id='word_1_538' title='bbox 792 3875 1094 3949; x_wconf 87' lang='lat' dir='ltr'><strong>signiﬁcat,</strong></span> <span class='ocrx_word' id='word_1_539' title='bbox 1138 3895 1244 3933; x_wconf 89' lang='lat' dir='ltr'><strong>non</strong></span> <span class='ocrx_word' id='word_1_540' title='bbox 1287 3877 1626 3952; x_wconf 90' lang='lat' dir='ltr'><strong>coniugium,</strong></span> <span class='ocrx_word' id='word_1_541' title='bbox 1671 3882 1772 3938; x_wconf 90' lang='lat' dir='ltr'><strong>nisi</strong></span> <span class='ocrx_word' id='word_1_542' title='bbox 1813 3883 1959 3955; x_wconf 85' lang='lat' dir='ltr'><strong>adie-</strong></span> 
     </span>
    </p>
   </div>
   <div class='ocr_carea' id='block_1_69' title="bbox 371 3968 1958 4044">
    <p class='ocr_par' dir='ltr' id='par_1_69' title="bbox 371 3968 1958 4044">
     <span class='ocr_line' id='line_1_69' title="bbox 371 3968 1958 4044; baseline 0.002 -17"><span class='ocrx_word' id='word_1_543' title='bbox 371 3970 533 4034; x_wconf 85' lang='lat' dir='ltr'><strong>ceris,</strong></span> <span class='ocrx_word' id='word_1_544' title='bbox 565 3971 644 4025; x_wconf 84' lang='lat' dir='ltr'><strong>vir</strong></span> <span class='ocrx_word' id='word_1_545' title='bbox 677 3973 813 4040; x_wconf 80' lang='lat' dir='ltr'><strong>ejus.</strong></span> <span class='ocrx_word' id='word_1_546' title='bbox 861 3968 1084 4025; x_wconf 76' lang='lat' dir='ltr'><strong>Maritus</strong></span> <span class='ocrx_word' id='word_1_547' title='bbox 1121 3985 1250 4026; x_wconf 89' lang='lat' dir='ltr'><strong>vero</strong></span> <span class='ocrx_word' id='word_1_548' title='bbox 1290 3971 1453 4026; x_wconf 90' lang='lat' dir='ltr'><strong>etiam</strong></span> <span class='ocrx_word' id='word_1_549' title='bbox 1495 3973 1612 4028; x_wconf 91' lang='lat' dir='ltr'><strong>sine</strong></span> <span class='ocrx_word' id='word_1_550' title='bbox 1657 3974 1958 4044; x_wconf 82' lang='lat' dir='ltr'><strong>adiectione</strong></span> 
     </span>
    </p>
   </div>
   <div class='ocr_carea' id='block_1_70' title="bbox 372 4063 1960 4136">
    <p class='ocr_par' dir='ltr' id='par_1_70' title="bbox 372 4063 1960 4136">
     <span class='ocr_line' id='line_1_70' title="bbox 372 4063 1960 4136; baseline 0 -14"><span class='ocrx_word' id='word_1_551' title='bbox 372 4063 655 4135; x_wconf 84' lang='lat' dir='ltr'><strong>coniugem</strong></span> <span class='ocrx_word' id='word_1_552' title='bbox 683 4073 868 4128; x_wconf 87' lang='lat' dir='ltr'><strong>sonat,</strong></span> <span class='ocrx_word' id='word_1_553' title='bbox 909 4073 966 4118; x_wconf 83' lang='lat' dir='ltr'><strong>et</strong></span> <span class='ocrx_word' id='word_1_554' title='bbox 993 4080 1024 4118; x_wconf 90' lang='lat' dir='ltr'><strong>a</strong></span> <span class='ocrx_word' id='word_1_555' title='bbox 1049 4079 1199 4118; x_wconf 89' lang='lat' dir='ltr'><strong>mare</strong></span> <span class='ocrx_word' id='word_1_556' title='bbox 1231 4065 1478 4130; x_wconf 88' lang='lat' dir='ltr'><strong>maritus,</strong></span> <span class='ocrx_word' id='word_1_557' title='bbox 1509 4065 1664 4136; x_wconf 91' lang='lat' dir='ltr'><strong>quasi</strong></span> <span class='ocrx_word' id='word_1_558' title='bbox 1696 4083 1830 4122; x_wconf 90' lang='lat' dir='ltr'><strong>mas.</strong></span> <span class='ocrx_word' id='word_1_559' title='bbox 1865 4068 1960 4122; x_wconf 86' lang='lat' dir='ltr'><strong>Est</strong></span> 
     </span>
    </p>
   </div>
   <div class='ocr_carea' id='block_1_71' title="bbox 373 4156 1950 4228">
    <p class='ocr_par' dir='ltr' id='par_1_71' title="bbox 373 4156 1950 4228">
     <span class='ocr_line' id='line_1_71' title="bbox 373 4156 1950 4228; baseline 0.001 -15"><span class='ocrx_word' id='word_1_560' title='bbox 373 4158 519 4213; x_wconf 85' lang='lat' dir='ltr'><strong>enim</strong></span> <span class='ocrx_word' id='word_1_561' title='bbox 545 4169 741 4212; x_wconf 88' lang='lat' dir='ltr'><strong>nomen</strong></span> <span class='ocrx_word' id='word_1_562' title='bbox 767 4157 956 4227; x_wconf 79' lang='lat' dir='ltr'><strong>prima:</strong></span> <span class='ocrx_word' id='word_1_563' title='bbox 980 4157 1284 4227; x_wconf 90' lang='lat' dir='ltr'><strong>positionis,</strong></span> <span class='ocrx_word' id='word_1_564' title='bbox 1313 4158 1454 4228; x_wconf 88' lang='lat' dir='ltr'><strong>quod</strong></span> <span class='ocrx_word' id='word_1_565' title='bbox 1484 4156 1613 4212; x_wconf 90' lang='lat' dir='ltr'><strong>facit</strong></span> <span class='ocrx_word' id='word_1_566' title='bbox 1642 4158 1695 4212; x_wconf 92' lang='lat' dir='ltr'><strong>in</strong></span> <span class='ocrx_word' id='word_1_567' title='bbox 1722 4159 1950 4214; x_wconf 80' lang='lat' dir='ltr'><strong>diminu-</strong></span> 
     </span>
    </p>
   </div>
   <div class='ocr_carea' id='block_1_72' title="bbox 375 4246 1958 4319">
    <p class='ocr_par' dir='ltr' id='par_1_72' title="bbox 375 4246 1958 4319">
     <span class='ocr_line' id='line_1_72' title="bbox 375 4246 1958 4319; baseline 0.002 -16"><span class='ocrx_word' id='word_1_568' title='bbox 375 4251 522 4304; x_wconf 86' lang='lat' dir='ltr'><strong>tione</strong></span> <span class='ocrx_word' id='word_1_569' title='bbox 556 4247 848 4311; x_wconf 87' lang='lat' dir='ltr'><strong>mascnlus,</strong></span> <span class='ocrx_word' id='word_1_570' title='bbox 890 4247 945 4302; x_wconf 91' lang='lat' dir='ltr'><strong>in</strong></span> <span class='ocrx_word' id='word_1_571' title='bbox 985 4246 1319 4302; x_wconf 88' lang='lat' dir='ltr'><strong>derivatione</strong></span> <span class='ocrx_word' id='word_1_572' title='bbox 1347 4248 1592 4302; x_wconf 88' lang='lat' dir='ltr'><strong>maritus.</strong></span> <span class='ocrx_word' id='word_1_573' title='bbox 1625 4246 1864 4319; x_wconf 87' lang='lat' dir='ltr'><strong>Sponsus</strong></span> <span class='ocrx_word' id='word_1_574' title='bbox 1889 4251 1958 4306; x_wconf 87' lang='lat' dir='ltr'><strong>ab</strong></span> 
     </span>
    </p>
   </div>
   <div class='ocr_carea' id='block_1_73' title="bbox 373 4335 1960 4407">
    <p class='ocr_par' dir='ltr' id='par_1_73' title="bbox 373 4335 1960 4407">
     <span class='ocr_line' id='line_1_73' title="bbox 373 4335 1960 4407; baseline 0.002 -16"><span class='ocrx_word' id='word_1_575' title='bbox 373 4337 682 4407; x_wconf 85' lang='lat' dir='ltr'><strong>spondendo</strong></span> <span class='ocrx_word' id='word_1_576' title='bbox 709 4345 952 4392; x_wconf 88' lang='lat' dir='ltr'><strong>vocatus.</strong></span> <span class='ocrx_word' id='word_1_577' title='bbox 980 4335 1114 4391; x_wconf 82' lang='lat' dir='ltr'><strong>Nam</strong></span> <span class='ocrx_word' id='word_1_578' title='bbox 1153 4346 1281 4392; x_wconf 89' lang='lat' dir='ltr'><strong>ante</strong></span> <span class='ocrx_word' id='word_1_579' title='bbox 1321 4353 1474 4394; x_wconf 90' lang='lat' dir='ltr'><strong>usum</strong></span> <span class='ocrx_word' id='word_1_580' title='bbox 1503 4337 1818 4394; x_wconf 89' lang='lat' dir='ltr'><strong>tabellarum</strong></span> <span class='ocrx_word' id='word_1_581' title='bbox 1847 4356 1960 4394; x_wconf 86' lang='lat' dir='ltr'><strong>ma-</strong></span> 
     </span>
    </p>
   </div>
   <div class='ocr_carea' id='block_1_74' title="bbox 377 4425 1958 4500">
    <p class='ocr_par' dir='ltr' id='par_1_74' title="bbox 377 4425 1958 4500">
     <span class='ocr_line' id='line_1_74' title="bbox 377 4425 1958 4500; baseline 0.003 -18"><span class='ocrx_word' id='word_1_582' title='bbox 377 4427 613 4482; x_wconf 87' lang='lat' dir='ltr'><strong>trimonii</strong></span> <span class='ocrx_word' id='word_1_583' title='bbox 641 4427 924 4483; x_wconf 89' lang='lat' dir='ltr'><strong>cautiones</strong></span> <span class='ocrx_word' id='word_1_584' title='bbox 947 4425 1050 4482; x_wconf 87' lang='lat' dir='ltr'><strong>sibi</strong></span> <span class='ocrx_word' id='word_1_585' title='bbox 1072 4427 1302 4482; x_wconf 88' lang='lat' dir='ltr'><strong>invicem</strong></span> <span class='ocrx_word' id='word_1_586' title='bbox 1324 4427 1664 4495; x_wconf 88' lang='lat' dir='ltr'><strong>emittebant,</strong></span> <span class='ocrx_word' id='word_1_587' title='bbox 1687 4429 1740 4484; x_wconf 90' lang='lat' dir='ltr'><strong>in</strong></span> <span class='ocrx_word' id='word_1_588' title='bbox 1763 4431 1958 4500; x_wconf 87' lang='lat' dir='ltr'><strong>quibus</strong></span> 
     </span>
    </p>
   </div>
   <div class='ocr_carea' id='block_1_75' title="bbox 374 4490 2034 4593">
    <p class='ocr_par' dir='ltr' id='par_1_75' title="bbox 374 4490 2034 4593">
     <span class='ocr_line' id='line_1_75' title="bbox 374 4490 2034 4593; baseline 0.002 -21"><span class='ocrx_word' id='word_1_589' title='bbox 374 4520 708 4588; x_wconf 85' lang='lat' dir='ltr'><strong>spondebant</strong></span> <span class='ocrx_word' id='word_1_590' title='bbox 745 4534 803 4575; x_wconf 87' lang='lat' dir='ltr'><strong>se</strong></span> <span class='ocrx_word' id='word_1_591' title='bbox 853 4517 1080 4574; x_wconf 88' lang='lat' dir='ltr'><strong>invicem</strong></span> <span class='ocrx_word' id='word_1_592' title='bbox 1109 4519 1414 4574; x_wconf 89' lang='lat' dir='ltr'><strong>consentire</strong></span> <span class='ocrx_word' id='word_1_593' title='bbox 1441 4519 1496 4574; x_wconf 89' lang='lat' dir='ltr'><strong>in</strong></span> <span class='ocrx_word' id='word_1_594' title='bbox 1520 4518 1644 4593; x_wconf 83' lang='lat' dir='ltr'><strong>iura</strong></span> <span class='ocrx_word' id='word_1_595' title='bbox 1672 4521 1954 4576; x_wconf 84' lang='lat' dir='ltr'><strong>matrimo-</strong></span> <span class='ocrx_word' id='word_1_596' title='bbox 1983 4490 2034 4550; x_wconf 70' lang='grc' dir='ltr'><strong>Β</strong></span> 
     </span>
    </p>
   </div>
   <div class='ocr_carea' id='block_1_76' title="bbox 375 4610 1956 4682">
    <p class='ocr_par' dir='ltr' id='par_1_76' title="bbox 375 4610 1956 4682">
     <span class='ocr_line' id='line_1_76' title="bbox 375 4610 1956 4682; baseline 0.001 -16"><span class='ocrx_word' id='word_1_597' title='bbox 375 4613 472 4676; x_wconf 90' lang='lat' dir='ltr'><strong>nii,</strong></span> <span class='ocrx_word' id='word_1_598' title='bbox 501 4622 557 4666; x_wconf 90' lang='lat' dir='ltr'><strong>et</strong></span> <span class='ocrx_word' id='word_1_599' title='bbox 593 4611 711 4668; x_wconf 84' lang='lat' dir='ltr'><strong>ﬁdei</strong></span> <span class='ocrx_word' id='word_1_600' title='bbox 748 4611 991 4682; x_wconf 86' lang='lat' dir='ltr'><strong>iussores</strong></span> <span class='ocrx_word' id='word_1_601' title='bbox 1025 4613 1245 4668; x_wconf 85' lang='lat' dir='ltr'><strong>dabant.</strong></span> <span class='ocrx_word' id='word_1_602' title='bbox 1279 4610 1432 4668; x_wconf 89' lang='lat' dir='ltr'><strong>Unde</strong></span> <span class='ocrx_word' id='word_1_603' title='bbox 1453 4622 1508 4667; x_wconf 91' lang='lat' dir='ltr'><strong>et</strong></span> <span class='ocrx_word' id='word_1_604' title='bbox 1532 4612 1828 4668; x_wconf 83' lang='lat' dir='ltr'><strong>admissum</strong></span> <span class='ocrx_word' id='word_1_605' title='bbox 1851 4621 1956 4680; x_wconf 90' lang='lat' dir='ltr'><strong>est,</strong></span> 
     </span>
    </p>
   </div>
   <div class='ocr_carea' id='block_1_77' title="bbox 375 4703 1958 4775">
    <p class='ocr_par' dir='ltr' id='par_1_77' title="bbox 375 4703 1958 4775">
     <span class='ocr_line' id='line_1_77' title="bbox 375 4703 1958 4775; baseline -0.001 -16"><span class='ocrx_word' id='word_1_606' title='bbox 375 4711 435 4759; x_wconf 88' lang='lat' dir='ltr'><strong>ut</strong></span> <span class='ocrx_word' id='word_1_607' title='bbox 469 4718 722 4774; x_wconf 81' lang='lat' dir='ltr'><strong>sponsum</strong></span> <span class='ocrx_word' id='word_1_608' title='bbox 763 4703 1008 4758; x_wconf 84' lang='lat' dir='ltr'><strong>dicamus</strong></span> <span class='ocrx_word' id='word_1_609' title='bbox 1036 4703 1211 4758; x_wconf 82' lang='lat' dir='ltr'><strong>virum</strong></span> <span class='ocrx_word' id='word_1_610' title='bbox 1242 4703 1311 4757; x_wconf 90' lang='lat' dir='ltr'><strong>ab</strong></span> <span class='ocrx_word' id='word_1_611' title='bbox 1347 4703 1678 4773; x_wconf 88' lang='lat' dir='ltr'><strong>spondendo,</strong></span> <span class='ocrx_word' id='word_1_612' title='bbox 1708 4711 1764 4759; x_wconf 93' lang='lat' dir='ltr'><strong>et</strong></span> <span class='ocrx_word' id='word_1_613' title='bbox 1797 4719 1958 4775; x_wconf 79' lang='lat' dir='ltr'><strong>span,-</strong></span> 
     </span>
    </p>
   </div>
   <div class='ocr_carea' id='block_1_78' title="bbox 373 4794 1953 4865">
    <p class='ocr_par' dir='ltr' id='par_1_78' title="bbox 373 4794 1953 4865">
     <span class='ocr_line' id='line_1_78' title="bbox 373 4794 1953 4865; baseline -0.001 -13"><span class='ocrx_word' id='word_1_614' title='bbox 373 4811 490 4852; x_wconf 84' lang='lat' dir='ltr'><strong>sam</strong></span> <span class='ocrx_word' id='word_1_615' title='bbox 523 4795 796 4850; x_wconf 89' lang='lat' dir='ltr'><strong>similiter.</strong></span> <span class='ocrx_word' id='word_1_616' title='bbox 824 4794 1092 4852; x_wconf 66' lang='lat' dir='ltr'><strong>Caeterum</strong></span> <span class='ocrx_word' id='word_1_617' title='bbox 1119 4794 1338 4865; x_wconf 80' lang='lat' dir='ltr'><strong>proprie</strong></span> <span class='ocrx_word' id='word_1_618' title='bbox 1371 4795 1637 4865; x_wconf 85' lang='lat' dir='ltr'><strong>spondere</strong></span> <span class='ocrx_word' id='word_1_619' title='bbox 1673 4794 1810 4852; x_wconf 89' lang='lat' dir='ltr'><strong>velle</strong></span> <span class='ocrx_word' id='word_1_620' title='bbox 1849 4804 1953 4852; x_wconf 89' lang='lat' dir='ltr'><strong>est.</strong></span> 
     </span>
    </p>
   </div>
   <div class='ocr_carea' id='block_1_79' title="bbox 373 4884 1956 4958">
    <p class='ocr_par' dir='ltr' id='par_1_79' title="bbox 373 4884 1956 4958">
     <span class='ocr_line' id='line_1_79' title="bbox 373 4884 1956 4958; baseline 0 -17"><span class='ocrx_word' id='word_1_621' title='bbox 373 4886 518 4958; x_wconf 79' lang='lat' dir='ltr'><strong>Ergo</strong></span> <span class='ocrx_word' id='word_1_622' title='bbox 539 4899 817 4956; x_wconf 89' lang='lat' dir='ltr'><strong>sponsum,</strong></span> <span class='ocrx_word' id='word_1_623' title='bbox 846 4899 954 4940; x_wconf 88' lang='lat' dir='ltr'><strong>non</strong></span> <span class='ocrx_word' id='word_1_624' title='bbox 984 4884 1110 4955; x_wconf 85' lang='lat' dir='ltr'><strong>quia</strong></span> <span class='ocrx_word' id='word_1_625' title='bbox 1139 4885 1492 4955; x_wconf 88' lang='lat' dir='ltr'><strong>permittitur,</strong></span> <span class='ocrx_word' id='word_1_626' title='bbox 1520 4885 1614 4941; x_wconf 92' lang='lat' dir='ltr'><strong>sed</strong></span> <span class='ocrx_word' id='word_1_627' title='bbox 1640 4886 1767 4956; x_wconf 87' lang='lat' dir='ltr'><strong>quia</strong></span> <span class='ocrx_word' id='word_1_628' title='bbox 1795 4901 1956 4956; x_wconf 87' lang='lat' dir='ltr'><strong>spon-</strong></span> 
     </span>
    </p>
   </div>
   <div class='ocr_carea' id='block_1_80' title="bbox 375 4974 1959 5050">
    <p class='ocr_par' dir='ltr' id='par_1_80' title="bbox 375 4974 1959 5050">
     <span class='ocr_line' id='line_1_80' title="bbox 375 4974 1959 5050; baseline 0.001 -15"><span class='ocrx_word' id='word_1_629' title='bbox 375 4979 468 5035; x_wconf 89' lang='lat' dir='ltr'><strong>det</strong></span> <span class='ocrx_word' id='word_1_630' title='bbox 492 4986 550 5034; x_wconf 85' lang='lat' dir='ltr'><strong>et</strong></span> <span class='ocrx_word' id='word_1_631' title='bbox 575 4991 864 5050; x_wconf 84' lang='lat' dir='ltr'><strong>sponsores</strong></span> <span class='ocrx_word' id='word_1_632' title='bbox 891 4976 1000 5032; x_wconf 83' lang='lat' dir='ltr'><strong>dat.</strong></span> <span class='ocrx_word' id='word_1_633' title='bbox 1037 4974 1280 5048; x_wconf 79' lang='lat' dir='ltr'><strong>Sponsus</strong></span> <span class='ocrx_word' id='word_1_634' title='bbox 1305 4975 1553 5034; x_wconf 88' lang='lat' dir='ltr'><strong>Christus</strong></span> <span class='ocrx_word' id='word_1_635' title='bbox 1583 4977 1723 5042; x_wconf 84' lang='lat' dir='ltr'><strong>ideo,</strong></span> <span class='ocrx_word' id='word_1_636' title='bbox 1755 4977 1897 5048; x_wconf 90' lang='lat' dir='ltr'><strong>quod</strong></span> <span class='ocrx_word' id='word_1_637' title='bbox 1929 4994 1959 5036; x_wconf 85' lang='lat' dir='ltr'><strong>a</strong></span> 
     </span>
    </p>
   </div>
   <div class='ocr_carea' id='block_1_81' title="bbox 379 5063 1962 5135">
    <p class='ocr_par' dir='ltr' id='par_1_81' title="bbox 379 5063 1962 5135">
     <span class='ocr_line' id='line_1_81' title="bbox 379 5063 1962 5135; baseline 0.002 -16"><span class='ocrx_word' id='word_1_638' title='bbox 379 5066 534 5120; x_wconf 88' lang='lat' dir='ltr'><strong>Patre</strong></span> <span class='ocrx_word' id='word_1_639' title='bbox 563 5066 632 5121; x_wconf 88' lang='lat' dir='ltr'><strong>ab</strong></span> <span class='ocrx_word' id='word_1_640' title='bbox 657 5066 811 5121; x_wconf 90' lang='lat' dir='ltr'><strong>initio</strong></span> <span class='ocrx_word' id='word_1_641' title='bbox 850 5064 922 5120; x_wconf 88' lang='lat' dir='ltr'><strong>sit</strong></span> <span class='ocrx_word' id='word_1_642' title='bbox 957 5065 1336 5135; x_wconf 89' lang='lat' dir='ltr'><strong>repromissus,</strong></span> <span class='ocrx_word' id='word_1_643' title='bbox 1377 5073 1434 5121; x_wconf 90' lang='lat' dir='ltr'><strong>ut</strong></span> <span class='ocrx_word' id='word_1_644' title='bbox 1475 5065 1529 5120; x_wconf 91' lang='lat' dir='ltr'><strong>in</strong></span> <span class='ocrx_word' id='word_1_645' title='bbox 1571 5063 1785 5120; x_wconf 85' lang='lat' dir='ltr'><strong>Psalmo</strong></span> <span class='ocrx_word' id='word_1_646' title='bbox 1829 5083 1843 5120; x_wconf 90' lang='lat'><strong>:</strong></span> <span class='ocrx_word' id='word_1_647' title='bbox 1891 5065 1962 5122; x_wconf 84' lang='lat' dir='ltr'><strong>Et</strong></span> 
     </span>
    </p>
   </div>
   <div class='ocr_carea' id='block_1_82' title="bbox 378 5153 1956 5228">
    <p class='ocr_par' dir='ltr' id='par_1_82' title="bbox 378 5153 1956 5228">
     <span class='ocr_line' id='line_1_82' title="bbox 378 5153 1956 5228; baseline 0.003 -20"><span class='ocrx_word' id='word_1_648' title='bbox 378 5157 484 5224; x_wconf 76' lang='lat' dir='ltr'><strong>ipse</strong></span> <span class='ocrx_word' id='word_1_649' title='bbox 504 5166 753 5224; x_wconf 84' lang='lat' dir='ltr'><strong>tanquam</strong></span> <span class='ocrx_word' id='word_1_650' title='bbox 775 5170 995 5226; x_wconf 76' lang='lat' dir='ltr'><strong>sponsus</strong></span> <span class='ocrx_word' id='word_1_651' title='bbox 1017 5154 1300 5225; x_wconf 83' lang='lat' dir='ltr'><strong>procedens</strong></span> <span class='ocrx_word' id='word_1_652' title='bbox 1323 5154 1388 5210; x_wconf 86' lang='lat' dir='ltr'><strong>de</strong></span> <span class='ocrx_word' id='word_1_653' title='bbox 1407 5154 1641 5209; x_wconf 82' lang='lat' dir='ltr'><strong>thalamo</strong></span> <span class='ocrx_word' id='word_1_654' title='bbox 1664 5171 1760 5209; x_wconf 85' lang='lat' dir='ltr'><strong>suo</strong></span> <span class='ocrx_word' id='word_1_655' title='bbox 1785 5153 1956 5228; x_wconf 66' lang='lat' dir='ltr'><strong>(I‘sal.</strong></span> 
     </span>
    </p>
   </div>
   <div class='ocr_carea' id='block_1_83' title="bbox 376 5243 1960 5317">
    <p class='ocr_par' dir='ltr' id='par_1_83' title="bbox 376 5243 1960 5317">
     <span class='ocr_line' id='line_1_83' title="bbox 376 5243 1960 5317; baseline 0.005 -22"><span class='ocrx_word' id='word_1_656' title='bbox 376 5244 553 5313; x_wconf 62' lang='grc' dir='ltr'><strong>»λι-ιιι).</strong></span> <span class='ocrx_word' id='word_1_657' title='bbox 588 5244 798 5313; x_wconf 87' lang='lat' dir='ltr'><strong>Sponsa</strong></span> <span class='ocrx_word' id='word_1_658' title='bbox 831 5244 1092 5311; x_wconf 82' lang='lat' dir='ltr'><strong>Ecclesia,</strong></span> <span class='ocrx_word' id='word_1_659' title='bbox 1127 5259 1252 5315; x_wconf 75' lang='lat' dir='ltr'><strong>quae</strong></span> <span class='ocrx_word' id='word_1_660' title='bbox 1277 5245 1463 5315; x_wconf 84' lang='lat' dir='ltr'><strong>utique</strong></span> <span class='ocrx_word' id='word_1_661' title='bbox 1489 5243 1685 5300; x_wconf 90' lang='lat' dir='ltr'><strong>divinis</strong></span> <span class='ocrx_word' id='word_1_662' title='bbox 1713 5247 1960 5317; x_wconf 84' lang='lat' dir='ltr'><strong>sponsio-</strong></span> 
     </span>
    </p>
   </div>
   <div class='ocr_carea' id='block_1_84' title="bbox 375 5333 1959 5404">
    <p class='ocr_par' dir='ltr' id='par_1_84' title="bbox 375 5333 1959 5404">
     <span class='ocr_line' id='line_1_84' title="bbox 375 5333 1959 5404; baseline 0.003 -17"><span class='ocrx_word' id='word_1_663' title='bbox 375 5333 534 5388; x_wconf 88' lang='lat' dir='ltr'><strong>nibus</strong></span> <span class='ocrx_word' id='word_1_664' title='bbox 569 5334 638 5388; x_wconf 88' lang='lat' dir='ltr'><strong>sit</strong></span> <span class='ocrx_word' id='word_1_665' title='bbox 664 5334 948 5404; x_wconf 79' lang='lat' dir='ltr'><strong>promissa,</strong></span> <span class='ocrx_word' id='word_1_666' title='bbox 978 5343 1038 5389; x_wconf 91' lang='lat' dir='ltr'><strong>ut</strong></span> <span class='ocrx_word' id='word_1_667' title='bbox 1067 5334 1120 5388; x_wconf 88' lang='lat' dir='ltr'><strong>in</strong></span> <span class='ocrx_word' id='word_1_668' title='bbox 1149 5333 1374 5391; x_wconf 84' lang='lat' dir='ltr'><strong>Cantico</strong></span> <span class='ocrx_word' id='word_1_669' title='bbox 1413 5335 1745 5390; x_wconf 89' lang='lat' dir='ltr'><strong>canticorum</strong></span> <span class='ocrx_word' id='word_1_670' title='bbox 1777 5354 1791 5390; x_wconf 90' lang='lat'>:</span> <span class='ocrx_word' id='word_1_671' title='bbox 1831 5334 1959 5392; x_wconf 86' lang='lat' dir='ltr'><strong>Veni</strong></span> 
     </span>
    </p>
   </div>
   <div class='ocr_carea' id='block_1_85' title="bbox 375 5421 1956 5499">
    <p class='ocr_par' dir='ltr' id='par_1_85' title="bbox 375 5421 1956 5499">
     <span class='ocr_line' id='line_1_85' title="bbox 375 5421 1956 5499; baseline 0.004 -24"><span class='ocrx_word' id='word_1_672' title='bbox 375 5439 409 5474; x_wconf 92' lang='lat' dir='ltr'><strong>a</strong></span> <span class='ocrx_word' id='word_1_673' title='bbox 441 5421 656 5488; x_wconf 87' lang='lat' dir='ltr'><strong>Libano,</strong></span> <span class='ocrx_word' id='word_1_674' title='bbox 694 5441 906 5495; x_wconf 85' lang='lat' dir='ltr'><strong>sponsa,</strong></span> <span class='ocrx_word' id='word_1_675' title='bbox 937 5426 1051 5480; x_wconf 75' lang='lat' dir='ltr'><strong>veni</strong></span> <span class='ocrx_word' id='word_1_676' title='bbox 1080 5443 1113 5480; x_wconf 88' lang='lat' dir='ltr'><strong>a</strong></span> <span class='ocrx_word' id='word_1_677' title='bbox 1144 5423 1342 5482; x_wconf 87' lang='lat' dir='ltr'><strong>Libano</strong></span> <span class='ocrx_word' id='word_1_678' title='bbox 1382 5422 1558 5499; x_wconf 88' lang='lat' dir='ltr'><strong>(Cant.</strong></span> <span class='ocrx_word' id='word_1_679' title='bbox 1576 5423 1677 5499; x_wconf 83' lang='lat' dir='ltr'><strong>tv),</strong></span> <span class='ocrx_word' id='word_1_680' title='bbox 1712 5426 1814 5482; x_wconf 86' lang='lat' dir='ltr'><strong>hoc</strong></span> <span class='ocrx_word' id='word_1_681' title='bbox 1842 5436 1956 5492; x_wconf 87' lang='lat' dir='ltr'><strong>est,</strong></span> 
     </span>
    </p>
   </div>
   <div class='ocr_carea' id='block_1_86' title="bbox 376 5515 1958 5587">
    <p class='ocr_par' dir='ltr' id='par_1_86' title="bbox 376 5515 1958 5587">
     <span class='ocr_line' id='line_1_86' title="bbox 376 5515 1958 5587; baseline 0.001 -17"><span class='ocrx_word' id='word_1_682' title='bbox 376 5529 407 5570; x_wconf 88' lang='lat' dir='ltr'><strong>a</strong></span> <span class='ocrx_word' id='word_1_683' title='bbox 449 5515 682 5570; x_wconf 84' lang='lat' dir='ltr'><strong>candore</strong></span> <span class='ocrx_word' id='word_1_684' title='bbox 721 5515 1081 5586; x_wconf 87' lang='lat' dir='ltr'><strong>baptismatis.</strong></span> <span class='ocrx_word' id='word_1_685' title='bbox 1126 5515 1334 5587; x_wconf 67' lang='lat' dir='ltr'><strong>Nuptiae</strong></span> <span class='ocrx_word' id='word_1_686' title='bbox 1371 5515 1640 5586; x_wconf 84' lang='lat' dir='ltr'><strong>copulatio</strong></span> <span class='ocrx_word' id='word_1_687' title='bbox 1666 5516 1827 5572; x_wconf 78' lang='lat' dir='ltr'><strong>Verbi</strong></span> <span class='ocrx_word' id='word_1_688' title='bbox 1864 5517 1958 5572; x_wconf 91' lang='lat' dir='ltr'><strong>Dei</strong></span> 
     </span>
    </p>
   </div>
   <div class='ocr_carea' id='block_1_87' title="bbox 375 5607 1957 5680">
    <p class='ocr_par' dir='ltr' id='par_1_87' title="bbox 375 5607 1957 5680">
     <span class='ocr_line' id='line_1_87' title="bbox 375 5607 1957 5680; baseline 0.002 -20"><span class='ocrx_word' id='word_1_689' title='bbox 375 5617 432 5660; x_wconf 89' lang='lat' dir='ltr'><strong>et</strong></span> <span class='ocrx_word' id='word_1_690' title='bbox 457 5607 655 5668; x_wconf 86' lang='lat' dir='ltr'><strong>carnis,</strong></span> <span class='ocrx_word' id='word_1_691' title='bbox 688 5616 747 5662; x_wconf 93' lang='lat' dir='ltr'><strong>ut</strong></span> <span class='ocrx_word' id='word_1_692' title='bbox 770 5608 824 5662; x_wconf 92' lang='lat' dir='ltr'><strong>in</strong></span> <span class='ocrx_word' id='word_1_693' title='bbox 860 5609 1150 5679; x_wconf 81' lang='lat' dir='ltr'><strong>Evangelio</strong></span> <span class='ocrx_word' id='word_1_694' title='bbox 1179 5627 1194 5662; x_wconf 86' lang='lat'><strong>:</strong></span> <span class='ocrx_word' id='word_1_695' title='bbox 1225 5608 1410 5666; x_wconf 83' lang='lat' dir='ltr'><strong>Simile</strong></span> <span class='ocrx_word' id='word_1_696' title='bbox 1425 5617 1520 5664; x_wconf 76' lang='lat' dir='ltr'><strong>‘est</strong></span> <span class='ocrx_word' id='word_1_697' title='bbox 1550 5625 1765 5680; x_wconf 81' lang='lat' dir='ltr'><strong>regnum</strong></span> <span class='ocrx_word' id='word_1_698' title='bbox 1801 5609 1957 5664; x_wconf 72' lang='lat' dir='ltr'><strong>caelo-</strong></span> 
     </span>
    </p>
   </div>
   <div class='ocr_carea' id='block_1_88' title="bbox 375 5698 1954 5771">
    <p class='ocr_par' dir='ltr' id='par_1_88' title="bbox 375 5698 1954 5771">
     <span class='ocr_line' id='line_1_88' title="bbox 375 5698 1954 5771; baseline -0.001 -18"><span class='ocrx_word' id='word_1_699' title='bbox 375 5712 492 5753; x_wconf 84' lang='lat' dir='ltr'><strong>rum</strong></span> <span class='ocrx_word' id='word_1_700' title='bbox 531 5699 730 5753; x_wconf 76' lang='lat' dir='ltr'><strong>homini</strong></span> <span class='ocrx_word' id='word_1_701' title='bbox 775 5700 911 5768; x_wconf 85' lang='lat' dir='ltr'><strong>regi,</strong></span> <span class='ocrx_word' id='word_1_702' title='bbox 947 5699 1038 5771; x_wconf 78' lang='lat' dir='ltr'><strong>qui</strong></span> <span class='ocrx_word' id='word_1_703' title='bbox 1068 5698 1188 5768; x_wconf 78' lang='lat' dir='ltr'><strong>fecit</strong></span> <span class='ocrx_word' id='word_1_704' title='bbox 1225 5700 1429 5755; x_wconf 79' lang='lat' dir='ltr'><strong>nuntias</strong></span> <span class='ocrx_word' id='word_1_705' title='bbox 1467 5699 1579 5768; x_wconf 81' lang='lat' dir='ltr'><strong>ﬁlio</strong></span> <span class='ocrx_word' id='word_1_706' title='bbox 1609 5716 1704 5754; x_wconf 88' lang='lat' dir='ltr'><strong>suo</strong></span> <span class='ocrx_word' id='word_1_707' title='bbox 1741 5698 1954 5768; x_wconf 73' lang='lat' dir='ltr'><strong>(Matth.</strong></span> 
     </span>
    </p>
   </div>
   <div class='ocr_carea' id='block_1_89' title="bbox 2061 3240 3647 3316">
    <p class='ocr_par' dir='ltr' id='par_1_89' title="bbox 2061 3240 3647 3316">
     <span class='ocr_line' id='line_1_89' title="bbox 2061 3240 3647 3316; baseline 0.013 -22"><span class='ocrx_word' id='word_1_708' title='bbox 2061 3240 2343 3312; x_wconf 90' lang='lat' dir='ltr'><strong>ignoretur</strong></span> <span class='ocrx_word' id='word_1_709' title='bbox 2365 3243 2682 3316; x_wconf 65' lang='lat' dir='ltr'><strong>coniugalis</strong></span> <span class='ocrx_word' id='word_1_710' title='bbox 2723 3250 3044 3307; x_wconf 86' lang='lat' dir='ltr'><strong>concubitus</strong></span> <span class='ocrx_word' id='word_1_711' title='bbox 3076 3271 3088 3306; x_wconf 94' lang='lat'>:</span> <span class='ocrx_word' id='word_1_712' title='bbox 3128 3254 3265 3310; x_wconf 89' lang='lat' dir='ltr'><strong>sicut</strong></span> <span class='ocrx_word' id='word_1_713' title='bbox 3305 3255 3470 3312; x_wconf 82' lang='lat' dir='ltr'><strong>Maria</strong></span> <span class='ocrx_word' id='word_1_714' title='bbox 3515 3272 3647 3313; x_wconf 83' lang='lat' dir='ltr'><strong>con-</strong></span> 
     </span>
    </p>
   </div>
   <div class='ocr_carea' id='block_1_90' title="bbox 2053 3331 3644 3410">
    <p class='ocr_par' dir='ltr' id='par_1_90' title="bbox 2053 3331 3644 3410">
     <span class='ocr_line' id='line_1_90' title="bbox 2053 3331 3644 3410; baseline 0.011 -26"><span class='ocrx_word' id='word_1_715' title='bbox 2053 3331 2150 3402; x_wconf 82' lang='lat' dir='ltr'><strong>iux</strong></span> <span class='ocrx_word' id='word_1_716' title='bbox 2201 3331 2401 3404; x_wconf 73' lang='lat' dir='ltr'><strong>Ioseph</strong></span> <span class='ocrx_word' id='word_1_717' title='bbox 2429 3344 2672 3400; x_wconf 88' lang='lat' dir='ltr'><strong>vocatur,</strong></span> <span class='ocrx_word' id='word_1_718' title='bbox 2728 3339 2868 3394; x_wconf 87' lang='lat' dir='ltr'><strong>inter</strong></span> <span class='ocrx_word' id='word_1_719' title='bbox 2903 3355 3041 3410; x_wconf 90' lang='lat' dir='ltr'><strong>quos</strong></span> <span class='ocrx_word' id='word_1_720' title='bbox 3074 3359 3175 3399; x_wconf 91' lang='lat' dir='ltr'><strong>nec</strong></span> <span class='ocrx_word' id='word_1_721' title='bbox 3211 3343 3389 3402; x_wconf 89' lang='lat' dir='ltr'><strong>fuerat</strong></span> <span class='ocrx_word' id='word_1_722' title='bbox 3424 3362 3524 3404; x_wconf 88' lang='lat' dir='ltr'><strong>nec</strong></span> <span class='ocrx_word' id='word_1_723' title='bbox 3557 3347 3644 3402; x_wconf 85' lang='lat' dir='ltr'><strong>fu-</strong></span> 
     </span>
    </p>
   </div>
   <div class='ocr_carea' id='block_1_91' title="bbox 2061 3427 3646 3510">
    <p class='ocr_par' dir='ltr' id='par_1_91' title="bbox 2061 3427 3646 3510">
     <span class='ocr_line' id='line_1_91' title="bbox 2061 3427 3646 3510; baseline 0.011 -34"><span class='ocrx_word' id='word_1_724' title='bbox 2061 3429 2179 3476; x_wconf 90' lang='lat' dir='ltr'><strong>tura</strong></span> <span class='ocrx_word' id='word_1_725' title='bbox 2204 3432 2322 3479; x_wconf 89' lang='lat' dir='ltr'><strong>erat</strong></span> <span class='ocrx_word' id='word_1_726' title='bbox 2363 3427 2544 3481; x_wconf 89' lang='lat' dir='ltr'><strong>carnis</strong></span> <span class='ocrx_word' id='word_1_727' title='bbox 2585 3427 2690 3482; x_wconf 88' lang='lat' dir='ltr'><strong>ulla</strong></span> <span class='ocrx_word' id='word_1_728' title='bbox 2734 3431 3057 3487; x_wconf 89' lang='lat' dir='ltr'><strong>eommistio.</strong></span> <span class='ocrx_word' id='word_1_729' title='bbox 3107 3432 3348 3491; x_wconf 81' lang='lat' dir='ltr'><strong>Matrona</strong></span> <span class='ocrx_word' id='word_1_730' title='bbox 3389 3445 3494 3503; x_wconf 89' lang='lat' dir='ltr'><strong>est,</strong></span> <span class='ocrx_word' id='word_1_731' title='bbox 3524 3453 3646 3510; x_wconf 72' lang='lat' dir='ltr'><strong>quae</strong></span> 
     </span>
    </p>
   </div>
   <div class='ocr_carea' id='block_1_92' title="bbox 2053 3510 3645 3591">
    <p class='ocr_par' dir='ltr' id='par_1_92' title="bbox 2053 3510 3645 3591">
     <span class='ocr_line' id='line_1_92' title="bbox 2053 3510 3645 3591; baseline 0.011 -27"><span class='ocrx_word' id='word_1_732' title='bbox 2053 3510 2166 3582; x_wconf 88' lang='lat' dir='ltr'><strong>iam</strong></span> <span class='ocrx_word' id='word_1_733' title='bbox 2202 3515 2404 3584; x_wconf 87' lang='lat' dir='ltr'><strong>nupsit,</strong></span> <span class='ocrx_word' id='word_1_734' title='bbox 2437 3522 2493 3570; x_wconf 92' lang='lat' dir='ltr'><strong>et</strong></span> <span class='ocrx_word' id='word_1_735' title='bbox 2521 3515 2663 3570; x_wconf 90' lang='lat' dir='ltr'><strong>dicta</strong></span> <span class='ocrx_word' id='word_1_736' title='bbox 2692 3527 2958 3586; x_wconf 89' lang='lat' dir='ltr'><strong>matrona,</strong></span> <span class='ocrx_word' id='word_1_737' title='bbox 2993 3523 3146 3591; x_wconf 90' lang='lat' dir='ltr'><strong>quasi</strong></span> <span class='ocrx_word' id='word_1_738' title='bbox 3176 3531 3350 3578; x_wconf 86' lang='lat' dir='ltr'><strong>mater</strong></span> <span class='ocrx_word' id='word_1_739' title='bbox 3373 3526 3484 3581; x_wconf 87' lang='lat' dir='ltr'><strong>nati</strong></span> <span class='ocrx_word' id='word_1_740' title='bbox 3514 3544 3528 3581; x_wconf 91' lang='lat'><strong>:</strong></span> <span class='ocrx_word' id='word_1_741' title='bbox 3563 3527 3645 3584; x_wconf 87' lang='lat' dir='ltr'><strong>vel</strong></span> 
     </span>
    </p>
   </div>
   <div class='ocr_carea' id='block_1_93' title="bbox 2057 3603 3642 3679">
    <p class='ocr_par' dir='ltr' id='par_1_93' title="bbox 2057 3603 3642 3679">
     <span class='ocr_line' id='line_1_93' title="bbox 2057 3603 3642 3679; baseline 0.011 -23"><span class='ocrx_word' id='word_1_742' title='bbox 2057 3603 2185 3673; x_wconf 85' lang='lat' dir='ltr'><strong>quia</strong></span> <span class='ocrx_word' id='word_1_743' title='bbox 2224 3603 2338 3673; x_wconf 89' lang='lat' dir='ltr'><strong>iam</strong></span> <span class='ocrx_word' id='word_1_744' title='bbox 2384 3615 2559 3662; x_wconf 89' lang='lat' dir='ltr'><strong>mater</strong></span> <span class='ocrx_word' id='word_1_745' title='bbox 2583 3607 2698 3664; x_wconf 88' lang='lat' dir='ltr'><strong>ﬁeri</strong></span> <span class='ocrx_word' id='word_1_746' title='bbox 2733 3619 2928 3679; x_wconf 86' lang='lat' dir='ltr'><strong>potest.</strong></span> <span class='ocrx_word' id='word_1_747' title='bbox 2976 3612 3128 3669; x_wconf 90' lang='lat' dir='ltr'><strong>Unde</strong></span> <span class='ocrx_word' id='word_1_748' title='bbox 3156 3623 3212 3670; x_wconf 91' lang='lat' dir='ltr'><strong>et</strong></span> <span class='ocrx_word' id='word_1_749' title='bbox 3239 3619 3642 3674; x_wconf 89' lang='lat' dir='ltr'><strong>matrimonium</strong></span> 
     </span>
    </p>
   </div>
   <div class='ocr_carea' id='block_1_94' title="bbox 2058 3695 3646 3770">
    <p class='ocr_par' dir='ltr' id='par_1_94' title="bbox 2058 3695 3646 3770">
     <span class='ocr_line' id='line_1_94' title="bbox 2058 3695 3646 3770; baseline 0.009 -20"><span class='ocrx_word' id='word_1_750' title='bbox 2058 3695 2280 3751; x_wconf 91' lang='lat' dir='ltr'><strong>dictum.</strong></span> <span class='ocrx_word' id='word_1_751' title='bbox 2311 3697 2670 3770; x_wconf 89' lang='lat' dir='ltr'><strong>Distinguitur</strong></span> <span class='ocrx_word' id='word_1_752' title='bbox 2710 3709 2890 3756; x_wconf 90' lang='lat' dir='ltr'><strong>autem</strong></span> <span class='ocrx_word' id='word_1_753' title='bbox 2931 3703 3074 3758; x_wconf 90' lang='lat' dir='ltr'><strong>inter</strong></span> <span class='ocrx_word' id='word_1_754' title='bbox 3113 3714 3412 3763; x_wconf 89' lang='lat' dir='ltr'><strong>matronam</strong></span> <span class='ocrx_word' id='word_1_755' title='bbox 3447 3719 3503 3764; x_wconf 89' lang='lat' dir='ltr'><strong>et</strong></span> <span class='ocrx_word' id='word_1_756' title='bbox 3531 3724 3646 3764; x_wconf 87' lang='lat' dir='ltr'><strong>tua-</strong></span> 
     </span>
    </p>
   </div>
   <div class='ocr_carea' id='block_1_95' title="bbox 2058 3784 3647 3863">
    <p class='ocr_par' dir='ltr' id='par_1_95' title="bbox 2058 3784 3647 3863">
     <span class='ocr_line' id='line_1_95' title="bbox 2058 3784 3647 3863; baseline 0.01 -25"><span class='ocrx_word' id='word_1_757' title='bbox 2058 3784 2453 3848; x_wconf 87' lang='lat' dir='ltr'><strong>tremfamilias.</strong></span> <span class='ocrx_word' id='word_1_758' title='bbox 2509 3786 2644 3842; x_wconf 81' lang='lat' dir='ltr'><strong>Nam</strong></span> <span class='ocrx_word' id='word_1_759' title='bbox 2675 3798 2956 3858; x_wconf 63' lang='lat' dir='ltr'><strong>matrona},</strong></span> <span class='ocrx_word' id='word_1_760' title='bbox 2985 3806 3106 3863; x_wconf 61' lang='lat' dir='ltr'><strong>quae</strong></span> <span class='ocrx_word' id='word_1_761' title='bbox 3136 3791 3251 3862; x_wconf 89' lang='lat' dir='ltr'><strong>iam</strong></span> <span class='ocrx_word' id='word_1_762' title='bbox 3281 3795 3334 3850; x_wconf 92' lang='lat' dir='ltr'><strong>in</strong></span> <span class='ocrx_word' id='word_1_763' title='bbox 3364 3798 3647 3853; x_wconf 83' lang='lat' dir='ltr'><strong>matrimo-</strong></span> 
     </span>
    </p>
   </div>
   <div class='ocr_carea' id='block_1_96' title="bbox 2057 3873 3646 3956">
    <p class='ocr_par' dir='ltr' id='par_1_96' title="bbox 2057 3873 3646 3956">
     <span class='ocr_line' id='line_1_96' title="bbox 2057 3873 3646 3956; baseline 0.011 -28"><span class='ocrx_word' id='word_1_764' title='bbox 2057 3873 2208 3929; x_wconf 89' lang='lat' dir='ltr'><strong>nium</strong></span> <span class='ocrx_word' id='word_1_765' title='bbox 2235 3886 2603 3934; x_wconf 85' lang='lat' dir='ltr'><strong>convenerunt</strong></span> <span class='ocrx_word' id='word_1_766' title='bbox 2626 3895 2640 3934; x_wconf 73' lang='grc'><strong>2</strong></span> <span class='ocrx_word' id='word_1_767' title='bbox 2667 3889 2889 3945; x_wconf 86' lang='lat' dir='ltr'><strong>matres,</strong></span> <span class='ocrx_word' id='word_1_768' title='bbox 2914 3897 3034 3952; x_wconf 71' lang='lat' dir='ltr'><strong>qua:</strong></span> <span class='ocrx_word' id='word_1_769' title='bbox 3058 3896 3358 3956; x_wconf 86' lang='lat' dir='ltr'><strong>genuerunt</strong></span> <span class='ocrx_word' id='word_1_770' title='bbox 3385 3906 3398 3942; x_wconf 77' lang='grc' dir='ltr'>ε</span> <span class='ocrx_word' id='word_1_771' title='bbox 3422 3898 3646 3946; x_wconf 84' lang='lat' dir='ltr'><strong>matres-</strong></span> 
     </span>
    </p>
   </div>
   <div class='ocr_carea' id='block_1_97' title="bbox 2057 3962 3647 4041">
    <p class='ocr_par' dir='ltr' id='par_1_97' title="bbox 2057 3962 3647 4041">
     <span class='ocr_line' id='line_1_97' title="bbox 2057 3962 3647 4041; baseline 0.009 -23"><span class='ocrx_word' id='word_1_772' title='bbox 2057 3962 2295 4032; x_wconf 64' lang='lat' dir='ltr'><strong>familias,</strong></span> <span class='ocrx_word' id='word_1_773' title='bbox 2322 3981 2442 4038; x_wconf 70' lang='lat' dir='ltr'><strong>quae</strong></span> <span class='ocrx_word' id='word_1_774' title='bbox 2462 3983 2562 4039; x_wconf 90' lang='lat' dir='ltr'><strong>per</strong></span> <span class='ocrx_word' id='word_1_775' title='bbox 2583 3970 3030 4041; x_wconf 85' lang='lat' dir='ltr'><strong>quamdamiuris</strong></span> <span class='ocrx_word' id='word_1_776' title='bbox 3058 3973 3451 4032; x_wconf 86' lang='lat' dir='ltr'><strong>solemnitatem</strong></span> <span class='ocrx_word' id='word_1_777' title='bbox 3479 3978 3532 4032; x_wconf 93' lang='lat' dir='ltr'><strong>in</strong></span> <span class='ocrx_word' id='word_1_778' title='bbox 3565 3977 3647 4032; x_wconf 86' lang='lat' dir='ltr'><strong>fa-</strong></span> 
     </span>
    </p>
   </div>
   <div class='ocr_carea' id='block_1_98' title="bbox 2059 4055 3643 4140">
    <p class='ocr_par' dir='ltr' id='par_1_98' title="bbox 2059 4055 3643 4140">
     <span class='ocr_line' id='line_1_98' title="bbox 2059 4055 3643 4140; baseline 0.009 -31"><span class='ocrx_word' id='word_1_779' title='bbox 2059 4055 2261 4124; x_wconf 79' lang='lat' dir='ltr'><strong>miliam</strong></span> <span class='ocrx_word' id='word_1_780' title='bbox 2309 4059 2487 4113; x_wconf 90' lang='lat' dir='ltr'><strong>mariti</strong></span> <span class='ocrx_word' id='word_1_781' title='bbox 2536 4061 2888 4118; x_wconf 89' lang='lat' dir='ltr'><strong>transierunt.</strong></span> <span class='ocrx_word' id='word_1_782' title='bbox 2935 4064 3284 4138; x_wconf 82' lang='lat' dir='ltr'><strong>Monogamus</strong></span> <span class='ocrx_word' id='word_1_783' title='bbox 3324 4069 3520 4132; x_wconf 82' lang='lat' dir='ltr'><strong>dictus,</strong></span> <span class='ocrx_word' id='word_1_784' title='bbox 3551 4071 3643 4140; x_wconf 90' lang='lat' dir='ltr'><strong>qui</strong></span> 
     </span>
    </p>
   </div>
   <div class='ocr_carea' id='block_1_99' title="bbox 2058 4147 3642 4226">
    <p class='ocr_par' dir='ltr' id='par_1_99' title="bbox 2058 4147 3642 4226">
     <span class='ocr_line' id='line_1_99' title="bbox 2058 4147 3642 4226; baseline 0.009 -26"><span class='ocrx_word' id='word_1_785' title='bbox 2058 4147 2148 4200; x_wconf 91' lang='lat' dir='ltr'><strong>uni</strong></span> <span class='ocrx_word' id='word_1_786' title='bbox 2179 4155 2385 4202; x_wconf 90' lang='lat' dir='ltr'><strong>tantum</strong></span> <span class='ocrx_word' id='word_1_787' title='bbox 2415 4151 2614 4220; x_wconf 91' lang='lat' dir='ltr'><strong>nupsit.</strong></span> <span class='ocrx_word' id='word_1_788' title='bbox 2649 4149 2836 4208; x_wconf 83' lang='lat' dir='ltr'><strong>Monos</strong></span> <span class='ocrx_word' id='word_1_789' title='bbox 2879 4154 3022 4208; x_wconf 87' lang='lat' dir='ltr'><strong>enim</strong></span> <span class='ocrx_word' id='word_1_790' title='bbox 3067 4156 3207 4226; x_wconf 90' lang='lat' dir='ltr'><strong>apud</strong></span> <span class='ocrx_word' id='word_1_791' title='bbox 3233 4155 3450 4213; x_wconf 63' lang='lat' dir='ltr'><strong>Graecos</strong></span> <span class='ocrx_word' id='word_1_792' title='bbox 3477 4175 3642 4214; x_wconf 90' lang='lat' dir='ltr'><strong>unum</strong></span> 
     </span>
    </p>
   </div>
   <div class='ocr_carea' id='block_1_100' title="bbox 2058 4241 3644 4320">
    <p class='ocr_par' dir='ltr' id='par_1_100' title="bbox 2058 4241 3644 4320">
     <span class='ocr_line' id='line_1_100' title="bbox 2058 4241 3644 4320; baseline 0.006 -24"><span class='ocrx_word' id='word_1_793' title='bbox 2058 4241 2258 4297; x_wconf 89' lang='lat' dir='ltr'><strong>dicitur</strong></span> <span class='ocrx_word' id='word_1_794' title='bbox 2284 4257 2300 4296; x_wconf 92' lang='lat'><strong>:</strong></span> <span class='ocrx_word' id='word_1_795' title='bbox 2331 4257 2516 4313; x_wconf 88' lang='lat' dir='ltr'><strong>gamos</strong></span> <span class='ocrx_word' id='word_1_796' title='bbox 2545 4243 2745 4314; x_wconf 65' lang='lat' dir='ltr'><strong>nuptiae</strong></span> <span class='ocrx_word' id='word_1_797' title='bbox 2772 4246 3216 4316; x_wconf 89' lang='lat' dir='ltr'><strong>interpretantur.</strong></span> <span class='ocrx_word' id='word_1_798' title='bbox 3243 4244 3520 4320; x_wconf 75' lang='lat' dir='ltr'><strong>‘Digamus</strong></span> <span class='ocrx_word' id='word_1_799' title='bbox 3550 4267 3644 4306; x_wconf 87' lang='lat' dir='ltr'><strong>au-</strong></span> 
     </span>
    </p>
   </div>
   <div class='ocr_carea' id='block_1_101' title="bbox 2061 4332 3642 4410">
    <p class='ocr_par' dir='ltr' id='par_1_101' title="bbox 2061 4332 3642 4410">
     <span class='ocr_line' id='line_1_101' title="bbox 2061 4332 3642 4410; baseline 0.006 -25"><span class='ocrx_word' id='word_1_800' title='bbox 2061 4340 2168 4386; x_wconf 87' lang='lat' dir='ltr'><strong>tem</strong></span> <span class='ocrx_word' id='word_1_801' title='bbox 2209 4339 2266 4386; x_wconf 88' lang='lat' dir='ltr'><strong>et</strong></span> <span class='ocrx_word' id='word_1_802' title='bbox 2305 4332 2564 4404; x_wconf 85' lang='lat' dir='ltr'><strong>trigamus</strong></span> <span class='ocrx_word' id='word_1_803' title='bbox 2606 4348 2637 4388; x_wconf 87' lang='lat' dir='ltr'><strong>a</strong></span> <span class='ocrx_word' id='word_1_804' title='bbox 2677 4349 2904 4390; x_wconf 85' lang='lat' dir='ltr'><strong>numero</strong></span> <span class='ocrx_word' id='word_1_805' title='bbox 2943 4351 3171 4392; x_wconf 77' lang='lat' dir='ltr'><strong>uxorum</strong></span> <span class='ocrx_word' id='word_1_806' title='bbox 3200 4347 3446 4404; x_wconf 87' lang='lat' dir='ltr'><strong>vocatus,</strong></span> <span class='ocrx_word' id='word_1_807' title='bbox 3487 4341 3642 4410; x_wconf 88' lang='lat' dir='ltr'><strong>quasi</strong></span> 
     </span>
    </p>
   </div>
   <div class='ocr_carea' id='block_1_102' title="bbox 2059 4423 3642 4498">
    <p class='ocr_par' dir='ltr' id='par_1_102' title="bbox 2059 4423 3642 4498">
     <span class='ocr_line' id='line_1_102' title="bbox 2059 4423 3642 4498; baseline 0.004 -21"><span class='ocrx_word' id='word_1_808' title='bbox 2059 4423 2283 4477; x_wconf 87' lang='lat' dir='ltr'><strong>duarum</strong></span> <span class='ocrx_word' id='word_1_809' title='bbox 2307 4423 2392 4478; x_wconf 91' lang='lat' dir='ltr'><strong>vel</strong></span> <span class='ocrx_word' id='word_1_810' title='bbox 2431 4425 2592 4478; x_wconf 91' lang='lat' dir='ltr'><strong>trium</strong></span> <span class='ocrx_word' id='word_1_811' title='bbox 2631 4425 2879 4481; x_wconf 89' lang='lat' dir='ltr'><strong>maritus.</strong></span> <span class='ocrx_word' id='word_1_812' title='bbox 2911 4425 3082 4482; x_wconf 84' lang='lat' dir='ltr'><strong>Vidua</strong></span> <span class='ocrx_word' id='word_1_813' title='bbox 3110 4435 3322 4493; x_wconf 88' lang='lat' dir='ltr'><strong>vocata,</strong></span> <span class='ocrx_word' id='word_1_814' title='bbox 3349 4428 3490 4498; x_wconf 81' lang='lat' dir='ltr'><strong>quod</strong></span> <span class='ocrx_word' id='word_1_815' title='bbox 3519 4445 3642 4483; x_wconf 87' lang='lat' dir='ltr'><strong>cum</strong></span> 
     </span>
    </p>
   </div>
   <div class='ocr_carea' id='block_1_103' title="bbox 2063 4518 3644 4586">
    <p class='ocr_par' dir='ltr' id='par_1_103' title="bbox 2063 4518 3644 4586">
     <span class='ocr_line' id='line_1_103' title="bbox 2063 4518 3644 4586; baseline 0.001 -14"><span class='ocrx_word' id='word_1_816' title='bbox 2063 4518 2178 4573; x_wconf 89' lang='lat' dir='ltr'><strong>viro</strong></span> <span class='ocrx_word' id='word_1_817' title='bbox 2214 4519 2320 4574; x_wconf 94' lang='lat' dir='ltr'><strong>duo</strong></span> <span class='ocrx_word' id='word_1_818' title='bbox 2347 4518 2581 4586; x_wconf 89' lang='lat' dir='ltr'><strong>fuerint,</strong></span> <span class='ocrx_word' id='word_1_819' title='bbox 2620 4535 2720 4575; x_wconf 90' lang='lat' dir='ltr'><strong>nec</strong></span> <span class='ocrx_word' id='word_1_820' title='bbox 2752 4520 2896 4576; x_wconf 90' lang='lat' dir='ltr'><strong>circa</strong></span> <span class='ocrx_word' id='word_1_821' title='bbox 2931 4522 3261 4577; x_wconf 88' lang='lat' dir='ltr'><strong>consortium</strong></span> <span class='ocrx_word' id='word_1_822' title='bbox 3292 4521 3512 4577; x_wconf 88' lang='lat' dir='ltr'><strong>alterius</strong></span> <span class='ocrx_word' id='word_1_823' title='bbox 3540 4521 3644 4574; x_wconf 91' lang='lat' dir='ltr'><strong>viri</strong></span> 
     </span>
    </p>
   </div>
   <div class='ocr_carea' id='block_1_104' title="bbox 2063 4609 3647 4682">
    <p class='ocr_par' dir='ltr' id='par_1_104' title="bbox 2063 4609 3647 4682">
     <span class='ocr_line' id='line_1_104' title="bbox 2063 4609 3647 4682; baseline 0.003 -20"><span class='ocrx_word' id='word_1_824' title='bbox 2063 4619 2184 4678; x_wconf 89' lang='lat' dir='ltr'><strong>post</strong></span> <span class='ocrx_word' id='word_1_825' title='bbox 2224 4618 2453 4665; x_wconf 91' lang='lat' dir='ltr'><strong>mortem</strong></span> <span class='ocrx_word' id='word_1_826' title='bbox 2517 4609 2759 4682; x_wconf 88' lang='lat' dir='ltr'><strong>coniugis</strong></span> <span class='ocrx_word' id='word_1_827' title='bbox 2798 4612 2959 4682; x_wconf 91' lang='lat' dir='ltr'><strong>primi</strong></span> <span class='ocrx_word' id='word_1_828' title='bbox 3001 4612 3307 4668; x_wconf 73' lang='lat' dir='ltr'><strong>adhzeserit.</strong></span> <span class='ocrx_word' id='word_1_829' title='bbox 3352 4611 3486 4667; x_wconf 87' lang='lat' dir='ltr'><strong>Nam</strong></span> <span class='ocrx_word' id='word_1_830' title='bbox 3524 4627 3647 4682; x_wconf 70' lang='lat' dir='ltr'><strong>qua:</strong></span> 
     </span>
    </p>
   </div>
   <div class='ocr_carea' id='block_1_105' title="bbox 2063 4696 3646 4772">
    <p class='ocr_par' dir='ltr' id='par_1_105' title="bbox 2063 4696 3646 4772">
     <span class='ocr_line' id='line_1_105' title="bbox 2063 4696 3646 4772; baseline 0.002 -21"><span class='ocrx_word' id='word_1_831' title='bbox 2063 4696 2219 4753; x_wconf 90' lang='lat' dir='ltr'><strong>alteri</strong></span> <span class='ocrx_word' id='word_1_832' title='bbox 2258 4706 2379 4768; x_wconf 90' lang='lat' dir='ltr'><strong>post</strong></span> <span class='ocrx_word' id='word_1_833' title='bbox 2414 4707 2642 4754; x_wconf 91' lang='lat' dir='ltr'><strong>mortem</strong></span> <span class='ocrx_word' id='word_1_834' title='bbox 2673 4700 2872 4770; x_wconf 90' lang='lat' dir='ltr'><strong>prioris</strong></span> <span class='ocrx_word' id='word_1_835' title='bbox 2899 4699 3001 4754; x_wconf 88' lang='lat' dir='ltr'><strong>viri</strong></span> <span class='ocrx_word' id='word_1_836' title='bbox 3031 4701 3304 4772; x_wconf 88' lang='lat' dir='ltr'><strong>nupserit,</strong></span> <span class='ocrx_word' id='word_1_837' title='bbox 3334 4701 3506 4756; x_wconf 73' lang='lat' dir='ltr'><strong>viduae</strong></span> <span class='ocrx_word' id='word_1_838' title='bbox 3537 4715 3646 4756; x_wconf 91' lang='lat' dir='ltr'><strong>non</strong></span> 
     </span>
    </p>
   </div>
   <div class='ocr_carea' id='block_1_106' title="bbox 2063 4778 3649 4862">
    <p class='ocr_par' dir='ltr' id='par_1_106' title="bbox 2063 4778 3649 4862">
     <span class='ocr_line' id='line_1_106' title="bbox 2063 4778 3649 4862; baseline 0.003 -20"><span class='ocrx_word' id='word_1_839' title='bbox 2063 4786 2332 4843; x_wconf 90' lang='lat' dir='ltr'><strong>dicuntur.</strong></span> <span class='ocrx_word' id='word_1_840' title='bbox 2360 4788 2492 4844; x_wconf 90' lang='lat' dir='ltr'><strong>ltem</strong></span> <span class='ocrx_word' id='word_1_841' title='bbox 2518 4789 2674 4844; x_wconf 90' lang='lat' dir='ltr'><strong>vidua</strong></span> <span class='ocrx_word' id='word_1_842' title='bbox 2701 4791 2844 4862; x_wconf 88' lang='lat' dir='ltr'><strong>quod</strong></span> <span class='ocrx_word' id='word_1_843' title='bbox 2871 4778 3096 4858; x_wconf 29' lang='lat' dir='ltr'><strong>sola-sit,</strong></span> <span class='ocrx_word' id='word_1_844' title='bbox 3127 4806 3226 4848; x_wconf 90' lang='lat' dir='ltr'><strong>nec</strong></span> <span class='ocrx_word' id='word_1_845' title='bbox 3252 4791 3400 4846; x_wconf 80' lang='lat' dir='ltr'><strong>circa</strong></span> <span class='ocrx_word' id='word_1_846' title='bbox 3426 4807 3649 4847; x_wconf 82' lang='lat' dir='ltr'><strong>consor-</strong></span> 
     </span>
    </p>
   </div>
   <div class='ocr_carea' id='block_1_107' title="bbox 2065 4880 3646 4954">
    <p class='ocr_par' dir='ltr' id='par_1_107' title="bbox 2065 4880 3646 4954">
     <span class='ocr_line' id='line_1_107' title="bbox 2065 4880 3646 4954; baseline 0.001 -18"><span class='ocrx_word' id='word_1_847' title='bbox 2065 4880 2196 4936; x_wconf 84' lang='lat' dir='ltr'><strong>tium</strong></span> <span class='ocrx_word' id='word_1_848' title='bbox 2238 4881 2460 4938; x_wconf 85' lang='lat' dir='ltr'><strong>alterius</strong></span> <span class='ocrx_word' id='word_1_849' title='bbox 2493 4883 2595 4938; x_wconf 89' lang='lat' dir='ltr'><strong>viri</strong></span> <span class='ocrx_word' id='word_1_850' title='bbox 2630 4882 2930 4954; x_wconf 81' lang='lat' dir='ltr'><strong>coniugalia</strong></span> <span class='ocrx_word' id='word_1_851' title='bbox 2953 4884 3076 4954; x_wconf 91' lang='lat' dir='ltr'><strong>iura</strong></span> <span class='ocrx_word' id='word_1_852' title='bbox 3107 4883 3395 4939; x_wconf 86' lang='lat' dir='ltr'><strong>custodiat.</strong></span> <span class='ocrx_word' id='word_1_853' title='bbox 3437 4881 3646 4938; x_wconf 83' lang='lat' dir='ltr'><strong>Fratris</strong></span> 
     </span>
    </p>
   </div>
   <div class='ocr_carea' id='block_1_108' title="bbox 2061 4970 3641 5030">
    <p class='ocr_par' dir='ltr' id='par_1_108' title="bbox 2061 4970 3641 5030">
     <span class='ocr_line' id='line_1_108' title="bbox 2061 4970 3641 5030; baseline 0.003 -6"><span class='ocrx_word' id='word_1_854' title='bbox 2061 4985 2198 5026; x_wconf 76' lang='lat' dir='ltr'><strong>uxor</strong></span> <span class='ocrx_word' id='word_1_855' title='bbox 2225 4970 2470 5028; x_wconf 86' lang='lat' dir='ltr'><strong>fratrissa</strong></span> <span class='ocrx_word' id='word_1_856' title='bbox 2496 4981 2767 5028; x_wconf 90' lang='lat' dir='ltr'><strong>vocatur:</strong></span> <span class='ocrx_word' id='word_1_857' title='bbox 2811 4975 2992 5030; x_wconf 90' lang='lat' dir='ltr'><strong>mariti</strong></span> <span class='ocrx_word' id='word_1_858' title='bbox 3035 4973 3204 5030; x_wconf 89' lang='lat' dir='ltr'><strong>frater</strong></span> <span class='ocrx_word' id='word_1_859' title='bbox 3247 4974 3384 5030; x_wconf 86' lang='lat' dir='ltr'><strong>levir</strong></span> <span class='ocrx_word' id='word_1_860' title='bbox 3425 4974 3641 5030; x_wconf 84' lang='lat' dir='ltr'><strong>dicitur.</strong></span> 
     </span>
    </p>
   </div>
   <div class='ocr_carea' id='block_1_109' title="bbox 2061 5060 3642 5132">
    <p class='ocr_par' dir='ltr' id='par_1_109' title="bbox 2061 5060 3642 5132">
     <span class='ocr_line' id='line_1_109' title="bbox 2061 5060 3642 5132; baseline -0.001 -14"><span class='ocrx_word' id='word_1_861' title='bbox 2061 5060 2300 5118; x_wconf 85' lang='lat' dir='ltr'><strong>Duorum</strong></span> <span class='ocrx_word' id='word_1_862' title='bbox 2328 5062 2470 5118; x_wconf 88' lang='lat' dir='ltr'><strong>inter</strong></span> <span class='ocrx_word' id='word_1_863' title='bbox 2500 5077 2558 5119; x_wconf 90' lang='lat' dir='ltr'><strong>se</strong></span> <span class='ocrx_word' id='word_1_864' title='bbox 2587 5062 2812 5120; x_wconf 85' lang='lat' dir='ltr'><strong>fratrum</strong></span> <span class='ocrx_word' id='word_1_865' title='bbox 2840 5079 3038 5121; x_wconf 81' lang='lat' dir='ltr'><strong>uxores</strong></span> <span class='ocrx_word' id='word_1_866' title='bbox 3055 5063 3336 5132; x_wconf 80' lang='lat' dir='ltr'><strong>janitrices</strong></span> <span class='ocrx_word' id='word_1_867' title='bbox 3360 5074 3642 5130; x_wconf 89' lang='lat' dir='ltr'><strong>vocantur,</strong></span> 
     </span>
    </p>
   </div>
   <div class='ocr_carea' id='block_1_110' title="bbox 2061 5153 3645 5226">
    <p class='ocr_par' dir='ltr' id='par_1_110' title="bbox 2061 5153 3645 5226">
     <span class='ocr_line' id='line_1_110' title="bbox 2061 5153 3645 5226; baseline -0.001 -19"><span class='ocrx_word' id='word_1_868' title='bbox 2061 5153 2215 5224; x_wconf 80' lang='lat' dir='ltr'><strong>quasi</strong></span> <span class='ocrx_word' id='word_1_869' title='bbox 2238 5153 2480 5209; x_wconf 89' lang='lat' dir='ltr'><strong>eamdem</strong></span> <span class='ocrx_word' id='word_1_870' title='bbox 2512 5153 2737 5222; x_wconf 86' lang='lat' dir='ltr'><strong>ianuam</strong></span> <span class='ocrx_word' id='word_1_871' title='bbox 2767 5162 3022 5219; x_wconf 89' lang='lat' dir='ltr'><strong>terentes,</strong></span> <span class='ocrx_word' id='word_1_872' title='bbox 3045 5155 3127 5210; x_wconf 92' lang='lat' dir='ltr'><strong>vel</strong></span> <span class='ocrx_word' id='word_1_873' title='bbox 3157 5170 3256 5226; x_wconf 91' lang='lat' dir='ltr'><strong>per</strong></span> <span class='ocrx_word' id='word_1_874' title='bbox 3281 5154 3525 5210; x_wconf 89' lang='lat' dir='ltr'><strong>eamdem</strong></span> <span class='ocrx_word' id='word_1_875' title='bbox 3560 5153 3645 5223; x_wconf 85' lang='lat' dir='ltr'><strong>ia-</strong></span> 
     </span>
    </p>
   </div>
   <div class='ocr_carea' id='block_1_111' title="bbox 2060 5244 3644 5318">
    <p class='ocr_par' dir='ltr' id='par_1_111' title="bbox 2060 5244 3644 5318">
     <span class='ocr_line' id='line_1_111' title="bbox 2060 5244 3644 5318; baseline 0.001 -20"><span class='ocrx_word' id='word_1_876' title='bbox 2060 5259 2222 5299; x_wconf 87' lang='lat' dir='ltr'><strong>nuam</strong></span> <span class='ocrx_word' id='word_1_877' title='bbox 2249 5244 2354 5299; x_wconf 90' lang='lat' dir='ltr'><strong>iter</strong></span> <span class='ocrx_word' id='word_1_878' title='bbox 2373 5244 2650 5300; x_wconf 90' lang='lat' dir='ltr'><strong>habentes.</strong></span> <span class='ocrx_word' id='word_1_879' title='bbox 2666 5245 2780 5300; x_wconf 81' lang='lat' dir='ltr'><strong>Viri</strong></span> <span class='ocrx_word' id='word_1_880' title='bbox 2807 5260 2963 5300; x_wconf 87' lang='lat' dir='ltr'><strong>soror</strong></span> <span class='ocrx_word' id='word_1_881' title='bbox 2986 5245 3101 5318; x_wconf 88' lang='lat' dir='ltr'><strong>glos</strong></span> <span class='ocrx_word' id='word_1_882' title='bbox 3131 5245 3450 5317; x_wconf 90' lang='lat' dir='ltr'><strong>appellatur.</strong></span> <span class='ocrx_word' id='word_1_883' title='bbox 3474 5245 3644 5302; x_wconf 87' lang='lat' dir='ltr'><strong>Soro-</strong></span> 
     </span>
    </p>
   </div>
   <div class='ocr_carea' id='block_1_112' title="bbox 2063 5333 3642 5404">
    <p class='ocr_par' dir='ltr' id='par_1_112' title="bbox 2063 5333 3642 5404">
     <span class='ocr_line' id='line_1_112' title="bbox 2063 5333 3642 5404; baseline 0 -16"><span class='ocrx_word' id='word_1_884' title='bbox 2063 5334 2140 5389; x_wconf 91' lang='lat' dir='ltr'><strong>ris</strong></span> <span class='ocrx_word' id='word_1_885' title='bbox 2165 5335 2250 5389; x_wconf 77' lang='lat' dir='ltr'><strong>vir</strong></span> <span class='ocrx_word' id='word_1_886' title='bbox 2273 5334 2506 5404; x_wconf 88' lang='lat' dir='ltr'><strong>speciale</strong></span> <span class='ocrx_word' id='word_1_887' title='bbox 2537 5350 2732 5391; x_wconf 88' lang='lat' dir='ltr'><strong>nomen</strong></span> <span class='ocrx_word' id='word_1_888' title='bbox 2763 5351 2870 5390; x_wconf 90' lang='lat' dir='ltr'><strong>non</strong></span> <span class='ocrx_word' id='word_1_889' title='bbox 2899 5337 3080 5401; x_wconf 89' lang='lat' dir='ltr'><strong>habet,</strong></span> <span class='ocrx_word' id='word_1_890' title='bbox 3114 5351 3216 5391; x_wconf 91' lang='lat' dir='ltr'><strong>nec</strong></span> <span class='ocrx_word' id='word_1_891' title='bbox 3238 5335 3426 5392; x_wconf 83' lang='lat' dir='ltr'><strong>uxoris</strong></span> <span class='ocrx_word' id='word_1_892' title='bbox 3454 5333 3642 5390; x_wconf 88' lang='lat' dir='ltr'><strong>frater.</strong></span> 
     </span>
    </p>
   </div>
   <div class='ocr_carea' id='block_1_113' title="bbox 2064 5423 3646 5500">
    <p class='ocr_par' dir='ltr' id='par_1_113' title="bbox 2064 5423 3646 5500">
     <span class='ocr_line' id='line_1_113' title="bbox 2064 5423 3646 5500; baseline 0.001 -22"><span class='ocrx_word' id='word_1_893' title='bbox 2064 5423 2461 5480; x_wconf 83' lang='lat' dir='ltr'><strong>Matrimonium</strong></span> <span class='ocrx_word' id='word_1_894' title='bbox 2486 5434 2569 5480; x_wconf 92' lang='lat' dir='ltr'><strong>est</strong></span> <span class='ocrx_word' id='word_1_895' title='bbox 2595 5425 2856 5480; x_wconf 91' lang='lat' dir='ltr'><strong>nubilium</strong></span> <span class='ocrx_word' id='word_1_896' title='bbox 2891 5425 3042 5500; x_wconf 87' lang='lat' dir='ltr'><strong>iusta</strong></span> <span class='ocrx_word' id='word_1_897' title='bbox 3067 5428 3355 5482; x_wconf 88' lang='lat' dir='ltr'><strong>conventio</strong></span> <span class='ocrx_word' id='word_1_898' title='bbox 3379 5435 3435 5482; x_wconf 91' lang='lat' dir='ltr'><strong>et</strong></span> <span class='ocrx_word' id='word_1_899' title='bbox 3456 5426 3646 5483; x_wconf 80' lang='lat' dir='ltr'><strong>condi-</strong></span> 
     </span>
    </p>
   </div>
   <div class='ocr_carea' id='block_1_114' title="bbox 2066 5512 3646 5586">
    <p class='ocr_par' dir='ltr' id='par_1_114' title="bbox 2066 5512 3646 5586">
     <span class='ocr_line' id='line_1_114' title="bbox 2066 5512 3646 5586; baseline 0.004 -20"><span class='ocrx_word' id='word_1_900' title='bbox 2066 5513 2160 5568; x_wconf 93' lang='lat' dir='ltr'><strong>tio.</strong></span> <span class='ocrx_word' id='word_1_901' title='bbox 2192 5512 2510 5586; x_wconf 85' lang='lat' dir='ltr'><strong>Cnniugium</strong></span> <span class='ocrx_word' id='word_1_902' title='bbox 2538 5525 2621 5570; x_wconf 90' lang='lat' dir='ltr'><strong>est</strong></span> <span class='ocrx_word' id='word_1_903' title='bbox 2646 5514 3005 5586; x_wconf 90' lang='lat' dir='ltr'><strong>legitimarum</strong></span> <span class='ocrx_word' id='word_1_904' title='bbox 3035 5531 3390 5586; x_wconf 87' lang='lat' dir='ltr'><strong>personarum</strong></span> <span class='ocrx_word' id='word_1_905' title='bbox 3423 5517 3562 5572; x_wconf 89' lang='lat' dir='ltr'><strong>inter</strong></span> <span class='ocrx_word' id='word_1_906' title='bbox 3584 5531 3646 5572; x_wconf 77' lang='lat' dir='ltr'><strong>se</strong></span> 
     </span>
    </p>
   </div>
   <div class='ocr_carea' id='block_1_115' title="bbox 2064 5605 3648 5678">
    <p class='ocr_par' dir='ltr' id='par_1_115' title="bbox 2064 5605 3648 5678">
     <span class='ocr_line' id='line_1_115' title="bbox 2064 5605 3648 5678; baseline 0.001 -17"><span class='ocrx_word' id='word_1_907' title='bbox 2064 5605 2288 5661; x_wconf 89' lang='lat' dir='ltr'><strong>coeundi</strong></span> <span class='ocrx_word' id='word_1_908' title='bbox 2315 5616 2369 5660; x_wconf 91' lang='lat' dir='ltr'><strong>et</strong></span> <span class='ocrx_word' id='word_1_909' title='bbox 2399 5605 2680 5678; x_wconf 88' lang='lat' dir='ltr'><strong>copulandi</strong></span> <span class='ocrx_word' id='word_1_910' title='bbox 2721 5607 2937 5678; x_wconf 67' lang='lat' dir='ltr'><strong>nuptiae.</strong></span> <span class='ocrx_word' id='word_1_911' title='bbox 2973 5607 3170 5664; x_wconf 88' lang='lat' dir='ltr'><strong>Tribus</strong></span> <span class='ocrx_word' id='word_1_912' title='bbox 3201 5617 3381 5665; x_wconf 87' lang='lat' dir='ltr'><strong>autem</strong></span> <span class='ocrx_word' id='word_1_913' title='bbox 3421 5609 3493 5664; x_wconf 91' lang='lat' dir='ltr'><strong>ob</strong></span> <span class='ocrx_word' id='word_1_914' title='bbox 3516 5623 3648 5663; x_wconf 84' lang='lat' dir='ltr'><strong>cau-</strong></span> 
     </span>
    </p>
   </div>
   <div class='ocr_carea' id='block_1_116' title="bbox 2065 5695 3644 5771">
    <p class='ocr_par' dir='ltr' id='par_1_116' title="bbox 2065 5695 3644 5771">
     <span class='ocr_line' id='line_1_116' title="bbox 2065 5695 3644 5771; baseline 0.003 -23"><span class='ocrx_word' id='word_1_915' title='bbox 2065 5695 2139 5749; x_wconf 80' lang='lat' dir='ltr'><strong>sis</strong></span> <span class='ocrx_word' id='word_1_916' title='bbox 2164 5695 2375 5751; x_wconf 91' lang='lat' dir='ltr'><strong>ducitur</strong></span> <span class='ocrx_word' id='word_1_917' title='bbox 2397 5712 2548 5751; x_wconf 71' lang='lat' dir='ltr'><strong>uxor.</strong></span> <span class='ocrx_word' id='word_1_918' title='bbox 2578 5695 2758 5750; x_wconf 89' lang='lat' dir='ltr'><strong>Prima</strong></span> <span class='ocrx_word' id='word_1_919' title='bbox 2781 5705 2858 5752; x_wconf 86' lang='lat' dir='ltr'><strong>est</strong></span> <span class='ocrx_word' id='word_1_920' title='bbox 2883 5712 3044 5755; x_wconf 86' lang='lat' dir='ltr'><strong>causa</strong></span> <span class='ocrx_word' id='word_1_921' title='bbox 3069 5698 3256 5770; x_wconf 82' lang='lat' dir='ltr'><strong>prolis,</strong></span> <span class='ocrx_word' id='word_1_922' title='bbox 3285 5698 3352 5754; x_wconf 90' lang='lat' dir='ltr'><strong>de</strong></span> <span class='ocrx_word' id='word_1_923' title='bbox 3374 5714 3478 5771; x_wconf 86' lang='lat' dir='ltr'><strong>qua</strong></span> <span class='ocrx_word' id='word_1_924' title='bbox 3513 5696 3644 5770; x_wconf 77' lang='lat' dir='ltr'><strong>legi-</strong></span> 
     </span>
    </p>
   </div>
  </div>
