4072 6198
454 329 559 391 193

1415 324 1504 381 DE
1545 316 1896 380 UNWERSO
1937 322 2115 378 LIBRI
2160 321 2319 376 XXII.
2359 353 2426 362 —
2464 322 2592 377 LIB.
2634 314 2744 377 Vll.

3626 313 3731 384 193

452 458 543 502 tur
584 444 640 501 in
668 440 866 500 Genesi
896 455 911 496 :
954 434 1023 496 Et
1063 436 1321 496 benedixit
1349 456 1437 494 eos
1465 440 1640 495 dicens
1671 456 1689 494 :
1726 437 1952 494 Crescite
1992 448 2040 493 et
2068 445 2117 504 Α
2144 439 2269 493 tiam
2299 435 2353 508 (l
2383 435 2506 491 Cor.
2542 436 2603 504 ι).
2649 436 2718 490 Ει
2748 435 3007 507 prepheta
3038 453 3050 489 :
3078 429 3494 507 Cenerationem,
3525 440 3729 513 inquit,

449 534 874 607 multiplicamini
903 529 1056 604 (Cen.
1089 531 1147 604 ι).
1194 529 1441 586 Secunda
1482 545 1644 585 causa
1670 528 1944 600 adjutorii,
1974 528 2041 584 de

447 641 560 699 qua
587 624 661 681 ibi
687 626 742 679 in
771 623 967 678 Genesi
1000 622 1196 677 dicitur
1221 639 1234 674 :
1270 620 1392 675 Non
1423 631 1497 676 est
1522 621 1713 675 bonum
1742 637 1850 675 esse
1875 620 2042 673 homi-

447 738 569 779 nem
605 719 776 775 solum
805 734 822 772 :
852 718 1109 788 faciamus
1137 717 1184 770 ei
1207 713 1529 785 adjutorium
1558 713 1728 769 simile
1756 712 1853 768 sibi
1885 710 2036 786 (Cen.

446 815 533 887 ιι).
567 800 752 867 Tertia
790 824 952 863 causa
990 807 1409 862 incontinentitc.
1452 805 1605 861 Unde
1653 804 1783 860 dicit
1810 804 2041 874 Aposto-

446 902 554 965 lus,
602 907 664 953 ut
708 898 799 968 qui
837 912 897 952 se
942 912 1046 950 non
1075 896 1334 961 continet,
1383 895 1549 949 nubat
1593 892 1645 965 (l
1672 894 1793 948 Cor.
1831 893 1947 963 vn).
1981 892 2037 947 in

446 991 699 1063 eligendo
743 987 936 1042 marito
965 996 1195 1057 quatuor
1236 986 1537 1056 exspectari
1586 985 1802 1040 solent:
1842 985 2037 1049 virtus,

447 1097 640 1153 genus,
677 1079 1043 1151 pulchritudo,
1081 1077 1364 1148 sapientia.
1397 1076 1475 1129 Ex
1513 1076 1598 1130 his
1647 1075 1910 1146 sapientia
1943 1090 2038 1144 po-

450 1173 649 1227 lentior
677 1180 778 1225 est.
819 1168 901 1222 Ad
931 1168 1131 1222 amoris
1159 1165 1409 1221 effectum
1456 1164 1622 1220 refert
1663 1166 1779 1220 htec
1809 1168 2041 1234 quatuor

448 1261 706 1333 Virgilius
749 1259 815 1313 de
860 1257 1055 1322 Enea,
1098 1257 1239 1328 quod
1285 1257 1369 1312 his
1420 1256 1555 1312 Dido
1585 1256 1814 1326 impulsa
1854 1264 1936 1310 est
1981 1255 2035 1309 in

446 1368 688 1408 amorem
715 1348 831 1419 ejus
863 1368 875 1403 :
906 1348 1302 1418 pulchritudine
1331 1366 1344 1402 :

574 1463 731 1523 Quem
773 1474 887 1510 sese
918 1473 1007 1510 ore
1033 1459 1198 1509 ferens
1222 1458 1234 1507 !
1265 1496 1279 1509 .
1308 1492 1324 1508 .
1353 1494 1366 1509 .

354 1598 357 1601 λ
446 1549 653 1602 virtute
686 1564 700 1599 :

579 1673 594 1685 .
635 1671 651 1687 .
697 1671 711 1686 .
751 1636 904 1695 Quam
929 1633 1043 1683 torti
1069 1638 1269 1694 pectore
1288 1637 1341 1682 et
1363 1630 1546 1680 armis!

442 1720 691 1775 oratione
720 1736 733 1772 :

881 1842 894 1853 .
942 1841 956 1852 .
1008 1839 1022 1852 .
1072 1836 1085 1850 .
1125 1838 1138 1851 .
1176 1801 1286 1865 Heu
1328 1803 1507 1865 quibus
1544 1801 1630 1850 ille

574 1869 796 1919 Iactatus
809 1864 945 1916 fatis!
968 1866 1091 1923 Qua:
1116 1864 1246 1914 bella
1271 1861 1508 1914 exhausta
1532 1861 1770 1913 canebat!

480 1968 648 2009 enere
674 1968 687 2003 Ξ

480 1968 648 2009 enere
674 1968 687 2003 :

444 1966 481 2022 ε
572 2060 735 2111 Credo
754 2056 983 2120 equidem
1007 2054 1024 2116 (
1032 2066 1125 2105 nec
1147 2065 1265 2105 vana
1290 2052 1432 2114 (ideo)
1452 2064 1611 2116 genus
1628 2063 1742 2102 esse
1760 2051 1980 2102 deorum.

442 2165 577 2223 Item
608 2164 665 2219 in
691 2162 938 2233 eligenda
968 2174 1136 2215 uxore
1159 2167 1391 2230 quatuor
1422 2172 1510 2212 res
1535 2156 1817 2228 impellunt
1860 2155 2037 2210 homi‘

444 2270 572 2311 nem
600 2255 670 2309 ad
696 2268 935 2309 amorem
963 2271 975 2307 :
1003 2253 1366 2324 pulchritudo,
1418 2265 1607 2322 genus,
1651 2249 1875 2313 divitiae,
1916 2262 2033 2302 mo-

446 2361 555 2402 res.
604 2345 793 2400 Melius
820 2355 997 2399 tamen
1023 2345 1070 2398 si
1101 2344 1153 2398 in
1190 2358 1252 2397 ea
1303 2357 1482 2397 mores
1528 2339 1700 2408 magis
1732 2353 1895 2408 quam
1925 2336 2039 2408 pul-

443 2438 701 2495 chritudo
746 2444 1040 2507 quaaratur.
1091 2434 1244 2489 Nunc
1298 2442 1477 2488 autem
1533 2431 1636 2486 ilhc
1683 2438 2033 2501 quieruntur,

446 2543 589 2600 quas
630 2536 727 2581 aut
754 2527 954 2581 divitia:
992 2535 1084 2579 ant
1130 2528 1314 2579 forma:
1345 2539 1449 2578 non
1478 2539 1614 2593 quas
1649 2521 1891 2591 probitas
1923 2537 2037 2576 mo-

451 2634 573 2672 rum
597 2617 961 2672 commendat.
1008 2615 1131 2669 ideo
1168 2622 1345 2667 autem
1366 2612 1596 2667 femina!
1620 2613 1719 2666 sub
1744 2611 1844 2665 viri
1887 2621 2038 2680 pote-

447 2718 593 2765 state
625 2708 965 2772 consistunt,
994 2707 1120 2777 quia
1165 2706 1379 2760 levitate
1408 2704 1571 2758 animi
1610 2705 1925 2774 plerumque
1947 2702 2038 2757 de-

444 2801 741 2870 cipiuntur.
778 2798 928 2854 Unde
968 2807 1023 2853 et
1047 2814 1257 2866 aequum
1303 2807 1422 2852 erat
1455 2812 1549 2851 eas
1577 2797 1678 2851 viri
1718 2796 2038 2849 auctoritate

449 2892 700 2964 reprimi.
733 2892 966 2947 Proinde
992 2902 1046 2946 et
1077 2900 1285 2945 veteres
1320 2890 1603 2944 voluerunt
1628 2886 1856 2942 feminas
1888 2887 2040 2941 innu-

445 2992 596 3056 ptas,
619 2983 866 3053 quamvis
886 2980 1136 3052 perfectae
1165 2981 1340 3036 (etatis
1368 2988 1570 3044 essent,
1597 2985 1820 3050 prepter
1866 2978 2037 3046 ipsam

450 3078 621 3134 animi
659 3077 930 3132 levitatem
963 3076 1016 3131 in
1051 3076 1213 3130 tutela
1246 3074 1561 3129 consistere.
1591 3071 1813 3142 Mystice
1851 3078 2036 3123 autem

2145 527 2259 597 ejus
2287 526 2403 597 quis
2430 526 2737 581 enarrabit?
2764 524 2901 595 (lsa.
2933 524 3073 597 Llll.)
3113 525 3180 579 Et
3203 526 3257 580 in
3284 526 3493 596 psalmo
3518 529 3584 586 de
3612 531 3734 603 ipso

2142 616 2377 688 legitur:
2406 613 2680 687 Speciosus
2728 615 2900 684 [arma
2937 632 3047 686 pro?
3080 615 3208 684 [iliis
3246 617 3516 675 hominum
3547 619 3724 693 (Psal.

2143 706 2310 777 xm).
2340 705 2399 759 ln
2427 721 2593 761 uxore
2607 714 2784 759 autem
2806 704 2923 774 ejus
2951 706 3201 761 similiter
3229 706 3317 761 illa
3340 718 3592 779 quatuor,
3608 727 3731 781 quas

2142 804 2268 851 ante
2308 796 2731 862 numeravimus,
2790 796 3157 862 inveniuntur,
3204 799 3307 855 hoc
3342 807 3446 866 est,
3494 801 3731 872 pulchri-

2145 887 2289 951 tudo,
2323 902 2512 958 gcnns,
2559 887 2777 951 divitiae,
2810 902 3009 942 mores.
3056 886 3188 942 Nam
3235 890 3288 942 in
3338 888 3562 946 Cantica
3598 908 3727 948 can-

2144 978 2371 1032 ticorum
2414 978 2478 1031 de
2519 977 2635 1047 ejus
2679 976 3075 1047 pulchritudine
3105 980 3180 1032 ita
3221 979 3451 1033 dicitur
3486 978 3721 1037 Pulchra

2140 1085 2212 1133 es,
2256 1069 2425 1121 antica
2473 1085 2623 1133 mea,
2675 1069 2850 1122 suavis
2898 1079 2945 1122 et
2988 1068 3199 1135 decora,
3244 1070 3380 1124 sicut
3429 1070 3726 1128 Jerusalem
3782 1088 3798 1114 ῖ

2141 1155 2317 1229 (Cant.
2355 1173 2394 1222 ι,
2424 1157 2518 1227 1v).
2549 1154 2625 1210 De
2662 1170 2861 1227 genere
2884 1171 3098 1226 quoque
3138 1157 3256 1228 ejus
3280 1158 3490 1213 dicitB.
3530 1160 3726 1216 Petrus

2140 1248 2447 1319 apostolus:
2484 1247 2584 1302 Vos
2613 1264 2773 1319 genus
2809 1250 3005 1319 regium
3046 1257 3092 1302 et
3133 1250 3457 1305 sacerdotale
3491 1251 3543 1319 (1
3573 1250 3720 1307 Petr.

2136 1342 2221 1414 ll).
2254 1342 2330 1397 De
2367 1342 2568 1395 divitiis
2610 1341 2750 1395 illius
2794 1344 3053 1411 scriptum
3094 1351 3177 1396 est
3201 1360 3213 1395 :
3240 1340 3309 1395 In
3338 1343 3579 1413 operibus
3610 1360 3724 1397 ma-

2142 1452 2300 1490 nuum
2320 1434 2459 1488 illius
2489 1434 2682 1488 divitia:
2706 1432 2900 1487 multtc.
2937 1433 3281 1488 llonestatem
3307 1442 3487 1488 autem
3512 1449 3724 1490 morum

2140 1525 2280 1581 illius
2301 1541 2435 1597 pene
2456 1526 2634 1580 omnis
2654 1524 2932 1596 Scriptura
2953 1539 3110 1579 sacra
3133 1526 3406 1596 praedicat.
3429 1526 3581 1582 Unde
3611 1542 3722 1582 non

2138 1627 2223 1672 est
2280 1632 2501 1673 necesse
2550 1616 2768 1685 aliquod
2824 1616 3128 1686 exemplum
3183 1617 3306 1672 inde
3354 1632 3573 1687 ponere.
3622 1618 3723 1674 Hie

2138 1724 2267 1783 ergo
2292 1712 2377 1765 vir
2399 1711 2550 1782 virgo
2579 1723 2663 1766 est
2681 1710 2734 1765 in
2765 1724 2948 1775 carne,
2974 1717 3029 1767 et
3057 1725 3407 1783 monogamns
3428 1712 3481 1766 in
3504 1712 3718 1783 spiritu,

2063 1802 2112 1862 B
2139 1806 2263 1874 quia
2293 1805 2453 1859 aliam
2503 1819 2754 1875 sponsam
2812 1804 2986 1859 nescit
3021 1813 3219 1874 praeter
3266 1815 3512 1861 sanctam
3537 1805 3724 1863 Eccle-

2139 1896 2275 1951 siam
2315 1895 2656 1951 catholicam.
2695 1893 2793 1950 Cui
2841 1894 2954 1965 ipsa
3004 1909 3201 1965 sponsa
3233 1895 3365 1951 dicit
3412 1896 3466 1950 in
3496 1895 3725 1953 Cantico

2138 1988 2502 2045 Canticorum.
2532 1986 2764 2041 Dilectus
2785 2003 2929 2041 meus
2958 1986 3105 2053 mihi,
3130 1996 3178 2040 et
3205 2003 3298 2056 ego
3326 1986 3405 2041 illi
3425 1984 3603 2059 (Cant.
3635 1988 3720 2061 ll).

2138 2078 2239 2146 Qui
2280 2078 2435 2132 uxori
2477 2091 2589 2131 suae
2625 2072 2808 2131 dotem
2857 2074 3025 2143 dedit,
3055 2076 3271 2146 quando
3316 2077 3550 2146 pretium
3594 2093 3723 2132 san-

2138 2168 2316 2240 guinis
2342 2168 2426 2223 sui
2456 2181 2554 2236 pro
2582 2181 2646 2221 ea
2671 2165 2826 2221 fudit.
2860 2165 3088 2220 Arrham
3122 2165 3327 2231 tribuit,
3355 2167 3570 2236 quando
3595 2184 3721 2239 gra-

2138 2261 2269 2315 tiam
2310 2258 2547 2329 Spiritus
2575 2257 2750 2312 sancti
2792 2257 2865 2311 illi
2897 2257 3030 2310 dans
3060 2265 3315 2310 (eternam
3344 2256 3397 2311 in
3424 2258 3578 2313 caelis
3614 2258 3725 2314 lue-

2136 2352 2421 2408 reditatem
2454 2349 2719 2419 promisit.
2769 2347 2922 2404 Unde
2958 2346 3247 2417 Apostolus
3284 2347 3349 2401 de
3379 2348 3571 2402 eodem
3617 2352 3723 2420 spi—

2137 2443 2243 2496 ritu
2269 2441 2345 2495 ait
2370 2459 2382 2495 :
2412 2439 2531 2511 Ipse
2565 2449 2639 2494 est
2668 2439 2856 2510 pignus
2886 2438 3206 2493 hwreditatis
3245 2449 3439 2493 nostra:
3470 2438 3632 2510 (Eph.
3654 2440 3716 2511 ι).

2517 2538 2525 2551 ’
2746 2557 2974 2613 CAPUT
3013 2557 3100 2612 v1.

2778 2627 2855 2682 De
2892 2639 3076 2682 morte.

2208 2722 2352 2778 Mors
2387 2723 2549 2787 dicta,
2577 2722 2717 2791 quod
2758 2722 2829 2775 sit
2868 2737 3074 2785 amara,
3102 2721 3186 2776 vel
3228 2736 3257 2775 a
3288 2728 3485 2785 marte,
3514 2719 3604 2790 qui
3639 2726 3723 2774 est

2138 2814 2357 2869 ell‘cctor
2383 2815 2660 2878 mortium,
2696 2813 2809 2866 sive
2832 2829 2861 2866 a
2894 2828 3075 2866 morsu
3107 2812 3342 2867 hominis
3370 2811 3547 2879 primi,
3576 2809 3719 2879 quod

2138 2905 2315 2958 vetita:
2363 2903 2576 2957 arboris
2625 2918 2842 2971 pomum
2895 2903 3148 2955 mordens
3207 2911 3434 2955 mortem
3490 2899 3720 2953 incurrit

2140 2994 2291 3068 (Cen.
2324 2998 2427 3067 ιιι).
2464 2993 2583 3050 'l‘ria
2630 3004 2754 3048 sunt
2790 3002 2966 3068 autem
2992 3008 3186 3062 genera
3233 2992 3457 3057 mortis;
3504 2992 3720 3054 acerba,

2141 3088 2453 3151 immatura,
2505 3085 2785 3140 naturalis.
2828 3065 3038 3139 Acerba
3082 3083 3391 3137 infantum:
3430 3084 3719 3137 immatura

451 3174 556 3227 vin
584 3172 804 3227 nomine
843 3180 935 3225 aut
964 3170 1207 3226 Christus
1246 3169 1585 3240 intelligitur,
1625 3167 1717 3237 qui
1746 3175 1830 3221 est
1870 3179 2034 3234 spon-

2144 3174 2388 3243 iuvenum
2413 3190 2426 3228 :
2454 3175 2665 3239 merita,
2693 3174 2747 3229 id
2784 3182 2888 3239 est,
2932 3173 3195 3227 naturalis
3232 3187 3440 3227 senum.
3476 3171 3593 3225 Vivi
3627 3171 3725 3225 ali-

450 3277 548 3318 sus
569 3260 847 3323 Ecclesia,
873 3270 966 3314 aut
990 3260 1209 3330 spiritus
1238 3261 1492 3324 hominis,
1520 3258 1573 3312 id
1594 3267 1679 3312 est
1702 3272 1852 3311 mens
1877 3263 1932 3310 et
1956 3270 2039 3309 ra-

451 3349 551 3415 tio,
575 3364 697 3419 qna:
725 3349 961 3403 animam
993 3348 1151 3419 regit,
1181 3357 1235 3402 et
1266 3348 1317 3401 in
1344 3361 1405 3401 ea
1435 3347 1759 3402 dominatur.
1794 3344 1929 3399 Nam
1958 3343 2040 3397 vir

453 3450 510 3496 et
538 3456 677 3495 uxor
717 3441 833 3511 ejus
863 3437 1115 3495 Christus
1145 3448 1198 3493 et
1229 3438 1491 3493 Ecclesia.
1528 3436 1679 3493 Unde
1716 3434 1846 3491 dicit
1890 3433 2037 3504 Apo-

454 3532 665 3588 stolus:
704 3531 840 3597 Viri,
871 3530 1070 3601 diligite
1105 3546 1294 3585 uxores
1321 3540 1537 3593 vestras,
1566 3530 1699 3582 sicut
1725 3538 1771 3582 et
1801 3525 2039 3581 Christus

455 3623 640 3677 dilexit
688 3621 980 3675 Ecclesium
1010 3619 1169 3693 (Eph.
1202 3621 1280 3694 v).
1326 3618 1584 3674 Similiter
1620 3628 1676 3674 et
1720 3633 1949 3689 sponsus
1988 3629 2042 3673 et

456 3728 655 3785 sponsa
696 3713 943 3767 eamdem
990 3727 1105 3767 rem
1145 3710 1484 3782 significant:
1514 3711 1769 3782 quoniam
1814 3723 2043 3780 sponsus

458 3806 710 3861 Christus
750 3805 874 3859 inde
899 3811 985 3859 est
1007 3804 1200 3869 dictus,
1233 3811 1294 3857 ut
1321 3818 1482 3873 supra
1523 3790 1880 3868 ostendimus,
1916 3801 2041 3871 quia

459 3910 490 3948 a
522 3892 689 3949 Patre
721 3890 790 3947 ab
812 3892 970 3948 initio
998 3890 1100 3945 fuit
1123 3890 1439 3962 promissus.
1474 3891 1627 3947 Unde
1656 3899 1712 3945 et
1747 3891 1801 3944 in
1836 3890 2043 3961 psalmo

458 3986 696 4057 legitur:
723 3985 790 4040 In
816 3984 925 4040 sole
952 3984 1346 4039 tabernaculum
1373 4000 1547 4050 suum,
1574 3995 1623 4039 et
1657 3985 1765 4055 ipse
1794 3994 2044 4055 tanquam

459 4093 684 4148 sponsus
734 4078 1019 4147 procedens
1074 4074 1140 4130 de
1195 4074 1426 4129 thalamo
1476 4090 1571 4129 suo
1634 4070 1806 4145 (Psal.
1863 4073 2041 4145 mu).

463 4167 675 4240 Sponsa
705 4181 838 4224 vero
879 4166 996 4237 ejus
1028 4174 1113 4224 est
1158 4167 1420 4233 Ecclesia,
1468 4182 1587 4238 quae
1621 4167 1808 4236 utique
1851 4165 2047 4221 divinis

462 4259 849 4332 sponsionibus
871 4258 975 4313 fuit
999 4258 1284 4329 promissa.
1306 4258 1457 4314 Unde
1478 4259 1533 4313 in
1558 4256 1780 4313 Cantico
1803 4254 2045 4312 Cantico-

460 4365 584 4405 rum
625 4349 861 4406 dicitur:
905 4346 1028 4404 Veni
1076 4348 1141 4402 de
1181 4348 1401 4415 Libano,
1431 4364 1620 4419 sponsa
1655 4364 1790 4415 mea,
1840 4348 1951 4402 veni
1984 4348 2047 4400 de

460 4440 667 4496 Libano
700 4481 718 4508 ,
752 4440 866 4497 veni
892 4439 1071 4515 (Cant.
1094 4438 1190 4512 tv).
1213 4439 1452 4495 Libanus
1472 4439 1689 4506 candor,
1720 4439 2044 4509 interpreta-

464 4539 575 4597 tnr,
617 4505 810 4596 idest,
849 4505 1028 4585 anima
1069 4505 1227 4586 bonis
1277 4529 1485 4584 actibus
1524 4516 1837 4584 candidata.
1860 4505 2046 4597 Quam
2078 4505 2126 4564 θ

462 4622 633 4680 tertio
666 4637 899 4693 sponsus
922 4622 1197 4688 hortatur,
1227 4627 1286 4675 ut
1331 4620 1543 4687 veniat;
1577 4619 1753 4690 primo
1779 4619 2047 4673 viventem

465 4714 522 4770 in
542 4728 710 4769 carne
735 4726 834 4783 per
855 4713 997 4769 bona
1022 4726 1220 4784 opera;
1253 4711 1488 4766 secundo
1517 4708 1759 4764 absoluta
1786 4722 1949 4763 carne
1982 4706 2068 4762 ad'

465 4803 871 4876 percipiendam
898 4803 1068 4858 vitam
1096 4803 1347 4867 beatam;
1380 4800 1544 4857 tertio
1576 4807 1793 4869 recepto
1827 4812 2052 4868 corpore

470 4899 539 4954 ad
566 4897 953 4969 perimendum
991 4907 1114 4968 post
1150 4896 1606 4952 resurrectionem
1647 4894 1840 4964 gaudio
1880 4890 2056 4963 perfe-

470 5000 579 5047 cto.
602 4989 740 5046 item
784 4989 837 5045 in
868 4988 1202 5045 contrariam
1246 4994 1456 5059 partem
1484 4985 1570 5040 vir
1589 4985 1804 5055 ponitur
1830 5003 1845 5039 :
1878 4988 1938 5039 ut
1970 4992 2054 5039 est

472 5081 601 5136 illud
643 5080 700 5136 in
727 5078 961 5136 Genesi:
987 5074 1223 5133 Pulchra
1250 5077 1387 5148 facie
1421 5075 1570 5132 valde
1597 5076 1763 5147 virgo,
1786 5090 1943 5146 quam
1976 5073 2055 5128 vir

475 5186 578 5225 non
606 5177 919 5240 cognoverat
950 5164 1104 5238 (Gen:
1130 5165 1306 5237 χειν),
1338 5166 1392 5222 id
1417 5172 1501 5222 est
1523 5164 1790 5231 diabolus,
1818 5164 1911 5234 qui
1945 5164 2056 5233 ple—

475 5274 703 5330 rumque
744 5267 980 5314 mentem
1011 5258 1339 5330 cogitatione
1372 5257 1689 5326 corrumpit.
1735 5255 2054 5327 Conjugium

471 5366 605 5409 vero
628 5351 896 5423 spiritale,
927 5352 1030 5406 hoc
1071 5359 1172 5415 est,
1209 5347 1517 5419 conjunctio
1545 5347 1747 5403 Christi
1794 5356 1847 5402 et
1874 5347 2058 5403 Eccle-

475 5443 570 5501 sia:
594 5445 765 5499 multa
784 5444 923 5499 bona
950 5444 1003 5497 in
1031 5457 1089 5498 se
1115 5442 1299 5508 habet,
1325 5442 1450 5511 quia
1474 5440 1626 5506 illud,
1655 5440 1797 5511 quod
1828 5439 2060 5494 diximus

478 5536 532 5589 in
562 5535 679 5590 viro
707 5534 975 5605 eligendo,
1017 5532 1250 5588 maxime
1279 5533 1425 5603 viget
1461 5533 1517 5587 in
1552 5530 1789 5595 Christo,
1825 5530 1928 5585 hoc
1955 5537 2057 5594 est,

482 5627 650 5680 virtus
668 5636 726 5681 et
753 5625 1038 5695 sapientia,
1067 5640 1237 5695 genus
1269 5635 1324 5679 et
1356 5623 1718 5695 pulchritudo.
1752 5623 1828 5677 De
1852 5637 1958 5692 qua
1986 5622 2062 5675 ait

479 5717 768 5786 Apostolus
794 5734 810 5770 :
838 5717 1105 5772 Christum
1134 5716 1250 5770 dico
1273 5715 1369 5769 Dei
1394 5715 1633 5769 virtutem
1658 5724 1705 5769 et
1730 5713 1830 5768 Dei
1859 5714 2063 5783 sapien-

2139 3266 2354 3336 quando
2368 3265 2499 3334 justi
2543 3265 2929 3337 intelliguntur,
2964 3266 3055 3334 qui
3094 3269 3393 3319 consistunt
3430 3265 3485 3317 in
3515 3273 3721 3317 aeterna

2138 3356 2269 3410 vita.
2303 3354 2453 3410 Unde
2470 3362 2549 3409 est
2573 3354 2700 3409 illud
2726 3369 2739 3407 :
2762 3351 2988 3408 Placebo
3021 3352 3242 3407 Domino
3268 3354 3323 3406 in
3354 3355 3558 3424 regione
3580 3354 3721 3406 vivo-

2141 3462 2256 3500 rum
2276 3438 2623 3512 (l’sal.cnv).
2649 3444 2711 3499 Et
2730 3445 2785 3500 in
2805 3441 2962 3497 aliam
3008 3452 3220 3513 partem
3249 3457 3261 3496 :
3289 3441 3526 3496 Laudari
3557 3445 3723 3511 magis

2139 3544 2370 3588 mortuos
2395 3549 2551 3605 quam
2605 3533 2823 3587 viventes
2855 3532 3023 3603 (Eccl.
3054 3534 3152 3603 tv),
3192 3534 3295 3587 hoc
3321 3545 3424 3598 cst,
3451 3533 3591 3586 bono
3618 3535 3721 3586 line

2141 3632 2565 3690 consummatos,
2613 3637 2775 3693 quam
2825 3623 3065 3677 viventes
3119 3623 3171 3677 in
3214 3623 3476 3693 peccatis.
3531 3622 3725 3676 illm-tui

2141 3715 2284 3771 enim
2330 3713 2620 3783 aliquando
2649 3721 2965 3783 peccatores
2999 3712 3082 3768 vel
3116 3712 3360 3767 inﬁdeles
3399 3713 3724 3783 signiﬁcant,

2143 3815 2203 3860 ut
2226 3814 2307 3860 est
2333 3805 2385 3859 in
2416 3800 2705 3876 Evangelio
2731 3822 2743 3857 :
2771 3802 2897 3859 Sine
2923 3808 3175 3868 mortuos,
3208 3815 3261 3857 ut
3301 3803 3550 3872 sepeliant
3584 3819 3727 3856 rnor—

2145 3911 2260 3953 tuos
2288 3916 2411 3954 suos
2441 3896 2655 3969 (Matth.
2689 3896 2828 3968 vin).
2872 3895 2939 3950 Et
2978 3897 3030 3950 in
3075 3895 3268 3949 bonam
3299 3904 3548 3963 partem:
3575 3893 3728 3948 Beati

2145 3990 2336 4044 mortui
2373 3989 2460 4058 qui
2496 3988 2551 4040 in
2595 3987 2816 4040 Domino
2862 3987 3157 4040 moriuntur
3187 3984 3370 4057 (Apoc.
3413 3986 3543 4056 xxv).
3575 3983 3728 4039 Unde

2147 4082 2405 4149 scriptum
2433 4089 2517 4134 est
2538 4079 2590 4133 in
2619 4078 2881 4132 Psalterio
2907 4096 2919 4129 :
2954 4076 3192 4129 Pretiosa
3224 4077 3276 4128 in
3315 4086 3587 4143 conspectu
3614 4075 3723 4128 Do-

2146 4174 2274 4227 mini
2312 4189 2450 4226 mors
2485 4181 2786 4226 sanctorum
2831 4170 2945 4239 ejus
2973 4166 3145 4240 (Psal.
3171 4183 3271 4222 cxv
3307 4169 3346 4238 ).
3394 4169 3458 4221 Et
3490 4169 3540 4222 in
3587 4169 3730 4237 Apo-

2147 4263 2543 4320 stolozt‘lortui
2583 4262 2741 4325 enim,
2764 4261 2957 4330 inquit,
2987 4261 3130 4323 estis,
3172 4272 3219 4313 et
3264 4260 3366 4313 vita
3410 4271 3575 4312 vestra
3616 4264 3733 4313 abs-

2150 4358 2359 4413 condita
2402 4366 2474 4410 est
2521 4371 2635 4409 cum
2666 4353 2874 4408 Christo
2915 4354 2969 4406 in
2998 4352 3107 4406 Deo
3134 4349 3269 4424 (Col.
3297 4354 3400 4410 ml.
3450 4351 3592 4404 Mors
3629 4368 3726 4405 au-

2153 4460 2259 4505 tem
2291 4465 2395 4502 non
2426 4447 2597 4503 solum
2627 4445 2806 4501 carnis
2847 4445 3073 4509 obitum,
3113 4445 3205 4499 sed
3248 4448 3410 4499 etiam
3454 4445 3729 4498 interitum

2151 4541 2344 4594 anima:
2371 4549 2425 4594 et
2454 4539 2828 4593 damnatorum
2864 4535 3059 4590 inferni
3093 4536 3379 4605 significat.
3415 4534 3567 4595 Unde
3592 4538 3731 4590 scri-

2151 4640 2302 4701 ptum
2330 4638 2447 4685 est:
2474 4627 2797 4698 Quocunque
2847 4626 2930 4680 die
2975 4626 3303 4680 comederitis
3341 4643 3404 4680 ex
3447 4641 3531 4689 eo,
3571 4639 3736 4679 morte
3781 4677 3785 4681 .

2153 4718 2447 4774 moriemini
2479 4715 2629 4789 (Cen.
2680 4716 2766 4787 ιι).
2820 4714 2890 4770 Ει
2919 4713 3047 4768 alibi
3098 4712 3348 4768 Salvator
3382 4714 3488 4769 ait.
3515 4711 3574 4768 Si
3613 4712 3731 4783 quis

2154 4824 2438 4864 sermonem
2481 4824 2652 4861 meum
2695 4806 2993 4872 servaverit,
3038 4814 3255 4860 mortem
3303 4821 3406 4859 non
3449 4803 3634 4860 videbit
3677 4803 3736 4859 in

2159 4913 2409 4955 teternum
2451 4897 2632 4971 (Joan.
2665 4899 2806 4971 vni).
2840 4897 2909 4953 Et
2939 4911 3155 4953 rursum
3179 4910 3195 4949 :
3218 4895 3332 4966 Ego
3365 4911 3501 4960 sum,
3536 4882 3732 4964 inquit,

2162 4995 2472 5047 resurrectio
2496 5002 2542 5046 et
2570 4994 2671 5045 vita
2695 5005 2712 5042 :
2739 4992 2828 5061 qui
2855 4990 3016 5044 credit
3055 4991 3109 5043 in
3141 5005 3239 5053 me,
3277 5003 3378 5043 non
3408 4987 3736 5044 morieturitl

2161 5096 2411 5139 aeternum
2444 5082 2624 5155 (Joan.
2669 5083 2770 5153 ιιι).
2812 5082 2875 5136 Et
2918 5081 2974 5136 in
3011 5079 3272 5135 Psalterio
3308 5079 3568 5148 scriptum
3607 5088 3693 5134 est
3715 5097 3735 5134 :

2163 5173 2309 5229 Mors
2333 5184 2663 5244 peccatorum
2700 5173 2927 5244 pessima
2955 5182 3030 5225 est
3059 5168 3231 5242 (Psal.
3262 5170 3473 5242 xum).
3508 5169 3734 5225 Mortem

2162 5276 2504 5337 peccatorum
2534 5265 2679 5320 illam
2718 5265 2872 5328 dicit,
2902 5278 3020 5333 quae
3069 5263 3135 5316 ab
3164 5260 3383 5316 homine
3419 5277 3525 5316 non
3559 5271 3738 5332 potest

2165 5361 2380 5422 intueri,
2413 5374 2576 5428 quam
2614 5372 2723 5412 non
2768 5357 2942 5412 solum
2980 5354 3199 5418 malam,
3245 5355 3341 5408 sed
3375 5353 3539 5407 etiam
3570 5353 3741 5422 pessi-

2161 5465 2304 5504 mam
2336 5464 2454 5503 esse
2479 5448 2781 5518 proﬁtetur.
2815 5446 3021 5500 Revera
3059 5443 3313 5512 pessima,
3341 5443 3590 5513 quoniam
3616 5458 3739 5498 eam

2161 5548 2360 5593 :etcrna
2388 5553 2544 5606 paena
2572 5537 2879 5590 comitatur.
2915 5533 3165 5588 Viventes
3201 5533 3400 5586 mundo
3442 5541 3498 5587 et
3538 5532 3735 5587 mortui

2162 5629 2273 5685 Deo
2292 5636 2603 5697 peccatores
2640 5624 3010 5693 intelliguntur
3037 5623 3091 5677 in
3126 5622 3369 5693 psalmo:
3410 5622 3739 5678 Descendunt

2163 5720 2220 5773 in
2252 5717 2514 5787 infernum
2537 5717 2756 5771 viventes
2785 5713 2960 5788 (Psal.
2989 5712 3118 5787 Liv).
3152 5712 3399 5769 Cadaver
3432 5723 3610 5768 autem
3632 5722 3738 5787 est,
