  <div class='ocr_page' id='page_1' title='image "/cluster/home/n/w/nwhite01/storage/ocr_20150623/111/hvd.32044054759766/103.png"; bbox 0 0 4072 6198; ppageno 0'>
   <div class='ocr_carea' id='block_1_1' title="bbox 375 250 526 327">
    <p class='ocr_par' dir='ltr' id='par_1_1' title="bbox 375 250 526 327">
     <span class='ocr_line' id='line_1_1' title="bbox 375 250 526 327; baseline -0.06 0"><span class='ocrx_word' id='word_1_1' title='bbox 375 264 476 327; x_wconf 73' lang='lat' dir='ltr'><strong>tos</strong></span> <span class='ocrx_word' id='word_1_2' title='bbox 514 250 526 260; x_wconf 83' lang='lat'><strong><em>‘</em></strong></span> 
     </span>
    </p>
   </div>
   <div class='ocr_carea' id='block_1_2' title="bbox 1002 237 2963 309">
    <p class='ocr_par' dir='ltr' id='par_1_2' title="bbox 1002 237 2963 309">
     <span class='ocr_line' id='line_1_2' title="bbox 1002 237 2963 309; baseline -0.008 -2"><span class='ocrx_word' id='word_1_3' title='bbox 1002 255 1064 309; x_wconf 80' lang='grc' dir='ltr'><strong>Β.</strong></span> <span class='ocrx_word' id='word_1_4' title='bbox 1103 252 1357 307; x_wconf 76' lang='lat' dir='ltr'><strong>RABANI</strong></span> <span class='ocrx_word' id='word_1_5' title='bbox 1396 250 1612 306; x_wconf 77' lang='lat' dir='ltr'><strong>MAURI</strong></span> <span class='ocrx_word' id='word_1_6' title='bbox 1650 247 1967 305; x_wconf 80' lang='lat' dir='ltr'><strong>ARCHlEP.</strong></span> <span class='ocrx_word' id='word_1_7' title='bbox 2010 244 2322 303; x_wconf 74' lang='lat' dir='ltr'><strong>MOGUNT.</strong></span> <span class='ocrx_word' id='word_1_8' title='bbox 2363 238 2649 300; x_wconf 70' lang='lat' dir='ltr'><strong>OPERUM</strong></span> <span class='ocrx_word' id='word_1_9' title='bbox 2686 237 2865 297; x_wconf 78' lang='lat' dir='ltr'><strong>PARS</strong></span> <span class='ocrx_word' id='word_1_10' title='bbox 2900 237 2963 292; x_wconf 89' lang='lat' dir='ltr'><strong>ll.</strong></span> 
     </span>
    </p>
   </div>
   <div class='ocr_carea' id='block_1_3' title="bbox 3518 235 3616 292">
    <p class='ocr_par' dir='ltr' id='par_1_3' title="bbox 3518 235 3616 292">
     <span class='ocr_line' id='line_1_3' title="bbox 3518 235 3616 292; baseline 0.01 -3"><span class='ocrx_word' id='word_1_11' title='bbox 3518 235 3616 292; x_wconf 77' lang='lat' dir='ltr'><strong>i96</strong></span> 
     </span>
    </p>
   </div>
   <div class='ocr_carea' id='block_1_4' title="bbox 370 352 3620 449">
    <p class='ocr_par' dir='ltr' id='par_1_4' title="bbox 370 352 3620 449">
     <span class='ocr_line' id='line_1_4' title="bbox 370 352 3620 449; baseline -0.01 -11"><span class='ocrx_word' id='word_1_12' title='bbox 370 384 419 439; x_wconf 88' lang='lat' dir='ltr'><strong>si</strong></span> <span class='ocrx_word' id='word_1_13' title='bbox 444 378 764 449; x_wconf 85' lang='lat' dir='ltr'><strong>insepultum</strong></span> <span class='ocrx_word' id='word_1_14' title='bbox 799 377 966 445; x_wconf 99' lang='lat' dir='ltr'><strong>jacet.</strong></span> <span class='ocrx_word' id='word_1_15' title='bbox 1006 372 1140 427; x_wconf 76' lang='lat' dir='ltr'><strong>Nam</strong></span> <span class='ocrx_word' id='word_1_16' title='bbox 1167 372 1399 427; x_wconf 81' lang='lat' dir='ltr'><strong>cadaver</strong></span> <span class='ocrx_word' id='word_1_17' title='bbox 1419 369 1752 423; x_wconf 86' lang='lat' dir='ltr'><strong>nominatum</strong></span> <span class='ocrx_word' id='word_1_18' title='bbox 1782 381 1813 420; x_wconf 89' lang='lat' dir='ltr'><strong>a</strong></span> <span class='ocrx_word' id='word_1_19' title='bbox 1838 381 1932 421; x_wconf 86' lang='lat' dir='ltr'><strong>ca-</strong></span> <span class='ocrx_word' id='word_1_20' title='bbox 1961 370 2014 429; x_wconf 81' lang='grc' dir='ltr'><strong>Α</strong></span> <span class='ocrx_word' id='word_1_21' title='bbox 2037 362 2120 433; x_wconf 90' lang='lat' dir='ltr'><strong>gis</strong></span> <span class='ocrx_word' id='word_1_22' title='bbox 2141 358 2601 423; x_wconf 75' lang='lat' dir='ltr'><strong>interfectionem;</strong></span> <span class='ocrx_word' id='word_1_23' title='bbox 2622 355 3032 427; x_wconf 74' lang='lat' dir='ltr'><strong>supervixerant</strong></span> <span class='ocrx_word' id='word_1_24' title='bbox 3051 354 3196 407; x_wconf 89' lang='lat' dir='ltr'><strong>enim</strong></span> <span class='ocrx_word' id='word_1_25' title='bbox 3217 352 3482 407; x_wconf 75' lang='lat' dir='ltr'><strong>deteriora</strong></span> <span class='ocrx_word' id='word_1_26' title='bbox 3503 366 3620 407; x_wconf 87' lang='lat' dir='ltr'><strong>me-</strong></span> 
     </span>
    </p>
   </div>
   <div class='ocr_carea' id='block_1_5' title="bbox 290 458 1946 540">
    <p class='ocr_par' dir='ltr' id='par_1_5' title="bbox 290 458 1946 540">
     <span class='ocr_line' id='line_1_5' title="bbox 290 458 1946 540; baseline -0.014 -9"><span class='ocrx_word' id='word_1_27' title='bbox 290 498 312 511; x_wconf 74' lang='lat'><strong>~</strong></span> <span class='ocrx_word' id='word_1_28' title='bbox 372 474 566 538; x_wconf 89' lang='lat' dir='ltr'><strong>dendo,</strong></span> <span class='ocrx_word' id='word_1_29' title='bbox 605 470 731 540; x_wconf 84' lang='lat' dir='ltr'><strong>quia</strong></span> <span class='ocrx_word' id='word_1_30' title='bbox 774 466 887 535; x_wconf 88' lang='lat' dir='ltr'><strong>jam</strong></span> <span class='ocrx_word' id='word_1_31' title='bbox 934 471 1080 519; x_wconf 87' lang='lat' dir='ltr'><strong>stare</strong></span> <span class='ocrx_word' id='word_1_32' title='bbox 1107 478 1213 517; x_wconf 93' lang='lat' dir='ltr'><strong>non</strong></span> <span class='ocrx_word' id='word_1_33' title='bbox 1241 467 1436 530; x_wconf 94' lang='lat' dir='ltr'><strong>potest.</strong></span> <span class='ocrx_word' id='word_1_34' title='bbox 1480 458 1633 525; x_wconf 86' lang='lat' dir='ltr'><strong>Quod</strong></span> <span class='ocrx_word' id='word_1_35' title='bbox 1659 458 1785 512; x_wconf 92' lang='lat' dir='ltr'><strong>dum</strong></span> <span class='ocrx_word' id='word_1_36' title='bbox 1825 470 1946 525; x_wconf 86' lang='lat' dir='ltr'><strong>por-</strong></span> 
     </span>
    </p>
   </div>
   <div class='ocr_carea' id='block_1_6' title="bbox 372 546 1949 628">
    <p class='ocr_par' dir='ltr' id='par_1_6' title="bbox 372 546 1949 628">
     <span class='ocr_line' id='line_1_6' title="bbox 372 546 1949 628; baseline -0.012 -10"><span class='ocrx_word' id='word_1_37' title='bbox 372 572 538 626; x_wconf 88' lang='lat' dir='ltr'><strong>tatur,</strong></span> <span class='ocrx_word' id='word_1_38' title='bbox 560 558 845 628; x_wconf 78' lang='lat' dir='ltr'><strong>exsequias</strong></span> <span class='ocrx_word' id='word_1_39' title='bbox 868 555 1116 617; x_wconf 87' lang='lat' dir='ltr'><strong>dicimus,</strong></span> <span class='ocrx_word' id='word_1_40' title='bbox 1148 559 1444 607; x_wconf 88' lang='lat' dir='ltr'><strong>crematum</strong></span> <span class='ocrx_word' id='word_1_41' title='bbox 1467 549 1741 618; x_wconf 80' lang='lat' dir='ltr'><strong>reliquias,</strong></span> <span class='ocrx_word' id='word_1_42' title='bbox 1767 546 1949 601; x_wconf 85' lang='lat' dir='ltr'><strong>condi-</strong></span> 
     </span>
    </p>
   </div>
   <div class='ocr_carea' id='block_1_7' title="bbox 372 634 1947 722">
    <p class='ocr_par' dir='ltr' id='par_1_7' title="bbox 372 634 1947 722">
     <span class='ocr_line' id='line_1_7' title="bbox 372 634 1947 722; baseline -0.015 -13"><span class='ocrx_word' id='word_1_43' title='bbox 372 662 508 718; x_wconf 90' lang='lat' dir='ltr'><strong>tum,</strong></span> <span class='ocrx_word' id='word_1_44' title='bbox 531 651 642 722; x_wconf 89' lang='lat' dir='ltr'><strong>jam</strong></span> <span class='ocrx_word' id='word_1_45' title='bbox 672 647 955 717; x_wconf 89' lang='lat' dir='ltr'><strong>sepultum.</strong></span> <span class='ocrx_word' id='word_1_46' title='bbox 986 643 1194 711; x_wconf 88' lang='lat' dir='ltr'><strong>Corpus</strong></span> <span class='ocrx_word' id='word_1_47' title='bbox 1212 650 1387 696; x_wconf 89' lang='lat' dir='ltr'><strong>autem</strong></span> <span class='ocrx_word' id='word_1_48' title='bbox 1409 637 1795 693; x_wconf 86' lang='lat' dir='ltr'><strong>consuetudine</strong></span> <span class='ocrx_word' id='word_1_49' title='bbox 1814 634 1947 690; x_wconf 89' lang='lat' dir='ltr'><strong>dici-</strong></span> 
     </span>
    </p>
   </div>
   <div class='ocr_carea' id='block_1_8' title="bbox 374 724 1949 808">
    <p class='ocr_par' dir='ltr' id='par_1_8' title="bbox 374 724 1949 808">
     <span class='ocr_line' id='line_1_8' title="bbox 374 724 1949 808; baseline -0.015 -8"><span class='ocrx_word' id='word_1_50' title='bbox 374 754 481 808; x_wconf 85' lang='lat' dir='ltr'><strong>tur,</strong></span> <span class='ocrx_word' id='word_1_51' title='bbox 524 750 584 796; x_wconf 89' lang='lat' dir='ltr'><strong>ut</strong></span> <span class='ocrx_word' id='word_1_52' title='bbox 622 748 704 796; x_wconf 89' lang='lat' dir='ltr'><strong>est</strong></span> <span class='ocrx_word' id='word_1_53' title='bbox 742 738 871 792; x_wconf 85' lang='lat' dir='ltr'><strong>illud</strong></span> <span class='ocrx_word' id='word_1_54' title='bbox 898 755 910 790; x_wconf 91' lang='lat'>:</span> <span class='ocrx_word' id='word_1_55' title='bbox 937 734 1067 787; x_wconf 85' lang='lat' dir='ltr'><strong>Cum</strong></span> <span class='ocrx_word' id='word_1_56' title='bbox 1109 748 1326 802; x_wconf 85' lang='lat' dir='ltr'><strong>corpora</strong></span> <span class='ocrx_word' id='word_1_57' title='bbox 1361 728 1474 782; x_wconf 83' lang='lat' dir='ltr'><strong>luce</strong></span> <span class='ocrx_word' id='word_1_58' title='bbox 1504 736 1790 781; x_wconf 74' lang='lat' dir='ltr'><strong>carentum.</strong></span> <span class='ocrx_word' id='word_1_59' title='bbox 1834 724 1949 795; x_wconf 81' lang='lat' dir='ltr'><strong>My—</strong></span> 
     </span>
    </p>
   </div>
   <div class='ocr_carea' id='block_1_9' title="bbox 374 817 1950 892">
    <p class='ocr_par' dir='ltr' id='par_1_9' title="bbox 374 817 1950 892">
     <span class='ocr_line' id='line_1_9' title="bbox 374 817 1950 892; baseline -0.015 -1"><span class='ocrx_word' id='word_1_60' title='bbox 374 837 506 892; x_wconf 84' lang='lat' dir='ltr'><strong>stice</strong></span> <span class='ocrx_word' id='word_1_61' title='bbox 537 833 800 888; x_wconf 78' lang='lat' dir='ltr'><strong>cadavera</strong></span> <span class='ocrx_word' id='word_1_62' title='bbox 839 826 1135 882; x_wconf 90' lang='lat' dir='ltr'><strong>inﬁdelium</strong></span> <span class='ocrx_word' id='word_1_63' title='bbox 1175 837 1399 892; x_wconf 89' lang='lat' dir='ltr'><strong>corpora</strong></span> <span class='ocrx_word' id='word_1_64' title='bbox 1428 817 1754 890; x_wconf 87' lang='lat' dir='ltr'><strong>signiﬁcant,</strong></span> <span class='ocrx_word' id='word_1_65' title='bbox 1781 823 1841 870; x_wconf 92' lang='lat' dir='ltr'><strong>ut</strong></span> <span class='ocrx_word' id='word_1_66' title='bbox 1866 822 1950 870; x_wconf 90' lang='lat' dir='ltr'><strong>est</strong></span> 
     </span>
    </p>
   </div>
   <div class='ocr_carea' id='block_1_10' title="bbox 374 904 1946 990">
    <p class='ocr_par' dir='ltr' id='par_1_10' title="bbox 374 904 1946 990">
     <span class='ocr_line' id='line_1_10' title="bbox 374 904 1946 990; baseline -0.015 -10"><span class='ocrx_word' id='word_1_67' title='bbox 374 904 503 981; x_wconf 65' lang='lat' dir='ltr'><strong>illud</strong></span> <span class='ocrx_word' id='word_1_68' title='bbox 530 924 581 976; x_wconf 91' lang='lat' dir='ltr'><strong>in</strong></span> <span class='ocrx_word' id='word_1_69' title='bbox 610 920 877 990; x_wconf 84' lang='lat' dir='ltr'><strong>Propheta</strong></span> <span class='ocrx_word' id='word_1_70' title='bbox 903 935 916 970; x_wconf 92' lang='lat'>:</span> <span class='ocrx_word' id='word_1_71' title='bbox 942 915 1012 968; x_wconf 84' lang='lat' dir='ltr'><strong>Et</strong></span> <span class='ocrx_word' id='word_1_72' title='bbox 1056 912 1298 984; x_wconf 80' lang='lat' dir='ltr'><strong>impleam</strong></span> <span class='ocrx_word' id='word_1_73' title='bbox 1328 908 1508 964; x_wconf 84' lang='lat' dir='ltr'><strong>vallem</strong></span> <span class='ocrx_word' id='word_1_74' title='bbox 1540 907 1793 977; x_wconf 74' lang='lat' dir='ltr'><strong>Iosophat</strong></span> <span class='ocrx_word' id='word_1_75' title='bbox 1828 921 1946 959; x_wconf 86' lang='lat' dir='ltr'><strong>cum</strong></span> 
     </span>
    </p>
   </div>
   <div class='ocr_carea' id='block_1_11' title="bbox 373 996 1950 1074">
    <p class='ocr_par' dir='ltr' id='par_1_11' title="bbox 373 996 1950 1074">
     <span class='ocr_line' id='line_1_11' title="bbox 373 996 1950 1074; baseline -0.013 -6"><span class='ocrx_word' id='word_1_76' title='bbox 373 1011 711 1068; x_wconf 79' lang='lat' dir='ltr'><strong>cadaveribus</strong></span> <span class='ocrx_word' id='word_1_77' title='bbox 730 1017 1050 1062; x_wconf 86' lang='lat' dir='ltr'><strong>mortuorum</strong></span> <span class='ocrx_word' id='word_1_78' title='bbox 1079 1000 1237 1074; x_wconf 76' lang='lat' dir='ltr'><strong>(loci.</strong></span> <span class='ocrx_word' id='word_1_79' title='bbox 1263 1003 1366 1071; x_wconf 86' lang='lat' dir='ltr'><strong>In).</strong></span> <span class='ocrx_word' id='word_1_80' title='bbox 1399 998 1529 1053; x_wconf 87' lang='lat' dir='ltr'><strong>Item</strong></span> <span class='ocrx_word' id='word_1_81' title='bbox 1560 997 1614 1050; x_wconf 90' lang='lat' dir='ltr'><strong>in</strong></span> <span class='ocrx_word' id='word_1_82' title='bbox 1641 996 1802 1049; x_wconf 89' lang='lat' dir='ltr'><strong>aliam</strong></span> <span class='ocrx_word' id='word_1_83' title='bbox 1824 1009 1950 1064; x_wconf 85' lang='lat' dir='ltr'><strong>par-</strong></span> 
     </span>
    </p>
   </div>
   <div class='ocr_carea' id='block_1_12' title="bbox 374 1083 1946 1171">
    <p class='ocr_par' dir='ltr' id='par_1_12' title="bbox 374 1083 1946 1171">
     <span class='ocr_line' id='line_1_12' title="bbox 374 1083 1946 1171; baseline -0.013 -14"><span class='ocrx_word' id='word_1_84' title='bbox 374 1112 481 1158; x_wconf 85' lang='lat' dir='ltr'><strong>tem</strong></span> <span class='ocrx_word' id='word_1_85' title='bbox 506 1108 797 1171; x_wconf 92' lang='lat' dir='ltr'><strong>ponuntur,</strong></span> <span class='ocrx_word' id='word_1_86' title='bbox 841 1102 898 1148; x_wconf 93' lang='lat' dir='ltr'><strong>ut</strong></span> <span class='ocrx_word' id='word_1_87' title='bbox 935 1093 1065 1147; x_wconf 89' lang='lat' dir='ltr'><strong>illud</strong></span> <span class='ocrx_word' id='word_1_88' title='bbox 1107 1088 1454 1145; x_wconf 79' lang='lat' dir='ltr'><strong>in‘Psalterio</strong></span> <span class='ocrx_word' id='word_1_89' title='bbox 1483 1101 1498 1140; x_wconf 90' lang='lat'><strong>:</strong></span> <span class='ocrx_word' id='word_1_90' title='bbox 1527 1083 1825 1139; x_wconf 76' lang='lat' dir='ltr'><strong>Posueruut</strong></span> <span class='ocrx_word' id='word_1_91' title='bbox 1854 1101 1946 1137; x_wconf 88' lang='lat' dir='ltr'><strong>ca-</strong></span> 
     </span>
    </p>
   </div>
   <div class='ocr_carea' id='block_1_13' title="bbox 372 1175 1950 1253">
    <p class='ocr_par' dir='ltr' id='par_1_13' title="bbox 372 1175 1950 1253">
     <span class='ocr_line' id='line_1_13' title="bbox 372 1175 1950 1253; baseline -0.011 -8"><span class='ocrx_word' id='word_1_92' title='bbox 372 1194 562 1245; x_wconf 75' lang='lat' dir='ltr'><strong>davera</strong></span> <span class='ocrx_word' id='word_1_93' title='bbox 600 1204 865 1243; x_wconf 85' lang='lat' dir='ltr'><strong>servorum</strong></span> <span class='ocrx_word' id='word_1_94' title='bbox 898 1196 1109 1239; x_wconf 84' lang='lat' dir='ltr'><strong>tuorum</strong></span> <span class='ocrx_word' id='word_1_95' title='bbox 1152 1179 1325 1253; x_wconf 74' lang='lat' dir='ltr'><strong>(l’sal.</strong></span> <span class='ocrx_word' id='word_1_96' title='bbox 1362 1176 1612 1246; x_wconf 79' lang='lat' dir='ltr'><strong>Lxxvm).</strong></span> <span class='ocrx_word' id='word_1_97' title='bbox 1656 1175 1950 1231; x_wconf 81' lang='lat' dir='ltr'><strong>Defunctus</strong></span> 
     </span>
    </p>
   </div>
   <div class='ocr_carea' id='block_1_14' title="bbox 372 1266 1949 1349">
    <p class='ocr_par' dir='ltr' id='par_1_14' title="bbox 372 1266 1949 1349">
     <span class='ocr_line' id='line_1_14' title="bbox 372 1266 1949 1349; baseline -0.011 -14"><span class='ocrx_word' id='word_1_98' title='bbox 372 1291 615 1345; x_wconf 88' lang='lat' dir='ltr'><strong>vocatur,</strong></span> <span class='ocrx_word' id='word_1_99' title='bbox 640 1279 767 1349; x_wconf 88' lang='lat' dir='ltr'><strong>quia</strong></span> <span class='ocrx_word' id='word_1_100' title='bbox 805 1274 1091 1345; x_wconf 79' lang='lat' dir='ltr'><strong>complevit</strong></span> <span class='ocrx_word' id='word_1_101' title='bbox 1114 1273 1236 1325; x_wconf 71' lang='lat' dir='ltr'><strong>vita:</strong></span> <span class='ocrx_word' id='word_1_102' title='bbox 1266 1269 1519 1323; x_wconf 75' lang='lat' dir='ltr'><strong>ofﬁcium.</strong></span> <span class='ocrx_word' id='word_1_103' title='bbox 1555 1266 1691 1320; x_wconf 83' lang='lat' dir='ltr'><strong>Nam</strong></span> <span class='ocrx_word' id='word_1_104' title='bbox 1721 1266 1949 1320; x_wconf 90' lang='lat' dir='ltr'><strong>dicimus</strong></span> 
     </span>
    </p>
   </div>
   <div class='ocr_carea' id='block_1_15' title="bbox 373 1356 1947 1435">
    <p class='ocr_par' dir='ltr' id='par_1_15' title="bbox 373 1356 1947 1435">
     <span class='ocr_line' id='line_1_15' title="bbox 373 1356 1947 1435; baseline -0.013 -6"><span class='ocrx_word' id='word_1_105' title='bbox 373 1375 584 1428; x_wconf 85' lang='lat' dir='ltr'><strong>functos</strong></span> <span class='ocrx_word' id='word_1_106' title='bbox 630 1368 842 1431; x_wconf 80' lang='lat' dir='ltr'><strong>ofﬁcio,</strong></span> <span class='ocrx_word' id='word_1_107' title='bbox 907 1365 997 1435; x_wconf 91' lang='lat' dir='ltr'><strong>qui</strong></span> <span class='ocrx_word' id='word_1_108' title='bbox 1052 1361 1225 1417; x_wconf 85' lang='lat' dir='ltr'><strong>oilicia</strong></span> <span class='ocrx_word' id='word_1_109' title='bbox 1281 1360 1458 1414; x_wconf 87' lang='lat' dir='ltr'><strong>debita</strong></span> <span class='ocrx_word' id='word_1_110' title='bbox 1522 1356 1947 1428; x_wconf 88' lang='lat' dir='ltr'><strong>cmnpleverunt.</strong></span> 
     </span>
    </p>
   </div>
   <div class='ocr_carea' id='block_1_16' title="bbox 372 1446 1951 1521">
    <p class='ocr_par' dir='ltr' id='par_1_16' title="bbox 372 1446 1951 1521">
     <span class='ocr_line' id='line_1_16' title="bbox 372 1446 1951 1521; baseline -0.012 -4"><span class='ocrx_word' id='word_1_111' title='bbox 372 1463 523 1518; x_wconf 88' lang='lat' dir='ltr'><strong>Unde</strong></span> <span class='ocrx_word' id='word_1_112' title='bbox 572 1468 692 1514; x_wconf 89' lang='lat' dir='ltr'><strong>est:</strong></span> <span class='ocrx_word' id='word_1_113' title='bbox 722 1458 788 1511; x_wconf 85' lang='lat' dir='ltr'><strong>Et</strong></span> <span class='ocrx_word' id='word_1_114' title='bbox 837 1454 1119 1509; x_wconf 76' lang='lat' dir='ltr'><strong>honoribus</strong></span> <span class='ocrx_word' id='word_1_115' title='bbox 1147 1452 1377 1521; x_wconf 79' lang='lat' dir='ltr'><strong>functus.</strong></span> <span class='ocrx_word' id='word_1_116' title='bbox 1429 1449 1565 1504; x_wconf 87' lang='lat' dir='ltr'><strong>Hinc</strong></span> <span class='ocrx_word' id='word_1_117' title='bbox 1594 1463 1724 1520; x_wconf 87' lang='lat' dir='ltr'><strong>ergo</strong></span> <span class='ocrx_word' id='word_1_118' title='bbox 1762 1446 1951 1503; x_wconf 87' lang='lat' dir='ltr'><strong>defun-</strong></span> 
     </span>
    </p>
   </div>
   <div class='ocr_carea' id='block_1_17' title="bbox 370 1539 1952 1621">
    <p class='ocr_par' dir='ltr' id='par_1_17' title="bbox 370 1539 1952 1621">
     <span class='ocr_line' id='line_1_17' title="bbox 370 1539 1952 1621; baseline -0.01 -12"><span class='ocrx_word' id='word_1_119' title='bbox 370 1563 508 1614; x_wconf 88' lang='lat' dir='ltr'><strong>ctus,</strong></span> <span class='ocrx_word' id='word_1_120' title='bbox 541 1550 682 1621; x_wconf 92' lang='lat' dir='ltr'><strong>quod</strong></span> <span class='ocrx_word' id='word_1_121' title='bbox 711 1550 778 1604; x_wconf 91' lang='lat' dir='ltr'><strong>ab</strong></span> <span class='ocrx_word' id='word_1_122' title='bbox 826 1546 999 1601; x_wconf 83' lang='lat' dir='ltr'><strong>otIicio</strong></span> <span class='ocrx_word' id='word_1_123' title='bbox 1029 1546 1101 1601; x_wconf 91' lang='lat' dir='ltr'><strong>sit</strong></span> <span class='ocrx_word' id='word_1_124' title='bbox 1143 1545 1267 1599; x_wconf 72' lang='lat' dir='ltr'><strong>vita:</strong></span> <span class='ocrx_word' id='word_1_125' title='bbox 1303 1542 1599 1613; x_wconf 90' lang='lat' dir='ltr'><strong>depositus,</strong></span> <span class='ocrx_word' id='word_1_126' title='bbox 1642 1542 1756 1596; x_wconf 84' lang='lat' dir='ltr'><strong>sive</strong></span> <span class='ocrx_word' id='word_1_127' title='bbox 1797 1539 1952 1609; x_wconf 89' lang='lat' dir='ltr'><strong>quasi</strong></span> 
     </span>
    </p>
   </div>
   <div class='ocr_carea' id='block_1_18' title="bbox 370 1630 1949 1709">
    <p class='ocr_par' dir='ltr' id='par_1_18' title="bbox 370 1630 1949 1709">
     <span class='ocr_line' id='line_1_18' title="bbox 370 1630 1949 1709; baseline -0.009 -10"><span class='ocrx_word' id='word_1_128' title='bbox 370 1644 512 1699; x_wconf 89' lang='lat' dir='ltr'><strong>diem</strong></span> <span class='ocrx_word' id='word_1_129' title='bbox 556 1643 792 1697; x_wconf 85' lang='lat' dir='ltr'><strong>functus.</strong></span> <span class='ocrx_word' id='word_1_130' title='bbox 840 1638 1093 1709; x_wconf 86' lang='lat' dir='ltr'><strong>Sepultus</strong></span> <span class='ocrx_word' id='word_1_131' title='bbox 1135 1645 1312 1691; x_wconf 90' lang='lat' dir='ltr'><strong>autem</strong></span> <span class='ocrx_word' id='word_1_132' title='bbox 1341 1636 1517 1689; x_wconf 90' lang='lat' dir='ltr'><strong>dictus</strong></span> <span class='ocrx_word' id='word_1_133' title='bbox 1550 1648 1637 1698; x_wconf 91' lang='lat' dir='ltr'><strong>eo,</strong></span> <span class='ocrx_word' id='word_1_134' title='bbox 1664 1634 1807 1703; x_wconf 91' lang='lat' dir='ltr'><strong>quod</strong></span> <span class='ocrx_word' id='word_1_135' title='bbox 1836 1630 1949 1700; x_wconf 88' lang='lat' dir='ltr'><strong>jam</strong></span> 
     </span>
    </p>
   </div>
   <div class='ocr_carea' id='block_1_19' title="bbox 2044 441 3622 515">
    <p class='ocr_par' dir='ltr' id='par_1_19' title="bbox 2044 441 3622 515">
     <span class='ocr_line' id='line_1_19' title="bbox 2044 441 3622 515; baseline -0.006 -9"><span class='ocrx_word' id='word_1_136' title='bbox 2044 451 2289 506; x_wconf 89' lang='lat' dir='ltr'><strong>lioribus.</strong></span> <span class='ocrx_word' id='word_1_137' title='bbox 2316 448 2424 504; x_wconf 88' lang='lat' dir='ltr'><strong>Sed</strong></span> <span class='ocrx_word' id='word_1_138' title='bbox 2470 448 2589 503; x_wconf 62' lang='lat' dir='ltr'><strong>haec</strong></span> <span class='ocrx_word' id='word_1_139' title='bbox 2615 454 2874 511; x_wconf 87' lang='lat' dir='ltr'><strong>monstra,</strong></span> <span class='ocrx_word' id='word_1_140' title='bbox 2902 460 3022 515; x_wconf 66' lang='lat' dir='ltr'><strong>quae</strong></span> <span class='ocrx_word' id='word_1_141' title='bbox 3049 443 3102 498; x_wconf 92' lang='lat' dir='ltr'><strong>in</strong></span> <span class='ocrx_word' id='word_1_142' title='bbox 3135 441 3622 514; x_wconf 84' lang='lat' dir='ltr'><strong>signiﬁcationibus</strong></span> 
     </span>
    </p>
   </div>
   <div class='ocr_carea' id='block_1_20' title="bbox 2043 536 3624 608">
    <p class='ocr_par' dir='ltr' id='par_1_20' title="bbox 2043 536 3624 608">
     <span class='ocr_line' id='line_1_20' title="bbox 2043 536 3624 608; baseline -0.004 -9"><span class='ocrx_word' id='word_1_143' title='bbox 2043 544 2264 608; x_wconf 85' lang='lat' dir='ltr'><strong>dantur,</strong></span> <span class='ocrx_word' id='word_1_144' title='bbox 2300 557 2409 598; x_wconf 93' lang='lat' dir='ltr'><strong>non</strong></span> <span class='ocrx_word' id='word_1_145' title='bbox 2454 541 2545 596; x_wconf 92' lang='lat' dir='ltr'><strong>diu</strong></span> <span class='ocrx_word' id='word_1_146' title='bbox 2589 540 2793 604; x_wconf 90' lang='lat' dir='ltr'><strong>vivunt,</strong></span> <span class='ocrx_word' id='word_1_147' title='bbox 2828 539 2923 594; x_wconf 89' lang='lat' dir='ltr'><strong>sed</strong></span> <span class='ocrx_word' id='word_1_148' title='bbox 2963 538 3238 602; x_wconf 86' lang='lat' dir='ltr'><strong>continuo,</strong></span> <span class='ocrx_word' id='word_1_149' title='bbox 3269 545 3330 591; x_wconf 93' lang='lat' dir='ltr'><strong>ut</strong></span> <span class='ocrx_word' id='word_1_150' title='bbox 3356 544 3481 591; x_wconf 85' lang='lat' dir='ltr'><strong>nata</strong></span> <span class='ocrx_word' id='word_1_151' title='bbox 3509 536 3624 592; x_wconf 89' lang='lat' dir='ltr'><strong>fuc-</strong></span> 
     </span>
    </p>
   </div>
   <div class='ocr_carea' id='block_1_21' title="bbox 2045 632 3625 703">
    <p class='ocr_par' dir='ltr' id='par_1_21' title="bbox 2045 632 3625 703">
     <span class='ocr_line' id='line_1_21' title="bbox 2045 632 3625 703; baseline -0.004 -13"><span class='ocrx_word' id='word_1_152' title='bbox 2045 637 2178 699; x_wconf 88' lang='lat' dir='ltr'><strong>rint,</strong></span> <span class='ocrx_word' id='word_1_153' title='bbox 2217 634 2490 690; x_wconf 91' lang='lat' dir='ltr'><strong>occidunt.</strong></span> <span class='ocrx_word' id='word_1_154' title='bbox 2516 632 2661 687; x_wconf 86' lang='lat' dir='ltr'><strong>Inter</strong></span> <span class='ocrx_word' id='word_1_155' title='bbox 2695 639 3002 703; x_wconf 85' lang='lat' dir='ltr'><strong>portentum</strong></span> <span class='ocrx_word' id='word_1_156' title='bbox 3033 638 3211 685; x_wconf 89' lang='lat' dir='ltr'><strong>autem</strong></span> <span class='ocrx_word' id='word_1_157' title='bbox 3238 637 3296 684; x_wconf 91' lang='lat' dir='ltr'><strong>et</strong></span> <span class='ocrx_word' id='word_1_158' title='bbox 3311 637 3625 698; x_wconf 87' lang='lat' dir='ltr'><strong>portentuo-</strong></span> 
     </span>
    </p>
   </div>
   <div class='ocr_carea' id='block_1_22' title="bbox 2046 720 3627 795">
    <p class='ocr_par' dir='ltr' id='par_1_22' title="bbox 2046 720 3627 795">
     <span class='ocr_line' id='line_1_22' title="bbox 2046 720 3627 795; baseline -0.005 -11"><span class='ocrx_word' id='word_1_159' title='bbox 2046 744 2166 784; x_wconf 90' lang='lat' dir='ltr'><strong>sum</strong></span> <span class='ocrx_word' id='word_1_160' title='bbox 2204 726 2402 782; x_wconf 81' lang='lat' dir='ltr'><strong>diﬂ&#39;ert.</strong></span> <span class='ocrx_word' id='word_1_161' title='bbox 2446 724 2582 781; x_wconf 84' lang='lat' dir='ltr'><strong>Nam</strong></span> <span class='ocrx_word' id='word_1_162' title='bbox 2622 732 2869 795; x_wconf 89' lang='lat' dir='ltr'><strong>portenta</strong></span> <span class='ocrx_word' id='word_1_163' title='bbox 2899 731 3047 787; x_wconf 90' lang='lat' dir='ltr'><strong>sunt,</strong></span> <span class='ocrx_word' id='word_1_164' title='bbox 3091 736 3210 792; x_wconf 66' lang='lat' dir='ltr'><strong>quae</strong></span> <span class='ocrx_word' id='word_1_165' title='bbox 3237 720 3627 791; x_wconf 51' lang='lat' dir='ltr'><strong>transﬁguran‘</strong></span> 
     </span>
    </p>
   </div>
   <div class='ocr_carea' id='block_1_23' title="bbox 2047 812 3623 883">
    <p class='ocr_par' dir='ltr' id='par_1_23' title="bbox 2047 812 3623 883">
     <span class='ocr_line' id='line_1_23' title="bbox 2047 812 3623 883; baseline -0.006 -9"><span class='ocrx_word' id='word_1_166' title='bbox 2047 828 2157 883; x_wconf 86' lang='lat' dir='ltr'><strong>tur,</strong></span> <span class='ocrx_word' id='word_1_167' title='bbox 2194 817 2335 872; x_wconf 90' lang='lat' dir='ltr'><strong>sicut</strong></span> <span class='ocrx_word' id='word_1_168' title='bbox 2362 815 2534 871; x_wconf 80' lang='lat' dir='ltr'><strong>fertur</strong></span> <span class='ocrx_word' id='word_1_169' title='bbox 2571 815 2627 868; x_wconf 90' lang='lat' dir='ltr'><strong>in</strong></span> <span class='ocrx_word' id='word_1_170' title='bbox 2656 813 2875 869; x_wconf 88' lang='lat' dir='ltr'><strong>Umbria</strong></span> <span class='ocrx_word' id='word_1_171' title='bbox 2904 812 3182 867; x_wconf 87' lang='lat' dir='ltr'><strong>mulierem</strong></span> <span class='ocrx_word' id='word_1_172' title='bbox 3209 812 3483 881; x_wconf 89' lang='lat' dir='ltr'><strong>peperisse</strong></span> <span class='ocrx_word' id='word_1_173' title='bbox 3509 826 3623 865; x_wconf 84' lang='lat' dir='ltr'><strong>ser-</strong></span> 
     </span>
    </p>
   </div>
   <div class='ocr_carea' id='block_1_24' title="bbox 2045 902 3625 979">
    <p class='ocr_par' dir='ltr' id='par_1_24' title="bbox 2045 902 3625 979">
     <span class='ocr_line' id='line_1_24' title="bbox 2045 902 3625 979; baseline -0.005 -16"><span class='ocrx_word' id='word_1_174' title='bbox 2045 917 2281 979; x_wconf 87' lang='lat' dir='ltr'><strong>pentem.</strong></span> <span class='ocrx_word' id='word_1_175' title='bbox 2314 905 2467 962; x_wconf 86' lang='lat' dir='ltr'><strong>Unde</strong></span> <span class='ocrx_word' id='word_1_176' title='bbox 2503 904 2790 960; x_wconf 86' lang='lat' dir='ltr'><strong>Lucanus:</strong></span> <span class='ocrx_word' id='word_1_177' title='bbox 2821 902 3146 973; x_wconf 77' lang='lat' dir='ltr'><strong>Matremque</strong></span> <span class='ocrx_word' id='word_1_178' title='bbox 3174 919 3302 956; x_wconf 87' lang='lat' dir='ltr'><strong>suus</strong></span> <span class='ocrx_word' id='word_1_179' title='bbox 3341 902 3625 955; x_wconf 81' lang='lat' dir='ltr'><strong>conterruit</strong></span> 
     </span>
    </p>
   </div>
   <div class='ocr_carea' id='block_1_25' title="bbox 2045 990 3624 1066">
    <p class='ocr_par' dir='ltr' id='par_1_25' title="bbox 2045 990 3624 1066">
     <span class='ocr_line' id='line_1_25' title="bbox 2045 990 3624 1066; baseline -0.004 -16"><span class='ocrx_word' id='word_1_180' title='bbox 2045 996 2246 1066; x_wconf 74' lang='lat' dir='ltr'><strong>infans.</strong></span> <span class='ocrx_word' id='word_1_181' title='bbox 2269 994 2628 1050; x_wconf 88' lang='lat' dir='ltr'><strong>Portentuosa</strong></span> <span class='ocrx_word' id='word_1_182' title='bbox 2648 1007 2778 1047; x_wconf 88' lang='lat' dir='ltr'><strong>vero</strong></span> <span class='ocrx_word' id='word_1_183' title='bbox 2802 992 2973 1048; x_wconf 83' lang='lat' dir='ltr'><strong>levem</strong></span> <span class='ocrx_word' id='word_1_184' title='bbox 2998 998 3217 1046; x_wconf 92' lang='lat' dir='ltr'><strong>sumunt</strong></span> <span class='ocrx_word' id='word_1_185' title='bbox 3238 990 3624 1055; x_wconf 87' lang='lat' dir='ltr'><strong>mutationem;</strong></span> 
     </span>
    </p>
   </div>
   <div class='ocr_carea' id='block_1_26' title="bbox 2046 1080 3625 1156">
    <p class='ocr_par' dir='ltr' id='par_1_26' title="bbox 2046 1080 3625 1156">
     <span class='ocr_line' id='line_1_26' title="bbox 2046 1080 3625 1156; baseline -0.005 -15"><span class='ocrx_word' id='word_1_186' title='bbox 2046 1094 2109 1140; x_wconf 90' lang='lat' dir='ltr'><strong>ut</strong></span> <span class='ocrx_word' id='word_1_187' title='bbox 2128 1085 2359 1156; x_wconf 80' lang='lat' dir='ltr'><strong>exempli</strong></span> <span class='ocrx_word' id='word_1_188' title='bbox 2386 1100 2549 1140; x_wconf 89' lang='lat' dir='ltr'><strong>causa</strong></span> <span class='ocrx_word' id='word_1_189' title='bbox 2571 1098 2693 1138; x_wconf 89' lang='lat' dir='ltr'><strong>cum</strong></span> <span class='ocrx_word' id='word_1_190' title='bbox 2721 1098 2816 1138; x_wconf 89' lang='lat' dir='ltr'><strong>sex</strong></span> <span class='ocrx_word' id='word_1_191' title='bbox 2849 1082 3033 1153; x_wconf 78' lang='lat' dir='ltr'><strong>digitis</strong></span> <span class='ocrx_word' id='word_1_192' title='bbox 3068 1082 3203 1136; x_wconf 88' lang='lat' dir='ltr'><strong>nati.</strong></span> <span class='ocrx_word' id='word_1_193' title='bbox 3235 1081 3494 1136; x_wconf 89' lang='lat' dir='ltr'><strong>Portenta</strong></span> <span class='ocrx_word' id='word_1_194' title='bbox 3524 1080 3625 1150; x_wconf 86' lang='lat' dir='ltr'><strong>igi-</strong></span> 
     </span>
    </p>
   </div>
   <div class='ocr_carea' id='block_1_27' title="bbox 2048 1173 3629 1250">
    <p class='ocr_par' dir='ltr' id='par_1_27' title="bbox 2048 1173 3629 1250">
     <span class='ocr_line' id='line_1_27' title="bbox 2048 1173 3629 1250; baseline -0.004 -16"><span class='ocrx_word' id='word_1_195' title='bbox 2048 1189 2139 1234; x_wconf 85' lang='lat' dir='ltr'><strong>tur</strong></span> <span class='ocrx_word' id='word_1_196' title='bbox 2160 1180 2247 1235; x_wconf 90' lang='lat' dir='ltr'><strong>vel</strong></span> <span class='ocrx_word' id='word_1_197' title='bbox 2273 1186 2627 1250; x_wconf 83' lang='lat' dir='ltr'><strong>portentuosa</strong></span> <span class='ocrx_word' id='word_1_198' title='bbox 2654 1177 2913 1242; x_wconf 88' lang='lat' dir='ltr'><strong>existunt,</strong></span> <span class='ocrx_word' id='word_1_199' title='bbox 2940 1176 3046 1230; x_wconf 88' lang='lat' dir='ltr'><strong>alia</strong></span> <span class='ocrx_word' id='word_1_200' title='bbox 3067 1174 3438 1246; x_wconf 79' lang='lat' dir='ltr'><strong>magnitudine</strong></span> <span class='ocrx_word' id='word_1_201' title='bbox 3463 1173 3629 1227; x_wconf 88' lang='lat' dir='ltr'><strong>totius</strong></span> 
     </span>
    </p>
   </div>
   <div class='ocr_carea' id='block_1_28' title="bbox 2050 1266 3630 1340">
    <p class='ocr_par' dir='ltr' id='par_1_28' title="bbox 2050 1266 3630 1340">
     <span class='ocr_line' id='line_1_28' title="bbox 2050 1266 3630 1340; baseline -0.005 -15"><span class='ocrx_word' id='word_1_202' title='bbox 2050 1271 2292 1340; x_wconf 90' lang='lat' dir='ltr'><strong>corporis</strong></span> <span class='ocrx_word' id='word_1_203' title='bbox 2317 1269 2456 1323; x_wconf 90' lang='lat' dir='ltr'><strong>ultra</strong></span> <span class='ocrx_word' id='word_1_204' title='bbox 2497 1283 2837 1323; x_wconf 90' lang='lat' dir='ltr'><strong>communem</strong></span> <span class='ocrx_word' id='word_1_205' title='bbox 2874 1268 3154 1322; x_wconf 87' lang='lat' dir='ltr'><strong>hominum</strong></span> <span class='ocrx_word' id='word_1_206' title='bbox 3182 1266 3417 1324; x_wconf 89' lang='lat' dir='ltr'><strong>modum.</strong></span> <span class='ocrx_word' id='word_1_207' title='bbox 3441 1272 3630 1335; x_wconf 88' lang='lat' dir='ltr'><strong>quate-</strong></span> 
     </span>
    </p>
   </div>
   <div class='ocr_carea' id='block_1_29' title="bbox 2051 1351 3629 1428">
    <p class='ocr_par' dir='ltr' id='par_1_29' title="bbox 2051 1351 3629 1428">
     <span class='ocr_line' id='line_1_29' title="bbox 2051 1351 3629 1428; baseline -0.003 -14"><span class='ocrx_word' id='word_1_208' title='bbox 2051 1376 2154 1415; x_wconf 88' lang='lat' dir='ltr'><strong>nus</strong></span> <span class='ocrx_word' id='word_1_209' title='bbox 2193 1360 2294 1413; x_wconf 83' lang='lat' dir='ltr'><strong>iuit</strong></span> <span class='ocrx_word' id='word_1_210' title='bbox 2318 1360 2477 1414; x_wconf 83' lang='lat' dir='ltr'><strong>Titan</strong></span> <span class='ocrx_word' id='word_1_211' title='bbox 2515 1359 2569 1413; x_wconf 93' lang='lat' dir='ltr'><strong>in</strong></span> <span class='ocrx_word' id='word_1_212' title='bbox 2607 1374 2798 1413; x_wconf 91' lang='lat' dir='ltr'><strong>novem</strong></span> <span class='ocrx_word' id='word_1_213' title='bbox 2842 1356 3126 1428; x_wconf 81' lang='lat' dir='ltr'><strong>iugeribus</strong></span> <span class='ocrx_word' id='word_1_214' title='bbox 3144 1356 3357 1426; x_wconf 90' lang='lat' dir='ltr'><strong>jacens,</strong></span> <span class='ocrx_word' id='word_1_215' title='bbox 3396 1351 3629 1410; x_wconf 74' lang='lat' dir='ltr'><strong>ilom‘ero</strong></span> 
     </span>
    </p>
   </div>
   <div class='ocr_carea' id='block_1_30' title="bbox 2053 1444 3631 1521">
    <p class='ocr_par' dir='ltr' id='par_1_30' title="bbox 2053 1444 3631 1521">
     <span class='ocr_line' id='line_1_30' title="bbox 2053 1444 3631 1521; baseline -0.003 -16"><span class='ocrx_word' id='word_1_216' title='bbox 2053 1458 2307 1505; x_wconf 88' lang='lat' dir='ltr'><strong>testante.</strong></span> <span class='ocrx_word' id='word_1_217' title='bbox 2353 1449 2473 1505; x_wconf 81' lang='lat' dir='ltr'><strong>Alia</strong></span> <span class='ocrx_word' id='word_1_218' title='bbox 2508 1451 2774 1521; x_wconf 86' lang='lat' dir='ltr'><strong>pravitate</strong></span> <span class='ocrx_word' id='word_1_219' title='bbox 2806 1449 2969 1503; x_wconf 87' lang='lat' dir='ltr'><strong>totius</strong></span> <span class='ocrx_word' id='word_1_220' title='bbox 2998 1448 3263 1519; x_wconf 83' lang='lat' dir='ltr'><strong>corporis,</strong></span> <span class='ocrx_word' id='word_1_221' title='bbox 3285 1455 3346 1501; x_wconf 90' lang='lat' dir='ltr'><strong>ut</strong></span> <span class='ocrx_word' id='word_1_222' title='bbox 3373 1446 3520 1511; x_wconf 89' lang='lat' dir='ltr'><strong>naui,</strong></span> <span class='ocrx_word' id='word_1_223' title='bbox 3545 1444 3631 1501; x_wconf 88' lang='lat' dir='ltr'><strong>vel</strong></span> 
     </span>
    </p>
   </div>
   <div class='ocr_carea' id='block_1_31' title="bbox 2051 1539 3631 1612">
    <p class='ocr_par' dir='ltr' id='par_1_31' title="bbox 2051 1539 3631 1612">
     <span class='ocr_line' id='line_1_31' title="bbox 2051 1539 3631 1612; baseline -0.001 -17"><span class='ocrx_word' id='word_1_224' title='bbox 2051 1557 2187 1612; x_wconf 89' lang='lat' dir='ltr'><strong>quos</strong></span> <span class='ocrx_word' id='word_1_225' title='bbox 2232 1540 2404 1596; x_wconf 70' lang='lat' dir='ltr'><strong>Graeci</strong></span> <span class='ocrx_word' id='word_1_226' title='bbox 2433 1540 2715 1612; x_wconf 74' lang='lat' dir='ltr'><strong>Pygmzeos</strong></span> <span class='ocrx_word' id='word_1_227' title='bbox 2755 1549 2972 1606; x_wconf 87' lang='lat' dir='ltr'><strong>vocant,</strong></span> <span class='ocrx_word' id='word_1_228' title='bbox 3016 1554 3081 1595; x_wconf 86' lang='lat' dir='ltr'><strong>eo</strong></span> <span class='ocrx_word' id='word_1_229' title='bbox 3107 1540 3249 1609; x_wconf 92' lang='lat' dir='ltr'><strong>quod</strong></span> <span class='ocrx_word' id='word_1_230' title='bbox 3284 1539 3392 1595; x_wconf 88' lang='lat' dir='ltr'><strong>sint</strong></span> <span class='ocrx_word' id='word_1_231' title='bbox 3412 1547 3631 1594; x_wconf 67' lang='lat' dir='ltr'><strong>statiua:</strong></span> 
     </span>
    </p>
   </div>
   <div class='ocr_carea' id='block_1_32' title="bbox 2054 1628 3631 1701">
    <p class='ocr_par' dir='ltr' id='par_1_32' title="bbox 2054 1628 3631 1701">
     <span class='ocr_line' id='line_1_32' title="bbox 2054 1628 3631 1701; baseline -0.001 -15"><span class='ocrx_word' id='word_1_232' title='bbox 2054 1630 2323 1687; x_wconf 85' lang='lat' dir='ltr'><strong>cubitalis.</strong></span> <span class='ocrx_word' id='word_1_233' title='bbox 2363 1630 2507 1695; x_wconf 84' lang='lat' dir='ltr'><strong>Alia,</strong></span> <span class='ocrx_word' id='word_1_234' title='bbox 2550 1631 2919 1701; x_wconf 78' lang='lat' dir='ltr'><strong>magnitudine</strong></span> <span class='ocrx_word' id='word_1_235' title='bbox 2961 1631 3217 1701; x_wconf 88' lang='lat' dir='ltr'><strong>partium,</strong></span> <span class='ocrx_word' id='word_1_236' title='bbox 3251 1628 3415 1684; x_wconf 88' lang='lat' dir='ltr'><strong>veluti</strong></span> <span class='ocrx_word' id='word_1_237' title='bbox 3456 1630 3631 1700; x_wconf 87' lang='lat' dir='ltr'><strong>capite</strong></span> 
     </span>
    </p>
   </div>
   <div class='ocr_carea' id='block_1_33' title="bbox 370 1715 3632 1807">
    <p class='ocr_par' dir='ltr' id='par_1_33' title="bbox 370 1715 3632 1807">
     <span class='ocr_line' id='line_1_33' title="bbox 370 1715 3632 1807; baseline -0.005 -15"><span class='ocrx_word' id='word_1_238' title='bbox 370 1722 488 1792; x_wconf 85' lang='lat' dir='ltr'><strong>sine</strong></span> <span class='ocrx_word' id='word_1_239' title='bbox 509 1736 664 1807; x_wconf 92' lang='lat' dir='ltr'><strong>pulsu</strong></span> <span class='ocrx_word' id='word_1_240' title='bbox 694 1744 748 1788; x_wconf 92' lang='lat' dir='ltr'><strong>et</strong></span> <span class='ocrx_word' id='word_1_241' title='bbox 788 1732 1142 1803; x_wconf 88' lang='lat' dir='ltr'><strong>palpitatione</strong></span> <span class='ocrx_word' id='word_1_242' title='bbox 1166 1736 1268 1792; x_wconf 92' lang='lat' dir='ltr'><strong>est,</strong></span> <span class='ocrx_word' id='word_1_243' title='bbox 1296 1727 1347 1781; x_wconf 92' lang='lat' dir='ltr'><strong>id</strong></span> <span class='ocrx_word' id='word_1_244' title='bbox 1376 1736 1478 1791; x_wconf 90' lang='lat' dir='ltr'><strong>est,</strong></span> <span class='ocrx_word' id='word_1_245' title='bbox 1512 1727 1629 1782; x_wconf 89' lang='lat' dir='ltr'><strong>sine</strong></span> <span class='ocrx_word' id='word_1_246' title='bbox 1656 1733 1822 1780; x_wconf 90' lang='lat' dir='ltr'><strong>motu.</strong></span> <span class='ocrx_word' id='word_1_247' title='bbox 1851 1722 1948 1778; x_wconf 88' lang='lat' dir='ltr'><strong>Se-</strong></span> <span class='ocrx_word' id='word_1_248' title='bbox 1974 1715 2022 1775; x_wconf 92' lang='lat' dir='ltr'><strong>B</strong></span> <span class='ocrx_word' id='word_1_249' title='bbox 2050 1723 2289 1788; x_wconf 88' lang='lat' dir='ltr'><strong>informi,</strong></span> <span class='ocrx_word' id='word_1_250' title='bbox 2327 1730 2419 1776; x_wconf 89' lang='lat' dir='ltr'><strong>aut</strong></span> <span class='ocrx_word' id='word_1_251' title='bbox 2443 1721 2727 1792; x_wconf 86' lang='lat' dir='ltr'><strong>superﬁuis</strong></span> <span class='ocrx_word' id='word_1_252' title='bbox 2755 1724 3119 1777; x_wconf 87' lang='lat' dir='ltr'><strong>membrorum</strong></span> <span class='ocrx_word' id='word_1_253' title='bbox 3152 1721 3425 1791; x_wconf 84' lang='lat' dir='ltr'><strong>partibus,</strong></span> <span class='ocrx_word' id='word_1_254' title='bbox 3451 1729 3511 1775; x_wconf 91' lang='lat' dir='ltr'><strong>ut</strong></span> <span class='ocrx_word' id='word_1_255' title='bbox 3551 1721 3632 1775; x_wconf 88' lang='lat' dir='ltr'><strong>bi-</strong></span> 
     </span>
    </p>
   </div>
   <div class='ocr_carea' id='block_1_34' title="bbox 373 1816 1949 1898">
    <p class='ocr_par' dir='ltr' id='par_1_34' title="bbox 373 1816 1949 1898">
     <span class='ocr_line' id='line_1_34' title="bbox 373 1816 1949 1898; baseline -0.009 -16"><span class='ocrx_word' id='word_1_256' title='bbox 373 1827 540 1898; x_wconf 85' lang='lat' dir='ltr'><strong>pelire</strong></span> <span class='ocrx_word' id='word_1_257' title='bbox 589 1834 673 1881; x_wconf 86' lang='lat' dir='ltr'><strong>est</strong></span> <span class='ocrx_word' id='word_1_258' title='bbox 733 1831 911 1877; x_wconf 87' lang='lat' dir='ltr'><strong>autem</strong></span> <span class='ocrx_word' id='word_1_259' title='bbox 960 1821 1192 1875; x_wconf 89' lang='lat' dir='ltr'><strong>condere</strong></span> <span class='ocrx_word' id='word_1_260' title='bbox 1251 1834 1466 1891; x_wconf 70' lang='lat' dir='ltr'><strong>conpus.</strong></span> <span class='ocrx_word' id='word_1_261' title='bbox 1528 1816 1663 1872; x_wconf 85' lang='lat' dir='ltr'><strong>Nam</strong></span> <span class='ocrx_word' id='word_1_262' title='bbox 1722 1816 1949 1871; x_wconf 90' lang='lat' dir='ltr'><strong>humare</strong></span> 
     </span>
    </p>
   </div>
   <div class='ocr_carea' id='block_1_35' title="bbox 374 1905 1951 1979">
    <p class='ocr_par' dir='ltr' id='par_1_35' title="bbox 374 1905 1951 1979">
     <span class='ocr_line' id='line_1_35' title="bbox 374 1905 1951 1979; baseline -0.008 -7"><span class='ocrx_word' id='word_1_263' title='bbox 374 1918 605 1972; x_wconf 88' lang='lat' dir='ltr'><strong>obruere</strong></span> <span class='ocrx_word' id='word_1_264' title='bbox 638 1914 887 1979; x_wconf 90' lang='lat' dir='ltr'><strong>dicimus,</strong></span> <span class='ocrx_word' id='word_1_265' title='bbox 915 1913 1019 1966; x_wconf 90' lang='lat' dir='ltr'><strong>hoc</strong></span> <span class='ocrx_word' id='word_1_266' title='bbox 1041 1919 1147 1974; x_wconf 84' lang='lat' dir='ltr'><strong>est,</strong></span> <span class='ocrx_word' id='word_1_267' title='bbox 1175 1910 1396 1963; x_wconf 91' lang='lat' dir='ltr'><strong>humum</strong></span> <span class='ocrx_word' id='word_1_268' title='bbox 1429 1908 1669 1979; x_wconf 87' lang='lat' dir='ltr'><strong>injicere.</strong></span> <span class='ocrx_word' id='word_1_269' title='bbox 1699 1905 1951 1977; x_wconf 83' lang='lat' dir='ltr'><strong>Sepultus</strong></span> 
     </span>
    </p>
   </div>
   <div class='ocr_carea' id='block_1_36' title="bbox 378 1994 1952 2063">
    <p class='ocr_par' dir='ltr' id='par_1_36' title="bbox 378 1994 1952 2063">
     <span class='ocr_line' id='line_1_36' title="bbox 378 1994 1952 2063; baseline -0.008 -1"><span class='ocrx_word' id='word_1_270' title='bbox 378 2019 557 2063; x_wconf 88' lang='lat' dir='ltr'><strong>autem</strong></span> <span class='ocrx_word' id='word_1_271' title='bbox 587 2023 691 2062; x_wconf 92' lang='lat' dir='ltr'><strong>non</strong></span> <span class='ocrx_word' id='word_1_272' title='bbox 722 2005 868 2060; x_wconf 87' lang='lat' dir='ltr'><strong>vitiis</strong></span> <span class='ocrx_word' id='word_1_273' title='bbox 897 2004 1146 2058; x_wconf 89' lang='lat' dir='ltr'><strong>obrutum</strong></span> <span class='ocrx_word' id='word_1_274' title='bbox 1190 2010 1283 2055; x_wconf 88' lang='lat' dir='ltr'><strong>aut</strong></span> <span class='ocrx_word' id='word_1_275' title='bbox 1311 2000 1622 2054; x_wconf 89' lang='lat' dir='ltr'><strong>damnatum</strong></span> <span class='ocrx_word' id='word_1_276' title='bbox 1657 1996 1710 2050; x_wconf 90' lang='lat' dir='ltr'><strong>in</strong></span> <span class='ocrx_word' id='word_1_277' title='bbox 1743 1994 1952 2051; x_wconf 83' lang='lat' dir='ltr'><strong>inferno</strong></span> 
     </span>
    </p>
   </div>
   <div class='ocr_carea' id='block_1_37' title="bbox 373 2082 1954 2169">
    <p class='ocr_par' dir='ltr' id='par_1_37' title="bbox 373 2082 1954 2169">
     <span class='ocr_line' id='line_1_37' title="bbox 373 2082 1954 2169; baseline -0.011 -16"><span class='ocrx_word' id='word_1_278' title='bbox 373 2097 657 2169; x_wconf 84' lang='lat' dir='ltr'><strong>signiﬁcat.</strong></span> <span class='ocrx_word' id='word_1_279' title='bbox 687 2094 839 2150; x_wconf 86' lang='lat' dir='ltr'><strong>Unde</strong></span> <span class='ocrx_word' id='word_1_280' title='bbox 868 2092 1065 2148; x_wconf 84' lang='lat' dir='ltr'><strong>dicitur</strong></span> <span class='ocrx_word' id='word_1_281' title='bbox 1091 2111 1103 2144; x_wconf 90' lang='lat'><strong>:</strong></span> <span class='ocrx_word' id='word_1_282' title='bbox 1133 2089 1375 2144; x_wconf 76' lang='lat' dir='ltr'><strong>Mortuus</strong></span> <span class='ocrx_word' id='word_1_283' title='bbox 1412 2097 1485 2140; x_wconf 85' lang='lat' dir='ltr'><strong>est</strong></span> <span class='ocrx_word' id='word_1_284' title='bbox 1512 2096 1571 2139; x_wconf 65' lang='lat' dir='ltr'><strong>«et</strong></span> <span class='ocrx_word' id='word_1_285' title='bbox 1601 2082 1763 2149; x_wconf 81' lang='lat' dir='ltr'><strong>dives,</strong></span> <span class='ocrx_word' id='word_1_286' title='bbox 1790 2094 1837 2138; x_wconf 85' lang='lat' dir='ltr'><strong>et</strong></span> <span class='ocrx_word' id='word_1_287' title='bbox 1872 2100 1954 2137; x_wconf 84' lang='lat' dir='ltr'><strong>se-</strong></span> 
     </span>
    </p>
   </div>
   <div class='ocr_carea' id='block_1_38' title="bbox 373 2174 1956 2256">
    <p class='ocr_par' dir='ltr' id='par_1_38' title="bbox 373 2174 1956 2256">
     <span class='ocr_line' id='line_1_38' title="bbox 373 2174 1956 2256; baseline -0.007 -15"><span class='ocrx_word' id='word_1_288' title='bbox 373 2186 548 2256; x_wconf 84' lang='lat' dir='ltr'><strong>pultus</strong></span> <span class='ocrx_word' id='word_1_289' title='bbox 571 2194 643 2239; x_wconf 85' lang='lat' dir='ltr'><strong>est</strong></span> <span class='ocrx_word' id='word_1_290' title='bbox 672 2186 727 2237; x_wconf 86' lang='lat' dir='ltr'><strong>iu</strong></span> <span class='ocrx_word' id='word_1_291' title='bbox 756 2182 965 2252; x_wconf 77' lang='lat' dir='ltr'><strong>inferno</strong></span> <span class='ocrx_word' id='word_1_292' title='bbox 984 2174 1138 2251; x_wconf 86' lang='lat' dir='ltr'><strong>(Luc.</strong></span> <span class='ocrx_word' id='word_1_293' title='bbox 1165 2178 1277 2248; x_wconf 78' lang='lat' dir='ltr'><strong>xv).</strong></span> <span class='ocrx_word' id='word_1_294' title='bbox 1318 2174 1636 2247; x_wconf 82' lang='lat' dir='ltr'><strong>Sepulcrum</strong></span> <span class='ocrx_word' id='word_1_295' title='bbox 1667 2190 1793 2230; x_wconf 88' lang='lat' dir='ltr'><strong>vero</strong></span> <span class='ocrx_word' id='word_1_296' title='bbox 1827 2174 1956 2230; x_wconf 89' lang='lat' dir='ltr'><strong>alle-</strong></span> 
     </span>
    </p>
   </div>
   <div class='ocr_carea' id='block_1_39' title="bbox 374 2264 1955 2349">
    <p class='ocr_par' dir='ltr' id='par_1_39' title="bbox 374 2264 1955 2349">
     <span class='ocr_line' id='line_1_39' title="bbox 374 2264 1955 2349; baseline -0.008 -18"><span class='ocrx_word' id='word_1_297' title='bbox 374 2277 556 2349; x_wconf 88' lang='lat' dir='ltr'><strong>gorice</strong></span> <span class='ocrx_word' id='word_1_298' title='bbox 585 2290 782 2346; x_wconf 88' lang='lat' dir='ltr'><strong>corpus</strong></span> <span class='ocrx_word' id='word_1_299' title='bbox 810 2272 1112 2343; x_wconf 90' lang='lat' dir='ltr'><strong>peccatoris</strong></span> <span class='ocrx_word' id='word_1_300' title='bbox 1140 2269 1477 2339; x_wconf 81' lang='lat' dir='ltr'><strong>intelligitur,</strong></span> <span class='ocrx_word' id='word_1_301' title='bbox 1514 2275 1781 2321; x_wconf 86' lang='lat' dir='ltr'><strong>mortuam</strong></span> <span class='ocrx_word' id='word_1_302' title='bbox 1810 2264 1955 2318; x_wconf 87' lang='lat' dir='ltr'><strong>vitiis</strong></span> 
     </span>
    </p>
   </div>
   <div class='ocr_carea' id='block_1_40' title="bbox 375 2353 1956 2425">
    <p class='ocr_par' dir='ltr' id='par_1_40' title="bbox 375 2353 1956 2425">
     <span class='ocr_line' id='line_1_40' title="bbox 375 2353 1956 2425; baseline -0.009 -4"><span class='ocrx_word' id='word_1_303' title='bbox 375 2368 613 2421; x_wconf 88' lang='lat' dir='ltr'><strong>animam</strong></span> <span class='ocrx_word' id='word_1_304' title='bbox 661 2364 990 2417; x_wconf 86' lang='lat' dir='ltr'><strong>intrinsecus</strong></span> <span class='ocrx_word' id='word_1_305' title='bbox 1024 2360 1285 2414; x_wconf 84' lang='lat' dir='ltr'><strong>retinens.</strong></span> <span class='ocrx_word' id='word_1_306' title='bbox 1327 2355 1395 2411; x_wconf 88' lang='lat' dir='ltr'><strong>Et</strong></span> <span class='ocrx_word' id='word_1_307' title='bbox 1422 2357 1475 2410; x_wconf 91' lang='lat' dir='ltr'><strong>in</strong></span> <span class='ocrx_word' id='word_1_308' title='bbox 1509 2354 1799 2425; x_wconf 83' lang='lat' dir='ltr'><strong>Evangelio</strong></span> <span class='ocrx_word' id='word_1_309' title='bbox 1824 2353 1956 2407; x_wconf 78' lang='lat' dir='ltr'><strong>dici-</strong></span> 
     </span>
    </p>
   </div>
   <div class='ocr_carea' id='block_1_41' title="bbox 375 2442 1959 2520">
    <p class='ocr_par' dir='ltr' id='par_1_41' title="bbox 375 2442 1959 2520">
     <span class='ocr_line' id='line_1_41' title="bbox 375 2442 1959 2520; baseline -0.008 -10"><span class='ocrx_word' id='word_1_310' title='bbox 375 2462 497 2510; x_wconf 84' lang='lat' dir='ltr'><strong>tur:</strong></span> <span class='ocrx_word' id='word_1_311' title='bbox 533 2453 669 2520; x_wconf 84' lang='lat' dir='ltr'><strong>Quia</strong></span> <span class='ocrx_word' id='word_1_312' title='bbox 701 2452 897 2506; x_wconf 75' lang='lat' dir='ltr'><strong>similes</strong></span> <span class='ocrx_word' id='word_1_313' title='bbox 926 2452 1047 2504; x_wconf 84' lang='lat' dir='ltr'><strong>estis</strong></span> <span class='ocrx_word' id='word_1_314' title='bbox 1075 2446 1326 2519; x_wconf 76' lang='lat' dir='ltr'><strong>sepulcris</strong></span> <span class='ocrx_word' id='word_1_315' title='bbox 1363 2442 1639 2509; x_wconf 81' lang='lat' dir='ltr'><strong>dealbatis,</strong></span> <span class='ocrx_word' id='word_1_316' title='bbox 1666 2462 1783 2515; x_wconf 70' lang='lat' dir='ltr'><strong>qua:</strong></span> <span class='ocrx_word' id='word_1_317' title='bbox 1809 2463 1841 2498; x_wconf 90' lang='lat' dir='ltr'><strong>a</strong></span> <span class='ocrx_word' id='word_1_318' title='bbox 1879 2443 1959 2513; x_wconf 81' lang='lat' dir='ltr'><strong>fo-</strong></span> 
     </span>
    </p>
   </div>
   <div class='ocr_carea' id='block_1_42' title="bbox 376 2535 1960 2614">
    <p class='ocr_par' dir='ltr' id='par_1_42' title="bbox 376 2535 1960 2614">
     <span class='ocr_line' id='line_1_42' title="bbox 376 2535 1960 2614; baseline -0.008 -16"><span class='ocrx_word' id='word_1_319' title='bbox 376 2545 447 2598; x_wconf 86' lang='lat' dir='ltr'><strong>ris</strong></span> <span class='ocrx_word' id='word_1_320' title='bbox 483 2551 666 2614; x_wconf 85' lang='lat' dir='ltr'><strong>parent</strong></span> <span class='ocrx_word' id='word_1_321' title='bbox 705 2540 1002 2594; x_wconf 84' lang='lat' dir='ltr'><strong>hominibus</strong></span> <span class='ocrx_word' id='word_1_322' title='bbox 1036 2538 1287 2608; x_wconf 85' lang='lat' dir='ltr'><strong>speciosa,</strong></span> <span class='ocrx_word' id='word_1_323' title='bbox 1332 2537 1473 2590; x_wconf 88' lang='lat' dir='ltr'><strong>intus</strong></span> <span class='ocrx_word' id='word_1_324' title='bbox 1500 2552 1618 2589; x_wconf 84' lang='lat' dir='ltr'><strong>vero</strong></span> <span class='ocrx_word' id='word_1_325' title='bbox 1651 2535 1805 2605; x_wconf 83' lang='lat' dir='ltr'><strong>plena</strong></span> <span class='ocrx_word' id='word_1_326' title='bbox 1837 2541 1960 2587; x_wconf 83' lang='lat' dir='ltr'><strong>sunt</strong></span> 
     </span>
    </p>
   </div>
   <div class='ocr_carea' id='block_1_43' title="bbox 376 2624 1960 2698">
    <p class='ocr_par' dir='ltr' id='par_1_43' title="bbox 376 2624 1960 2698">
     <span class='ocr_line' id='line_1_43' title="bbox 376 2624 1960 2698; baseline -0.007 -10"><span class='ocrx_word' id='word_1_327' title='bbox 376 2632 579 2688; x_wconf 86' lang='lat' dir='ltr'><strong>ossibus</strong></span> <span class='ocrx_word' id='word_1_328' title='bbox 620 2640 945 2685; x_wconf 80' lang='lat' dir='ltr'><strong>mortuorum</strong></span> <span class='ocrx_word' id='word_1_329' title='bbox 972 2627 1186 2698; x_wconf 77' lang='lat' dir='ltr'><strong>(Matth.</strong></span> <span class='ocrx_word' id='word_1_330' title='bbox 1232 2625 1412 2696; x_wconf 84' lang='lat' dir='ltr'><strong>xxm).</strong></span> <span class='ocrx_word' id='word_1_331' title='bbox 1456 2624 1758 2693; x_wconf 85' lang='lat' dir='ltr'><strong>Aliquando</strong></span> <span class='ocrx_word' id='word_1_332' title='bbox 1780 2633 1960 2677; x_wconf 90' lang='lat' dir='ltr'><strong>tamen</strong></span> 
     </span>
    </p>
   </div>
   <div class='ocr_carea' id='block_1_44' title="bbox 377 2699 1959 2792">
    <p class='ocr_par' dir='ltr' id='par_1_44' title="bbox 377 2699 1959 2792">
     <span class='ocr_line' id='line_1_44' title="bbox 377 2699 1959 2792; baseline -0.007 -14"><span class='ocrx_word' id='word_1_333' title='bbox 377 2721 681 2792; x_wconf 85' lang='lat' dir='ltr'><strong>sepulcrum</strong></span> <span class='ocrx_word' id='word_1_334' title='bbox 724 2718 1038 2772; x_wconf 86' lang='lat' dir='ltr'><strong>memoriam</strong></span> <span class='ocrx_word' id='word_1_335' title='bbox 1083 2716 1272 2769; x_wconf 89' lang='lat' dir='ltr'><strong>mortis</strong></span> <span class='ocrx_word' id='word_1_336' title='bbox 1320 2723 1381 2787; x_wconf 72' lang='lat' dir='ltr'><strong>et</strong></span> <span class='ocrx_word' id='word_1_337' title='bbox 1412 2712 1821 2769; x_wconf 87' lang='lat' dir='ltr'><strong>resurrectionis</strong></span> <span class='ocrx_word' id='word_1_338' title='bbox 1851 2699 1959 2767; x_wconf 81' lang='lat' dir='ltr'><strong>Do-</strong></span> 
     </span>
    </p>
   </div>
   <div class='ocr_carea' id='block_1_45' title="bbox 380 2799 1959 2881">
    <p class='ocr_par' dir='ltr' id='par_1_45' title="bbox 380 2799 1959 2881">
     <span class='ocr_line' id='line_1_45' title="bbox 380 2799 1959 2881; baseline -0.008 -14"><span class='ocrx_word' id='word_1_339' title='bbox 380 2812 508 2868; x_wconf 90' lang='lat' dir='ltr'><strong>mini</strong></span> <span class='ocrx_word' id='word_1_340' title='bbox 548 2808 835 2881; x_wconf 88' lang='lat' dir='ltr'><strong>signiﬁcat,</strong></span> <span class='ocrx_word' id='word_1_341' title='bbox 892 2808 1025 2861; x_wconf 90' lang='lat' dir='ltr'><strong>utin</strong></span> <span class='ocrx_word' id='word_1_342' title='bbox 1065 2805 1203 2861; x_wconf 88' lang='lat' dir='ltr'><strong>Isaia</strong></span> <span class='ocrx_word' id='word_1_343' title='bbox 1230 2823 1242 2858; x_wconf 90' lang='lat'><strong>:</strong></span> <span class='ocrx_word' id='word_1_344' title='bbox 1270 2804 1339 2859; x_wconf 84' lang='lat' dir='ltr'><strong>Et</strong></span> <span class='ocrx_word' id='word_1_345' title='bbox 1377 2805 1499 2870; x_wconf 84' lang='lat' dir='ltr'><strong>erit,</strong></span> <span class='ocrx_word' id='word_1_346' title='bbox 1547 2803 1741 2873; x_wconf 87' lang='lat' dir='ltr'><strong>inquit,</strong></span> <span class='ocrx_word' id='word_1_347' title='bbox 1783 2799 1959 2873; x_wconf 86' lang='lat' dir='ltr'><strong>sepul-</strong></span> 
     </span>
    </p>
   </div>
   <div class='ocr_carea' id='block_1_46' title="bbox 378 2896 1273 2973">
    <p class='ocr_par' dir='ltr' id='par_1_46' title="bbox 378 2896 1273 2973">
     <span class='ocr_line' id='line_1_46' title="bbox 378 2896 1273 2973; baseline -0.008 -15"><span class='ocrx_word' id='word_1_348' title='bbox 378 2917 525 2958; x_wconf 85' lang='lat' dir='ltr'><strong>crum</strong></span> <span class='ocrx_word' id='word_1_349' title='bbox 554 2902 667 2973; x_wconf 85' lang='lat' dir='ltr'><strong>ejus</strong></span> <span class='ocrx_word' id='word_1_350' title='bbox 698 2899 982 2972; x_wconf 84' lang='lat' dir='ltr'><strong>gloriosum</strong></span> <span class='ocrx_word' id='word_1_351' title='bbox 1006 2896 1142 2971; x_wconf 87' lang='lat' dir='ltr'><strong>(Isa.</strong></span> <span class='ocrx_word' id='word_1_352' title='bbox 1174 2896 1273 2970; x_wconf 77' lang='grc' dir='ltr'>ιι).</span> 
     </span>
    </p>
   </div>
   <div class='ocr_carea' id='block_1_47' title="bbox 973 3006 1359 3064">
    <p class='ocr_par' dir='ltr' id='par_1_47' title="bbox 973 3006 1359 3064">
     <span class='ocr_line' id='line_1_47' title="bbox 973 3006 1359 3064; baseline -0.003 0"><span class='ocrx_word' id='word_1_353' title='bbox 973 3007 1199 3064; x_wconf 79' lang='lat' dir='ltr'><strong>CAPUT</strong></span> <span class='ocrx_word' id='word_1_354' title='bbox 1250 3006 1359 3063; x_wconf 84' lang='lat' dir='ltr'><strong>VII.</strong></span> 
     </span>
    </p>
   </div>
   <div class='ocr_carea' id='block_1_48' title="bbox 976 3078 1352 3148">
    <p class='ocr_par' dir='ltr' id='par_1_48' title="bbox 976 3078 1352 3148">
     <span class='ocr_line' id='line_1_48' title="bbox 976 3078 1352 3148; baseline 0 -16"><span class='ocrx_word' id='word_1_355' title='bbox 976 3078 1055 3132; x_wconf 89' lang='lat' dir='ltr'><strong>De</strong></span> <span class='ocrx_word' id='word_1_356' title='bbox 1083 3080 1352 3148; x_wconf 80' lang='lat' dir='ltr'><strong>portentis.</strong></span> 
     </span>
    </p>
   </div>
   <div class='ocr_carea' id='block_1_49' title="bbox 446 3168 1960 3238">
    <p class='ocr_par' dir='ltr' id='par_1_49' title="bbox 446 3168 1960 3238">
     <span class='ocr_line' id='line_1_49' title="bbox 446 3168 1960 3238; baseline -0.007 -9"><span class='ocrx_word' id='word_1_357' title='bbox 446 3173 701 3229; x_wconf 88' lang='lat' dir='ltr'><strong>Portenta</strong></span> <span class='ocrx_word' id='word_1_358' title='bbox 725 3184 845 3226; x_wconf 88' lang='lat' dir='ltr'><strong>esse</strong></span> <span class='ocrx_word' id='word_1_359' title='bbox 871 3168 1043 3225; x_wconf 77' lang='lat' dir='ltr'><strong>Varro</strong></span> <span class='ocrx_word' id='word_1_360' title='bbox 1068 3170 1163 3234; x_wconf 90' lang='lat' dir='ltr'><strong>ait,</strong></span> <span class='ocrx_word' id='word_1_361' title='bbox 1195 3184 1315 3238; x_wconf 73' lang='lat' dir='ltr'><strong>qua:</strong></span> <span class='ocrx_word' id='word_1_362' title='bbox 1340 3176 1528 3223; x_wconf 90' lang='lat' dir='ltr'><strong>contra</strong></span> <span class='ocrx_word' id='word_1_363' title='bbox 1556 3175 1807 3222; x_wconf 88' lang='lat' dir='ltr'><strong>naturam</strong></span> <span class='ocrx_word' id='word_1_364' title='bbox 1830 3172 1960 3221; x_wconf 89' lang='lat' dir='ltr'><strong>nata</strong></span> 
     </span>
    </p>
   </div>
   <div class='ocr_carea' id='block_1_50' title="bbox 378 3256 1959 3329">
    <p class='ocr_par' dir='ltr' id='par_1_50' title="bbox 378 3256 1959 3329">
     <span class='ocr_line' id='line_1_50' title="bbox 378 3256 1959 3329; baseline -0.005 -10"><span class='ocrx_word' id='word_1_365' title='bbox 378 3265 631 3321; x_wconf 82' lang='lat' dir='ltr'><strong>videntur</strong></span> <span class='ocrx_word' id='word_1_366' title='bbox 660 3280 675 3318; x_wconf 90' lang='lat'><strong>:</strong></span> <span class='ocrx_word' id='word_1_367' title='bbox 705 3263 800 3318; x_wconf 88' lang='lat' dir='ltr'><strong>sed</strong></span> <span class='ocrx_word' id='word_1_368' title='bbox 824 3276 928 3317; x_wconf 91' lang='lat' dir='ltr'><strong>non</strong></span> <span class='ocrx_word' id='word_1_369' title='bbox 954 3272 1079 3316; x_wconf 92' lang='lat' dir='ltr'><strong>sunt</strong></span> <span class='ocrx_word' id='word_1_370' title='bbox 1105 3268 1292 3316; x_wconf 87' lang='lat' dir='ltr'><strong>contra</strong></span> <span class='ocrx_word' id='word_1_371' title='bbox 1319 3268 1567 3314; x_wconf 92' lang='lat' dir='ltr'><strong>naturam</strong></span> <span class='ocrx_word' id='word_1_372' title='bbox 1592 3277 1605 3312; x_wconf 91' lang='lat'><strong>:</strong></span> <span class='ocrx_word' id='word_1_373' title='bbox 1628 3258 1753 3329; x_wconf 88' lang='lat' dir='ltr'><strong>quia</strong></span> <span class='ocrx_word' id='word_1_374' title='bbox 1777 3256 1959 3312; x_wconf 89' lang='lat' dir='ltr'><strong>divina</strong></span> 
     </span>
    </p>
   </div>
   <div class='ocr_carea' id='block_1_51' title="bbox 382 3345 1960 3415">
    <p class='ocr_par' dir='ltr' id='par_1_51' title="bbox 382 3345 1960 3415">
     <span class='ocr_line' id='line_1_51' title="bbox 382 3345 1960 3415; baseline -0.004 -7"><span class='ocrx_word' id='word_1_375' title='bbox 382 3354 658 3410; x_wconf 89' lang='lat' dir='ltr'><strong>voluntate</strong></span> <span class='ocrx_word' id='word_1_376' title='bbox 705 3351 876 3414; x_wconf 90' lang='lat' dir='ltr'><strong>ﬁunt,</strong></span> <span class='ocrx_word' id='word_1_377' title='bbox 931 3366 1054 3405; x_wconf 90' lang='lat' dir='ltr'><strong>cum</strong></span> <span class='ocrx_word' id='word_1_378' title='bbox 1102 3348 1348 3404; x_wconf 79' lang='lat' dir='ltr'><strong>voluntas</strong></span> <span class='ocrx_word' id='word_1_379' title='bbox 1392 3346 1662 3403; x_wconf 85' lang='lat' dir='ltr'><strong>Creatoris</strong></span> <span class='ocrx_word' id='word_1_380' title='bbox 1700 3345 1960 3415; x_wconf 87' lang='lat' dir='ltr'><strong>cujusque</strong></span> 
     </span>
    </p>
   </div>
   <div class='ocr_carea' id='block_1_52' title="bbox 380 3435 1958 3509">
    <p class='ocr_par' dir='ltr' id='par_1_52' title="bbox 380 3435 1958 3509">
     <span class='ocr_line' id='line_1_52' title="bbox 380 3435 1958 3509; baseline -0.008 -8"><span class='ocrx_word' id='word_1_381' title='bbox 380 3446 612 3502; x_wconf 69' lang='lat' dir='ltr'><strong>condita:</strong></span> <span class='ocrx_word' id='word_1_382' title='bbox 652 3442 731 3498; x_wconf 89' lang='lat' dir='ltr'><strong>rei</strong></span> <span class='ocrx_word' id='word_1_383' title='bbox 760 3449 953 3497; x_wconf 90' lang='lat' dir='ltr'><strong>natura</strong></span> <span class='ocrx_word' id='word_1_384' title='bbox 987 3441 1076 3496; x_wconf 93' lang='lat' dir='ltr'><strong>sit.</strong></span> <span class='ocrx_word' id='word_1_385' title='bbox 1118 3439 1269 3495; x_wconf 89' lang='lat' dir='ltr'><strong>Unde</strong></span> <span class='ocrx_word' id='word_1_386' title='bbox 1298 3444 1353 3493; x_wconf 89' lang='lat' dir='ltr'><strong>et</strong></span> <span class='ocrx_word' id='word_1_387' title='bbox 1390 3438 1489 3508; x_wconf 89' lang='lat' dir='ltr'><strong>ipsi</strong></span> <span class='ocrx_word' id='word_1_388' title='bbox 1528 3436 1753 3509; x_wconf 88' lang='lat' dir='ltr'><strong>gentiles</strong></span> <span class='ocrx_word' id='word_1_389' title='bbox 1790 3435 1958 3490; x_wconf 87' lang='lat' dir='ltr'><strong>Deum</strong></span> 
     </span>
    </p>
   </div>
   <div class='ocr_carea' id='block_1_53' title="bbox 2050 1813 3630 1888">
    <p class='ocr_par' dir='ltr' id='par_1_53' title="bbox 2050 1813 3630 1888">
     <span class='ocr_line' id='line_1_53' title="bbox 2050 1813 3630 1888; baseline -0.003 -18"><span class='ocrx_word' id='word_1_390' title='bbox 2050 1816 2240 1888; x_wconf 81' lang='lat' dir='ltr'><strong>cipites</strong></span> <span class='ocrx_word' id='word_1_391' title='bbox 2264 1818 2318 1870; x_wconf 90' lang='lat' dir='ltr'><strong>et</strong></span> <span class='ocrx_word' id='word_1_392' title='bbox 2337 1815 2578 1879; x_wconf 89' lang='lat' dir='ltr'><strong>trimani,</strong></span> <span class='ocrx_word' id='word_1_393' title='bbox 2601 1814 2683 1869; x_wconf 87' lang='lat' dir='ltr'><strong>vel</strong></span> <span class='ocrx_word' id='word_1_394' title='bbox 2706 1814 3054 1886; x_wconf 77' lang='lat' dir='ltr'><strong>cynodentes,</strong></span> <span class='ocrx_word' id='word_1_395' title='bbox 3072 1813 3266 1883; x_wconf 87' lang='lat' dir='ltr'><strong>quibus</strong></span> <span class='ocrx_word' id='word_1_396' title='bbox 3285 1813 3483 1883; x_wconf 87' lang='lat' dir='ltr'><strong>gemini</strong></span> <span class='ocrx_word' id='word_1_397' title='bbox 3504 1827 3630 1883; x_wconf 88' lang='lat' dir='ltr'><strong>pro-</strong></span> 
     </span>
    </p>
   </div>
   <div class='ocr_carea' id='block_1_54' title="bbox 2051 1902 3634 1975">
    <p class='ocr_par' dir='ltr' id='par_1_54' title="bbox 2051 1902 3634 1975">
     <span class='ocr_line' id='line_1_54' title="bbox 2051 1902 3634 1975; baseline -0.004 -13"><span class='ocrx_word' id='word_1_398' title='bbox 2051 1908 2251 1962; x_wconf 89' lang='lat' dir='ltr'><strong>cedunt</strong></span> <span class='ocrx_word' id='word_1_399' title='bbox 2284 1907 2493 1962; x_wconf 86' lang='lat' dir='ltr'><strong>dentes.</strong></span> <span class='ocrx_word' id='word_1_400' title='bbox 2523 1904 2642 1960; x_wconf 80' lang='lat' dir='ltr'><strong>Alia</strong></span> <span class='ocrx_word' id='word_1_401' title='bbox 2687 1904 2898 1961; x_wconf 89' lang='lat' dir='ltr'><strong>defectu</strong></span> <span class='ocrx_word' id='word_1_402' title='bbox 2934 1905 3187 1975; x_wconf 89' lang='lat' dir='ltr'><strong>partium,</strong></span> <span class='ocrx_word' id='word_1_403' title='bbox 3220 1905 3274 1958; x_wconf 91' lang='lat' dir='ltr'><strong>in</strong></span> <span class='ocrx_word' id='word_1_404' title='bbox 3321 1904 3517 1973; x_wconf 86' lang='lat' dir='ltr'><strong>quibus</strong></span> <span class='ocrx_word' id='word_1_405' title='bbox 3556 1902 3634 1956; x_wconf 86' lang='lat' dir='ltr'><strong>al-</strong></span> 
     </span>
    </p>
   </div>
   <div class='ocr_carea' id='block_1_55' title="bbox 2053 1996 3632 2069">
    <p class='ocr_par' dir='ltr' id='par_1_55' title="bbox 2053 1996 3632 2069">
     <span class='ocr_line' id='line_1_55' title="bbox 2053 1996 3632 2069; baseline -0.001 -16"><span class='ocrx_word' id='word_1_406' title='bbox 2053 2007 2168 2053; x_wconf 90' lang='lat' dir='ltr'><strong>tera</strong></span> <span class='ocrx_word' id='word_1_407' title='bbox 2219 2013 2348 2069; x_wconf 89' lang='lat' dir='ltr'><strong>pars</strong></span> <span class='ocrx_word' id='word_1_408' title='bbox 2392 1998 2683 2069; x_wconf 91' lang='lat' dir='ltr'><strong>plurimum</strong></span> <span class='ocrx_word' id='word_1_409' title='bbox 2720 1996 2915 2053; x_wconf 89' lang='lat' dir='ltr'><strong>defecit</strong></span> <span class='ocrx_word' id='word_1_410' title='bbox 2948 1999 3017 2053; x_wconf 87' lang='lat' dir='ltr'><strong>ab</strong></span> <span class='ocrx_word' id='word_1_411' title='bbox 3046 1997 3235 2063; x_wconf 89' lang='lat' dir='ltr'><strong>altera,</strong></span> <span class='ocrx_word' id='word_1_412' title='bbox 3284 2005 3348 2051; x_wconf 93' lang='lat' dir='ltr'><strong>ut</strong></span> <span class='ocrx_word' id='word_1_413' title='bbox 3381 2012 3573 2052; x_wconf 87' lang='lat' dir='ltr'><strong>manus</strong></span> <span class='ocrx_word' id='word_1_414' title='bbox 3600 2013 3632 2051; x_wconf 89' lang='lat' dir='ltr'><strong>a</strong></span> 
     </span>
    </p>
   </div>
   <div class='ocr_carea' id='block_1_56' title="bbox 2053 2087 3635 2159">
    <p class='ocr_par' dir='ltr' id='par_1_56' title="bbox 2053 2087 3635 2159">
     <span class='ocr_line' id='line_1_56' title="bbox 2053 2087 3635 2159; baseline -0.001 -15"><span class='ocrx_word' id='word_1_415' title='bbox 2053 2104 2238 2156; x_wconf 90' lang='lat' dir='ltr'><strong>manu,</strong></span> <span class='ocrx_word' id='word_1_416' title='bbox 2272 2089 2358 2143; x_wconf 84' lang='lat' dir='ltr'><strong>vel</strong></span> <span class='ocrx_word' id='word_1_417' title='bbox 2397 2089 2561 2159; x_wconf 82' lang='lat' dir='ltr'><strong>pedes</strong></span> <span class='ocrx_word' id='word_1_418' title='bbox 2598 2104 2630 2143; x_wconf 92' lang='lat' dir='ltr'><strong>a</strong></span> <span class='ocrx_word' id='word_1_419' title='bbox 2664 2087 2822 2158; x_wconf 90' lang='lat' dir='ltr'><strong>pede.</strong></span> <span class='ocrx_word' id='word_1_420' title='bbox 2864 2088 2985 2143; x_wconf 86' lang='lat' dir='ltr'><strong>Alia</strong></span> <span class='ocrx_word' id='word_1_421' title='bbox 3030 2088 3369 2154; x_wconf 89' lang='lat' dir='ltr'><strong>discissione,</strong></span> <span class='ocrx_word' id='word_1_422' title='bbox 3414 2096 3475 2144; x_wconf 91' lang='lat' dir='ltr'><strong>ut</strong></span> <span class='ocrx_word' id='word_1_423' title='bbox 3517 2089 3635 2144; x_wconf 90' lang='lat' dir='ltr'><strong>sine</strong></span> 
     </span>
    </p>
   </div>
   <div class='ocr_carea' id='block_1_57' title="bbox 2053 2179 3634 2252">
    <p class='ocr_par' dir='ltr' id='par_1_57' title="bbox 2053 2179 3634 2252">
     <span class='ocr_line' id='line_1_57' title="bbox 2053 2179 3634 2252; baseline -0.001 -15"><span class='ocrx_word' id='word_1_424' title='bbox 2053 2198 2215 2237; x_wconf 91' lang='lat' dir='ltr'><strong>manu</strong></span> <span class='ocrx_word' id='word_1_425' title='bbox 2250 2191 2342 2236; x_wconf 90' lang='lat' dir='ltr'><strong>aut</strong></span> <span class='ocrx_word' id='word_1_426' title='bbox 2374 2183 2548 2252; x_wconf 87' lang='lat' dir='ltr'><strong>capite</strong></span> <span class='ocrx_word' id='word_1_427' title='bbox 2572 2189 2848 2252; x_wconf 90' lang='lat' dir='ltr'><strong>generata,</strong></span> <span class='ocrx_word' id='word_1_428' title='bbox 2881 2196 3017 2251; x_wconf 91' lang='lat' dir='ltr'><strong>quos</strong></span> <span class='ocrx_word' id='word_1_429' title='bbox 3038 2179 3224 2236; x_wconf 68' lang='lat' dir='ltr'><strong>Graece</strong></span> <span class='ocrx_word' id='word_1_430' title='bbox 3250 2181 3511 2236; x_wconf 89' lang='lat' dir='ltr'><strong>steresios</strong></span> <span class='ocrx_word' id='word_1_431' title='bbox 3536 2195 3634 2235; x_wconf 88' lang='lat' dir='ltr'><strong>vo-</strong></span> 
     </span>
    </p>
   </div>
   <div class='ocr_carea' id='block_1_58' title="bbox 2055 2268 3636 2342">
    <p class='ocr_par' dir='ltr' id='par_1_58' title="bbox 2055 2268 3636 2342">
     <span class='ocr_line' id='line_1_58' title="bbox 2055 2268 3636 2342; baseline -0.003 -16"><span class='ocrx_word' id='word_1_432' title='bbox 2055 2280 2201 2327; x_wconf 90' lang='lat' dir='ltr'><strong>cant.</strong></span> <span class='ocrx_word' id='word_1_433' title='bbox 2227 2271 2345 2326; x_wconf 84' lang='lat' dir='ltr'><strong>Alia</strong></span> <span class='ocrx_word' id='word_1_434' title='bbox 2373 2287 2471 2342; x_wconf 91' lang='lat' dir='ltr'><strong>per</strong></span> <span class='ocrx_word' id='word_1_435' title='bbox 2490 2270 2734 2326; x_wconf 88' lang='lat' dir='ltr'><strong>numeria</strong></span> <span class='ocrx_word' id='word_1_436' title='bbox 2763 2268 2902 2342; x_wconf 86' lang='lat' dir='ltr'><strong>(sic),</strong></span> <span class='ocrx_word' id='word_1_437' title='bbox 2928 2269 3143 2338; x_wconf 91' lang='lat' dir='ltr'><strong>quando</strong></span> <span class='ocrx_word' id='word_1_438' title='bbox 3164 2268 3334 2323; x_wconf 88' lang='lat' dir='ltr'><strong>solum</strong></span> <span class='ocrx_word' id='word_1_439' title='bbox 3360 2276 3521 2338; x_wconf 90' lang='lat' dir='ltr'><strong>caput</strong></span> <span class='ocrx_word' id='word_1_440' title='bbox 3542 2278 3636 2322; x_wconf 88' lang='lat' dir='ltr'><strong>aut</strong></span> 
     </span>
    </p>
   </div>
   <div class='ocr_carea' id='block_1_59' title="bbox 2057 2357 3633 2429">
    <p class='ocr_par' dir='ltr' id='par_1_59' title="bbox 2057 2357 3633 2429">
     <span class='ocr_line' id='line_1_59' title="bbox 2057 2357 3633 2429; baseline -0.003 -14"><span class='ocrx_word' id='word_1_441' title='bbox 2057 2376 2185 2416; x_wconf 91' lang='lat' dir='ltr'><strong>crus</strong></span> <span class='ocrx_word' id='word_1_442' title='bbox 2204 2363 2466 2416; x_wconf 89' lang='lat' dir='ltr'><strong>nascitur.</strong></span> <span class='ocrx_word' id='word_1_443' title='bbox 2488 2360 2631 2425; x_wconf 83' lang='lat' dir='ltr'><strong>Alia,</strong></span> <span class='ocrx_word' id='word_1_444' title='bbox 2654 2375 2772 2429; x_wconf 74' lang='lat' dir='ltr'><strong>qua:</strong></span> <span class='ocrx_word' id='word_1_445' title='bbox 2795 2361 2847 2413; x_wconf 92' lang='lat' dir='ltr'><strong>iu</strong></span> <span class='ocrx_word' id='word_1_446' title='bbox 2869 2367 3023 2429; x_wconf 88' lang='lat' dir='ltr'><strong>parte</strong></span> <span class='ocrx_word' id='word_1_447' title='bbox 3043 2357 3494 2429; x_wconf 88' lang='lat' dir='ltr'><strong>transﬁgurantur</strong></span> <span class='ocrx_word' id='word_1_448' title='bbox 3512 2377 3527 2411; x_wconf 89' lang='lat'><strong>:</strong></span> <span class='ocrx_word' id='word_1_449' title='bbox 3542 2357 3633 2427; x_wconf 88' lang='lat' dir='ltr'><strong>qui</strong></span> 
     </span>
    </p>
   </div>
   <div class='ocr_carea' id='block_1_60' title="bbox 2056 2438 3739 2527">
    <p class='ocr_par' dir='ltr' id='par_1_60' title="bbox 2056 2438 3739 2527">
     <span class='ocr_line' id='line_1_60' title="bbox 2056 2438 3739 2527; baseline -0.001 -22"><span class='ocrx_word' id='word_1_450' title='bbox 2056 2452 2226 2507; x_wconf 88' lang='lat' dir='ltr'><strong>leonis</strong></span> <span class='ocrx_word' id='word_1_451' title='bbox 2269 2450 2435 2507; x_wconf 86' lang='lat' dir='ltr'><strong>habet</strong></span> <span class='ocrx_word' id='word_1_452' title='bbox 2464 2450 2671 2505; x_wconf 89' lang='lat' dir='ltr'><strong>vultum</strong></span> <span class='ocrx_word' id='word_1_453' title='bbox 2709 2449 2792 2504; x_wconf 89' lang='lat' dir='ltr'><strong>vel</strong></span> <span class='ocrx_word' id='word_1_454' title='bbox 2820 2450 2994 2527; x_wconf 55' lang='lat' dir='ltr'><strong>canis,</strong></span> <span class='ocrx_word' id='word_1_455' title='bbox 3034 2448 3121 2503; x_wconf 88' lang='lat' dir='ltr'><strong>v’el</strong></span> <span class='ocrx_word' id='word_1_456' title='bbox 3154 2449 3430 2503; x_wconf 88' lang='lat' dir='ltr'><strong>taurinum</strong></span> <span class='ocrx_word' id='word_1_457' title='bbox 3474 2456 3639 2517; x_wconf 87' lang='lat' dir='ltr'><strong>caput</strong></span> <span class='ocrx_word' id='word_1_458' title='bbox 3734 2438 3739 2449; x_wconf 81' lang='grc'>’</span> 
     </span>
    </p>
   </div>
   <div class='ocr_carea' id='block_1_61' title="bbox 2061 2537 3639 2611">
    <p class='ocr_par' dir='ltr' id='par_1_61' title="bbox 2061 2537 3639 2611">
     <span class='ocr_line' id='line_1_61' title="bbox 2061 2537 3639 2611; baseline -0.003 -15"><span class='ocrx_word' id='word_1_459' title='bbox 2061 2550 2156 2596; x_wconf 91' lang='lat' dir='ltr'><strong>aut</strong></span> <span class='ocrx_word' id='word_1_460' title='bbox 2182 2556 2398 2611; x_wconf 91' lang='lat' dir='ltr'><strong>corpus,</strong></span> <span class='ocrx_word' id='word_1_461' title='bbox 2436 2551 2495 2594; x_wconf 93' lang='lat' dir='ltr'><strong>ut</strong></span> <span class='ocrx_word' id='word_1_462' title='bbox 2523 2539 2696 2595; x_wconf 88' lang='lat' dir='ltr'><strong>Erfasi</strong></span> <span class='ocrx_word' id='word_1_463' title='bbox 2725 2540 3094 2594; x_wconf 89' lang='lat' dir='ltr'><strong>dememorant</strong></span> <span class='ocrx_word' id='word_1_464' title='bbox 3118 2539 3357 2610; x_wconf 89' lang='lat' dir='ltr'><strong>genitum</strong></span> <span class='ocrx_word' id='word_1_465' title='bbox 3378 2537 3639 2595; x_wconf 76' lang='lat' dir='ltr'><strong>Minotau-</strong></span> 
     </span>
    </p>
   </div>
   <div class='ocr_carea' id='block_1_62' title="bbox 2060 2631 3639 2704">
    <p class='ocr_par' dir='ltr' id='par_1_62' title="bbox 2060 2631 3639 2704">
     <span class='ocr_line' id='line_1_62' title="bbox 2060 2631 3639 2704; baseline 0 -17"><span class='ocrx_word' id='word_1_466' title='bbox 2060 2649 2178 2687; x_wconf 89' lang='lat' dir='ltr'><strong>rum</strong></span> <span class='ocrx_word' id='word_1_467' title='bbox 2188 2675 2203 2698; x_wconf 85' lang='lat'><strong>,</strong></span> <span class='ocrx_word' id='word_1_468' title='bbox 2222 2635 2364 2702; x_wconf 93' lang='lat' dir='ltr'><strong>quod</strong></span> <span class='ocrx_word' id='word_1_469' title='bbox 2380 2632 2550 2688; x_wconf 66' lang='lat' dir='ltr'><strong>Graeci</strong></span> <span class='ocrx_word' id='word_1_470' title='bbox 2570 2631 3040 2704; x_wconf 78' lang='lat' dir='ltr'><strong>heteromorphian</strong></span> <span class='ocrx_word' id='word_1_471' title='bbox 3053 2641 3266 2687; x_wconf 88' lang='lat' dir='ltr'><strong>vocant.</strong></span> <span class='ocrx_word' id='word_1_472' title='bbox 3284 2632 3420 2696; x_wconf 81' lang='lat' dir='ltr'><strong>Alia,</strong></span> <span class='ocrx_word' id='word_1_473' title='bbox 3436 2647 3555 2702; x_wconf 63' lang='lat' dir='ltr'><strong>qum</strong></span> <span class='ocrx_word' id='word_1_474' title='bbox 3567 2647 3639 2687; x_wconf 86' lang='lat' dir='ltr'><strong>ex</strong></span> 
     </span>
    </p>
   </div>
   <div class='ocr_carea' id='block_1_63' title="bbox 2058 2721 3637 2794">
    <p class='ocr_par' dir='ltr' id='par_1_63' title="bbox 2058 2721 3637 2794">
     <span class='ocr_line' id='line_1_63' title="bbox 2058 2721 3637 2794; baseline -0.003 -15"><span class='ocrx_word' id='word_1_475' title='bbox 2058 2724 2205 2779; x_wconf 93' lang='lat' dir='ltr'><strong>omni</strong></span> <span class='ocrx_word' id='word_1_476' title='bbox 2231 2722 2383 2794; x_wconf 89' lang='lat' dir='ltr'><strong>&#39;parte</strong></span> <span class='ocrx_word' id='word_1_477' title='bbox 2412 2722 2793 2794; x_wconf 89' lang='lat' dir='ltr'><strong>transﬁgantur</strong></span> <span class='ocrx_word' id='word_1_478' title='bbox 2816 2723 2868 2777; x_wconf 90' lang='lat' dir='ltr'><strong>in</strong></span> <span class='ocrx_word' id='word_1_479' title='bbox 2891 2723 3080 2777; x_wconf 65' lang='lat' dir='ltr'><strong>alienae</strong></span> <span class='ocrx_word' id='word_1_480' title='bbox 3101 2721 3391 2778; x_wconf 88' lang='lat' dir='ltr'><strong>creationis</strong></span> <span class='ocrx_word' id='word_1_481' title='bbox 3415 2730 3637 2791; x_wconf 89' lang='lat' dir='ltr'><strong>porten-</strong></span> 
     </span>
    </p>
   </div>
   <div class='ocr_carea' id='block_1_64' title="bbox 2061 2811 3640 2882">
    <p class='ocr_par' dir='ltr' id='par_1_64' title="bbox 2061 2811 3640 2882">
     <span class='ocr_line' id='line_1_64' title="bbox 2061 2811 3640 2882; baseline -0.002 -15"><span class='ocrx_word' id='word_1_482' title='bbox 2061 2820 2196 2877; x_wconf 90' lang='lat' dir='ltr'><strong>tum,</strong></span> <span class='ocrx_word' id='word_1_483' title='bbox 2240 2821 2301 2867; x_wconf 91' lang='lat' dir='ltr'><strong>ut</strong></span> <span class='ocrx_word' id='word_1_484' title='bbox 2343 2825 2409 2868; x_wconf 83' lang='lat' dir='ltr'><strong>ex</strong></span> <span class='ocrx_word' id='word_1_485' title='bbox 2444 2812 2670 2868; x_wconf 87' lang='lat' dir='ltr'><strong>muliere</strong></span> <span class='ocrx_word' id='word_1_486' title='bbox 2708 2812 2932 2867; x_wconf 91' lang='lat' dir='ltr'><strong>vitulum</strong></span> <span class='ocrx_word' id='word_1_487' title='bbox 2980 2812 3111 2867; x_wconf 91' lang='lat' dir='ltr'><strong>dicit</strong></span> <span class='ocrx_word' id='word_1_488' title='bbox 3150 2811 3375 2866; x_wconf 86' lang='lat' dir='ltr'><strong>historia</strong></span> <span class='ocrx_word' id='word_1_489' title='bbox 3413 2825 3640 2882; x_wconf 83' lang='lat' dir='ltr'><strong>genera-</strong></span> 
     </span>
    </p>
   </div>
   <div class='ocr_carea' id='block_1_65' title="bbox 2059 2899 3635 2975">
    <p class='ocr_par' dir='ltr' id='par_1_65' title="bbox 2059 2899 3635 2975">
     <span class='ocr_line' id='line_1_65' title="bbox 2059 2899 3635 2975; baseline -0.004 -15"><span class='ocrx_word' id='word_1_490' title='bbox 2059 2912 2194 2961; x_wconf 90' lang='lat' dir='ltr'><strong>tum.</strong></span> <span class='ocrx_word' id='word_1_491' title='bbox 2218 2904 2360 2969; x_wconf 80' lang='lat' dir='ltr'><strong>Alia,</strong></span> <span class='ocrx_word' id='word_1_492' title='bbox 2386 2919 2505 2975; x_wconf 66' lang='lat' dir='ltr'><strong>quae</strong></span> <span class='ocrx_word' id='word_1_493' title='bbox 2525 2904 2641 2959; x_wconf 89' lang='lat' dir='ltr'><strong>sine</strong></span> <span class='ocrx_word' id='word_1_494' title='bbox 2663 2903 3135 2975; x_wconf 87' lang='lat' dir='ltr'><strong>transﬁguratione</strong></span> <span class='ocrx_word' id='word_1_495' title='bbox 3159 2902 3506 2957; x_wconf 88' lang='lat' dir='ltr'><strong>mutationem</strong></span> <span class='ocrx_word' id='word_1_496' title='bbox 3535 2899 3635 2954; x_wconf 87' lang='lat' dir='ltr'><strong>ha-</strong></span> 
     </span>
    </p>
   </div>
   <div class='ocr_carea' id='block_1_66' title="bbox 2058 2990 3635 3064">
    <p class='ocr_par' dir='ltr' id='par_1_66' title="bbox 2058 2990 3635 3064">
     <span class='ocr_line' id='line_1_66' title="bbox 2058 2990 3635 3064; baseline -0.003 -14"><span class='ocrx_word' id='word_1_497' title='bbox 2058 2995 2190 3050; x_wconf 90' lang='lat' dir='ltr'><strong>bent</strong></span> <span class='ocrx_word' id='word_1_498' title='bbox 2222 2994 2484 3059; x_wconf 88' lang='lat' dir='ltr'><strong>looorum,</strong></span> <span class='ocrx_word' id='word_1_499' title='bbox 2513 3003 2574 3048; x_wconf 89' lang='lat' dir='ltr'><strong>ut</strong></span> <span class='ocrx_word' id='word_1_500' title='bbox 2616 2994 2801 3050; x_wconf 91' lang='lat' dir='ltr'><strong>oculos</strong></span> <span class='ocrx_word' id='word_1_501' title='bbox 2846 2994 2901 3047; x_wconf 91' lang='lat' dir='ltr'><strong>in</strong></span> <span class='ocrx_word' id='word_1_502' title='bbox 2937 3001 3174 3064; x_wconf 88' lang='lat' dir='ltr'><strong>pectore,</strong></span> <span class='ocrx_word' id='word_1_503' title='bbox 3200 2993 3287 3047; x_wconf 90' lang='lat' dir='ltr'><strong>vel</strong></span> <span class='ocrx_word' id='word_1_504' title='bbox 3331 2993 3384 3047; x_wconf 90' lang='lat' dir='ltr'><strong>in</strong></span> <span class='ocrx_word' id='word_1_505' title='bbox 3415 2990 3635 3047; x_wconf 88' lang='lat' dir='ltr'><strong>fronte:</strong></span> 
     </span>
    </p>
   </div>
   <div class='ocr_carea' id='block_1_67' title="bbox 1985 3068 3637 3152">
    <p class='ocr_par' dir='ltr' id='par_1_67' title="bbox 1985 3068 3637 3152">
     <span class='ocr_line' id='line_1_67' title="bbox 1985 3068 3637 3152; baseline -0.002 -14"><span class='ocrx_word' id='word_1_506' title='bbox 1985 3068 2031 3130; x_wconf 68' lang='grc' dir='ltr'><strong>(ἶ</strong></span> <span class='ocrx_word' id='word_1_507' title='bbox 2062 3098 2220 3139; x_wconf 88' lang='lat' dir='ltr'><strong>aures</strong></span> <span class='ocrx_word' id='word_1_508' title='bbox 2248 3097 2409 3152; x_wconf 88' lang='lat' dir='ltr'><strong>supra</strong></span> <span class='ocrx_word' id='word_1_509' title='bbox 2441 3082 2495 3136; x_wconf 92' lang='lat' dir='ltr'><strong>in</strong></span> <span class='ocrx_word' id='word_1_510' title='bbox 2519 3093 2760 3152; x_wconf 88' lang='lat' dir='ltr'><strong>tempore</strong></span> <span class='ocrx_word' id='word_1_511' title='bbox 2786 3101 2798 3135; x_wconf 91' lang='lat'><strong>:</strong></span> <span class='ocrx_word' id='word_1_512' title='bbox 2826 3080 2912 3136; x_wconf 91' lang='lat' dir='ltr'><strong>vel</strong></span> <span class='ocrx_word' id='word_1_513' title='bbox 2945 3081 3088 3136; x_wconf 91' lang='lat' dir='ltr'><strong>sicut</strong></span> <span class='ocrx_word' id='word_1_514' title='bbox 3110 3080 3428 3136; x_wconf 84' lang='lat' dir='ltr'><strong>AristOteles</strong></span> <span class='ocrx_word' id='word_1_515' title='bbox 3465 3079 3637 3135; x_wconf 65' lang='lat' dir='ltr'><strong>tradi«</strong></span> 
     </span>
    </p>
   </div>
   <div class='ocr_carea' id='block_1_68' title="bbox 2067 3169 3707 3251">
    <p class='ocr_par' dir='ltr' id='par_1_68' title="bbox 2067 3169 3707 3251">
     <span class='ocr_line' id='line_1_68' title="bbox 2067 3169 3707 3251; baseline -0.001 -24"><span class='ocrx_word' id='word_1_516' title='bbox 2067 3172 2147 3228; x_wconf 92' lang='lat' dir='ltr'><strong>dit</strong></span> <span class='ocrx_word' id='word_1_517' title='bbox 2175 3173 2462 3251; x_wconf 80' lang='lat' dir='ltr'><strong>quemdam</strong></span> <span class='ocrx_word' id='word_1_518' title='bbox 2490 3171 2544 3225; x_wconf 91' lang='lat' dir='ltr'><strong>in</strong></span> <span class='ocrx_word' id='word_1_519' title='bbox 2573 3172 2789 3226; x_wconf 89' lang='lat' dir='ltr'><strong>sinistra</strong></span> <span class='ocrx_word' id='word_1_520' title='bbox 2817 3179 2970 3242; x_wconf 87' lang='lat' dir='ltr'><strong>parte</strong></span> <span class='ocrx_word' id='word_1_521' title='bbox 2991 3169 3167 3239; x_wconf 90' lang='lat' dir='ltr'><strong>jecur,</strong></span> <span class='ocrx_word' id='word_1_522' title='bbox 3192 3171 3244 3225; x_wconf 93' lang='lat' dir='ltr'><strong>in</strong></span> <span class='ocrx_word' id='word_1_523' title='bbox 3274 3172 3464 3228; x_wconf 86' lang='lat' dir='ltr'><strong>dextra</strong></span> <span class='ocrx_word' id='word_1_524' title='bbox 3484 3179 3641 3242; x_wconf 85' lang='lat' dir='ltr'><strong>parte</strong></span> <span class='ocrx_word' id='word_1_525' title='bbox 3698 3234 3707 3247; x_wconf 37' lang='grc' dir='ltr'>ι</span> 
     </span>
    </p>
   </div>
   <div class='ocr_carea' id='block_1_69' title="bbox 2062 3261 3640 3332">
    <p class='ocr_par' dir='ltr' id='par_1_69' title="bbox 2062 3261 3640 3332">
     <span class='ocr_line' id='line_1_69' title="bbox 2062 3261 3640 3332; baseline -0.003 -14"><span class='ocrx_word' id='word_1_526' title='bbox 2062 3262 2218 3332; x_wconf 89' lang='lat' dir='ltr'><strong>splen</strong></span> <span class='ocrx_word' id='word_1_527' title='bbox 2266 3261 2542 3317; x_wconf 88' lang='lat' dir='ltr'><strong>habuisse.</strong></span> <span class='ocrx_word' id='word_1_528' title='bbox 2585 3261 2727 3328; x_wconf 87' lang='lat' dir='ltr'><strong>Alia,</strong></span> <span class='ocrx_word' id='word_1_529' title='bbox 2769 3263 3065 3317; x_wconf 86' lang='lat' dir='ltr'><strong>secundum</strong></span> <span class='ocrx_word' id='word_1_530' title='bbox 3110 3261 3640 3325; x_wconf 88' lang='lat' dir='ltr'><strong>counaturationem,</strong></span> 
     </span>
    </p>
   </div>
   <div class='ocr_carea' id='block_1_70' title="bbox 2059 3351 3643 3424">
    <p class='ocr_par' dir='ltr' id='par_1_70' title="bbox 2059 3351 3643 3424">
     <span class='ocr_line' id='line_1_70' title="bbox 2059 3351 3643 3424; baseline 0.001 -18"><span class='ocrx_word' id='word_1_531' title='bbox 2059 3361 2121 3407; x_wconf 90' lang='lat' dir='ltr'><strong>ut</strong></span> <span class='ocrx_word' id='word_1_532' title='bbox 2147 3352 2201 3407; x_wconf 91' lang='lat' dir='ltr'><strong>in</strong></span> <span class='ocrx_word' id='word_1_533' title='bbox 2239 3352 2346 3408; x_wconf 89' lang='lat' dir='ltr'><strong>alia</strong></span> <span class='ocrx_word' id='word_1_534' title='bbox 2392 3368 2556 3408; x_wconf 89' lang='lat' dir='ltr'><strong>manu</strong></span> <span class='ocrx_word' id='word_1_535' title='bbox 2593 3351 2749 3424; x_wconf 84' lang='lat' dir='ltr'><strong>digiti</strong></span> <span class='ocrx_word' id='word_1_536' title='bbox 2773 3351 2956 3423; x_wconf 90' lang='lat' dir='ltr'><strong>plures</strong></span> <span class='ocrx_word' id='word_1_537' title='bbox 2999 3351 3339 3408; x_wconf 87' lang='lat' dir='ltr'><strong>connaturati</strong></span> <span class='ocrx_word' id='word_1_538' title='bbox 3379 3360 3434 3407; x_wconf 89' lang='lat' dir='ltr'><strong>et</strong></span> <span class='ocrx_word' id='word_1_539' title='bbox 3463 3351 3643 3408; x_wconf 76' lang='lat' dir='ltr'><strong>colla:-</strong></span> 
     </span>
    </p>
   </div>
   <div class='ocr_carea' id='block_1_71' title="bbox 2059 3441 3640 3514">
    <p class='ocr_par' dir='ltr' id='par_1_71' title="bbox 2059 3441 3640 3514">
     <span class='ocr_line' id='line_1_71' title="bbox 2059 3441 3640 3514; baseline -0.002 -18"><span class='ocrx_word' id='word_1_540' title='bbox 2059 3452 2244 3498; x_wconf 87' lang='lat' dir='ltr'><strong>rentes</strong></span> <span class='ocrx_word' id='word_1_541' title='bbox 2273 3443 2573 3514; x_wconf 90' lang='lat' dir='ltr'><strong>reperiunt,</strong></span> <span class='ocrx_word' id='word_1_542' title='bbox 2603 3443 2657 3497; x_wconf 91' lang='lat' dir='ltr'><strong>in</strong></span> <span class='ocrx_word' id='word_1_543' title='bbox 2671 3442 2775 3497; x_wconf 86' lang='lat' dir='ltr'><strong>alia</strong></span> <span class='ocrx_word' id='word_1_544' title='bbox 2804 3441 3002 3507; x_wconf 89' lang='lat' dir='ltr'><strong>minus,</strong></span> <span class='ocrx_word' id='word_1_545' title='bbox 3032 3443 3145 3497; x_wconf 90' lang='lat' dir='ltr'><strong>sive</strong></span> <span class='ocrx_word' id='word_1_546' title='bbox 3166 3443 3219 3496; x_wconf 91' lang='lat' dir='ltr'><strong>in</strong></span> <span class='ocrx_word' id='word_1_547' title='bbox 3244 3442 3489 3512; x_wconf 87' lang='lat' dir='ltr'><strong>pedibus.</strong></span> <span class='ocrx_word' id='word_1_548' title='bbox 3520 3441 3640 3494; x_wconf 83' lang='lat' dir='ltr'><strong>Alia</strong></span> 
     </span>
    </p>
   </div>
   <div class='ocr_carea' id='block_1_72' title="bbox 381 3527 3640 3605">
    <p class='ocr_par' dir='ltr' id='par_1_72' title="bbox 381 3527 3640 3605">
     <span class='ocr_line' id='line_1_72' title="bbox 381 3527 3640 3605; baseline -0.004 -13"><span class='ocrx_word' id='word_1_549' title='bbox 381 3537 540 3592; x_wconf 90' lang='lat' dir='ltr'><strong>modo</strong></span> <span class='ocrx_word' id='word_1_550' title='bbox 580 3544 851 3599; x_wconf 90' lang='lat' dir='ltr'><strong>naturam,</strong></span> <span class='ocrx_word' id='word_1_551' title='bbox 908 3532 1067 3587; x_wconf 91' lang='lat' dir='ltr'><strong>modo</strong></span> <span class='ocrx_word' id='word_1_552' title='bbox 1102 3529 1261 3585; x_wconf 92' lang='lat' dir='ltr'><strong>deum</strong></span> <span class='ocrx_word' id='word_1_553' title='bbox 1305 3528 1593 3601; x_wconf 90' lang='lat' dir='ltr'><strong>appellant.</strong></span> <span class='ocrx_word' id='word_1_554' title='bbox 1644 3527 1957 3582; x_wconf 87' lang='lat' dir='ltr'><strong>Portentum</strong></span> <span class='ocrx_word' id='word_1_555' title='bbox 2012 3563 2026 3589; x_wconf 92' lang='lat'><strong>,</strong></span> <span class='ocrx_word' id='word_1_556' title='bbox 2059 3534 2353 3589; x_wconf 71' lang='lat' dir='ltr'><strong>secundum</strong></span> <span class='ocrx_word' id='word_1_557' title='bbox 2395 3535 2742 3589; x_wconf 70' lang='lat' dir='ltr'><strong>immaturam</strong></span> <span class='ocrx_word' id='word_1_558' title='bbox 2767 3542 2824 3588; x_wconf 76' lang='lat' dir='ltr'><strong>et</strong></span> <span class='ocrx_word' id='word_1_559' title='bbox 2849 3534 3260 3605; x_wconf 55' lang='lat' dir='ltr'><strong>intemperata&quot;,</strong></span> <span class='ocrx_word' id='word_1_560' title='bbox 3286 3534 3640 3597; x_wconf 65' lang='lat' dir='ltr'><strong>creationem,</strong></span> 
     </span>
    </p>
   </div>
   <div class='ocr_carea' id='block_1_73' title="bbox 379 3619 1962 3698">
    <p class='ocr_par' dir='ltr' id='par_1_73' title="bbox 379 3619 1962 3698">
     <span class='ocr_line' id='line_1_73' title="bbox 379 3619 1962 3698; baseline -0.008 -15"><span class='ocrx_word' id='word_1_561' title='bbox 379 3643 509 3698; x_wconf 88' lang='lat' dir='ltr'><strong>ergo</strong></span> <span class='ocrx_word' id='word_1_562' title='bbox 536 3626 597 3681; x_wconf 84' lang='lat' dir='ltr'><strong>ﬁt</strong></span> <span class='ocrx_word' id='word_1_563' title='bbox 624 3640 730 3679; x_wconf 91' lang='lat' dir='ltr'><strong>non</strong></span> <span class='ocrx_word' id='word_1_564' title='bbox 762 3629 952 3678; x_wconf 89' lang='lat' dir='ltr'><strong>contra</strong></span> <span class='ocrx_word' id='word_1_565' title='bbox 997 3628 1265 3685; x_wconf 88' lang='lat' dir='ltr'><strong>naturam,</strong></span> <span class='ocrx_word' id='word_1_566' title='bbox 1305 3619 1400 3675; x_wconf 89' lang='lat' dir='ltr'><strong>sed</strong></span> <span class='ocrx_word' id='word_1_567' title='bbox 1443 3626 1632 3673; x_wconf 89' lang='lat' dir='ltr'><strong>contra</strong></span> <span class='ocrx_word' id='word_1_568' title='bbox 1675 3631 1839 3687; x_wconf 90' lang='lat' dir='ltr'><strong>quam</strong></span> <span class='ocrx_word' id='word_1_569' title='bbox 1876 3622 1962 3671; x_wconf 88' lang='lat' dir='ltr'><strong>est</strong></span> 
     </span>
    </p>
   </div>
   <div class='ocr_carea' id='block_1_74' title="bbox 380 3713 1959 3776">
    <p class='ocr_par' dir='ltr' id='par_1_74' title="bbox 380 3713 1959 3776">
     <span class='ocr_line' id='line_1_74' title="bbox 380 3713 1959 3776; baseline -0.008 -3"><span class='ocrx_word' id='word_1_570' title='bbox 380 3727 508 3773; x_wconf 90' lang='lat' dir='ltr'><strong>nota</strong></span> <span class='ocrx_word' id='word_1_571' title='bbox 547 3724 762 3771; x_wconf 89' lang='lat' dir='ltr'><strong>natura.</strong></span> <span class='ocrx_word' id='word_1_572' title='bbox 784 3713 1040 3768; x_wconf 90' lang='lat' dir='ltr'><strong>Portenta</strong></span> <span class='ocrx_word' id='word_1_573' title='bbox 1065 3718 1243 3765; x_wconf 89' lang='lat' dir='ltr'><strong>autem</strong></span> <span class='ocrx_word' id='word_1_574' title='bbox 1270 3718 1324 3765; x_wconf 90' lang='lat' dir='ltr'><strong>et</strong></span> <span class='ocrx_word' id='word_1_575' title='bbox 1350 3718 1582 3776; x_wconf 89' lang='lat' dir='ltr'><strong>ostenta,</strong></span> <span class='ocrx_word' id='word_1_576' title='bbox 1609 3716 1850 3764; x_wconf 90' lang='lat' dir='ltr'><strong>monstra</strong></span> <span class='ocrx_word' id='word_1_577' title='bbox 1871 3713 1959 3761; x_wconf 89' lang='lat' dir='ltr'><strong>at-</strong></span> 
     </span>
    </p>
   </div>
   <div class='ocr_carea' id='block_1_75' title="bbox 381 3799 1961 3880">
    <p class='ocr_par' dir='ltr' id='par_1_75' title="bbox 381 3799 1961 3880">
     <span class='ocr_line' id='line_1_75' title="bbox 381 3799 1961 3880; baseline -0.007 -16"><span class='ocrx_word' id='word_1_578' title='bbox 381 3824 487 3880; x_wconf 88' lang='lat' dir='ltr'><strong>que</strong></span> <span class='ocrx_word' id='word_1_579' title='bbox 534 3805 779 3878; x_wconf 84' lang='lat' dir='ltr'><strong>prodigia</strong></span> <span class='ocrx_word' id='word_1_580' title='bbox 824 3804 945 3859; x_wconf 91' lang='lat' dir='ltr'><strong>ideo</strong></span> <span class='ocrx_word' id='word_1_581' title='bbox 999 3802 1395 3872; x_wconf 63' lang='lat' dir='ltr'><strong>nuncupantur,</strong></span> <span class='ocrx_word' id='word_1_582' title='bbox 1450 3801 1590 3871; x_wconf 91' lang='lat' dir='ltr'><strong>quod</strong></span> <span class='ocrx_word' id='word_1_583' title='bbox 1638 3799 1961 3870; x_wconf 91' lang='lat' dir='ltr'><strong>portendere</strong></span> 
     </span>
    </p>
   </div>
   <div class='ocr_carea' id='block_1_76' title="bbox 382 3886 1959 3967">
    <p class='ocr_par' dir='ltr' id='par_1_76' title="bbox 382 3886 1959 3967">
     <span class='ocr_line' id='line_1_76' title="bbox 382 3886 1959 3967; baseline -0.007 -15"><span class='ocrx_word' id='word_1_584' title='bbox 382 3906 547 3967; x_wconf 91' lang='lat' dir='ltr'><strong>atque</strong></span> <span class='ocrx_word' id='word_1_585' title='bbox 574 3896 877 3958; x_wconf 88' lang='lat' dir='ltr'><strong>ostendere,</strong></span> <span class='ocrx_word' id='word_1_586' title='bbox 915 3899 1220 3947; x_wconf 89' lang='lat' dir='ltr'><strong>monstrare</strong></span> <span class='ocrx_word' id='word_1_587' title='bbox 1244 3906 1309 3946; x_wconf 91' lang='lat' dir='ltr'><strong>ac</strong></span> <span class='ocrx_word' id='word_1_588' title='bbox 1333 3889 1629 3960; x_wconf 71' lang='lat' dir='ltr'><strong>prmdicere</strong></span> <span class='ocrx_word' id='word_1_589' title='bbox 1664 3889 1843 3960; x_wconf 89' lang='lat' dir='ltr'><strong>aliqua</strong></span> <span class='ocrx_word' id='word_1_590' title='bbox 1872 3886 1959 3941; x_wconf 89' lang='lat' dir='ltr'><strong>fu-</strong></span> 
     </span>
    </p>
   </div>
   <div class='ocr_carea' id='block_1_77' title="bbox 384 3980 1960 4053">
    <p class='ocr_par' dir='ltr' id='par_1_77' title="bbox 384 3980 1960 4053">
     <span class='ocr_line' id='line_1_77' title="bbox 384 3980 1960 4053; baseline -0.009 -8"><span class='ocrx_word' id='word_1_591' title='bbox 384 4000 505 4045; x_wconf 90' lang='lat' dir='ltr'><strong>tura</strong></span> <span class='ocrx_word' id='word_1_592' title='bbox 554 3987 824 4043; x_wconf 90' lang='lat' dir='ltr'><strong>videntur.</strong></span> <span class='ocrx_word' id='word_1_593' title='bbox 870 3982 1005 4038; x_wconf 86' lang='lat' dir='ltr'><strong>Nam</strong></span> <span class='ocrx_word' id='word_1_594' title='bbox 1042 3990 1290 4053; x_wconf 86' lang='lat' dir='ltr'><strong>portenta</strong></span> <span class='ocrx_word' id='word_1_595' title='bbox 1341 3980 1483 4035; x_wconf 91' lang='lat' dir='ltr'><strong>dicta</strong></span> <span class='ocrx_word' id='word_1_596' title='bbox 1530 3980 1881 4051; x_wconf 89' lang='lat' dir='ltr'><strong>perhibentur</strong></span> <span class='ocrx_word' id='word_1_597' title='bbox 1927 3993 1960 4032; x_wconf 92' lang='lat' dir='ltr'><strong>a</strong></span> 
     </span>
    </p>
   </div>
   <div class='ocr_carea' id='block_1_78' title="bbox 384 4071 1962 4153">
    <p class='ocr_par' dir='ltr' id='par_1_78' title="bbox 384 4071 1962 4153">
     <span class='ocr_line' id='line_1_78' title="bbox 384 4071 1962 4153; baseline -0.008 -16"><span class='ocrx_word' id='word_1_598' title='bbox 384 4078 756 4153; x_wconf 88' lang='lat' dir='ltr'><strong>portendendo</strong></span> <span class='ocrx_word' id='word_1_599' title='bbox 782 4118 798 4143; x_wconf 96' lang='lat'><strong>,</strong></span> <span class='ocrx_word' id='word_1_600' title='bbox 853 4077 908 4132; x_wconf 93' lang='lat' dir='ltr'><strong>id</strong></span> <span class='ocrx_word' id='word_1_601' title='bbox 961 4085 1045 4132; x_wconf 88' lang='lat' dir='ltr'><strong>est</strong></span> <span class='ocrx_word' id='word_1_602' title='bbox 1088 4074 1551 4146; x_wconf 74' lang='lat' dir='ltr'><strong>prmostendendo.</strong></span> <span class='ocrx_word' id='word_1_603' title='bbox 1598 4071 1824 4129; x_wconf 88' lang='lat' dir='ltr'><strong>Ostenta</strong></span> <span class='ocrx_word' id='word_1_604' title='bbox 1866 4086 1962 4126; x_wconf 88' lang='lat' dir='ltr'><strong>au-</strong></span> 
     </span>
    </p>
   </div>
   <div class='ocr_carea' id='block_1_79' title="bbox 387 4165 1959 4242">
    <p class='ocr_par' dir='ltr' id='par_1_79' title="bbox 387 4165 1959 4242">
     <span class='ocr_line' id='line_1_79' title="bbox 387 4165 1959 4242; baseline -0.006 -15"><span class='ocrx_word' id='word_1_605' title='bbox 387 4183 518 4238; x_wconf 89' lang='lat' dir='ltr'><strong>tem,</strong></span> <span class='ocrx_word' id='word_1_606' title='bbox 544 4171 688 4242; x_wconf 89' lang='lat' dir='ltr'><strong>quod</strong></span> <span class='ocrx_word' id='word_1_607' title='bbox 717 4169 1004 4226; x_wconf 89' lang='lat' dir='ltr'><strong>ostendere</strong></span> <span class='ocrx_word' id='word_1_608' title='bbox 1047 4168 1339 4238; x_wconf 91' lang='lat' dir='ltr'><strong>quidquam</strong></span> <span class='ocrx_word' id='word_1_609' title='bbox 1381 4165 1623 4221; x_wconf 87' lang='lat' dir='ltr'><strong>futurum</strong></span> <span class='ocrx_word' id='word_1_610' title='bbox 1657 4165 1959 4220; x_wconf 89' lang='lat' dir='ltr'><strong>videantur.</strong></span> 
     </span>
    </p>
   </div>
   <div class='ocr_carea' id='block_1_80' title="bbox 385 4254 1963 4332">
    <p class='ocr_par' dir='ltr' id='par_1_80' title="bbox 385 4254 1963 4332">
     <span class='ocr_line' id='line_1_80' title="bbox 385 4254 1963 4332; baseline -0.006 -14"><span class='ocrx_word' id='word_1_611' title='bbox 385 4262 656 4332; x_wconf 88' lang='lat' dir='ltr'><strong>Prodigia,</strong></span> <span class='ocrx_word' id='word_1_612' title='bbox 694 4260 836 4331; x_wconf 91' lang='lat' dir='ltr'><strong>quod</strong></span> <span class='ocrx_word' id='word_1_613' title='bbox 881 4273 1046 4328; x_wconf 89' lang='lat' dir='ltr'><strong>porro</strong></span> <span class='ocrx_word' id='word_1_614' title='bbox 1087 4257 1292 4323; x_wconf 88' lang='lat' dir='ltr'><strong>dicant,</strong></span> <span class='ocrx_word' id='word_1_615' title='bbox 1332 4257 1386 4312; x_wconf 90' lang='lat' dir='ltr'><strong>id</strong></span> <span class='ocrx_word' id='word_1_616' title='bbox 1433 4264 1517 4311; x_wconf 88' lang='lat' dir='ltr'><strong>est</strong></span> <span class='ocrx_word' id='word_1_617' title='bbox 1549 4254 1729 4310; x_wconf 82' lang='lat' dir='ltr'><strong>futura</strong></span> <span class='ocrx_word' id='word_1_618' title='bbox 1768 4254 1963 4324; x_wconf 67' lang='lat' dir='ltr'><strong>praedi-</strong></span> 
     </span>
    </p>
   </div>
   <div class='ocr_carea' id='block_1_81' title="bbox 389 4348 1963 4418">
    <p class='ocr_par' dir='ltr' id='par_1_81' title="bbox 389 4348 1963 4418">
     <span class='ocr_line' id='line_1_81' title="bbox 389 4348 1963 4418; baseline -0.004 -10"><span class='ocrx_word' id='word_1_619' title='bbox 389 4361 535 4409; x_wconf 88' lang='lat' dir='ltr'><strong>cant.</strong></span> <span class='ocrx_word' id='word_1_620' title='bbox 564 4352 804 4407; x_wconf 80' lang='lat' dir='ltr'><strong>Monstra</strong></span> <span class='ocrx_word' id='word_1_621' title='bbox 837 4365 967 4405; x_wconf 87' lang='lat' dir='ltr'><strong>vero</strong></span> <span class='ocrx_word' id='word_1_622' title='bbox 1003 4365 1034 4403; x_wconf 90' lang='lat' dir='ltr'><strong>a</strong></span> <span class='ocrx_word' id='word_1_623' title='bbox 1066 4351 1273 4405; x_wconf 91' lang='lat' dir='ltr'><strong>monitu</strong></span> <span class='ocrx_word' id='word_1_624' title='bbox 1300 4350 1467 4415; x_wconf 90' lang='lat' dir='ltr'><strong>dicta,</strong></span> <span class='ocrx_word' id='word_1_625' title='bbox 1498 4348 1640 4418; x_wconf 91' lang='lat' dir='ltr'><strong>quod</strong></span> <span class='ocrx_word' id='word_1_626' title='bbox 1663 4348 1863 4417; x_wconf 91' lang='lat' dir='ltr'><strong>aliquid</strong></span> <span class='ocrx_word' id='word_1_627' title='bbox 1890 4348 1963 4402; x_wconf 88' lang='lat' dir='ltr'><strong>si-</strong></span> 
     </span>
    </p>
   </div>
   <div class='ocr_carea' id='block_1_82' title="bbox 2061 3625 3640 3698">
    <p class='ocr_par' dir='ltr' id='par_1_82' title="bbox 2061 3625 3640 3698">
     <span class='ocr_line' id='line_1_82' title="bbox 2061 3625 3640 3698; baseline -0.004 -13"><span class='ocrx_word' id='word_1_628' title='bbox 2061 3630 2205 3689; x_wconf 85' lang='lat' dir='ltr'><strong>sicut</strong></span> <span class='ocrx_word' id='word_1_629' title='bbox 2226 3629 2302 3694; x_wconf 88' lang='lat' dir='ltr'><strong>hi,</strong></span> <span class='ocrx_word' id='word_1_630' title='bbox 2327 3628 2420 3698; x_wconf 89' lang='lat' dir='ltr'><strong>qui</strong></span> <span class='ocrx_word' id='word_1_631' title='bbox 2445 3628 2648 3685; x_wconf 85' lang='lat' dir='ltr'><strong>dentati</strong></span> <span class='ocrx_word' id='word_1_632' title='bbox 2669 3636 2984 3693; x_wconf 88' lang='lat' dir='ltr'><strong>nascuntur,</strong></span> <span class='ocrx_word' id='word_1_633' title='bbox 3006 3628 3121 3684; x_wconf 89' lang='lat' dir='ltr'><strong>sive</strong></span> <span class='ocrx_word' id='word_1_634' title='bbox 3145 3626 3358 3683; x_wconf 88' lang='lat' dir='ltr'><strong>barbati</strong></span> <span class='ocrx_word' id='word_1_635' title='bbox 3390 3625 3476 3682; x_wconf 87' lang='lat' dir='ltr'><strong>vel</strong></span> <span class='ocrx_word' id='word_1_636' title='bbox 3496 3625 3640 3681; x_wconf 90' lang='lat' dir='ltr'><strong>cani.</strong></span> 
     </span>
    </p>
   </div>
   <div class='ocr_carea' id='block_1_83' title="bbox 2058 3716 3641 3791">
    <p class='ocr_par' dir='ltr' id='par_1_83' title="bbox 2058 3716 3641 3791">
     <span class='ocr_line' id='line_1_83' title="bbox 2058 3716 3641 3791; baseline -0.003 -16"><span class='ocrx_word' id='word_1_637' title='bbox 2058 3721 2177 3775; x_wconf 81' lang='lat' dir='ltr'><strong>Alia</strong></span> <span class='ocrx_word' id='word_1_638' title='bbox 2196 3720 2479 3790; x_wconf 90' lang='lat' dir='ltr'><strong>complexu</strong></span> <span class='ocrx_word' id='word_1_639' title='bbox 2499 3717 2850 3791; x_wconf 90' lang='lat' dir='ltr'><strong>plurimarum</strong></span> <span class='ocrx_word' id='word_1_640' title='bbox 2872 3718 3316 3784; x_wconf 85' lang='lat' dir='ltr'><strong>dili&#39;erentiarum,</strong></span> <span class='ocrx_word' id='word_1_641' title='bbox 3339 3716 3641 3782; x_wconf 89' lang='lat' dir='ltr'><strong>sicutillud,</strong></span> 
     </span>
    </p>
   </div>
   <div class='ocr_carea' id='block_1_84' title="bbox 2061 3807 3639 3883">
    <p class='ocr_par' dir='ltr' id='par_1_84' title="bbox 2061 3807 3639 3883">
     <span class='ocr_line' id='line_1_84' title="bbox 2061 3807 3639 3883; baseline -0.004 -18"><span class='ocrx_word' id='word_1_642' title='bbox 2061 3811 2207 3883; x_wconf 89' lang='lat' dir='ltr'><strong>quod</strong></span> <span class='ocrx_word' id='word_1_643' title='bbox 2255 3810 2490 3866; x_wconf 89' lang='lat' dir='ltr'><strong>diximus</strong></span> <span class='ocrx_word' id='word_1_644' title='bbox 2527 3810 2583 3864; x_wconf 92' lang='lat' dir='ltr'><strong>in</strong></span> <span class='ocrx_word' id='word_1_645' title='bbox 2610 3809 2915 3865; x_wconf 81' lang='lat' dir='ltr'><strong>Alexandro</strong></span> <span class='ocrx_word' id='word_1_646' title='bbox 2942 3807 3270 3864; x_wconf 83' lang='lat' dir='ltr'><strong>multiforme</strong></span> <span class='ocrx_word' id='word_1_647' title='bbox 3310 3816 3639 3878; x_wconf 91' lang='lat' dir='ltr'><strong>portentum.</strong></span> 
     </span>
    </p>
   </div>
   <div class='ocr_carea' id='block_1_85' title="bbox 2057 3898 3645 3971">
    <p class='ocr_par' dir='ltr' id='par_1_85' title="bbox 2057 3898 3645 3971">
     <span class='ocr_line' id='line_1_85' title="bbox 2057 3898 3645 3971; baseline 0 -18"><span class='ocrx_word' id='word_1_648' title='bbox 2057 3901 2176 3956; x_wconf 88' lang='lat' dir='ltr'><strong>Alia</strong></span> <span class='ocrx_word' id='word_1_649' title='bbox 2192 3900 2567 3956; x_wconf 89' lang='lat' dir='ltr'><strong>commistione</strong></span> <span class='ocrx_word' id='word_1_650' title='bbox 2587 3900 2821 3971; x_wconf 88' lang='lat' dir='ltr'><strong>generis,</strong></span> <span class='ocrx_word' id='word_1_651' title='bbox 2839 3907 2900 3953; x_wconf 90' lang='lat' dir='ltr'><strong>ut</strong></span> <span class='ocrx_word' id='word_1_652' title='bbox 2919 3900 3211 3971; x_wconf 84' lang='lat' dir='ltr'><strong>androgyni</strong></span> <span class='ocrx_word' id='word_1_653' title='bbox 3224 3908 3279 3953; x_wconf 90' lang='lat' dir='ltr'><strong>et</strong></span> <span class='ocrx_word' id='word_1_654' title='bbox 3291 3898 3645 3968; x_wconf 85' lang='lat' dir='ltr'><strong>hermaphro-</strong></span> 
     </span>
    </p>
   </div>
   <div class='ocr_carea' id='block_1_86' title="bbox 2059 3990 3644 4062">
    <p class='ocr_par' dir='ltr' id='par_1_86' title="bbox 2059 3990 3644 4062">
     <span class='ocr_line' id='line_1_86' title="bbox 2059 3990 3644 4062; baseline -0.002 -14"><span class='ocrx_word' id='word_1_655' title='bbox 2059 3993 2187 4048; x_wconf 70' lang='lat' dir='ltr'><strong>ditte</strong></span> <span class='ocrx_word' id='word_1_656' title='bbox 2224 4001 2621 4062; x_wconf 89' lang='lat' dir='ltr'><strong>nuncupantur.</strong></span> <span class='ocrx_word' id='word_1_657' title='bbox 2672 3991 3098 4062; x_wconf 74' lang='lat' dir='ltr'><strong>Ermapbrodilae</strong></span> <span class='ocrx_word' id='word_1_658' title='bbox 3136 3998 3315 4046; x_wconf 88' lang='lat' dir='ltr'><strong>autem</strong></span> <span class='ocrx_word' id='word_1_659' title='bbox 3353 3990 3644 4059; x_wconf 89' lang='lat' dir='ltr'><strong>nuneupati</strong></span> 
     </span>
    </p>
   </div>
   <div class='ocr_carea' id='block_1_87' title="bbox 2060 4078 3644 4152">
    <p class='ocr_par' dir='ltr' id='par_1_87' title="bbox 2060 4078 3644 4152">
     <span class='ocr_line' id='line_1_87' title="bbox 2060 4078 3644 4152; baseline -0.005 -13"><span class='ocrx_word' id='word_1_660' title='bbox 2060 4097 2125 4139; x_wconf 92' lang='lat' dir='ltr'><strong>eo</strong></span> <span class='ocrx_word' id='word_1_661' title='bbox 2145 4082 2288 4152; x_wconf 90' lang='lat' dir='ltr'><strong>quod</strong></span> <span class='ocrx_word' id='word_1_662' title='bbox 2316 4081 2370 4136; x_wconf 93' lang='lat' dir='ltr'><strong>in</strong></span> <span class='ocrx_word' id='word_1_663' title='bbox 2402 4081 2484 4136; x_wconf 88' lang='lat' dir='ltr'><strong>eis</strong></span> <span class='ocrx_word' id='word_1_664' title='bbox 2510 4089 2738 4150; x_wconf 89' lang='lat' dir='ltr'><strong>uterque</strong></span> <span class='ocrx_word' id='word_1_665' title='bbox 2771 4095 2934 4135; x_wconf 84' lang='lat' dir='ltr'><strong>sexus</strong></span> <span class='ocrx_word' id='word_1_666' title='bbox 2956 4088 3228 4151; x_wconf 87' lang='lat' dir='ltr'><strong>appareat.</strong></span> <span class='ocrx_word' id='word_1_667' title='bbox 3258 4078 3419 4133; x_wconf 83' lang='lat' dir='ltr'><strong>Erma</strong></span> <span class='ocrx_word' id='word_1_668' title='bbox 3446 4079 3644 4148; x_wconf 88' lang='lat' dir='ltr'><strong>quippe</strong></span> 
     </span>
    </p>
   </div>
   <div class='ocr_carea' id='block_1_88' title="bbox 2063 4167 3645 4242">
    <p class='ocr_par' dir='ltr' id='par_1_88' title="bbox 2063 4167 3645 4242">
     <span class='ocr_line' id='line_1_88' title="bbox 2063 4167 3645 4242; baseline -0.004 -15"><span class='ocrx_word' id='word_1_669' title='bbox 2063 4173 2202 4242; x_wconf 88' lang='lat' dir='ltr'><strong>apud</strong></span> <span class='ocrx_word' id='word_1_670' title='bbox 2217 4170 2433 4227; x_wconf 65' lang='lat' dir='ltr'><strong>Graecos</strong></span> <span class='ocrx_word' id='word_1_671' title='bbox 2447 4170 2740 4236; x_wconf 89' lang='lat' dir='ltr'><strong>masculus,</strong></span> <span class='ocrx_word' id='word_1_672' title='bbox 2756 4170 3192 4241; x_wconf 19' lang='lat' dir='ltr'><strong>aphrodigfemina</strong></span> <span class='ocrx_word' id='word_1_673' title='bbox 3205 4175 3563 4237; x_wconf 87' lang='lat' dir='ltr'><strong>nuncupatur.</strong></span> <span class='ocrx_word' id='word_1_674' title='bbox 3576 4167 3645 4221; x_wconf 90' lang='lat' dir='ltr'><strong>ili</strong></span> 
     </span>
    </p>
   </div>
   <div class='ocr_carea' id='block_1_89' title="bbox 2061 4256 3649 4321">
    <p class='ocr_par' dir='ltr' id='par_1_89' title="bbox 2061 4256 3649 4321">
     <span class='ocr_line' id='line_1_89' title="bbox 2061 4256 3649 4321; baseline -0.008 0"><span class='ocrx_word' id='word_1_675' title='bbox 2061 4265 2304 4321; x_wconf 89' lang='lat' dir='ltr'><strong>dextram</strong></span> <span class='ocrx_word' id='word_1_676' title='bbox 2328 4262 2620 4318; x_wconf 88' lang='lat' dir='ltr'><strong>mamillam</strong></span> <span class='ocrx_word' id='word_1_677' title='bbox 2642 4260 2878 4321; x_wconf 90' lang='lat' dir='ltr'><strong>virilem.</strong></span> <span class='ocrx_word' id='word_1_678' title='bbox 2905 4261 3174 4316; x_wconf 86' lang='lat' dir='ltr'><strong>sinistram</strong></span> <span class='ocrx_word' id='word_1_679' title='bbox 3198 4258 3513 4313; x_wconf 90' lang='lat' dir='ltr'><strong>muliebrem</strong></span> <span class='ocrx_word' id='word_1_680' title='bbox 3548 4256 3649 4310; x_wconf 76' lang='lat' dir='ltr'><strong>lia-</strong></span> 
     </span>
    </p>
   </div>
   <div class='ocr_carea' id='block_1_90' title="bbox 2069 4348 3648 4425">
    <p class='ocr_par' dir='ltr' id='par_1_90' title="bbox 2069 4348 3648 4425">
     <span class='ocr_line' id='line_1_90' title="bbox 2069 4348 3648 4425; baseline -0.006 -15"><span class='ocrx_word' id='word_1_681' title='bbox 2069 4356 2285 4420; x_wconf 89' lang='lat' dir='ltr'><strong>bentcs,</strong></span> <span class='ocrx_word' id='word_1_682' title='bbox 2308 4355 2543 4410; x_wconf 82' lang='lat' dir='ltr'><strong>vicissim</strong></span> <span class='ocrx_word' id='word_1_683' title='bbox 2565 4354 2809 4410; x_wconf 88' lang='lat' dir='ltr'><strong>coeundo</strong></span> <span class='ocrx_word' id='word_1_684' title='bbox 2835 4363 2889 4408; x_wconf 92' lang='lat' dir='ltr'><strong>et</strong></span> <span class='ocrx_word' id='word_1_685' title='bbox 2908 4354 3134 4425; x_wconf 87' lang='lat' dir='ltr'><strong>gignunt</strong></span> <span class='ocrx_word' id='word_1_686' title='bbox 3156 4360 3213 4407; x_wconf 90' lang='lat' dir='ltr'><strong>et</strong></span> <span class='ocrx_word' id='word_1_687' title='bbox 3231 4351 3468 4422; x_wconf 91' lang='lat' dir='ltr'><strong>pariunt.</strong></span> <span class='ocrx_word' id='word_1_688' title='bbox 3492 4348 3648 4403; x_wconf 89' lang='lat' dir='ltr'><strong>Sicut</strong></span> 
     </span>
    </p>
   </div>
   <div class='ocr_carea' id='block_1_91' title="bbox 386 4413 3645 4517">
    <p class='ocr_par' dir='ltr' id='par_1_91' title="bbox 386 4413 3645 4517">
     <span class='ocr_line' id='line_1_91' title="bbox 386 4413 3645 4517; baseline -0.004 -20"><span class='ocrx_word' id='word_1_689' title='bbox 386 4442 688 4514; x_wconf 88' lang='lat' dir='ltr'><strong>gniﬁcando</strong></span> <span class='ocrx_word' id='word_1_690' title='bbox 725 4442 1094 4496; x_wconf 90' lang='lat' dir='ltr'><strong>demonstrent</strong></span> <span class='ocrx_word' id='word_1_691' title='bbox 1118 4458 1129 4494; x_wconf 90' lang='lat'>:</span> <span class='ocrx_word' id='word_1_692' title='bbox 1156 4441 1267 4495; x_wconf 89' lang='lat' dir='ltr'><strong>sive</strong></span> <span class='ocrx_word' id='word_1_693' title='bbox 1290 4439 1434 4509; x_wconf 91' lang='lat' dir='ltr'><strong>quod</strong></span> <span class='ocrx_word' id='word_1_694' title='bbox 1457 4440 1637 4493; x_wconf 90' lang='lat' dir='ltr'><strong>statim</strong></span> <span class='ocrx_word' id='word_1_695' title='bbox 1668 4446 1970 4492; x_wconf 85' lang='lat' dir='ltr'><strong>monstrent</strong></span> <span class='ocrx_word' id='word_1_696' title='bbox 1994 4413 2045 4472; x_wconf 78' lang='lat' dir='ltr'><strong>D</strong></span> <span class='ocrx_word' id='word_1_697' title='bbox 2070 4455 2250 4515; x_wconf 57' lang='lat' dir='ltr'><strong>am.“</strong></span> <span class='ocrx_word' id='word_1_698' title='bbox 2284 4447 2336 4500; x_wconf 80' lang='grc' dir='ltr'><strong>ίη</strong></span> <span class='ocrx_word' id='word_1_699' title='bbox 2362 4445 2587 4517; x_wconf 68' lang='lat' dir='ltr'><strong>singulis</strong></span> <span class='ocrx_word' id='word_1_700' title='bbox 2608 4446 2856 4517; x_wconf 55' lang='lat' dir='ltr'><strong>gentibus</strong></span> <span class='ocrx_word' id='word_1_701' title='bbox 2873 4413 3117 4515; x_wconf 59' lang='grc' dir='ltr'><strong>ιιξιαζάδω</strong></span> <span class='ocrx_word' id='word_1_702' title='bbox 3141 4413 3383 4500; x_wconf 47' lang='lat' dir='ltr'><strong>mohs“;</strong></span> <span class='ocrx_word' id='word_1_703' title='bbox 3396 4452 3521 4498; x_wconf 64' lang='lat' dir='ltr'><strong>sum</strong></span> <span class='ocrx_word' id='word_1_704' title='bbox 3545 4442 3645 4498; x_wconf 77' lang='grc' dir='ltr'>ιιο.</span> 
     </span>
    </p>
   </div>
   <div class='ocr_carea' id='block_1_92' title="bbox 390 4527 1969 4604">
    <p class='ocr_par' dir='ltr' id='par_1_92' title="bbox 390 4527 1969 4604">
     <span class='ocr_line' id='line_1_92' title="bbox 390 4527 1969 4604; baseline -0.003 -18"><span class='ocrx_word' id='word_1_705' title='bbox 390 4534 519 4604; x_wconf 88' lang='lat' dir='ltr'><strong>quid</strong></span> <span class='ocrx_word' id='word_1_706' title='bbox 557 4538 831 4602; x_wconf 88' lang='lat' dir='ltr'><strong>appareat.</strong></span> <span class='ocrx_word' id='word_1_707' title='bbox 865 4532 933 4585; x_wconf 86' lang='lat' dir='ltr'><strong>Et</strong></span> <span class='ocrx_word' id='word_1_708' title='bbox 967 4530 1070 4585; x_wconf 87' lang='lat' dir='ltr'><strong>hoc</strong></span> <span class='ocrx_word' id='word_1_709' title='bbox 1095 4529 1441 4601; x_wconf 89' lang='lat' dir='ltr'><strong>proprietatis</strong></span> <span class='ocrx_word' id='word_1_710' title='bbox 1467 4536 1569 4593; x_wconf 88' lang='lat' dir='ltr'><strong>est,</strong></span> <span class='ocrx_word' id='word_1_711' title='bbox 1602 4527 1860 4582; x_wconf 90' lang='lat' dir='ltr'><strong>abusione</strong></span> <span class='ocrx_word' id='word_1_712' title='bbox 1887 4536 1969 4581; x_wconf 90' lang='lat' dir='ltr'><strong>ta-</strong></span> 
     </span>
    </p>
   </div>
   <div class='ocr_carea' id='block_1_93' title="bbox 392 4618 1966 4693">
    <p class='ocr_par' dir='ltr' id='par_1_93' title="bbox 392 4618 1966 4693">
     <span class='ocr_line' id='line_1_93' title="bbox 392 4618 1966 4693; baseline -0.006 -11"><span class='ocrx_word' id='word_1_713' title='bbox 392 4642 515 4682; x_wconf 89' lang='lat' dir='ltr'><strong>men</strong></span> <span class='ocrx_word' id='word_1_714' title='bbox 557 4623 879 4693; x_wconf 88' lang='lat' dir='ltr'><strong>scriptorum</strong></span> <span class='ocrx_word' id='word_1_715' title='bbox 929 4622 1247 4691; x_wconf 91' lang='lat' dir='ltr'><strong>plerumque</strong></span> <span class='ocrx_word' id='word_1_716' title='bbox 1286 4620 1666 4691; x_wconf 90' lang='lat' dir='ltr'><strong>corrumpitur.</strong></span> <span class='ocrx_word' id='word_1_717' title='bbox 1708 4618 1966 4685; x_wconf 74' lang='lat' dir='ltr'><strong>Quaedam</strong></span> 
     </span>
    </p>
   </div>
   <div class='ocr_carea' id='block_1_94' title="bbox 389 4706 1966 4783">
    <p class='ocr_par' dir='ltr' id='par_1_94' title="bbox 389 4706 1966 4783">
     <span class='ocr_line' id='line_1_94' title="bbox 389 4706 1966 4783; baseline -0.004 -14"><span class='ocrx_word' id='word_1_718' title='bbox 389 4724 569 4769; x_wconf 89' lang='lat' dir='ltr'><strong>autem</strong></span> <span class='ocrx_word' id='word_1_719' title='bbox 616 4719 991 4783; x_wconf 86' lang='lat' dir='ltr'><strong>portentorum</strong></span> <span class='ocrx_word' id='word_1_720' title='bbox 1037 4711 1340 4765; x_wconf 87' lang='lat' dir='ltr'><strong>creationes</strong></span> <span class='ocrx_word' id='word_1_721' title='bbox 1382 4710 1437 4764; x_wconf 91' lang='lat' dir='ltr'><strong>in</strong></span> <span class='ocrx_word' id='word_1_722' title='bbox 1482 4706 1966 4780; x_wconf 88' lang='lat' dir='ltr'><strong>signiﬁcationibus</strong></span> 
     </span>
    </p>
   </div>
   <div class='ocr_carea' id='block_1_95' title="bbox 388 4795 1963 4859">
    <p class='ocr_par' dir='ltr' id='par_1_95' title="bbox 388 4795 1963 4859">
     <span class='ocr_line' id='line_1_95' title="bbox 388 4795 1963 4859; baseline -0.006 0"><span class='ocrx_word' id='word_1_723' title='bbox 388 4803 586 4859; x_wconf 88' lang='lat' dir='ltr'><strong>futuris</strong></span> <span class='ocrx_word' id='word_1_724' title='bbox 621 4801 925 4856; x_wconf 78' lang='lat' dir='ltr'><strong>constituta:</strong></span> <span class='ocrx_word' id='word_1_725' title='bbox 952 4798 1220 4853; x_wconf 89' lang='lat' dir='ltr'><strong>videntur.</strong></span> <span class='ocrx_word' id='word_1_726' title='bbox 1252 4797 1379 4853; x_wconf 81' lang='lat' dir='ltr'><strong>Vult</strong></span> <span class='ocrx_word' id='word_1_727' title='bbox 1420 4798 1564 4853; x_wconf 90' lang='lat' dir='ltr'><strong>enim</strong></span> <span class='ocrx_word' id='word_1_728' title='bbox 1605 4797 1750 4852; x_wconf 89' lang='lat' dir='ltr'><strong>Deus</strong></span> <span class='ocrx_word' id='word_1_729' title='bbox 1792 4795 1963 4851; x_wconf 91' lang='lat' dir='ltr'><strong>inter-</strong></span> 
     </span>
    </p>
   </div>
   <div class='ocr_carea' id='block_1_96' title="bbox 366 4889 1961 4963">
    <p class='ocr_par' dir='ltr' id='par_1_96' title="bbox 366 4889 1961 4963">
     <span class='ocr_line' id='line_1_96' title="bbox 366 4889 1961 4963; baseline -0.007 -11"><span class='ocrx_word' id='word_1_730' title='bbox 366 4897 515 4952; x_wconf 78' lang='lat' dir='ltr'><strong>‘dum</strong></span> <span class='ocrx_word' id='word_1_731' title='bbox 538 4902 763 4951; x_wconf 86' lang='lat' dir='ltr'><strong>ventura</strong></span> <span class='ocrx_word' id='word_1_732' title='bbox 785 4890 1090 4963; x_wconf 86' lang='lat' dir='ltr'><strong>signiﬁcare</strong></span> <span class='ocrx_word' id='word_1_733' title='bbox 1102 4905 1198 4962; x_wconf 91' lang='lat' dir='ltr'><strong>per</strong></span> <span class='ocrx_word' id='word_1_734' title='bbox 1218 4890 1395 4961; x_wconf 89' lang='lat' dir='ltr'><strong>aliqua</strong></span> <span class='ocrx_word' id='word_1_735' title='bbox 1419 4890 1757 4945; x_wconf 87' lang='lat' dir='ltr'><strong>nascentium</strong></span> <span class='ocrx_word' id='word_1_736' title='bbox 1779 4889 1961 4954; x_wconf 89' lang='lat' dir='ltr'><strong>noxia,</strong></span> 
     </span>
    </p>
   </div>
   <div class='ocr_carea' id='block_1_97' title="bbox 388 4981 1968 5057">
    <p class='ocr_par' dir='ltr' id='par_1_97' title="bbox 388 4981 1968 5057">
     <span class='ocr_line' id='line_1_97' title="bbox 388 4981 1968 5057; baseline -0.005 -15"><span class='ocrx_word' id='word_1_737' title='bbox 388 4988 527 5043; x_wconf 90' lang='lat' dir='ltr'><strong>sicut</strong></span> <span class='ocrx_word' id='word_1_738' title='bbox 554 5001 649 5057; x_wconf 90' lang='lat' dir='ltr'><strong>per</strong></span> <span class='ocrx_word' id='word_1_739' title='bbox 676 4999 893 5041; x_wconf 90' lang='lat' dir='ltr'><strong>somnos</strong></span> <span class='ocrx_word' id='word_1_740' title='bbox 926 4992 981 5038; x_wconf 91' lang='lat' dir='ltr'><strong>et</strong></span> <span class='ocrx_word' id='word_1_741' title='bbox 1007 4997 1105 5053; x_wconf 92' lang='lat' dir='ltr'><strong>per</strong></span> <span class='ocrx_word' id='word_1_742' title='bbox 1149 4981 1369 5037; x_wconf 87' lang='lat' dir='ltr'><strong>oracula</strong></span> <span class='ocrx_word' id='word_1_743' title='bbox 1409 4996 1515 5051; x_wconf 90' lang='lat' dir='ltr'><strong>qua</strong></span> <span class='ocrx_word' id='word_1_744' title='bbox 1554 4988 1884 5051; x_wconf 67' lang='lat' dir='ltr'><strong>prmmoneat</strong></span> <span class='ocrx_word' id='word_1_745' title='bbox 1910 4987 1968 5035; x_wconf 88' lang='lat' dir='ltr'><strong>et</strong></span> 
     </span>
    </p>
   </div>
   <div class='ocr_carea' id='block_1_98' title="bbox 366 5073 1964 5148">
    <p class='ocr_par' dir='ltr' id='par_1_98' title="bbox 366 5073 1964 5148">
     <span class='ocr_line' id='line_1_98' title="bbox 366 5073 1964 5148; baseline -0.002 -16"><span class='ocrx_word' id='word_1_746' title='bbox 366 5074 655 5148; x_wconf 77' lang='lat' dir='ltr'><strong>signiticet</strong></span> <span class='ocrx_word' id='word_1_747' title='bbox 685 5075 1003 5146; x_wconf 88' lang='lat' dir='ltr'><strong>quibusdam</strong></span> <span class='ocrx_word' id='word_1_748' title='bbox 1032 5074 1116 5129; x_wconf 91' lang='lat' dir='ltr'><strong>vel</strong></span> <span class='ocrx_word' id='word_1_749' title='bbox 1145 5074 1413 5145; x_wconf 90' lang='lat' dir='ltr'><strong>gentibus,</strong></span> <span class='ocrx_word' id='word_1_750' title='bbox 1441 5073 1522 5129; x_wconf 86' lang='lat' dir='ltr'><strong>vel</strong></span> <span class='ocrx_word' id='word_1_751' title='bbox 1552 5073 1857 5130; x_wconf 90' lang='lat' dir='ltr'><strong>hominibus</strong></span> <span class='ocrx_word' id='word_1_752' title='bbox 1880 5073 1964 5129; x_wconf 87' lang='lat' dir='ltr'><strong>fu-</strong></span> 
     </span>
    </p>
   </div>
   <div class='ocr_carea' id='block_1_99' title="bbox 390 5165 1966 5237">
    <p class='ocr_par' dir='ltr' id='par_1_99' title="bbox 390 5165 1966 5237">
     <span class='ocr_line' id='line_1_99' title="bbox 390 5165 1966 5237; baseline -0.003 -15"><span class='ocrx_word' id='word_1_753' title='bbox 390 5176 570 5223; x_wconf 86' lang='lat' dir='ltr'><strong>turam</strong></span> <span class='ocrx_word' id='word_1_754' title='bbox 613 5167 855 5233; x_wconf 89' lang='lat' dir='ltr'><strong>cladem;</strong></span> <span class='ocrx_word' id='word_1_755' title='bbox 899 5165 1041 5237; x_wconf 93' lang='lat' dir='ltr'><strong>quod</strong></span> <span class='ocrx_word' id='word_1_756' title='bbox 1095 5166 1341 5236; x_wconf 91' lang='lat' dir='ltr'><strong>plurimis</strong></span> <span class='ocrx_word' id='word_1_757' title='bbox 1378 5165 1539 5221; x_wconf 79' lang='lat' dir='ltr'><strong>etiam</strong></span> <span class='ocrx_word' id='word_1_758' title='bbox 1583 5165 1966 5236; x_wconf 84' lang='lat' dir='ltr'><strong>experimentis</strong></span> 
     </span>
    </p>
   </div>
   <div class='ocr_carea' id='block_1_100' title="bbox 388 5254 1967 5327">
    <p class='ocr_par' dir='ltr' id='par_1_100' title="bbox 388 5254 1967 5327">
     <span class='ocr_line' id='line_1_100' title="bbox 388 5254 1967 5327; baseline -0.003 -16"><span class='ocrx_word' id='word_1_759' title='bbox 388 5256 671 5327; x_wconf 90' lang='lat' dir='ltr'><strong>probatum</strong></span> <span class='ocrx_word' id='word_1_760' title='bbox 697 5264 798 5311; x_wconf 88' lang='lat' dir='ltr'><strong>est.</strong></span> <span class='ocrx_word' id='word_1_761' title='bbox 830 5255 1045 5310; x_wconf 83' lang='lat' dir='ltr'><strong>Xerxen</strong></span> <span class='ocrx_word' id='word_1_762' title='bbox 1083 5255 1280 5325; x_wconf 88' lang='lat' dir='ltr'><strong>quippe</strong></span> <span class='ocrx_word' id='word_1_763' title='bbox 1315 5254 1501 5324; x_wconf 89' lang='lat' dir='ltr'><strong>vulpes</strong></span> <span class='ocrx_word' id='word_1_764' title='bbox 1529 5270 1596 5308; x_wconf 82' lang='lat' dir='ltr'><strong>ex</strong></span> <span class='ocrx_word' id='word_1_765' title='bbox 1617 5269 1754 5323; x_wconf 86' lang='lat' dir='ltr'><strong>equa</strong></span> <span class='ocrx_word' id='word_1_766' title='bbox 1784 5262 1967 5309; x_wconf 88' lang='lat' dir='ltr'><strong>creata</strong></span> 
     </span>
    </p>
   </div>
   <div class='ocr_carea' id='block_1_101' title="bbox 392 5345 1968 5417">
    <p class='ocr_par' dir='ltr' id='par_1_101' title="bbox 392 5345 1968 5417">
     <span class='ocr_line' id='line_1_101' title="bbox 392 5345 1968 5417; baseline 0.001 -18"><span class='ocrx_word' id='word_1_767' title='bbox 392 5345 525 5399; x_wconf 88' lang='lat' dir='ltr'><strong>solvi</strong></span> <span class='ocrx_word' id='word_1_768' title='bbox 556 5360 778 5417; x_wconf 85' lang='lat' dir='ltr'><strong>regnum</strong></span> <span class='ocrx_word' id='word_1_769' title='bbox 809 5346 1103 5416; x_wconf 90' lang='lat' dir='ltr'><strong>portendit.</strong></span> <span class='ocrx_word' id='word_1_770' title='bbox 1130 5346 1438 5403; x_wconf 80' lang='lat' dir='ltr'><strong>Alexandro</strong></span> <span class='ocrx_word' id='word_1_771' title='bbox 1461 5362 1529 5402; x_wconf 91' lang='lat' dir='ltr'><strong>ex</strong></span> <span class='ocrx_word' id='word_1_772' title='bbox 1565 5347 1787 5403; x_wconf 85' lang='lat' dir='ltr'><strong>muliere</strong></span> <span class='ocrx_word' id='word_1_773' title='bbox 1812 5363 1968 5401; x_wconf 91' lang='lat' dir='ltr'><strong>mon-</strong></span> 
     </span>
    </p>
   </div>
   <div class='ocr_carea' id='block_1_102' title="bbox 392 5437 1971 5508">
    <p class='ocr_par' dir='ltr' id='par_1_102' title="bbox 392 5437 1971 5508">
     <span class='ocr_line' id='line_1_102' title="bbox 392 5437 1971 5508; baseline 0.001 -17"><span class='ocrx_word' id='word_1_774' title='bbox 392 5443 564 5491; x_wconf 90' lang='lat' dir='ltr'><strong>strum</strong></span> <span class='ocrx_word' id='word_1_775' title='bbox 588 5445 847 5503; x_wconf 87' lang='lat' dir='ltr'><strong>creatum,</strong></span> <span class='ocrx_word' id='word_1_776' title='bbox 878 5437 1023 5506; x_wconf 89' lang='lat' dir='ltr'><strong>quod</strong></span> <span class='ocrx_word' id='word_1_777' title='bbox 1065 5438 1370 5507; x_wconf 90' lang='lat' dir='ltr'><strong>superiores</strong></span> <span class='ocrx_word' id='word_1_778' title='bbox 1404 5439 1644 5508; x_wconf 91' lang='lat' dir='ltr'><strong>corporis</strong></span> <span class='ocrx_word' id='word_1_779' title='bbox 1673 5448 1851 5508; x_wconf 85' lang='lat' dir='ltr'><strong>partes</strong></span> <span class='ocrx_word' id='word_1_780' title='bbox 1874 5439 1971 5492; x_wconf 87' lang='lat' dir='ltr'><strong>bo-</strong></span> 
     </span>
    </p>
   </div>
   <div class='ocr_carea' id='block_1_103' title="bbox 394 5523 1966 5590">
    <p class='ocr_par' dir='ltr' id='par_1_103' title="bbox 394 5523 1966 5590">
     <span class='ocr_line' id='line_1_103' title="bbox 394 5523 1966 5590; baseline 0.003 -13"><span class='ocrx_word' id='word_1_781' title='bbox 394 5523 575 5590; x_wconf 89' lang='lat' dir='ltr'><strong>miuis,</strong></span> <span class='ocrx_word' id='word_1_782' title='bbox 610 5526 704 5580; x_wconf 90' lang='lat' dir='ltr'><strong>sed</strong></span> <span class='ocrx_word' id='word_1_783' title='bbox 730 5535 968 5582; x_wconf 87' lang='lat' dir='ltr'><strong>mortuas</strong></span> <span class='ocrx_word' id='word_1_784' title='bbox 1014 5528 1263 5582; x_wconf 87' lang='lat' dir='ltr'><strong>habuerit</strong></span> <span class='ocrx_word' id='word_1_785' title='bbox 1292 5526 1604 5584; x_wconf 87' lang='lat' dir='ltr'><strong>inferiorum</strong></span> <span class='ocrx_word' id='word_1_786' title='bbox 1636 5530 1966 5583; x_wconf 86' lang='lat' dir='ltr'><strong>diversarum</strong></span> 
     </span>
    </p>
   </div>
   <div class='ocr_carea' id='block_1_104' title="bbox 392 5615 1964 5692">
    <p class='ocr_par' dir='ltr' id='par_1_104' title="bbox 392 5615 1964 5692">
     <span class='ocr_line' id='line_1_104' title="bbox 392 5615 1964 5692; baseline 0.003 -19"><span class='ocrx_word' id='word_1_787' title='bbox 392 5615 705 5681; x_wconf 80' lang='lat' dir='ltr'><strong>bestiarum,</strong></span> <span class='ocrx_word' id='word_1_788' title='bbox 737 5619 828 5673; x_wconf 89' lang='lat' dir='ltr'><strong>sed</strong></span> <span class='ocrx_word' id='word_1_789' title='bbox 862 5619 1102 5675; x_wconf 90' lang='lat' dir='ltr'><strong>viventes</strong></span> <span class='ocrx_word' id='word_1_790' title='bbox 1138 5620 1469 5692; x_wconf 86' lang='lat' dir='ltr'><strong>signiﬁcasse</strong></span> <span class='ocrx_word' id='word_1_791' title='bbox 1498 5624 1832 5691; x_wconf 85' lang='lat' dir='ltr'><strong>repentinam</strong></span> <span class='ocrx_word' id='word_1_792' title='bbox 1879 5639 1964 5677; x_wconf 87' lang='lat' dir='ltr'><strong>re-</strong></span> 
     </span>
    </p>
   </div>
   <div class='ocr_carea' id='block_1_105' title="bbox 2070 4534 3643 4606">
    <p class='ocr_par' dir='ltr' id='par_1_105' title="bbox 2070 4534 3643 4606">
     <span class='ocr_line' id='line_1_105' title="bbox 2070 4534 3643 4606; baseline -0.004 -14"><span class='ocrx_word' id='word_1_793' title='bbox 2070 4539 2304 4592; x_wconf 89' lang='lat' dir='ltr'><strong>minum:</strong></span> <span class='ocrx_word' id='word_1_794' title='bbox 2328 4538 2400 4591; x_wconf 87' lang='lat' dir='ltr'><strong>ita</strong></span> <span class='ocrx_word' id='word_1_795' title='bbox 2438 4545 2494 4591; x_wconf 90' lang='lat' dir='ltr'><strong>et</strong></span> <span class='ocrx_word' id='word_1_796' title='bbox 2527 4537 2592 4605; x_wconf 34' lang='lat' dir='ltr'><strong>in.</strong></span> <span class='ocrx_word' id='word_1_797' title='bbox 2613 4540 2862 4591; x_wconf 88' lang='lat' dir='ltr'><strong>universo</strong></span> <span class='ocrx_word' id='word_1_798' title='bbox 2901 4542 3097 4606; x_wconf 85' lang='lat' dir='ltr'><strong>genere</strong></span> <span class='ocrx_word' id='word_1_799' title='bbox 3136 4536 3369 4589; x_wconf 86' lang='lat' dir='ltr'><strong>humano</strong></span> <span class='ocrx_word' id='word_1_800' title='bbox 3397 4534 3643 4602; x_wconf 62' lang='lat' dir='ltr'><strong>quaedam</strong></span> 
     </span>
    </p>
   </div>
   <div class='ocr_carea' id='block_1_106' title="bbox 2069 4623 3640 4699">
    <p class='ocr_par' dir='ltr' id='par_1_106' title="bbox 2069 4623 3640 4699">
     <span class='ocr_line' id='line_1_106' title="bbox 2069 4623 3640 4699; baseline -0.003 -17"><span class='ocrx_word' id='word_1_801' title='bbox 2069 4637 2308 4684; x_wconf 85' lang='lat' dir='ltr'><strong>monstra</strong></span> <span class='ocrx_word' id='word_1_802' title='bbox 2354 4638 2479 4683; x_wconf 92' lang='lat' dir='ltr'><strong>sunt</strong></span> <span class='ocrx_word' id='word_1_803' title='bbox 2528 4628 2791 4698; x_wconf 87' lang='lat' dir='ltr'><strong>gentium,</strong></span> <span class='ocrx_word' id='word_1_804' title='bbox 2836 4635 2896 4680; x_wconf 93' lang='lat' dir='ltr'><strong>ut</strong></span> <span class='ocrx_word' id='word_1_805' title='bbox 2938 4634 3217 4699; x_wconf 79' lang='lat' dir='ltr'><strong>gygautes.</strong></span> <span class='ocrx_word' id='word_1_806' title='bbox 3269 4623 3640 4696; x_wconf 85' lang='lat' dir='ltr'><strong>cynocephali,</strong></span> 
     </span>
    </p>
   </div>
   <div class='ocr_carea' id='block_1_107' title="bbox 2067 4712 3646 4789">
    <p class='ocr_par' dir='ltr' id='par_1_107' title="bbox 2067 4712 3646 4789">
     <span class='ocr_line' id='line_1_107' title="bbox 2067 4712 3646 4789; baseline -0.004 -16"><span class='ocrx_word' id='word_1_807' title='bbox 2067 4718 2332 4788; x_wconf 87' lang='lat' dir='ltr'><strong>cyclopes,</strong></span> <span class='ocrx_word' id='word_1_808' title='bbox 2362 4726 2418 4771; x_wconf 90' lang='lat' dir='ltr'><strong>et</strong></span> <span class='ocrx_word' id='word_1_809' title='bbox 2437 4725 2654 4771; x_wconf 75' lang='lat' dir='ltr'><strong>czetera.</strong></span> <span class='ocrx_word' id='word_1_810' title='bbox 2677 4715 2934 4789; x_wconf 85' lang='lat' dir='ltr'><strong>Gigantes</strong></span> <span class='ocrx_word' id='word_1_811' title='bbox 2954 4717 3087 4772; x_wconf 87' lang='lat' dir='ltr'><strong>dicti</strong></span> <span class='ocrx_word' id='word_1_812' title='bbox 3145 4715 3300 4784; x_wconf 88' lang='lat' dir='ltr'><strong>juxta</strong></span> <span class='ocrx_word' id='word_1_813' title='bbox 3328 4712 3502 4768; x_wconf 63' lang='lat' dir='ltr'><strong>Graeci</strong></span> <span class='ocrx_word' id='word_1_814' title='bbox 3522 4727 3646 4767; x_wconf 90' lang='lat' dir='ltr'><strong>ser-</strong></span> 
     </span>
    </p>
   </div>
   <div class='ocr_carea' id='block_1_108' title="bbox 2069 4804 3645 4878">
    <p class='ocr_par' dir='ltr' id='par_1_108' title="bbox 2069 4804 3645 4878">
     <span class='ocr_line' id='line_1_108' title="bbox 2069 4804 3645 4878; baseline -0.003 -16"><span class='ocrx_word' id='word_1_815' title='bbox 2069 4807 2245 4862; x_wconf 89' lang='lat' dir='ltr'><strong>monis</strong></span> <span class='ocrx_word' id='word_1_816' title='bbox 2269 4806 2669 4878; x_wconf 84' lang='lat' dir='ltr'><strong>etymologiam,</strong></span> <span class='ocrx_word' id='word_1_817' title='bbox 2719 4808 2810 4876; x_wconf 90' lang='lat' dir='ltr'><strong>qui</strong></span> <span class='ocrx_word' id='word_1_818' title='bbox 2846 4822 2938 4861; x_wconf 91' lang='lat' dir='ltr'><strong>eos</strong></span> <span class='ocrx_word' id='word_1_819' title='bbox 2969 4808 3187 4878; x_wconf 85' lang='lat' dir='ltr'><strong>gegines</strong></span> <span class='ocrx_word' id='word_1_820' title='bbox 3222 4804 3558 4868; x_wconf 89' lang='lat' dir='ltr'><strong>existimant,</strong></span> <span class='ocrx_word' id='word_1_821' title='bbox 3592 4804 3645 4857; x_wconf 86' lang='lat' dir='ltr'><strong>id</strong></span> 
     </span>
    </p>
   </div>
   <div class='ocr_carea' id='block_1_109' title="bbox 2068 4894 3649 4967">
    <p class='ocr_par' dir='ltr' id='par_1_109' title="bbox 2068 4894 3649 4967">
     <span class='ocr_line' id='line_1_109' title="bbox 2068 4894 3649 4967; baseline -0.004 -15"><span class='ocrx_word' id='word_1_822' title='bbox 2068 4905 2171 4963; x_wconf 90' lang='lat' dir='ltr'><strong>est,</strong></span> <span class='ocrx_word' id='word_1_823' title='bbox 2207 4897 2505 4967; x_wconf 88' lang='lat' dir='ltr'><strong>terrigenas</strong></span> <span class='ocrx_word' id='word_1_824' title='bbox 2558 4912 2623 4951; x_wconf 88' lang='lat' dir='ltr'><strong>eo</strong></span> <span class='ocrx_word' id='word_1_825' title='bbox 2666 4897 2810 4967; x_wconf 88' lang='lat' dir='ltr'><strong>quod</strong></span> <span class='ocrx_word' id='word_1_826' title='bbox 2851 4911 2944 4951; x_wconf 92' lang='lat' dir='ltr'><strong>eos</strong></span> <span class='ocrx_word' id='word_1_827' title='bbox 2971 4896 3212 4952; x_wconf 84' lang='lat' dir='ltr'><strong>fabulose</strong></span> <span class='ocrx_word' id='word_1_828' title='bbox 3253 4894 3465 4964; x_wconf 85' lang='lat' dir='ltr'><strong>pariens</strong></span> <span class='ocrx_word' id='word_1_829' title='bbox 3503 4901 3649 4948; x_wconf 86' lang='lat' dir='ltr'><strong>terra</strong></span> 
     </span>
    </p>
   </div>
   <div class='ocr_carea' id='block_1_110' title="bbox 2071 4982 3646 5059">
    <p class='ocr_par' dir='ltr' id='par_1_110' title="bbox 2071 4982 3646 5059">
     <span class='ocr_line' id='line_1_110' title="bbox 2071 4982 3646 5059; baseline -0.003 -18"><span class='ocrx_word' id='word_1_830' title='bbox 2071 4987 2335 5043; x_wconf 88' lang='lat' dir='ltr'><strong>immensa</strong></span> <span class='ocrx_word' id='word_1_831' title='bbox 2383 4984 2522 5041; x_wconf 84' lang='lat' dir='ltr'><strong>mole</strong></span> <span class='ocrx_word' id='word_1_832' title='bbox 2573 4996 2629 5041; x_wconf 90' lang='lat' dir='ltr'><strong>et</strong></span> <span class='ocrx_word' id='word_1_833' title='bbox 2682 4986 2886 5041; x_wconf 86' lang='lat' dir='ltr'><strong>similes</strong></span> <span class='ocrx_word' id='word_1_834' title='bbox 2930 4986 3034 5042; x_wconf 88' lang='lat' dir='ltr'><strong>sibi</strong></span> <span class='ocrx_word' id='word_1_835' title='bbox 3073 4985 3339 5059; x_wconf 84' lang='lat' dir='ltr'><strong>genuerit.</strong></span> <span class='ocrx_word' id='word_1_836' title='bbox 3390 4982 3468 5038; x_wconf 89' lang='lat' dir='ltr'><strong>Ge</strong></span> <span class='ocrx_word' id='word_1_837' title='bbox 3501 4983 3646 5037; x_wconf 85' lang='lat' dir='ltr'><strong>enim</strong></span> 
     </span>
    </p>
   </div>
   <div class='ocr_carea' id='block_1_111' title="bbox 2073 5075 3650 5151">
    <p class='ocr_par' dir='ltr' id='par_1_111' title="bbox 2073 5075 3650 5151">
     <span class='ocr_line' id='line_1_111' title="bbox 2073 5075 3650 5151; baseline -0.004 -15"><span class='ocrx_word' id='word_1_838' title='bbox 2073 5088 2220 5136; x_wconf 85' lang='lat' dir='ltr'><strong>terra</strong></span> <span class='ocrx_word' id='word_1_839' title='bbox 2248 5078 2581 5149; x_wconf 88' lang='lat' dir='ltr'><strong>appellatur:</strong></span> <span class='ocrx_word' id='word_1_840' title='bbox 2610 5095 2796 5150; x_wconf 89' lang='lat' dir='ltr'><strong>genos,</strong></span> <span class='ocrx_word' id='word_1_841' title='bbox 2830 5095 3000 5151; x_wconf 91' lang='lat' dir='ltr'><strong>genus</strong></span> <span class='ocrx_word' id='word_1_842' title='bbox 3023 5098 3038 5133; x_wconf 90' lang='lat'><strong>:</strong></span> <span class='ocrx_word' id='word_1_843' title='bbox 3060 5079 3186 5134; x_wconf 90' lang='lat' dir='ltr'><strong>licet</strong></span> <span class='ocrx_word' id='word_1_844' title='bbox 3212 5085 3268 5133; x_wconf 89' lang='lat' dir='ltr'><strong>et</strong></span> <span class='ocrx_word' id='word_1_845' title='bbox 3309 5086 3470 5132; x_wconf 72' lang='lat' dir='ltr'><strong>terra:</strong></span> <span class='ocrx_word' id='word_1_846' title='bbox 3510 5075 3650 5130; x_wconf 87' lang='lat' dir='ltr'><strong>ﬁlios</strong></span> 
     </span>
    </p>
   </div>
   <div class='ocr_carea' id='block_1_112' title="bbox 2075 5164 3651 5243">
    <p class='ocr_par' dir='ltr' id='par_1_112' title="bbox 2075 5164 3651 5243">
     <span class='ocr_line' id='line_1_112' title="bbox 2075 5164 3651 5243; baseline -0.003 -20"><span class='ocrx_word' id='word_1_847' title='bbox 2075 5171 2265 5243; x_wconf 85' lang='lat' dir='ltr'><strong>vulgus</strong></span> <span class='ocrx_word' id='word_1_848' title='bbox 2291 5178 2466 5233; x_wconf 86' lang='lat' dir='ltr'><strong>vocet,</strong></span> <span class='ocrx_word' id='word_1_849' title='bbox 2495 5186 2722 5240; x_wconf 89' lang='lat' dir='ltr'><strong>quorum</strong></span> <span class='ocrx_word' id='word_1_850' title='bbox 2752 5186 2922 5241; x_wconf 86' lang='lat' dir='ltr'><strong>genus</strong></span> <span class='ocrx_word' id='word_1_851' title='bbox 2949 5171 3210 5225; x_wconf 90' lang='lat' dir='ltr'><strong>incertum</strong></span> <span class='ocrx_word' id='word_1_852' title='bbox 3237 5176 3339 5224; x_wconf 92' lang='lat' dir='ltr'><strong>est.</strong></span> <span class='ocrx_word' id='word_1_853' title='bbox 3367 5164 3527 5221; x_wconf 82' lang='lat' dir='ltr'><strong>Falso</strong></span> <span class='ocrx_word' id='word_1_854' title='bbox 3553 5180 3651 5219; x_wconf 84' lang='lat' dir='ltr'><strong>au-</strong></span> 
     </span>
    </p>
   </div>
   <div class='ocr_carea' id='block_1_113' title="bbox 2076 5256 3652 5332">
    <p class='ocr_par' dir='ltr' id='par_1_113' title="bbox 2076 5256 3652 5332">
     <span class='ocr_line' id='line_1_113' title="bbox 2076 5256 3652 5332; baseline -0.003 -16"><span class='ocrx_word' id='word_1_855' title='bbox 2076 5270 2184 5317; x_wconf 90' lang='lat' dir='ltr'><strong>tem</strong></span> <span class='ocrx_word' id='word_1_856' title='bbox 2212 5262 2502 5332; x_wconf 88' lang='lat' dir='ltr'><strong>opinantur</strong></span> <span class='ocrx_word' id='word_1_857' title='bbox 2540 5262 2756 5330; x_wconf 88' lang='lat' dir='ltr'><strong>quidam</strong></span> <span class='ocrx_word' id='word_1_858' title='bbox 2798 5261 3030 5331; x_wconf 91' lang='lat' dir='ltr'><strong>imperiti</strong></span> <span class='ocrx_word' id='word_1_859' title='bbox 3060 5259 3127 5315; x_wconf 87' lang='lat' dir='ltr'><strong>de</strong></span> <span class='ocrx_word' id='word_1_860' title='bbox 3161 5258 3456 5328; x_wconf 87' lang='lat' dir='ltr'><strong>Scripturis</strong></span> <span class='ocrx_word' id='word_1_861' title='bbox 3480 5256 3652 5312; x_wconf 83' lang='lat' dir='ltr'><strong>sacris</strong></span> 
     </span>
    </p>
   </div>
   <div class='ocr_carea' id='block_1_114' title="bbox 2076 5348 3652 5423">
    <p class='ocr_par' dir='ltr' id='par_1_114' title="bbox 2076 5348 3652 5423">
     <span class='ocr_line' id='line_1_114' title="bbox 2076 5348 3652 5423; baseline -0.006 -15"><span class='ocrx_word' id='word_1_862' title='bbox 2076 5352 2539 5423; x_wconf 64' lang='lat' dir='ltr'><strong>praevaricatores,</strong></span> <span class='ocrx_word' id='word_1_863' title='bbox 2570 5351 2791 5422; x_wconf 83' lang='lat' dir='ltr'><strong>angelos</strong></span> <span class='ocrx_word' id='word_1_864' title='bbox 2820 5367 2942 5406; x_wconf 90' lang='lat' dir='ltr'><strong>cum</strong></span> <span class='ocrx_word' id='word_1_865' title='bbox 2979 5351 3189 5404; x_wconf 87' lang='lat' dir='ltr'><strong>ﬁliabus</strong></span> <span class='ocrx_word' id='word_1_866' title='bbox 3225 5348 3500 5403; x_wconf 87' lang='lat' dir='ltr'><strong>hominum</strong></span> <span class='ocrx_word' id='word_1_867' title='bbox 3523 5355 3652 5399; x_wconf 84' lang='lat' dir='ltr'><strong>ante</strong></span> 
     </span>
    </p>
   </div>
   <div class='ocr_carea' id='block_1_115' title="bbox 2074 5434 3653 5512">
    <p class='ocr_par' dir='ltr' id='par_1_115' title="bbox 2074 5434 3653 5512">
     <span class='ocr_line' id='line_1_115' title="bbox 2074 5434 3653 5512; baseline -0.008 -11"><span class='ocrx_word' id='word_1_868' title='bbox 2074 5445 2331 5501; x_wconf 88' lang='lat' dir='ltr'><strong>diluvium</strong></span> <span class='ocrx_word' id='word_1_869' title='bbox 2378 5444 2754 5507; x_wconf 76' lang='lat' dir='ltr'><strong>concubuisse,</strong></span> <span class='ocrx_word' id='word_1_870' title='bbox 2790 5452 2843 5498; x_wconf 91' lang='lat' dir='ltr'><strong>et</strong></span> <span class='ocrx_word' id='word_1_871' title='bbox 2876 5443 3068 5498; x_wconf 73' lang='lat' dir='ltr'><strong>exinde</strong></span> <span class='ocrx_word' id='word_1_872' title='bbox 3107 5451 3265 5495; x_wconf 86' lang='lat' dir='ltr'><strong>natos</strong></span> <span class='ocrx_word' id='word_1_873' title='bbox 3301 5441 3567 5512; x_wconf 76' lang='lat' dir='ltr'><strong>gigantes,</strong></span> <span class='ocrx_word' id='word_1_874' title='bbox 3598 5434 3653 5490; x_wconf 87' lang='lat' dir='ltr'><strong>id</strong></span> 
     </span>
    </p>
   </div>
   <div class='ocr_carea' id='block_1_116' title="bbox 2075 5530 3651 5605">
    <p class='ocr_par' dir='ltr' id='par_1_116' title="bbox 2075 5530 3651 5605">
     <span class='ocr_line' id='line_1_116' title="bbox 2075 5530 3651 5605; baseline -0.007 -14"><span class='ocrx_word' id='word_1_875' title='bbox 2075 5545 2179 5597; x_wconf 85' lang='lat' dir='ltr'><strong>est,</strong></span> <span class='ocrx_word' id='word_1_876' title='bbox 2208 5535 2432 5589; x_wconf 89' lang='lat' dir='ltr'><strong>nimium</strong></span> <span class='ocrx_word' id='word_1_877' title='bbox 2464 5534 2695 5605; x_wconf 86' lang='lat' dir='ltr'><strong>grandes</strong></span> <span class='ocrx_word' id='word_1_878' title='bbox 2720 5541 2774 5588; x_wconf 88' lang='lat' dir='ltr'><strong>et</strong></span> <span class='ocrx_word' id='word_1_879' title='bbox 2802 5531 2964 5587; x_wconf 88' lang='lat' dir='ltr'><strong>fortes</strong></span> <span class='ocrx_word' id='word_1_880' title='bbox 2978 5533 3153 5596; x_wconf 84' lang='lat' dir='ltr'><strong>.viros,</strong></span> <span class='ocrx_word' id='word_1_881' title='bbox 3183 5533 3247 5586; x_wconf 88' lang='lat' dir='ltr'><strong>de</strong></span> <span class='ocrx_word' id='word_1_882' title='bbox 3275 5530 3470 5601; x_wconf 88' lang='lat' dir='ltr'><strong>quibus</strong></span> <span class='ocrx_word' id='word_1_883' title='bbox 3507 5537 3651 5582; x_wconf 75' lang='lat' dir='ltr'><strong>terra</strong></span> 
     </span>
    </p>
   </div>
   <div class='ocr_carea' id='block_1_117' title="bbox 2075 5619 3650 5695">
    <p class='ocr_par' dir='ltr' id='par_1_117' title="bbox 2075 5619 3650 5695">
     <span class='ocr_line' id='line_1_117' title="bbox 2075 5619 3650 5695; baseline -0.004 -16"><span class='ocrx_word' id='word_1_884' title='bbox 2075 5625 2336 5695; x_wconf 84' lang='lat' dir='ltr'><strong>completa</strong></span> <span class='ocrx_word' id='word_1_885' title='bbox 2364 5635 2467 5679; x_wconf 80' lang='lat' dir='ltr'><strong>cst.</strong></span> <span class='ocrx_word' id='word_1_886' title='bbox 2505 5623 2865 5695; x_wconf 78' lang='lat' dir='ltr'><strong>Cynocephali</strong></span> <span class='ocrx_word' id='word_1_887' title='bbox 2913 5620 3252 5693; x_wconf 83' lang='lat' dir='ltr'><strong>appellantur</strong></span> <span class='ocrx_word' id='word_1_888' title='bbox 3285 5636 3351 5677; x_wconf 90' lang='lat' dir='ltr'><strong>eo</strong></span> <span class='ocrx_word' id='word_1_889' title='bbox 3386 5619 3525 5690; x_wconf 85' lang='lat' dir='ltr'><strong>quod</strong></span> <span class='ocrx_word' id='word_1_890' title='bbox 3554 5631 3650 5674; x_wconf 79' lang='lat' dir='ltr'><strong>ca-</strong></span> 
     </span>
    </p>
   </div>
  </div>
