4072 6198
485 250 587 307 19⁸1

1449 248 1534 304 DE
1573 246 1922 340 UNIVERSO
1959 245 2140 302 LIBRI
2178 239 2342 298 XXII.
2382 273 2451 282 —
2488 243 2615 298 LIB.
2662 243 2768 299 νη.

3637 248 3739 302 193

483 361 609 414 nina
649 355 826 425 capita
879 353 1132 416 habeant,
1171 370 1412 425 quosque
1453 358 1566 426 ipse
1617 357 1845 412 latratus
1887 357 2059 429 magis
2085 358 2132 417 Α
2160 360 2348 422 gantes
2374 351 2474 406 sub
2511 361 2676 407 cantu
2707 353 2760 407 in
2784 354 3062 426 naufragia
3094 357 3394 411 trahebant.
3429 357 3735 412 Secundum

479 447 683 501 bestias
729 459 892 514 quam
938 444 1182 498 homines
1225 445 1632 500 confiteturzhi
1670 448 1724 501 in
1771 447 1918 504 India
1965 463 2058 502 na-

479 544 724 591 scuntur.
773 533 1034 603 Cyclopes
1067 550 1280 605 quoque
1332 537 1522 591 eadem
1572 538 1718 591 India
1769 539 1960 607 gignit,
2006 548 2060 592 et

478 626 609 679 dicti
661 624 912 694 cyclopes
957 639 1024 679 eo
1070 628 1211 694 quod
1279 643 1442 681 unum
1493 628 1691 683 habere
1742 631 1954 682 oculum
2003 631 2057 683 in

478 715 656 767 fronte
687 715 857 767 media
887 715 1258 782 perhibentur.
1278 716 1340 769 Hi
1376 726 1431 772 et
1453 719 1840 787 agriophagitte
1867 721 2058 772 dicur-

480 815 570 857 tur
625 814 847 873 prepter
909 805 1052 858 solas
1114 805 1348 859 ferarum
1403 822 1628 873 carnes,
1681 826 1816 878 quas
1873 811 2056 862 ezlunt.

476 897 732 950 Lemnias
762 897 812 948 in
841 895 1009 965 Libya
1034 899 1263 950 credunt
1290 907 1508 951 truncos
1537 900 1652 952 sine
1678 900 1851 969 capite
1889 901 2056 962 nasci,
2084 968 2087 970 _

480 998 538 1039 et
571 1002 632 1038 os
667 995 721 1038 et
745 985 930 1040 oculos
968 986 1167 1040 habere
1199 987 1248 1039 in
1285 998 1520 1055 pectore.
1563 989 1711 1042 Alios
1748 989 1864 1044 sine
1894 991 2062 1044 cervi-

476 1078 634 1130 cibus
657 1077 798 1146 gigni
844 1075 1030 1130 oculos
1071 1077 1331 1131 habentes
1374 1077 1428 1131 in
1463 1079 1724 1132 humeris.
1773 1079 1828 1132 In
1871 1081 2059 1133 ultimo

475 1178 660 1220 autem
690 1166 925 1221 Orientis
955 1176 1311 1220 monstruosas
1334 1170 1569 1236 gentium
1609 1168 1778 1222 facies
1813 1170 2060 1223 scribun-

477 1269 586 1311 tur.
613 1258 747 1311 Alite
772 1259 888 1311 sine
916 1258 1136 1311 naribus
1164 1258 1355 1326 mquali
1394 1260 1556 1312 totius
1593 1259 1704 1312 oris
1735 1259 1954 1328 planitie
1984 1260 2060 1311 in-

477 1351 682 1403 formes
723 1349 986 1402 habentes
1019 1348 1216 1403 vultus.
1267 1349 1370 1403 Alii
1412 1350 1564 1404 labro
1588 1351 1890 1404 subteriore
1925 1351 2058 1403 adeo

476 1443 836 1511 prominente,
866 1448 924 1492 ut
949 1441 1000 1492 in
1031 1441 1159 1494 solis
1179 1441 1463 1494 ardoribus
1491 1450 1657 1495 totam
1686 1457 1752 1494 ex
1782 1457 1847 1495 eo
1865 1440 2056 1494 faciem

475 1540 766 1602 conlegam
808 1531 1156 1584 dormientes.
1209 1531 1341 1585 Aliis
1379 1541 1630 1585 concreta
1659 1546 1753 1585 ora
1791 1546 1910 1585 esse
1944 1547 2058 1584 mo-

476 1623 598 1678 dico
629 1632 834 1678 tantum
863 1623 1145 1686 foramine,
1175 1623 1396 1678 calamis
1419 1640 1711 1677 avenarum
1747 1625 2057 1679 haurientes

2158 443 2442 496 veritatem
2471 452 2651 498 autem
2693 447 3006 502 meretrices
3043 447 3276 512 fuerunt,
3308 463 3428 517 qua:
3461 456 3738 503 transeun-

2163 538 2262 595 tes,
2313 532 2568 599 quoniam
2610 533 2948 589 deducebant
2985 536 3052 590 ad
3093 545 3407 606 egestatem,
3452 541 3537 594 his
3596 541 3739 596 ficta:

2160 633 2285 678 sunt
2324 624 2521 680 inferre
2565 625 2860 696 naufragia.
2891 627 3018 682 Alas
3043 637 3222 682 autem
3265 629 3516 686 habuisse
3554 641 3610 686 et
3637 648 3738 686 un-

2160 715 2332 784 gulas,
2359 718 2486 784 quia
2521 733 2673 769 amor
2697 728 2753 770 ct
2774 717 2918 770 volat
2955 727 3009 770 et
3048 719 3323 784 vulnerat;
3355 729 3517 789 atque
3549 722 3603 774 in
3638 721 3739 776 flu-

2161 804 2337 858 ctibus
2370 819 2737 859 commorasse
2778 807 3053 871 dicuntur,
3097 809 3219 876 quia
3251 808 3445 864 ﬂuctus
3477 811 3740 865 Venerem

2161 905 2496 948 creaverunt.
2544 895 2775 966 Scyllam
2805 912 3018 965 quoque
3045 897 3222 951 ferunt
3263 898 3518 953 feminam
3552 900 3744 970 capiti-

2160 986 2259 1040 bus
2285 988 2614 1054 succinctam
2649 989 2860 1042 caninis
2883 1005 3004 1044 cum
3041 988 3325 1045 latratibus
3372 992 3582 1062 magnis
3610 1006 3736 1061 pro-

2161 1084 2280 1144 pter
2310 1075 2504 1129 fretum
2546 1075 2712 1130 Siculi
2743 1079 2930 1143 maris,
2958 1079 3012 1132 in
3043 1095 3150 1147 quo
3179 1081 3495 1149 navigantes
3522 1081 3742 1136 vertici-

2162 1167 2259 1220 bus
2301 1168 2352 1220 in
2384 1182 2442 1221 se
2483 1170 2923 1222 concurrentium
2955 1170 3217 1223 undarum
3265 1171 3510 1224 exterriti
3542 1171 3740 1225 latrare

2161 1257 2473 1310 existimant
2495 1257 2686 1320 undas,
2714 1274 2850 1326 quas
2874 1259 3144 1312 sorbentis
3172 1268 3334 1314 aestus
3359 1275 3559 1330 vorago
3589 1261 3741 1316 colli-

2161 1347 2256 1399 dit.
2317 1347 2555 1417 Fingunt
2609 1356 2665 1402 et
2716 1356 2956 1402 monstra
2996 1350 3239 1418 quaedam
3291 1349 3738 1404 irrationabilium

2161 1437 2536 1500 animantium,
2595 1447 2654 1490 ut
2706 1437 2998 1492 Cerberum
3048 1419 3343 1494 inferorum
3388 1455 3578 1494 canem
3636 1440 3737 1494 tria

2161 1529 2336 1598 capita
2369 1521 2653 1582 habentem
2681 1545 2693 1580 :
2719 1528 3087 1597 significantes
3115 1545 3213 1600 per
3241 1545 3363 1584 eum
3390 1539 3500 1583 tres
3530 1537 3738 1594 aetates,

2161 1636 2258 1689 per
2287 1635 2421 1688 quas
2451 1635 2596 1674 mors
2625 1620 2896 1673 hominem
2937 1621 3180 1684 devorat,
3211 1621 3262 1674 id
3292 1627 3394 1685 est,
3435 1617 3737 1684 infantiam,

474 1726 683 1784 pastus.
707 1713 958 1768 Nonnulli
991 1715 1106 1767 sine
1136 1714 1332 1783 linguis
1359 1730 1480 1768 esse
1501 1716 1772 1778 dicuntur,
1805 1716 1856 1768 in
1884 1715 2054 1768 vicem
2090 1730 2133 1787 Β
2158 1713 2518 1781 juventutem,
2556 1720 2920 1778 senectutem;
2949 1726 3108 1780 quem
3134 1711 3347 1780 quidem
3377 1711 3496 1765 ideo
3539 1711 3739 1764 dictum

477 1807 744 1860 sermonis
778 1814 994 1858 utentes
1030 1814 1160 1858 nutu
1211 1807 1323 1860 sive
1385 1815 1553 1860 motu.
1606 1806 1856 1860 Panotios
1917 1808 2054 1874 apud

479 1897 756 1966 Scythiam
791 1911 910 1950 esse
953 1895 1152 1959 ferunt,
1193 1905 1301 1949 tam
1331 1896 1520 1951 diffusa
1557 1899 1925 1967 magnitudine
1954 1915 2051 1952 auo

478 1989 640 2052 rium,
688 1998 746 2042 ut
777 2002 938 2041 omne
991 2002 1185 2056 corpus
1213 1997 1500 2056 contegant
1524 2009 1535 2042 :
1561 2006 1662 2057 pan
1696 1991 1838 2044 enim
1866 1989 2054 2044 Grteco

477 2092 727 2131 sermone
750 2091 932 2141 omne,
963 2077 1133 2130 othim
1162 2093 1322 2130 aures
1346 2078 1616 2130 dicuntur.
1657 2079 1968 2132 Artabatice
2001 2079 2054 2133 in

476 2165 752 2236 Ethiopia
801 2168 996 2236 proni,
1055 2177 1113 2222 ut
1167 2184 1397 2238 pecora,
1450 2170 1724 2225 ambulare
1776 2172 2050 2224 dicuntur.

476 2255 962 2326 Quadragesimum
1001 2259 1100 2312 aevi
1151 2275 1348 2312 annum
1397 2260 1575 2314 nullus
1629 2262 2050 2330 supergreditur.

477 2346 657 2420 Satyri
680 2350 1068 2406 homunciones
1092 2359 1216 2405 sunt
1243 2352 1466 2406 aduncis
1496 2353 1734 2417 naribus,
1763 2368 1964 2408 cornua
1996 2352 2052 2406 in

477 2440 764 2507 frontibus,
811 2451 867 2496 et
908 2459 1190 2512 caprarum
1233 2445 1457 2513 pedibus
1497 2445 1972 2513 simileszqualem
1999 2447 2054 2500 in

477 2531 764 2587 solitudine
809 2533 1076 2586 Autumus
1120 2533 1427 2605 (Antonius]
1485 2544 1703 2589 sanctus
1755 2535 1908 2599 vidit,
1963 2536 2054 2604 qui

477 2623 639 2676 etiam
677 2623 1040 2692 interrogatus
1064 2638 1093 2675 a
1137 2623 1228 2676 Dei
1276 2638 1452 2686 servo,
1488 2623 1828 2691 respondisse
1862 2622 2054 2687 fertur,

481 2713 707 2767 dicens:
749 2711 1132 2782 Mortalis_ego
1170 2729 1308 2777 sum,
1355 2730 1492 2766 unus
1540 2730 1605 2767 ea:
1646 2713 1838 2768 accolis
1876 2715 2055 2778 eremi,

479 2819 606 2872 quos
634 2803 778 2854 vario
812 2802 993 2856 delusa
1035 2819 1210 2856 errore
1236 2803 1497 2872 gentilitas
1527 2804 1714 2872 faunos
1756 2814 2060 2873 satyrosque

479 2893 621 2944 colit.
662 2891 854 2945 Dicunt
885 2893 1102 2962 quidam
1138 2908 1259 2948 esse
1304 2892 1578 2948 silvestres
1619 2894 1886 2958 homines,
1925 2907 2060 2962 quos

477 2982 720 3038 nonnulli
752 2983 930 3038 fatuos
959 2981 1172 3038 ficarios
1203 2992 1414 3038 vocant.
1447 2984 1768 3053 Sciopodum
1797 2998 1929 3054 gens
1959 2983 2063 3038 fer-

2161 1803 2450 1858 Cerberum
2482 1813 2695 1871 putant,
2723 1819 2880 1873 quasn
2923 1818 3261 1868 creovorum,
3290 1803 3341 1857 id
3379 1811 3485 1868 est,
3520 1817 3738 1858 carnem

2156 1908 2373 1947 vorans.
2427 1893 2623 1947 Dicunt
2665 1901 2720 1947 et
2763 1892 2996 1963 Hydram
3045 1901 3350 1960 serpentem
3380 1907 3500 1946 cum
3547 1905 3740 1946 novem

2155 1986 2444 2056 capitibus,
2476 2001 2594 2054 quae
2625 1985 2814 2039 Latine
2842 1985 3028 2039 Caedra
3055 1985 3272 2049 dicitur,
3305 1983 3447 2052 quod
3473 1999 3580 2037 uno
3601 1999 3741 2037 caeso

2157 2078 2257 2131 tria
2283 2077 2461 2146 capita
2487 2076 2892 2130 excrescebant.
2931 2074 3038 2129 Sed
3061 2083 3272 2129 constat
3299 2073 3533 2145 llydram
3564 2072 3739 2126 locum

2158 2167 2328 2223 fuisse
2353 2176 2697 2223 emanantem
2725 2181 2915 2234 aquas,
2946 2172 3250 2219 vastantem
3294 2164 3527 2218 vicinam
3556 2163 3742 2218 civita-

2160 2267 2289 2323 tem,
2323 2260 2376 2313 in
2403 2275 2532 2328 quo,
2560 2275 2666 2312 uno
2711 2267 2890 2313 meatu
2937 2257 3141 2322 clauso,
3170 2257 3324 2311 multi
3367 2258 3738 2326 erumpebant.

2160 2351 2312 2418 Quod
2341 2350 2595 2404 Hercules
2622 2350 2830 2411 videns,
2863 2348 2978 2403 loca
3008 2348 3123 2418 ipsa
3160 2348 3386 2411 exussit,
3410 2355 3476 2426 et
3497 2347 3579 2401 sic
3603 2361 3739 2415 aqua

2158 2446 2352 2501 clausit
2376 2453 2606 2498 meatus.
2637 2442 2770 2496 Nam
2802 2441 2982 2512 Hydra
3003 2442 3070 2496 ab
3098 2457 3238 2511 aqua
3261 2440 3402 2496 dicta
3439 2449 3543 2495 est.
3574 2439 3742 2508 Hujus

2160 2536 2488 2590 mentionem
2521 2534 2649 2587 facit
2678 2533 2995 2587 Ambrosius
3035 2532 3090 2586 in
3130 2532 3538 2586 similitudinem
3579 2531 3745 2584 haere-

2159 2629 2297 2682 sium
2326 2629 2512 2683 dicens
2537 2646 2548 2680 :
2575 2627 2807 2681 Haeresis
2827 2625 2970 2680 enim
2997 2626 3150 2694 quasi
3179 2625 3426 2694 quaedam
3458 2622 3636 2693 Hydra
3662 2620 3742 2677 fa-

2160 2720 2406 2774 bularum
2435 2719 2744 2774 vulneribus
2769 2719 2882 2773 suis
2915 2719 3113 2783 crevit,
3140 2725 3193 2772 et
3218 2716 3345 2771 dum
3372 2733 3513 2786 saepe
3552 2715 3744 2782 recipi-

2162 2820 2269 2876 tur,
2294 2810 2518 2881 pullulat
2558 2810 2665 2880 igni
2696 2809 2897 2873 debita,
2936 2809 3290 2877 incendioque
3322 2808 3576 2877 peritura.
3608 2805 3740 2860 Fin-

2159 2914 2292 2974 gunt
2310 2912 2366 2957 et
2392 2903 2713 2958 Chimazram
2747 2900 3046 2955 triformem
3091 2900 3338 2963 bestiam,
3363 2915 3482 2968 qua:
3515 2914 3610 2954 ore
3655 2907 3740 2954 est

2160 2993 2263 3055 leo,
2298 2992 2585 3061 postremis
2624 2991 2868 3061 partibus
2909 2991 3088 3055 draco,
3121 2990 3294 3044 media
3339 3003 3522 3058 capra.
3567 2987 3740 3054 Quam

477 3088 565 3131 tur
595 3079 648 3131 in
690 3077 967 3147 Ethiopia
1008 3079 1231 3148 singulis
1270 3080 1520 3134 cruribus
1557 3087 1611 3132 et
1639 3077 1915 3132 celeritate
1956 3077 2059 3130 mi-
2085 3077 2129 3138 C
2160 3084 2378 3154 quidam
2407 3083 2708 3154 physiologi
2750 3099 2856 3138 non
2887 3081 3106 3146 animal,
3133 3081 3226 3136 sed
3261 3079 3464 3134 Ciliciae
3499 3086 3739 3132 montem

475 3167 656 3232 rabili,
705 3183 841 3236 quos
886 3169 1006 3222 inde
1036 3169 1316 3237 sciopodas
1344 3167 1518 3223 Graeci
1570 3177 1768 3224 vocant.
1805 3183 1871 3222 eo
1912 3167 2056 3236 quod

476 3274 574 3328 per
600 3267 788 3312 :estum
813 3258 866 3312 in
900 3268 1040 3312 terra
1072 3259 1308 3327 resupini
1331 3261 1573 3326 jacentes
1607 3259 1803 3327 pedum
1835 3273 2055 3312 suorum

478 3348 844 3418 magnitudine
873 3347 1282 3402 adumbrantur.
1316 3347 1612 3418 Antipodas
1638 3350 1690 3403 in
1713 3349 1880 3420 Libya
1906 3349 2057 3419 plan-

475 3444 561 3490 tas
580 3451 767 3490 versas
811 3437 1014 3491 habent
1054 3447 1177 3507 post
1205 3453 1387 3503 crura,
1418 3447 1472 3491 et
1502 3448 1724 3494 octenos
1757 3440 1956 3508 digitos
2001 3440 2054 3492 in

475 3526 695 3596 plantis.
725 3526 950 3594 lppodes
985 3527 1038 3580 in
1076 3527 1294 3599 Scythia
1326 3537 1470 3593 sunt,
1504 3529 1796 3582 humanam
1826 3527 2056 3583 formam

475 3624 530 3670 et
564 3617 789 3684 equinos
822 3617 984 3686 pedes
1012 3617 1288 3674 habentes.
1321 3619 1376 3672 In
1404 3617 1548 3674 India
1577 3619 1755 3673 ferunt
1783 3635 1901 3674 esse
1929 3637 2057 3690 gen-

475 3717 604 3772 tem,
645 3710 739 3780 qui
780 3709 1037 3765 Macrobii
1086 3719 1486 3782 nuncupantur,
1535 3714 1816 3770 duodecim
1862 3716 2057 3784 pedum

476 3808 738 3856 staturam
793 3801 1073 3858 habentes.
1142 3804 1238 3859 Est
1281 3814 1336 3859 et
1385 3821 1515 3876 gens
1567 3807 1641 3862 ibi
1700 3816 1908 3862 statura
1960 3825 2058 3863 cu—

477 3891 685 3957 bitalis,
715 3907 852 3962 quos
885 3893 1059 3948 Gnaei
1085 3909 1115 3947 a
1136 3895 1318 3949 cubito
1359 3895 1638 3967 Pygmaeos
1673 3908 1888 3964 vocant,
1923 3915 2060 3967 quos

383 4009 396 4020 ι
477 3983 669 4054 vulgus
700 3985 1149 4052 septemcauliuos
1193 3996 1388 4042 vocant
1429 4003 1494 4042 eo
1545 3990 1686 4058 quod
1717 3999 1924 4059 septem
1959 3991 2059 4045 sub

479 4088 586 4127 uno
632 4073 784 4128 caule
831 4075 1216 4143 requiescunt:
1250 4077 1317 4131 de
1342 4093 1447 4145 qua
1491 4094 1650 4148 supra
1690 4080 1945 4134 diximus.
1993 4079 2058 4134 lli

478 4171 731 4218 montana
769 4163 931 4218 ludia:
956 4173 1157 4222 tenent.
1189 4167 1385 4235 quibus
1421 4168 1632 4222 vicinus
1660 4177 1745 4224 est
1788 4169 2054 4223 Oceanus.

477 4255 771 4314 Perhibent
793 4267 850 4313 et
872 4259 926 4312 in
955 4259 1143 4314 eadem
1172 4261 1319 4316 India
1345 4278 1464 4317 esse
1489 4272 1700 4332 gentem
1739 4263 2057 4319 feminarum

478 4363 598 4417 qua:
641 4349 1015 4420 quinquennes
1059 4351 1370 4420 concipiunt
1412 4361 1467 4407 et
1515 4363 1762 4408 octavum
1801 4356 1925 4411 vita:
1963 4367 2060 4410 an-

2159 3192 2278 3231 esse
2319 3177 2488 3242 aiunt,
2528 3177 2848 3246 quibusdam
2889 3175 3020 3230 locis
3061 3175 3244 3229 leones
3279 3181 3334 3228 et
3381 3174 3606 3240 capreas
3649 3185 3744 3223 nu-

2159 3268 2435 3332 trientem,
2459 3268 2778 3336 quibusdam
2809 3266 3110 3329 ardentem,
3137 3263 3455 3333 quibusdam
3480 3260 3746 3329 serpenti-

2159 3357 2263 3411 bus
2309 3357 2542 3426 plenam.
2580 3354 2732 3410 Hunc
2759 3353 3187 3423 Bellerophontis
3215 3350 3561 3408 habitabilem
3591 3348 3740 3404 fecit.

2164 3447 2314 3502 Unde
2341 3446 2664 3500 Chimazram
2702 3446 2900 3501 dicitur
2929 3444 3223 3500 occidisse:
3248 3442 3533 3498 Centauris
3563 3451 3742 3495 autem

2160 3538 2372 3608 species
2400 3537 2716 3594 vocabulum
2750 3537 2963 3601 indidit,
2995 3536 3047 3590 id
3072 3543 3174 3599 est,
3205 3533 3480 3590 hominem
3519 3533 3742 3586 mistum

2159 3643 2320 3697 equo.
2371 3628 2517 3694 Quos
2567 3629 2782 3696 quidem
2828 3626 3036 3696 equites
3089 3625 3471 3680 Thessalorum
3514 3624 3737 3677 dicunt:

2160 3721 2251 3774 sed
2299 3735 2396 3789 pro
2425 3735 2490 3774 eo
2543 3720 2687 3792 qnpd
2721 3719 3085 3773 discurrentes
3125 3717 3178 3780 in
3222 3717 3361 3772 bello
3398 3715 3542 3771 velut
3580 3729 3741 3768 unum

2161 3827 2354 3881 corpus
2395 3825 2654 3880 equorum
2691 3819 2748 3864 et
2792 3811 3068 3864 hominum
3099 3809 3428 3871 viderentur,
3464 3807 3586 3861 inde
3622 3822 3745 3860 cen-

2162 3911 2343 3956 tauros
2373 3901 2545 3956 factos
2577 3909 2910 3956 asseverant.
2954 3899 3124 3954 Porro
3155 3899 3614 3954 Minocentaurum
3646 3913 3743 3951 no-

2161 4008 2282 4047 men
2315 3993 2610 4062 sumpsisse
2640 4008 2704 4047 ex
2735 3999 2891 4046 tauro
2919 4002 2974 4047 et
3000 3992 3252 4046 homine:
3276 3990 3486 4059 qualem
3513 3989 3742 4044 bestiam

2161 4084 2344 4138 dicunt
2391 4083 2630 4138 fabulose
2679 4083 2730 4136 in
2763 4082 3094 4154 Labyrintho
3127 4081 3389 4135 inclusum
3432 4078 3617 4134 fuisse.
3665 4079 3742 4133 De

2161 4190 2266 4244 qua
2291 4174 2512 4228 Ovidius
2535 4188 2549 4226 :

2287 4265 2694 4322 Semibovemque
2719 4264 2892 4324 virum,
2922 4261 3304 4322 semivirumque
3331 4260 3524 4310 bovem.

2162 4346 2593 4401 Onoccntaurum
2614 4353 2790 4397 autem
2827 4344 3007 4397 vocari
3035 4359 3101 4398 eo
3131 4342 3273 4411 quod
3304 4342 3477 4396 media
3509 4341 3742 4398 hominis

478 4452 605 4490 num
643 4452 751 4492 non
775 4439 1062 4493 excedunt.
1097 4441 1292 4495 Dicunt
1330 4452 1512 4497 autem
1537 4453 1594 4498 et
1634 4445 1740 4499 alia
1777 4447 2055 4501 hominum

2163 4438 2361 4506 specie,
2399 4435 2573 4488 media
2607 4434 2745 4488 asini
2771 4449 2889 4488 esse
2912 4434 3123 4486 dicatur
3149 4451 3162 4486 :
3187 4433 3327 4486 sicut
3356 4440 3410 4485 et
3438 4431 3738 4500 Hippocen-

480 4527 719 4583 fabulose
748 4538 1018 4599 portenta,
1063 4546 1182 4600 quae
1211 4547 1316 4586 non
1341 4542 1486 4598 sunt,
1515 4535 1608 4588 sed
1637 4536 1758 4590 ficta
1795 4537 1849 4589 in
1879 4539 2059 4613 causis

481 4634 660 4672 rerum
692 4619 1136 4688 interpretantur,
1165 4631 1224 4676 ut
1251 4623 1552 4694 Geryonem
1581 4624 1852 4696 Hispania
1877 4643 2058 4698 regem

481 4711 672 4780 triplici
708 4712 880 4767 forma
925 4715 1249 4784 praeditum:
1277 4715 1494 4770 fuerunt
1539 4719 1683 4772 enim
1717 4728 1826 4784 tres
1867 4719 2062 4774 fratres

439 4857 442 4862 .
481 4814 640 4860 tanta:
665 4807 989 4872 concordize,
1017 4815 1077 4860 ut
1122 4807 1176 4860 in
1223 4807 1395 4862 tribus
1420 4809 1734 4878 corporibus
1763 4811 1914 4879 quasi
1957 4827 2061 4864 una

435 4952 438 4954 ,
481 4896 659 4949 anima
685 4905 845 4950 esset.
877 4895 1155 4966 Gorgones
1190 4913 1405 4968 quoque
1433 4900 1745 4954 meretrices
1763 4901 1973 4956 crinitze
1997 4918 2060 4956 os

483 4993 861 5054 serpentesque
913 4987 1236 5055 aspicientes
1279 4989 1668 5042 convertebant
1722 4989 1776 5052 in
1832 4989 2055 5060 lapides,

482 5073 739 5129 habentes
761 5091 923 5130 unum
947 5075 1182 5141 oculum,
1210 5093 1316 5147 quo
1337 5079 1565 5133 invicem
1590 5080 1896 5133 utebantur.
1923 5080 2060 5134 Fue-

483 5171 607 5214 runt
646 5172 824 5218 autem
859 5174 970 5220 tres
996 5181 1212 5220 sorores
1242 5167 1400 5220 unius
1431 5166 1863 5236 pulchritudinis,
1906 5170 2059 5236 quasi

480 5254 639 5308 unius
662 5255 821 5317 oculi,
855 5272 974 5326 quze
1009 5259 1084 5311 ita
1117 5266 1450 5326 spectatores
1480 5273 1607 5313 suos
1645 5269 1953 5327 stupescere
1977 5260 2057 5314 fa-

481 5344 715 5410 ciebant,
747 5355 807 5400 ut
828 5358 1038 5402 vertere
1083 5364 1174 5403 eos
1208 5359 1526 5417 putarentur
1569 5351 1621 5402 in
1662 5350 1882 5419 lapides.
1919 5351 2060 5406 Sire-

481 5453 580 5493 nas
609 5449 718 5495 tres
757 5440 966 5511 fingunt
988 5442 1152 5496 fuisse
1179 5457 1246 5496 ex
1271 5453 1426 5512 parte
1449 5443 1709 5512 virgines,
1739 5454 1792 5495 et
1818 5459 1881 5496 ex
1907 5453 2061 5512 parte

481 5531 750 5597 volucres,
767 5533 1028 5588 habentes
1049 5536 1162 5588 alas
1183 5544 1237 5588 et
1251 5534 1477 5605 ungulas
1497 5552 1510 5586 :
1535 5550 1762 5603 quarum
1779 5551 1881 5589 una
1906 5551 2059 5600 voce,

481 5618 650 5675 altera
685 5620 848 5682 tibiis.
881 5623 1038 5677 tertia
1067 5621 1176 5692 lyra
1215 5624 1474 5688 canebat;
1505 5639 1623 5692 qua:
1652 5623 1858 5679 illectos
1907 5626 2055 5686 navi-

2163 4537 2378 4589 taurus;
2420 4528 2562 4595 quod
2608 4541 2871 4596 equorum
2919 4525 3304 4594 hominumque
3353 4525 3404 4576 in
3436 4524 3516 4577 eis
3551 4531 3741 4576 natura

2161 4621 2445 4690 conjuncta
2479 4619 2644 4673 fuisse
2672 4627 2910 4687 putatur.
2945 4616 3054 4672 lloc
3078 4632 3289 4687 quoque
3318 4619 3610 4669 notandum
3637 4623 3739 4678 est,

2162 4714 2302 4781 quod
2330 4711 2617 4779 aliquando
2659 4710 2954 4780 prophetici
2997 4720 3149 4765 actus
3191 4719 3436 4780 portenta
3471 4710 3740 4768 dicuntur,

2164 4820 2285 4858 cum
2329 4803 2528 4872 aliquid
2575 4804 2641 4857 de
2690 4802 2885 4857 futuris
2924 4806 3380 4873 praesignantzut
3425 4801 3572 4863 illud,
3601 4799 3746 4868 quod

2168 4895 2428 4951 Dominus
2453 4895 2521 4948 ad
2550 4894 2884 4949 Ezechielem
2915 4895 2990 4948 ait
3014 4912 3026 4947 :
3055 4894 3161 4947 Fili
3196 4893 3440 4956 hominis,
3469 4890 3588 4942 dedi
3609 4901 3658 4943 te
3688 4891 3744 4942 in

2165 4987 2369 5054 signant
2397 4995 2446 5038 et
2471 4995 2765 5054 portentum
2797 4985 2976 5039 domui
3005 4983 3174 5037 Israel
3195 4981 3410 5054 (Ezech.
3445 4980 3564 5050 xu).
3595 4979 3744 5034 Unde

2170 5079 2310 5131 idem
2379 5077 2642 5144 propheta
2699 5076 2892 5147 legitur
2931 5075 3130 5144 jussus.
3155 5073 3389 5126 dormire
3421 5069 3513 5123 εἰη
3575 5069 3744 5123 latere

2167 5172 2360 5226 dextro
2387 5171 2451 5224 ad
2495 5181 2722 5240 tempus,
2757 5180 2810 5225 et
2833 5171 2956 5224 item
2985 5171 3037 5222 in
3081 5169 3247 5222 latere
3263 5167 3493 5240 sinistro
3515 5165 3582 5221 ad
3611 5173 3746 5220 tem-

2168 5277 2285 5330 pus,
2319 5271 2376 5313 ut
2416 5237 2809 5331 praefiguraret,
2841 5260 2984 5328 quod
3012 5237 3285 5312 Dominus.
3306 5258 3502 5326 popqu
3536 5255 3747 5310 Israeli—

2169 5354 2277 5407 tico
2313 5353 2366 5406 in
2408 5354 2697 5407 vindictam
2730 5353 2946 5408 evenire
2991 5351 3225 5404 volebat.
3273 5351 3403 5404 Item
3442 5350 3638 5420 legitur
3679 5349 3748 5402 de

2168 5444 2326 5506 Isaia,
2379 5444 2519 5510 quati
2575 5445 2748 5498 nudus
2791 5454 2845 5497 et
2887 5442 3230 5510 discalciatus
3277 5442 3630 5497 ambulaverit
3679 5440 3747 5495 ad

2167 5533 2614 5604 prmligurandum
2646 5534 2999 5587 vastationem
3021 5509 3183 5588 ierrae
3212 5534 3539 5600 Judmorum,
3565 5543 3617 5590 et
3658 5551 3749 5588 ca-

2166 5622 2468 5694 ptivitatem
2521 5626 2699 5695 pepuli
2756 5625 3054 5682 lsmclitici.
3104 5627 3170 5683 Et
3218 5631 3291 5684 sic

3345 5631 3428 5682 alii
3470 5630 3740 5694 [vrttpliehc
