4072 6198
341 268 442 329 199

995 259 1055 324 Β.
1097 265 1351 323 RABANI
1392 263 1624 321 MAUIlI‘
1651 263 1968 320 ARCIIIEP.
2013 263 2322 320 MOCUN'I‘.
2365 265 2648 324 OPERUM
2689 266 2866 322 PAIlS
2906 268 2967 322 Il.

3489 275 3598 333 200

337 384 548 439 actibus
576 383 689 436 suis
725 389 781 436 et
807 381 1077 436 vaticiniis
1110 380 1288 436 futura
1318 378 1715 448 cxemplabant.
1750 376 1912 432 Simi-
1937 381 1988 441 Α
2015 375 2131 449 lege
2156 377 2354 432 munda
2379 377 2775 441 describuntur,
2803 377 3050 433 homines
3073 385 3199 433 sunt
3227 381 3397 436 sancti
3420 382 3604 444 divina

337 478 460 533 liter
484 485 539 532 et
578 476 631 530 in
659 473 807 529 Novo
834 474 1182 529 Testamento
1221 473 1395 544 signa.
1421 477 1668 541 portenta
1700 477 1756 526 et
1789 483 1916 540 pro-

339 570 479 639 digia
514 567 765 638 leguntur
798 566 1080 621 accidisse.
1125 564 1279 632 Quod
1301 565 1465 620 etiam
1496 573 1552 618 et
1574 561 1688 617 Ioel
1733 563 1789 616 in
1818 573 1916 617 suo

340 662 477 717 libro
514 661 806 730 prtudieere
842 659 1086 723 videtur;
1120 666 1179 712 ut
1223 664 1308 712 est
1352 657 1482 711 illud
1513 675 1525 709 :
1560 656 1628 710 Et
1658 657 1774 722 erit,
1803 665 1915 727 post

337 753 447 805 [nec
475 751 742 819 effundam
774 750 1012 819 spiritum
1055 761 1228 802 meum
1259 763 1414 817 super
1437 763 1638 800 omnem
1666 763 1875 800 carnem
1896 762 1915 800 :

335 851 382 892 et
411 839 788 909 propheta‘bunt
813 836 912 903 ﬁlii
933 839 1104 900 vestri,
1129 845 1175 890 et
1203 835 1331 904 ﬁlia:
1355 845 1533 888 vestrm
1556 850 1574 888 :
1597 850 1742 888 senes
1762 835 1917 887 vestri

337 929 538 982 somnia
578 927 910 981 somniabunt
935 946 952 980 :
977 937 1025 980 et
1055 927 1275 996 juvenes
1316 924 1469 978 vestri
1510 924 1731 978 visiones
1774 924 1918 977 vide-

339 1019 485 1070 bunt.
518 1015 621 1071 Sed
667 1027 712 1070 et
743 1033 899 1085 super
923 1032 1094 1069 servos
1133 1029 1296 1078 meos,
1335 1021 1385 1066 et
1426 1011 1645 1066 ancillas
1688 1027 1831 1065 meas
1854 1012 1917 1064 in

337 1115 517 1167 diebus
543 1113 650 1166 illis
673 1111 938 1182 eﬁ'undam
981 1112 1220 1180 spiritum
1259 1124 1427 1162 meum
1446 1124 1464 1161 :
1491 1117 1538 1160 et
1574 1107 1708 1159 dabo
1738 1106 1917 1176 prodi-

339 1207 424 1275 gia
450 1207 503 1258 in
535 1204 659 1257 caelo
683 1214 729 1256 et
755 1204 810 1256 in
852 1212 990 1256 terra
1015 1215 1032 1251 :
1055 1201 1357 1269 sanguinem
1379 1209 1426 1252 et
1461 1199 1653 1267 ignem,
1685 1206 1733 1250 et
1757 1212 1915 1266 vapo-

339 1312 445 1348 rem
478 1295 629 1364 fumi.
661 1292 755 1347 Sol
778 1301 1000 1345 vertetur
1032 1291 1086 1343 in
1115 1289 1349 1342 tenebras
1389 1296 1434 1340 et
1459 1286 1585 1340 luna
1617 1287 1669 1338 in
1705 1285 1918 1354 sangui-

341 1401 474 1446 nem,
509 1394 786 1452 antequam
828 1383 994 1434 ueniat
1031 1379 1140 1432 dies
1179 1378 1389 1431 Domini
1418 1392 1637 1446 magnus
1672 1384 1720 1428 et
1746 1375 1918 1427 horri-

339 1473 504 1527 bilis:
543 1482 589 1526 et
637 1473 756 1535 erit,
799 1472 966 1524 omnis
1023 1470 1313 1539 quicunque
1368 1464 1680 1520 invocaverit
1732 1479 1918 1516 nomen

344 1567 552 1622 Domini
580 1567 752 1620 salvus
782 1567 876 1619 erit
903 1562 1042 1634 (Joel
1071 1561 1153 1633 ιι).
1180 1559 1332 1615 Unde
1378 1557 1534 1612 nobis
1572 1573 1681 1611 non
1710 1563 1796 1610 est
1827 1569 1918 1608 ne-

337 1676 491 1716 'cesse
534 1659 601 1714 de
633 1658 899 1728 portentis
928 1671 1047 1726 qua:
1071 1652 1355 1725 gentilium
1380 1650 1503 1704 libri
1529 1657 1756 1702 narrant
1795 1646 1915 1700 ditt-

2015 476 2282 536 praecepta
2304 477 2398 522 ore
2417 475 2472 521 et
2495 469 2657 522 corde
2679 469 2792 522 sive
2817 483 2980 537 opere
3009 482 3226 538 semper
3244 473 3604 546 meditantes;

2016 566 2077 611 ut
2109 567 2193 614 est
2220 557 2350 612 illud
2380 557 2432 611 in
2473 558 2678 627 psalmo
2708 576 2720 612 :
2754 557 3024 612 Meditatio
3053 560 3227 614 cordis
3261 563 3361 615 mei
3397 562 3452 616 in
3483 581 3607 620 con-

2015 658 2191 718 spectu
2220 658 2307 702 tuo
2334 665 2536 718 semper
2565 647 2749 720 (Psal.
2787 649 2961 721 xvttt).
2993 651 3258 707 Animalia
3296 669 3453 718 vero,
3487 672 3608 727 quas

2016 754 2121 792 non
2152 741 2426 793 ruminant
2446 781 2460 803 ,
2485 748 2803 809 peccatores
2832 751 2956 795 sunt
2986 751 3040 796 et
3070 743 3352 808 immundi,
3383 748 3602 802 minime

2015 829 2118 900 legi
2145 829 2240 884 Dei
2264 845 2483 900 operam
2514 831 2725 896 dantes,
2751 846 2850 886 nec
2885 833 2936 886 in
2961 831 3082 900 ejus
3111 836 3459 892 meditatione
3489 843 3606 892 stu-

2019 923 2226 976 dentes.
2273 921 2539 976 Animalia
2577 924 2806 993 quippe,
2849 939 2968 993 quat
3009 925 3259 993 ungulam
3300 925 3510 983 ﬁndunt
3552 939 3609 986 et

2018 1012 2321 1074 ruminant,
2350 1028 2472 1082 qua:
2500 1013 2553 1066 itt
2585 1013 2703 1083 lege
2731 1014 3000 1068 mundana
3039 1014 3450 1080 describuntur,
3482 1029 3609 1074 sunt

2019 1100 2234 1166 ﬁdeles,
2269 1103 2322 1156 in
2351 1112 2579 1170 utroque
2606 1111 2932 1157 testamento
2960 1105 3265 1169 credentes,
3297 1115 3352 1160 et
3379 1107 3524 1161 velut
3552 1109 3604 1162 in

2019 1191 2228 1246 duabus
2256 1193 2469 1260 ungulis
2494 1193 2683 1262 pedem
2709 1194 2889 1261 operis
2916 1192 3086 1246 forma
3113 1208 3330 1263 gressus
3359 1195 3599 1266 ﬁgentes.

2019 1282 2288 1336 Animalia
2323 1285 2467 1338 enim
2511 1300 2632 1353 quae
2677 1285 2950 1338 ruminant
2985 1293 3040 1339 et
3077 1285 3327 1356 ungulam
3369 1302 3475 1341 non
3508 1287 3602 1341 ﬁn-

2019 1373 2182 1437 dunt,
2217 1388 2336 1442 qua:
2375 1375 2649 1429 immunda
2683 1384 3009 1438 narrantur,
3037 1377 3216 1445 populi
3247 1385 3372 1430 sunt
3398 1376 3606 1433 .Iudazo-

2019 1478 2138 1517 rum
2161 1506 2173 1525 ,
2211 1467 2302 1533 qui
2344 1474 2721 1520 testamentum
2760 1475 2916 1520 vetus
2950 1481 3046 1520 ore
3087 1467 3418 1521 meditantur
3455 1487 3467 1521 :
3511 1470 3603 1524 sel

2021 1571 2215 1610 novum
2239 1558 2462 1612 minime
2492 1558 2776 1627 recipiunt.
2799 1557 2930 1612 Item
2962 1558 3214 1613 animalia
3241 1569 3486 1626 cornuta,
3512 1562 3602 1630 qui

2021 1647 2075 1699 in
2107 1646 2373 1702 sacriﬁcio
2409 1649 2521 1702 Deo
2547 1647 2727 1704 oIIerri
2757 1649 3168 1719 prmcipiuntur,
3202 1649 3255 1703 in
3292 1665 3441 1705 esum
3469 1652 3602 1706 ﬁde-

343 1754 448 1807 tius
498 1753 795 1820 diSputare.
843 1745 950 1803 Sed
994 1754 1052 1800 et
1095 1747 1199 1800 hoc
1239 1757 1338 1797 nos
1379 1739 1634 1796 convenit
1725 1732 1916 1790 crede-
1950 1728 1993 1787 Β
2021 1737 2149 1790 lium
2178 1753 2371 1792 carnes
2401 1737 2610 1792 illorum
2651 1739 3055 1804 conceduntur,
3091 1739 3233 1794 sicut
3255 1740 3439 1802 vituli,
3469 1742 3606 1794 arie-

340 1859 424 1909 re,
510 1854 841 1913 quaecunque
859 1839 1126 1897 veraciter
1150 1837 1204 1890 in
1233 1835 1395 1890 rebus
1420 1833 1553 1888 ﬁunt
1575 1839 1631 1887 et
1668 1831 1720 1885 in
1763 1837 1918 1883 natu-

344 1952 526 1990 rarum
560 1933 856 1988 mutatione
887 1929 1284 1991 describuntur,
1316 1940 1422 1980 non
1452 1924 1553 1978 nisi
1579 1920 1919 1977 ordinatione

340 2035 394 2080 et
422 2025 696 2078 voluntate
740 2023 830 2077 Dei
865 2021 978 2076 ﬁeri
1014 2033 1196 2089 posse,
1226 2017 1317 2088 qui
1344 2016 1526 2070 omnia
1554 2014 1700 2084 juste
1730 2013 1842 2082 agit
1865 2020 1922 2066 et

313 2124 488 2186 _recte
519 2115 793 2183 disponit:
821 2112 1074 2182 quoniam
1105 2108 1286 2178 justus
1319 2115 1405 2162 est
1435 2104 1694 2160 Dominus
1725 2103 1778 2157 in
1805 2117 1921 2156 om-

341 2205 504 2260 nibus
524 2205 626 2259 viis
655 2203 789 2268 suis,
820 2210 876 2256 et
902 2209 1123 2256 sanctus
1150 2199 1202 2253 in
1233 2197 1484 2252 omnibus
1512 2194 1766 2264 operibus
1783 2193 1917 2248 suis.

932 2309 1159 2367 CAPUT
1195 2309 1327 2365 VIII.

759 2383 837 2438 De
864 2382 1133 2452 pecoribus
1163 2389 1209 2433 et
1231 2380 1504 2450 jumentis.
1879 2450 1881 2452 _

407 2477 672 2533 Omnibus
695 2473 1066 2529 animantibus
1093 2470 1262 2524 Adam
1298 2471 1470 2539 prima
1496 2466 1754 2523 vocabula
1785 2457 1925 2521 indi-

341 2570 439 2632 dit,
469 2547 742 2636 appellans
784 2562 1074 2628 unicuique
1104 2574 1297 2612 nomen
1328 2574 1391 2612 ex
1419 2557 1669 2626 praesenti
1703 2555 1920 2610 institu-

343 2659 513 2718 tione,
540 2652 693 2720 jttvta
723 2650 1086 2705 conditionem
1117 2656 1354 2709 naturae,
1388 2647 1472 2699 cui
1505 2646 1751 2699 serviret.
1781 2643 1925 2699 Gen-

343 2754 424 2799 tes
461 2753 640 2799 autem
680 2741 969 2809 unicuique
1023 2736 1334 2791 animalium
1381 2751 1446 2789 ex
1486 2735 1701 2804 propria
1743 2732 1924 2803 lingua

342 2835 605 2889 dederunt
646 2829 928 2885 vocabula.
973 2825 1088 2882 Non
1135 2835 1314 2880 autem
1359 2821 1650 2878 secundum
1688 2822 1924 2892 linguam

343 2927 587 2981 Latinam
605 2933 765 2992 atque
784 2919 1027 2976 Graecam
1047 2927 1138 2972 aut
1156 2915 1521 2986 quarumlibet
1540 2913 1776 2984 gentium
1803 2912 1925 2966 bar-

344 3021 593 3072 bararum
619 3016 835 3070 nomina
864 3013 951 3066 illa
981 3011 1235 3080 imposuit
1256 3009 1458 3072 Adam;
1485 3007 1576 3061 sed
1602 3005 1690 3059 illa
1718 3005 1920 3075 lingua,

2021 1838 2122 1892 tes,
2151 1829 2307 1893 hirci,
2331 1829 2497 1893 cervi,
2522 1829 2768 1893 damulte,
2800 1838 2855 1883 et
2876 1829 3109 1899 capreoli
3140 1830 3366 1885 virtutes
3397 1831 3604 1901 signiﬁa

2018 1924 2145 1970 cant
2171 1926 2506 1982 sanctorum,
2531 1933 2732 1972 cornua
2759 1919 3022 1973 virtutum
3045 1919 3306 1974 adversus
3331 1919 3602 1976 diabolum

2019 2018 2073 2062 et
2095 2009 2225 2063 vitia
2253 2018 2599 2080 peccatorum
2627 2018 2919 2080 gestantes.
2942 2009 3120 2065 Cornu
3151 2011 3377 2082 mystice
3404 2013 3605 2069 Christi

2018 2114 2244 2168 regnum
2276 2099 2328 2152 in
2359 2098 2650 2168 Evangelio
2689 2097 2958 2169 signiﬁcat
2993 2120 3004 2150 ;
3039 2098 3104 2152 Et
3135 2101 3297 2153 erexit
3327 2117 3490 2155 cornu
3513 2119 3604 2156 sa-

2019 2189 2144 2242 lutis
2173 2190 2323 2243 nobis
2356 2191 2409 2242 in
2437 2189 2591 2242 domo
2634 2187 2804 2246 David
2831 2188 2978 2256 pueri
3007 2189 3087 2242 sui
3118 2188 3270 2258 (Luc.
3300 2188 3363 2260 t).
3391 2189 3606 2244 Cornua

2020 2289 2226 2348 septem
2266 2287 2563 2349 potestates
2599 2293 2697 2348 per
2731 2291 2890 2332 omne
2925 2285 3152 2348 tempus.
3197 2277 3349 2333 Unde
3379 2280 3431 2332 in
3459 2279 3601 2349 Apo-

2021 2370 2246 2441 calypsi,
2282 2368 2418 2434 Vidi,
2451 2370 2648 2440 inquit,
2676 2385 2867 2439 agnum
2900 2370 3050 2439 quasi
3079 2370 3306 2422 occisum
3337 2369 3606 2424 habentem

1991 2476 2219 2526 ‘comua
2263 2470 2452 2529 septem
2490 2469 2538 2513 et
2580 2458 2757 2513 oculos
2797 2468 2986 2522 septem
3030 2457 3224 2529 (Apoc.
3265 2446 3605 2529 v)..Cornua

2024 2554 2322 2622 trophteum
2344 2553 2524 2607 crucis
2541 2551 2762 2605 Christi.
2788 2551 2844 2604 In
2867 2549 3118 2604 Habacuc
3145 2569 3156 2603 :
3181 2549 3396 2604 Cornua
3418 2553 3470 2604 in
3497 2568 3608 2605 ma-

2023 2645 2176 2698 nibus
2203 2645 2318 2713 ejus
2350 2658 2368 2694 :
2400 2644 2471 2697 ibi
2499 2643 2805 2697 abscondita
2831 2652 2908 2696 est
2942 2641 3195 2710 fortitudo
3232 2643 3346 2712 ejus
3375 2642 3604 2713 (Habac.

2023 2734 2127 2806 ιιι).
2157 2733 2369 2789 Cornua
2401 2733 2651 2802 superbia
2679 2733 2910 2796 diaboli,
2946 2732 3028 2786 vel
3056 2740 3294 2803 potestas
3322 2733 3436 2802 ejus
3464 2748 3608 2804 pra:-

2024 2828 2165 2881 senti
2191 2826 2246 2882 in
2274 2837 2536 2896 tempore,
2566 2827 2679 2880 sive
2710 2840 2933 2895 regnum
2964 2825 3284 2880 Antichristi
3315 2825 3368 2879 in
3397 2825 3610 2896 Apoca-r
3703 2873 3710 2878 _

2025 2919 2181 2992 lypsi.
2213 2919 2427 2975 Cornua
2458 2935 2619 2990 regna
2651 2919 2829 2973 saeculi
2861 2919 3020 2988 hujus
3041 2920 3093 2973 in
3126 2919 3362 2975 Daniele.
3394 2919 3609 2975 Cornua

2021 3010 2274 3080 superbia
2331 3010 2385 3064 in
2436 3009 2648 3064 Psalmo
2693 3023 2706 3061 :
2771 3007 2839 3061 Et
2882 3026 2914 3062 a
2975 3009 3216 3064 cornibus
3280 3009 3609 3064 unicornium

341 3126 459 3179 quae
489 3117 613 3162 ante
639 3106 896 3159 diluvium
924 3079 1174 3156 omnibus
1197 3114 1300 3153 una
1327 3097 1446 3161 fuit,
1473 3111 1592 3166 quae
1615 3105 1671 3150 et
1695 3093 1921 3149 Hebraea

2025 3079 2371 3154 humilitatem
2394 3116 2559 3153 meant
2586 3096 2757 3170 (Psal.
2784 3099 2916 3171 xm).
2941 3100 3011 3153 Et
3025 3098 3153 3155 alibi
3179 3098 3278 3153 :Et
3300 3102 3474 3155 omnia
3497 3118 3612 3155 cor-

346 3207 647 3268 nuncupata
677 3183 778 3250 est.
821 3194 1009 3248 Latine
1039 3202 1218 3245 autem
1257 3189 1513 3244 animalia
1541 3188 1655 3242 sive
1680 3186 1924 3240 animan-

346 3294 414 3342 lia
449 3291 612 3350 dicta,
642 3288 784 3356 quod
813 3285 1118 3338 animentur
1146 3282 1252 3334 vita
1274 3291 1330 3335 et
1352 3286 1670 3334 moveantur
1709 3277 1920 3348 spiritu.

344 3384 499 3435 Juxta
539 3381 847 3452 allegoriam
887 3394 1014 3433 vero
1055 3377 1308 3432 animalia
1346 3379 1533 3431 brutos
1569 3374 1817 3429 homines
1853 3374 1926 3428 si-

345 3475 632 3542 glttlitmnl,
666 3480 719 3526 et
749 3481 961 3524 terrena
998 3467 1368 3522 tantummodo
1405 3466 1725 3536 cogitantes.
1772 3463 1926 3519 Unde

345 3563 588 3615 dicitur:
629 3558 885 3614 Animalis
932 3559 1084 3612 homo
1126 3574 1229 3611 non
1282 3556 1495 3627 percipit
1541 3571 1602 3608 ea
1651 3569 1767 3624 qua:
1803 3561 1927 3606 sunt

343 3653 576 3720 Spiritus
610 3649 738 3715 Dei,
767 3648 992 3702 stultitia
1029 3657 1103 3701 est
1132 3646 1211 3700 illi
1234 3645 1284 3717 (I
1313 3645 1435 3699 Cor.
1465 3644 1548 3716 tt).
1576 3643 1712 3699 Hinc
1742 3655 1796 3698 et
1829 3657 1927 3712 per

346 3745 684 3797 l’salmistam
727 3741 926 3796 dicitur
957 3758 970 3794 :
1010 3739 1275 3792 Animalia
1313 3748 1404 3791 tua
1430 3736 1736 3789 habitabant
1771 3735 1826 3788 in
1863 3733 1948 3788 ea

347 3833 522 3905 (.Psal.
554 3834 743 3902 um).
774 3831 1037 3886 Animalia
1067 3830 1282 3885 fuerunt
1306 3839 1492 3899 gentes
1515 3843 1642 3882 vera
1672 3826 1926 3896 religione

349 3934 607 3978 vat-natm.
637 3923 742 3978 Sed
766 3938 889 3978 cum
915 3924 981 3976 ad
1009 3922 1292 3977 Dominum
1311 3930 1595 3984 venerunt,
1620 3917 1775 3972 facta:
1800 3925 1928 3972 sunt

347 4018 462 4086 ejus
493 4018 790 4084 opeditatte
822 4033 834 4069 :
863 4023 920 4069 ut
943 4013 1056 4082 jam
1087 4011 1221 4067 nihil
1251 4013 1540 4080 indigeant,
1573 4009 1666 4064 sed
1693 4009 1926 4062 rationa-

339 4085 437 4160 ‘bili
471 4123 531 4159 ac,
562 4106 717 4175 pleno
746 4105 945 4159 lumine
967 4103 1353 4172 compleantur.
1383 4100 1476 4156 Ila:
1533 4099 1850 4154 habitabunt
1869 4099 1924 4153 in

350 4199 610 4261 Ecclesia,
635 4214 757 4252 cum
790 4187 929 4250 vera:
960 4195 1231 4264 religionis
1260 4193 1482 4256 cultum,
1507 4192 1621 4262 ipso
1657 4191 1922 4245 miseran-

354 4300 433 4352 te.
469 4291 824 4360 perceperint.
871 4289 1000 4341 Item
1039 4286 1198 4349 illud,
1238 4285 1379 4354 quod
1420 4283 1550 4337 dicit
1585 4281 1871 4352 Apostolus
1907 4295 1922 4335 :

353 4384 441 4434 12‘s!
469 4399 651 4450 corpus
679 4378 924 4440 αηὲηιιιιε,
966 4388 1037 4430 est
1068 4386 1114 4430 et
1144 4374 1378 4445 spiritale
1410 4390 1428 4427 :
1453 4390 1556 4426 non
1594 4375 1740 4443 prius
1765 4373 1924 4441 spiri-

349 4475 470 4534 lult’,
498 4472 585 4522 sed
618 4470 752 4540 quod
778 4467 1002 4521 animale
1022 4509 1035 4531 ,
1064 4467 1247 4520 dehinc
1277 4465 1416 4536 quod
1447 4464 1680 4534 spiritale
1719 4462 1772 4535 (Ι
1800 4461 1923 4517 Cor.

349 4559 460 4630 xv).
493 4559 548 4612 ln
581 4574 807 4627 corpore
837 4558 1052 4612 animali
1079 4558 1346 4628 signiﬁcat
1376 4557 1655 4626 prmsentis
1673 4557 1795 4610 vita:
1817 4564 1928 4611 sta-

349 4658 497 4715 tum,
524 4649 759 4718 quandiu
799 4649 957 4701 homo
990 4648 1126 4716 gerit
1155 4663 1349 4716 corpus
1397 4646 1640 4701 mortale.
1675 4645 1928 4715 Spiritale

347 4752 526 4796 autem
553 4753 750 4809 corpus
776 4737 1042 4808 signiﬁcat
1069 4737 1261 4791 futurae
1283 4738 1405 4791 vita:
1439 4737 1920 4804 immortalitatem,

345 4833 563 4904 quando
583 4832 683 4887 hoc
708 4829 1059 4900 corruptibile
1086 4843 1280 4896 corpus
1307 4829 1541 4883 induerit
1565 4828 1925 4897 incorruptio-

349 4939 488 4978 nem.
520 4921 764 4977 Animale
800 4934 996 4988 corpus
1023 4928 1126 4980 est,
1159 4920 1286 4972 dum
1325 4918 1459 4973 cibis
1483 4926 1831 4982 sustentatur,
1865 4927 1924 4972 ut

347 5016 492 5070 vivat
533 5033 546 5070 :
582 5012 822 5083 spiritale
850 5021 1027 5067 autem
1051 5053 1065 5074 ,
1107 5027 1228 5065 cum
1271 5011 1461 5066 horum
1500 5011 1630 5066 nihil
1667 5011 1924 5082 indigebit

345 5121 638 5158 conversus
684 5105 735 5158 in
781 5103 964 5156 vitam.
1015 5101 1207 5156 Omnia
1254 5101 1558 5172 supradicta
1608 5101 1708 5156 hoc
1761 5118 1921 5156 sensu

347 5197 684 5248 clauuuntur.
718 5194 830 5247 Non
853 5195 999 5248 enim
1035 5194 1180 5246 aliud
1213 5193 1515 5247 continetur
1549 5193 1600 5245 in
1633 5193 1922 5263 superiori-

348 5284 476 5346 bus,
511 5285 612 5339 nisi
648 5286 771 5354 quia
801 5285 1032 5340 animale
1068 5299 1261 5353 corpus
1293 5283 1552 5346 moritur,
1585 5291 1637 5336 et
1678 5292 1920 5353 resurget

347 5375 607 5441 spiritale,
631 5377 773 5445 quod
797 5391 968 5444 neque
993 5376 1101 5445 jam
1135 5375 1440 5438 manducet,
1471 5389 1570 5427 nec
1597 5374 1917 5438 inﬁrmetur,

255 5485 262 5494 ·
351 5483 446 5520 nec
487 5469 558 5522 sit
595 5469 848 5532 fetidum,
881 5487 977 5524 nec
1011 5485 1211 5541 aegrum
1249 5478 1469 5532 natura;
1523 5469 1649 5536 quia
1688 5468 1918 5524 anima-le

346 5575 408 5611 ex
453 5559 618 5611 Adam
643 5598 656 5620 ,
699 5560 935 5626 spiritale
974 5577 1099 5614 vero
1144 5575 1240 5628 per
1271 5560 1542 5614 Christum
1573 5559 1630 5611 in
1675 5574 1917 5614 resurre-

351 5654 523 5703 --t't‘»ne
552 5661 900 5704 nmrtuorum.
928 5653 1214 5715 Animalia,
1247 5666 1364 5719 qua:
1396 5651 1683 5712 ruminant,
1720 5665 1837 5719 qua:
1864 5651 1918 5706 in

2025 3209 2129 3247 nua
2149 3201 2480 3263 peccatorum
2507 3193 2831 3263 confn'ngam
2865 3190 3035 3262 (Psal.
3068 3195 3272 3266 Lxxn').
3300 3194 3614 3266 Quadrupe-

2025 3285 2110 3340 dia
2135 3294 2346 3349 vocata,
2369 3284 2490 3352 quia
2514 3284 2746 3352 quatubr
2765 3285 2989 3356 pedilms
3017 3287 3354 3354 gradiuntur.
3373 3287 3611 3353 Quorum

2025 3376 2269 3444 quaedam
2296 3375 2420 3428 dum
2453 3374 2560 3429 sint
2589 3375 2783 3429 similia
2813 3378 3118 3446 pecoribus,
3149 3387 3328 3432 tamen
3354 3378 3456 3431 sub
3481 3394 3610 3432 cura

2026 3463 2259 3522 humana
2302 3481 2407 3520 non
2446 3475 2608 3532 sunt,
2632 3478 2688 3520 ut
2719 3469 2898 3533 cervi,
2932 3469 3102 3522 damas
3135 3477 3190 3522 et
3215 3470 3440 3539 onagri,
3468 3479 3609 3534 etc.;

2025 3559 2120 3614 sed
2148 3573 2322 3627 neque
2355 3559 2540 3613 bestiae
2564 3570 2710 3624 sunt,
2736 3570 2792 3615 ut
2824 3561 3024 3625 leones,
3062 3577 3236 3631 neque
3258 3562 3524 3629 jumenta,
3557 3571 3617 3617 ut

2025 3664 2158 3704 usus
2199 3649 2479 3702 hominum
2503 3647 2680 3717 juvari
2709 3651 2935 3720 possint.
2971 3650 3142 3705 Pecus
3172 3651 3402 3707 dicimus
3455 3667 3614 3708 omne

2026 3739 2169 3809 quod
2197 3739 2432 3793 humana
2460 3738 2638 3810 lingua
2669 3751 2724 3795 et
2752 3740 2929 3812 efﬁgie
2965 3751 3134 3797 caret.
3173 3743 3398 3815 Proprie
3433 3754 3614 3798 autem

2024 3845 2281 3900 pecorum
2320 3844 2516 3885 nomen
2555 3831 2641 3885 his
2669 3832 2990 3887 animalibus
3026 3835 3422 3888 accommodari
3452 3835 3612 3900 solet,

2025 3937 2147 3993 qua:
2174 3929 2300 3976 sunt
2340 3931 2434 3976 aut
2462 3924 2528 3976 ad
2557 3923 2879 3977 vescendum
2907 3933 3027 3992 apta
3055 3964 3070 3987 ,
3107 3933 3164 3977 ut
3192 3939 3322 3978 oves
3351 3933 3407 3979 et
3436 3941 3561 3980 sues
3596 3943 3609 3980 :

2026 4023 2120 4067 aut
2157 4012 2278 4067 usui
2318 4012 2597 4066 hominum
2626 4014 2905 4067 commoda
2930 4053 2944 4078 ,
2972 4022 3031 4066 ut
3055 4014 3177 4084 equi
3205 4024 3261 4068 et
3292 4016 3473 4070 boves.
3505 4015 3616 4070 Dil-

2027 4101 2133 4158 fert
2169 4110 2349 4156 autem
2392 4102 2532 4156 inter
2557 4117 2751 4170 pecora
2782 4112 2836 4157 et
2871 4104 3120 4174 pecudes.
3152 4103 3283 4158 Nam
3311 4107 3612 4161 communi-

2027 4204 2111 4250 ter
2124 4205 2334 4249 veteres
2356 4195 2407 4248 in
2424 4195 2818 4264 signiﬁcatione
2831 4197 3070 4250 omnium
3094 4197 3401 4252 animalium
3416 4215 3614 4268 pecora

2028 4289 2298 4344 dixerunt.
2328 4287 2570 4342 Pecudes
2614 4299 2791 4342 autem
2821 4297 3028 4342 tantum
3062 4288 3153 4342 illa
3184 4273 3613 4360 animaliapqum

2030 4378 2222 4439 edunt,
2258 4377 2410 4445 quasi
2439 4377 2708 4446 pecuedes.
2739 4375 3077 4432 Generaliter
3105 4388 3286 4433 autem
3315 4395 3472 4434 omne
3501 4382 3612 4434 atti-

2030 4467 2136 4522 mal
2177 4481 2342 4536 pecus
2388 4482 2418 4520 a
2465 4467 2734 4536 pascendo
2777 4477 3046 4522 vocatum.
3098 4467 3347 4524 iumenta
3396 4471 3612 4524 nomina

2029 4559 2155 4613 inde
2182 4567 2483 4622 traxerunt,
2513 4558 2656 4627 quod
2685 4567 2927 4612 nostrum
2953 4558 3216 4623 laborem,
3243 4561 3327 4617 vel
3353 4575 3488 4616 onus
3515 4576 3614 4615 suo

2029 4648 2326 4717 adiutorio,
2361 4648 2741 4718 subjectando,
2775 4647 2856 4702 vel
2886 4650 3088 4704 arando
3110 4648 3317 4718 juvent.
3348 4650 3482 4704 Nam
3515 4652 3614 4705 bos

2027 4748 2340 4811 carpentum
2373 4739 2558 4804 trahit,
2583 4747 2637 4791 et
2660 4738 2978 4794 durissimas
3007 4750 3166 4794 terra:
3187 4740 3370 4810 glebas
3394 4756 3614 4798 vomere

2027 4831 2192 4886 vertit
2228 4849 2241 4884 :
2278 4844 2450 4900 equus
2475 4838 2530 4884 et
2566 4831 2751 4886 asinus
2783 4846 2949 4885 onera
2971 4873 2986 4896 ,
3017 4844 3073 4886 et
3103 4833 3379 4887 hominum
3411 4833 3461 4886 in
3490 4848 3613 4904 gra-

2025 4921 2222 4975 diendo
2259 4919 2494 4973 laborem
2541 4929 2864 4988 temperant.
2898 4921 3052 4978 Unde
3088 4930 3143 4976 et
3161 4921 3404 4990 jumenta
3431 4923 3615 4992 appel-

2026 5013 2205 5067 lantur
2223 5012 2289 5066 ab
2310 5027 2394 5076 eo,
2412 5011 2552 5082 quod
2567 5011 2756 5078 juvent
2777 5013 3040 5067 homines.
3069 5012 3208 5068 Sunt
3226 5013 3368 5068 enim
3390 5027 3611 5084 magna-

2023 5119 2145 5159 rum
2166 5105 2357 5156 virium
2383 5103 2655 5157 animalia.
2685 5103 2932 5159 Jumenta
2967 5114 3147 5160 autem
3170 5107 3396 5175 mystice
3423 5105 3608 5160 ﬁdeles

2026 5205 2151 5250 sunt
2181 5197 2232 5248 in
2261 5195 2500 5250 Ecclesia
2520 5236 2534 5259 ,
2565 5197 2658 5250 sed
2695 5196 2923 5264 spiritali
2955 5196 3226 5250 intellectu
3270 5203 3519 5250 carentes
3552 5198 3606 5250 in

2024 5287 2240 5342 Psaltno
2267 5305 2278 5340 :
2312 5287 2451 5341 Hom
2477 5304 2562 5341 nes
2588 5301 2633 5341 et
2652 5289 2892 5358 jumenta
2918 5288 3165 5353 salvabis,
3191 5288 3411 5341 Domine
3431 5286 3604 5360 (Psal.

2025 5376 2211 5448 xxxv).
2241 5378 2370 5432 Item
2391 5378 2630 5447 jumenta
2661 5377 2940 5432 intellectu
2960 5387 3012 5430 ct
3040 5379 3252 5446 eloquio
3279 5388 3524 5432 carentes
3550 5376 3606 5431 in

2023 5469 2230 5537 psalmo
2277 5487 2287 5521 ί
2335 5466 2398 5520 Ut
2431 5469 2730 5537 jumentum
2769 5467 2938 5534 factus
2987 5484 3101 5520 sum
3142 5467 3281 5536 apud
3335 5477 3384 5519 te
3429 5465 3600 5536 (Psal.

2025 5559 2214 5630 uxn).
2252 5559 2482 5612 Rursum
2507 5559 2750 5626 jumenta
2783 5559 3027 5612 homines
3059 5558 3318 5612 luxuriosi
3352 5567 3504 5621 sunt,
3539 5557 3604 5611 de

2027 5651 2220 5720 quibus
2247 5653 2296 5704 in
2325 5651 2437 5705 .Iocl
2479 5654 2552 5705 ita
2586 5652 2844 5720 scriptum
2885 5661 2967 5704 est
2999 5666 3010 5703 :
3055 5649 3491 5721 Computruerunt
3508 5650 3604 5720 ju—
