4072 6198
335 340 440 396 $01

1331 322 1421 380 DE
1464 318 1808 380 UNIVERSO
1847 318 2024 375 LIBRI
2066 314 2226 372 XXII.
2271 347 2336 356 -—
2376 316 2502 370 ΜΒ.
2549 312 2655 370 VII.

3509 306 3617 361 20?.

332 458 514 505 menta
534 447 591 501 iu
617 450 845 498 stercore
877 455 972 493 suo
995 434 1134 510 (Joel
1191 433 1252 505 ι).
1295 433 1430 489 Item
1466 432 1774 503 jumentum
1808 443 1928 485 cor-
1957 444 2003 498 Α
2032 429 2149 483 dua:
2176 427 2414 498 gentium
2439 426 2664 496 populos
2689 422 3018 494 signiﬁcant,
3040 434 3176 491 quas
3204 419 3406 474 nutriet
3429 418 3616 486 homo,

334 557 440 614 pus
476 545 559 595 est
597 533 835 598 Christi,
874 538 936 587 ut
974 529 1197 600 quidam
1229 525 1438 582 volunt.
1487 524 1640 580 Unde
1677 531 1761 577 est
1803 521 1932 576 illud

333 628 724 701 Evangelicum
759 643 771 679 :
807 620 1064 693 Imposuit
1090 618 1241 673 illum
1266 618 1325 671 in
1345 616 1643 686 jumentum
1667 628 1820 667 suum
1839 650 1854 677 ,
1883 620 1932 665 et

334 722 490 777 drmit
519 720 671 773 illum
700 719 759 771 in
784 713 1048 770 stabulum
1080 710 1233 781 (Luc.
1275 711 1352 779 κ).
1392 706 1635 762 Pecudes
1660 714 1841 759 autem
1862 704 1936 758 si-

335 812 603 885 gniﬁcant
616 806 893 876 simplices
912 803 1158 858 homines
1171 807 1226 854 et
1238 800 1418 854 minus
1432 796 1672 853 calentes
1697 795 1934 865 ingenio,

334 924 478 979 quos
504 905 764 960 Dominus
788 914 884 970 per
896 898 1126 968 gratiam
1149 894 1386 965 Spiritus
1407 892 1579 947 sancti
1607 890 1938 946 illuminatos

336 999 508 1054 cllicit
535 1009 752 1068 gregem
786 1006 943 1047 suum
973 998 1029 1045 et
1059 990 1199 1043 inter
1222 1001 1354 1041 oves
1383 1000 1508 1039 suas
1557 982 1827 1037 numerari
1860 979 1939 1034 fa-

336 1092 436 1146 cit.
480 1087 635 1144 Unde
664 1082 952 1138 Psalmista
981 1082 1047 1135 de
1072 1078 1290 1134 Christo
1321 1075 1453 1130 dicit
1485 1092 1498 1128 :
1539 1072 1730 1127 Omnia
1760 1070 1936 1139 subje—

338 1181 461 1234 cisti
485 1178 582 1232 sub
619 1174 837 1246 pedibus
872 1172 1018 1241 ejus,
1065 1185 1183 1223 oves
1223 1177 1270 1221 et
1310 1166 1491 1231 boves,
1521 1165 1761 1218 universa
1795 1164 1941 1215 insa-

339 1288 437 1342 per
473 1280 525 1322 ct
563 1282 752 1336 pecora
789 1263 958 1332 campi
992 1258 1165 1331 (Psal.
1196 1257 1337 1331 vm).
1392 1256 1596 1311 Pecora
1631 1262 1810 1308 autem
1847 1250 1942 1304 ali-

338 1359 562 1431 quando
586 1361 930 1427 peccatores,
960 1357 1016 1406 et
1043 1349 1136 1419 qui
1173 1345 1539 1417 voluptatibus
1571 1343 1734 1399 dediti
1782 1349 1937 1405 sunt;

342 1462 406 1507 ut
430 1452 486 1506 in
524 1447 787 1503 Zacliaria
821 1460 835 1498 :
872 1443 1038 1497 Pasce
1073 1457 1260 1512 pecora
1294 1439 1571 1493 occisionis
1602 1435 1796 1509 (Zach.
1828 1432 1937 1503 χι).

346 1543 415 1598 Et
434 1542 491 1595 in
520 1538 814 1594 Psalterio:
840 1533 972 1587 Oves
995 1543 1042 1586 et
1064 1531 1461 1599 boves,iusuper
1486 1536 1533 1581 et
1555 1542 1741 1596 pecora
1765 1520 1938 1595 (Psal.

343 1631 488 1703 vus).
515 1630 744 1691 Pecora,
779 1624 1053 1695 simplices
1101 1623 1303 1692 quique
1330 1621 1509 1673 minus
1536 1615 1746 1688 praediti
1776 1614 1943 1668 ratio-

342 1721 566 1779 cinandi
584 1718 905 1781 subtilitate,
931 1715 1061 1770 utin
1077 1713 1395 1768 Salomone:
1418 1709 1703 1780 Diligenter
1722 1721 1944 1777 agnosce

2038 521 2090 576 id
2118 530 2224 587 est,
2251 520 2521 586 Christus,
2544 519 2612 574 de
2635 535 2742 589 quo
2765 518 2959 588 legitur
2992 517 3045 571 in
3076 515 3346 586 PrOpheta
3378 556 3391 569 .
3424 515 3493 569 In
3518 515 3624 570 die-

2035 611 2129 666 bus
2162 610 2269 665 illis
2300 611 2490 665 nutriet
2514 610 2668 664 homo
2697 624 2908 663 vaccam
2944 609 3133 673 boum,
3158 617 3205 660 et
3236 605 3370 660 duas
3398 623 3512 661 oves
3532 646 3549 672 ,
3572 616 3623 662 et

2034 720 2144 772 pra:
2183 703 2413 758 ubertate
2452 701 2602 756 lactis
2631 700 2857 755 comedet
2894 699 3138 769 butyrum
3167 697 3304 768 (Isa.
3334 707 3454 769 vn).
3491 697 3622 755 Item

2035 808 2164 848 oves
2190 792 2403 863 reprobi
2440 793 2492 845 in
2522 790 2786 846 Psaltcrio
2824 807 2836 842 :
2873 787 3022 844 Sicut
3056 806 3172 844 oves
3207 790 3262 842 in
3292 788 3501 858 inferno
3529 806 3628 860 ροη

2036 885 2123 938 siti
2147 893 2301 948 sunt,
2329 893 2377 937 et
2410 899 2548 937 mors
2587 882 2826 953 deposcet
2860 897 2945 935 eos
2974 879 3148 952 (Psal.
3182 880 3405 950 vam),
3441 880 3491 934 id
3520 891 3629 946 est,

2039 975 2303 1031 diabolus.
2342 977 2547 1031 Vervex
2585 974 2669 1029 vel
2700 990 2730 1028 a
2761 973 2967 1028 viribus
3005 973 3213 1037 dictus,
3241 972 3383 1042 quod
3420 973 3633 1027 caneris

2039 1068 2229 1121 ovibus
2256 1067 2327 1120 sit
2353 1065 2544 1120 fortior
2567 1082 2580 1130 ;
2607 1064 2690 1120 vel
2715 1064 2861 1134 quod
2889 1065 2958 1119 sit
2977 1064 3081 1129 vir,
3114 1064 3166 1118 id
3189 1071 3293 1130 est,
3316 1063 3589 1119 masculus
3614 1081 3629 1128 ;

2040 1160 2122 1216 vel
2152 1158 2295 1228 quod
2329 1172 2541 1213 vermes
2572 1159 2627 1212 in
2664 1158 2837 1227 capite
2868 1157 3123 1222 habeant,
3157 1172 3387 1226 quorum
3411 1159 3632 1214 excitati

2041 1252 2248 1321 pruritu
2297 1249 2527 1304 invicem
2574 1264 2634 1304 se
2682 1248 3030 1314 concutiunt,
3076 1256 3133 1302 et
3169 1257 3473 1318 pugnantes
3507 1264 3631 1304 cum
3683 1302 3698 1316 ,

2041 1357 2238 1412 magno
2268 1341 2468 1410 impetu
2491 1338 2711 1395 feriunt.
2740 1338 2830 1395 Sic
2857 1347 2911 1394 et
2937 1339 3082 1395 aries
3101 1338 3186 1393 vel
3216 1354 3318 1410 apo
3340 1347 3431 1394 tou
3454 1356 3630 1406 arcos,

2042 1432 2095 1487 id
2121 1441 2232 1496 est,
2265 1447 2295 1484 a
2320 1431 2492 1486 Marte
2517 1440 2761 1487 vocatus.
2796 1431 2948 1487 Unde
2987 1433 3128 1503 apud
3161 1448 3260 1487 nos
3293 1433 3347 1488 in
3381 1435 3637 1505 gregibus

2042 1521 2324 1577 masculini
2369 1530 2550 1576 mares
2588 1521 2842 1577 dicuntur
2881 1539 2893 1576 :
2941 1523 3056 1578 sive
3092 1524 3237 1593 quod
3273 1523 3377 1580 hoc
3415 1539 3581 1595 pecus
3605 1544 3634 1581 ει

2043 1613 2331 1685 gentilibus
2359 1615 2594 1683 primum
2622 1614 2734 1669 aris
2759 1622 2844 1670 est
2879 1614 3234 1671 immolatum.
3270 1615 3424 1672 Unde
3455 1625 3540 1673 est
3568 1616 3635 1671 il-

2043 1703 2134 1758 lud
2161 1722 2174 1757 :
2203 1704 2352 1758 Aries
2377 1712 2643 1757 mactatur
2669 1704 2739 1758 ad
2767 1721 2939 1759 aram.
2977 1705 3191 1761 Arietes
3222 1715 3404 1762 autem
3430 1707 3639 1780 signiﬁ-

340 1815 548 1869 vultum
585 1811 784 1881 pecoris
829 1809 940 1874 tui,
966 1817 1184 1879 tuosque
1218 1800 1413 1876 greges
1436 1802 1712 1857 considera
1755 1797 1936 1872 (Prov.
1969 1815 2017 1873 Β
2044 1804 2171 1851 cant
2206 1796 2478 1866 apostolos
2521 1796 2607 1851 vel
2658 1798 3012 1881 ecclesiarum
3052 1798 3346 1869 principes.
3386 1799 3539 1855 Unde
3578 1800 3634 1854 in

347 1905 545 1976 xxvn).
582 1902 727 1957 Oves
765 1901 997 1956 electum
1036 1897 1289 1968 populum
1327 1894 1694 1950 Christianum
1733 1888 1938 1959 signiﬁ-

346 2005 480 2051 cant
512 2012 527 2047 :
556 1994 698 2048 sicut
736 1992 790 2046 in
823 1988 1115 2059 Evangelio
1154 1986 1414 2041 Dominus
1453 1982 1614 2036 Petro
1656 1979 1787 2035 dicit
1816 1992 1944 2047 apo-

350 2085 493 2139 stolo
520 2100 534 2136 :
563 2081 730 2135 Pasce
756 2096 872 2133 oves
900 2093 1040 2132 meas
1068 2075 1248 2147 (Joan.
1284 2073 1417 2143 xm).
1443 2071 1545 2139 Qui
1576 2069 1696 2123 ideo
1720 2081 1940 2135 compa-

354 2183 548 2229 rantur
591 2172 804 2236 ovibus,
839 2168 1094 2239 quoniam
1124 2179 1202 2230 se,
1234 2171 1524 2234 praestante
1566 2158 1822 2221 Domino,
1863 2158 1944 2209 iu-

354 2265 518 2318 noxia
579 2258 993 2315 conversatione
1052 2255 1432 2316 moderantur;
1483 2249 1677 2304 deinde
1721 2243 1945 2301 exuvias

352 2354 475 2409 sine
503 2352 686 2422 aliquo
720 2365 884 2406 sensu
927 2347 1128 2403 doloris
1156 2346 1438 2399 amittunt.
1479 2341 1613 2396 Nam
1654 2340 1794 2396 sicut
1828 2339 1947 2393 ovis

356 2444 672 2499 tendentem
699 2458 758 2496 se
788 2454 895 2495 non
921 2439 1184 2507 increpat,
1241 2436 1317 2491 ita
1354 2449 1453 2489 nec
1474 2434 1652 2505 justus
1677 2430 1945 2502 cupidita-

356 2544 467 2589 tem
496 2548 559 2588 se
589 2530 942 2601 exspoliantis
967 2537 1204 2585 acwsat.
1236 2527 1408 2582 Boves
1428 2533 1606 2580 autem
1627 2523 1945 2593 praedicato-

358 2639 448 2679 res
480 2622 803 2690 designant,
834 2620 925 2690 qui
967 2620 1199 2674 humana
1236 2627 1457 2689 pectora
1485 2615 1753 2672 mandatis
1782 2611 1947 2667 cccle»

356 2715 538 2770 stibus
583 2713 843 2767 virtutum
894 2724 1122 2766 messem
1169 2708 1476 2780 germinare
1524 2705 1789 2761 fecerunt.
1839 2702 1951 2758 Nec

358 2811 521 2860 vacat
545 2803 689 2873 quod
715 2801 867 2866 dicit,
896 2801 1109 2871 insuper
1128 2812 1147 2851 .'
1175 2799 1302 2869 quia
1345 2812 1456 2851 non
1481 2796 1658 2851 solum
1681 2794 1756 2849 illi
1779 2795 1952 2850 sancti

360 2896 594 2968 subjecti
621 2904 779 2960 sunt,
817 2894 910 2949 sed
940 2894 1104 2949 etiam
1142 2900 1474 2963 peccatores.
1521 2890 1676 2960 Saepe
1710 2890 1857 2945 enim
1885 2888 1953 2945 de

360 2988 645 3047 eorrversis
678 2987 881 3043 talibus
915 2986 1105 3057 majori
1146 2985 1317 3056 gloria
1364 2983 1662 3052 triumphat
1696 2981 1954 3037 Dominus

363 3080 635 3137 Christus.
660 3076 866 3133 Pecora
886 3077 1030 3131 enim
1054 3083 1200 3140 sunt,
1225 3076 1354 3130 dum
1379 3074 1434 3129 in
1458 3088 1769 3143 camporum
1794 3072 1956 3128 liber-

2042 1888 2180 1942 lsaia
2204 1887 2436 1959 legitur:
2463 1874 2673 1943 Arietes'
2691 1887 2959 1942 Nabaiotlt
2985 1888 3352 1943 ministrabant
3374 1888 3470 1942 tibi
3497 1889 3635 1962 (Isa.

2045 1977 2156 2050 ιχ).
2190 1977 2258 2032 Et
2292 1979 2346 2031 in
2384 1977 2645 2033 Psalterio
2692 1998 2705 2032 :
2748 1978 2946 2047 Aﬂ'erte
2984 1977 3205 2033 Domino
3241 1978 3381 2047 ﬁlios
3413 1980 3638 2037 arietum

2047 2066 2218 2137 (Psat.
2248 2067 2462 2139 xxvm).
2498 2068 2588 2133 lli,
2616 2078 2873 2137 tanquam
2896 2068 3061 2124 duces
3084 2084 3327 2141 gregum,
3360 2072 3415 2126 in
3443 2087 3635 2130 causas

2048 2154 2259 2208 Domini
2306 2155 2676 2223 perduxerunt
2725 2153 2981 2224 populum
3032 2154 3419 2211 Christianum.
3472 2157 3638 2214 Filios

2046 2254 2227 2301 autem
2258 2246 2486 2300 arietum
2511 2244 2811 2301 oﬁ'erendos
2840 2245 2992 2311 dicit,
3017 2262 3155 2316 quos
3191 2247 3418 2319 apostoli
3445 2250 3632 2320 [medio

2049 2338 2261 2393 catione
2279 2349 2599 2408 genuerunt,
2631 2354 2737 2394 non
2759 2340 2850 2408 qui
2874 2355 3044 2411 pravo
3072 2341 3321 2413 dogmate
3341 2345 3640 2413 probantur

2047 2430 2318 2485 extranei.
2350 2430 2562 2486 Arietes
2599 2439 2780 2487 autem
2808 2432 2946 2488 bene
2978 2442 3105 2487 sunt
3132 2434 3391 2505 apostolis
3419 2451 3640 2507 compa-

2051 2520 2179 2589 rati,
2234 2520 2489 2593 quoniam
2521 2522 2604 2594 (ut
2631 2521 2887 2597 diximus)
2915 2522 3168 2578 animalia
3200 2525 3312 2594 ipsa
3349 2524 3640 2596 plurimum

2038 2611 2229 2670 fronte
2248 2611 2445 2679 valent,
2462 2611 2740 2682 etobjecta
2758 2628 2973 2684 semper
2988 2614 3330 2686 impingendo
3350 2615 3640 2686 dcjiciunt:

2051 2697 2196 2779 quod
2222 2706 2565 2780 praedicando
2609 2705 2857 2761 fecerunt
2881 2705 3131 2777 apostoli,
3159 2707 3252 2776 qui
3282 2707 3527 2762 diversas
3549 2723 3644 2764 su-

2054 2798 2402 2869 perstitiones
2420 2836 2435 2863 ,
2463 2804 2518 2852 et
2547 2796 2687 2852 idola
2716 2795 3025 2852 ﬁrmissima
3064 2795 3303 2851 cmlestis
3328 2798 3477 2854 verbi
3505 2814 3645 2869 qua-

2055 2888 2180 2943 dam
2211 2886 2390 2943 fonte
2415 2895 2696 2957 ruperunt.
2726 2884 2887 2941 Aries
2915 2884 3061 2940 enim
3089 2885 3265 2940 dictus
3289 2894 3405 2954 est,
3437 2889 3593 2957 quasi
3616 2907 3645 2943 a

2055 2980 2235 3035 fronte
2264 2995 2445 3035 ruens.
2486 2977 2552 3033 Et
2586 2978 2641 3033 in
2684 2977 2844 3034 aliaat
2893 2987 3104 3049 partem
3141 2978 3343 3035 arietes
3377 2981 3651 3053 principes

2057 3081 2183 3127 sunt
2210 3072 2466 3142 pravi,de
2493 3070 2693 3141 quibus
2718 3069 2918 3143 legitur
2939 3072 2995 3127 in
3018 3071 3295 3128 Ezechiel:
3323 3070 3455 3130 Cum
3481 3075 3652 3132 hwdis

365 3181 514 3238 tate,
546 3170 603 3226 id
636 3177 750 3233 est,
781 3169 838 3223 in
872 3167 1058 3222 mundi
1099 3166 1255 3222 istius
1293 3165 1568 3234 voluptate
1600 3171 1895 3234 pascuntur
1932 3178 1948 3216 :
1976 3172 2023 3234 (ς
2054 3174 2102 3217 et
2133 3165 2281 3234 agnis
2302 3173 2351 3217 et
2372 3163 2623 3218 arietibus
2639 3162 3314 3237 (Eaech.xxvu).Agnum,
3340 3180 3649 3239 quanquam

364 3277 500 3319 oves
527 3271 657 3318 sunt
676 3303 689 3326 ,
714 3276 838 3316 cum
866 3258 979 3329 jam
1007 3261 1147 3314 intra
1181 3258 1391 3325 Domini
1431 3265 1583 3328 septa
1613 3257 1954 3313 clauduntur.

366 3354 502 3409 Item
540 3352 671 3408 alibi
712 3367 817 3406 vox
850 3351 1039 3405 divina
1070 3351 1202 3405 dicit
1241 3369 1254 3403 :
1300 3348 1434 3404 Here
1466 3359 1587 3403 sunt
1625 3364 1801 3403 omnes
1834 3349 1961 3418 ferte

368 3445 657 3507 silvarum,
679 3443 924 3513 jumenta
948 3441 1003 3494 in
1032 3441 1312 3507 montibus,
1337 3451 1385 3494 et
1407 3440 1555 3495 boves
1583 3439 1753 3512 (Psal.
1789 3440 1958 3513 XLIX).

372 3536 524 3589 Ferte
547 3533 808 3589 silvarum
830 3540 1019 3603 gentes
1047 3530 1376 3601 signiﬁcant,
1401 3532 1493 3601 qui
1525 3531 1579 3585 in
1601 3531 1780 3585 stccnli
1809 3532 1965 3585 istius

370 3628 688 3684 tremoribus
706 3623 1093 3695 superstitione
1121 3623 1455 3679 ferocissima
1473 3621 1849 3677 versabantur.
1865 3621 1963 3699 Ju-

374 3727 557 3774 menta
574 3718 632 3773 in
645 3717 924 3773 montibus
935 3726 1063 3772 sunt
1073 3713 1344 3784 simplices
1364 3714 1417 3767 in
1434 3713 1674 3769 Ecclesia
1699 3713 1965 3769 catholica

373 3809 679 3874 constituti,
710 3809 801 3878 qui
828 3815 884 3861 tu
919 3808 1199 3877 cacumine
1229 3805 1349 3860 ﬁdei
1380 3806 1625 3861 habitare
1647 3815 1962 3862 noscuntur.

376 3901 550 3956 Boves
587 3900 832 3957 indicant
873 3898 1145 3969 apostolos
1183 3908 1241 3952 et
1282 3897 1604 3968 prephetas,
1631 3898 1723 3967 qui
1755 3898 1808 3952 in
1837 3911 1967 3968 agro

380 3992 594 4048 Domini
616 3992 835 4046 assiduo
856 3990 1105 4047 laborare
1123 3990 1327 4046 versati
1351 3997 1495 4045 sunt.
1521 3990 1861 4062 Quapropter
1884 3992 1969 4047 his

378 4082 738 4138 allusionibus
764 4090 1137 4152 competenter
1159 4081 1417 4153 appositis
1440 4085 1751 4152 prieﬁgurat
1780 4083 1968 4139 Eccle-

379 4176 516 4231 siam
542 4173 866 4231 catholicam
900 4176 965 4230 de
989 4176 1217 4231 diversis
1242 4177 1424 4231 mundi
1453 4176 1696 4247 partibus
1719 4177 1972 4245 colligen-

383 4268 528 4322 dam.
570 4266 837 4323 Discretio
876 4274 959 4321 est
995 4275 1175 4320 autem
1216 4266 1357 4321 inter
1395 4275 1641 4322 armenta
1667 4275 1721 4323 ct
1744 4281 1967 4336 greges.

384 4358 519 4413 Nam
554 4366 803 4414 armenta
840 4373 1101 4428 equorum
1131 4365 1186 4412 et
1211 4358 1376 4413 boum
1418 4366 1574 4425 sunt;
1614 4373 1804 4429 greges
1828 4373 1972 4414 vero

385 4451 751 4515 camelorum,
796 4465 1082 4520 caprarum
1120 4458 1177 4504 et
1226 4449 1406 4506 ovium
1450 4460 1595 4505 sunt.
1636 4451 1765 4506 Ovis
1810 4449 1974 4506 molle

2060 3255 2233 3309 Grmci
2260 3263 2455 3310 vocent
2491 3268 2593 3324 apo
2628 3262 2715 3310 tou
2760 3270 2958 3325 agnou,
2991 3257 3144 3327 quasi
3169 3258 3319 3329 pium
3348 3275 3362 3311 :
3390 3266 3446 3313 et
3473 3258 3654 3314 Latini

2063 3355 2241 3401 tamen
2264 3348 2368 3403 hoc
2388 3362 2584 3402 nomen
2606 3348 2807 3403 habere
2830 3355 3046 3418 putant,
3062 3364 3126 3405 eo
3145 3350 3287 3421 quod
3314 3366 3425 3423 pra:
3442 3351 3656 3408 ueteris

2063 3439 2386 3494 animalibus
2413 3448 2646 3494 matrem
2677 3451 2935 3511 agnoscat
2964 3442 3099 3497 adeo
3118 3482 3134 3508 ,
3183 3443 3348 3498 etiam
3379 3443 3424 3498 si
3456 3444 3510 3499 in
3537 3459 3655 3499 ina--

2063 3546 2169 3601 gno
2188 3547 2349 3603 grege
2368 3533 2652 3598 erraverit,
2679 3533 2861 3588 statim
2886 3530 3069 3590 balatu
3095 3546 3445 3607 recOgnoscat
3469 3553 3655 3594 vocem

2064 3623 2323 3692 parentis.
2357 3621 2541 3693 Agnus
2574 3632 2754 3679 autem
2781 3632 2876 3679 aut
2908 3639 3197 3695 personam
3230 3626 3527 3685 Salvatoris
3555 3645 3655 3684 no-

2066 3715 2165 3770 stri
2196 3715 2422 3787 mystice
2451 3717 2619 3787 gerit,
2654 3716 2807 3786 cujus
2845 3733 2993 3774 mors
3024 3718 3285 3776 innocens
3313 3719 3543 3775 salvavit
3569 3736 3659 3791 ge-

2069 3823 2171 3863 nus
2217 3806 2549 3875 humanum,
2592 3809 2658 3863 de
2703 3824 2810 3880 quo
2849 3808 3085 3867 Joannes
3129 3812 3208 3867 ait
3246 3831 3260 3866 :
3302 3811 3439 3867 Ecce
3480 3813 3659 3885 Agnus

2068 3900 2166 3955 Dei
2198 3916 2217 3956 :
2247 3918 2362 3955 ecce
2391 3901 2480 3972 qui
2505 3900 2640 3954 tollit
2666 3913 2879 3972 peccata
2905 3902 3088 3956 mundi
3117 3902 3297 3975 (Joan.
3326 3902 3366 3975 ι)
3400 3923 3413 3958 :
3441 3913 3536 3959 aut
3562 3920 3658 3960 cu-

2061 3990 2285 4061 juslibet
2318 3991 2568 4048 catholici
2612 3992 2778 4046 vitam
2821 3991 3128 4060 innoxiam,
3167 3995 3259 4064 qui
3301 3995 3492 4050 matris
3525 4010 3658 4061 sua),

2073 4084 2175 4138 hoc
2200 4093 2312 4147 est,
2350 4083 2603 4138 Ecclesia:
2642 4098 2826 4138 vocem
2869 4098 3169 4155 agnoscens
3208 4085 3506 4141 obediendo
3544 4084 3662 4155 ejus

2071 4177 2311 4232 adlucret
2339 4176 2529 4241 lateri,
2560 4185 2614 4229 et
2643 4175 2825 4232 obedit
2862 4176 3149 4232 mandatis.
3183 4177 3320 4249 Agni
3359 4179 3566 4246 sancti,
3607 4180 3661 4234 in

2075 4271 2366 4341 Evangelio
2396 4288 2409 4323 :
2441 4269 2608 4323 Pasce
2641 4286 2807 4341 agnos
2844 4287 2984 4327 meos
3010 4268 3189 4344 (Joan.
3233 4272 3368 4344 XXI).
3400 4271 3540 4344 Agni
3569 4273 3665 4328 ho-

2074 4363 2250 4419 mines
2283 4361 2626 4416 lascivientes
2656 4361 2712 4417 in
2739 4360 2879 4416 Isaia
2921 4379 2933 4416 :
2979 4359 3317 4418 Incrassatas
3352 4374 3425 4418 est
3456 4363 3666 4436 gladius

2076 4471 2224 4511 meus
2250 4456 2314 4510 de
2342 4457 2595 4526 sanguine
2629 4472 2887 4527 agnorum
2922 4465 2969 4512 et
2999 4456 3264 4512 hircorum
3294 4457 3428 4531 (Isa.
3455 4460 3663 4532 xxnv).

385 4557 551 4613 pecus
584 4541 758 4607 lanis,
798 4555 1025 4610 corpore
1062 4541 1302 4608 inerme,
1330 4541 1512 4596 animo
1549 4542 1818 4613 placidum
1857 4560 1870 4596 :
1907 4541 1976 4598 ab
2003 4526 2054 4585 D
2079 4551 2231 4621 Agna
2260 4551 2367 4608 vita
2404 4550 2578 4605 activa
2613 4526 2677 4605 in
2702 4550 2943 4607 Levitico
2980 4566 2994 4605 :
3035 4553 3171 4623 Agat
3200 4526 3590 4623 paenitentiam,
3621 4526 3668 4612 et

387 4634 662 4688 oblatione
687 4632 891 4687 dictum
939 4647 1006 4687 eo
1030 4633 1174 4702 quod
1200 4635 1339 4703 apud
1359 4643 1570 4689 veteres
1599 4635 1650 4688 in
1684 4636 1838 4691 initio
1867 4650 1976 4691 non

389 4735 595 4790 tauros,
619 4725 713 4780 sed
733 4738 864 4780 oves
888 4725 938 4779 in
960 4725 1228 4780 sacriﬁcio
1251 4734 1571 4781 mactarent.
1599 4727 1677 4782 Ex
1702 4728 1786 4782 bis
1809 4743 1974 4798 quas-

390 4816 513 4869 dam
537 4815 784 4869 bidentes
805 4822 1022 4881 vocant,
1047 4830 1141 4870 eas
1181 4831 1302 4886 qua:
1324 4817 1466 4870 inter
1488 4824 1610 4872 octo
1634 4817 1822 4872 dentes
1844 4817 1976 4874 duas

388 4904 612 4959 altiores
642 4904 863 4970 habent,
885 4920 1023 4974 quas
1050 4906 1286 4961 maxime
1312 4906 1540 4978 gentiles
1566 4908 1620 4962 in
1650 4908 1975 4964 sacriﬁcium

388 4997 710 5052 oderebant.
755 4997 897 5053 Oves
932 5007 1113 5053 autem
1149 4998 1242 5072 (ut
1279 4998 1547 5071 diximus)
1586 5000 1901 5057 innocentes
1924 5008 1981 5056 et

391 5087 667 5157 simplices
698 5104 914 5158 quoque
945 5089 1001 5145 in
1038 5090 1235 5161 pepulo
1274 5089 1585 5147 Christiano
1626 5091 1933 5164 signiﬁcant
1963 5110 1976 5146 :

393 5191 604 5234 necnon
623 5188 676 5233 ct
702 5179 869 5248 ipsius
888 5180 1099 5235 Domini
1125 5181 1415 5252 aliquando
1441 5184 1905 5251 mansuetudinem
1927 5192 1984 5241 et

393 5269 712 5337 patientiam
740 5269 859 5326 ovis
883 5271 1059 5341 typice
1087 5271 1450 5340 demonstrat;
1479 5284 1540 5331 ut
1564 5283 1649 5331 est
1675 5276 1804 5332 illud
1831 5277 1981 5333 lsaia:

393 5364 463 5420 de
487 5366 766 5422 innocenti
790 5377 963 5423 morte
992 5366 1289 5426 Salvatoris
1323 5390 1334 5425 :
1366 5369 1513 5426 Sicut
1541 5373 1667 5437 ovis,
1694 5374 1889 5444 inquit,
1914 5375 1982 5429 ad

394 5457 707 5511 occisionem
738 5459 959 5512 ducetur
982 5471 1029 5513 et
1062 5477 1163 5515 non
1193 5463 1385 5532 aperiet
1411 5479 1469 5518 os
1496 5480 1649 5518 suum
1676 5464 1811 5537 (Isa.
1842 5464 1981 5540 mu).

395 5545 538 5603 Oves
573 5548 760 5619 populi
801 5549 984 5605 ﬁdeles
1021 5551 1077 5605 in
1115 5552 1406 5625 Evangelia
1448 5573 1460 5609 :
1491 5554 1624 5611 Oves
1659 5574 1787 5612 mea:
1812 5573 1985 5613 vocem

396 5656 566 5696 manu
595 5642 813 5696 audient
843 5641 1022 5715 (Joan.
1052 5643 1129 5717 χ).
1154 5646 1221 5701 Et
1249 5647 1301 5702 in
1326 5646 1589 5706 Psalterio
1613 5668 1625 5705 :
1651 5649 1845 5706 Omnia
1871 5652 1987 5708 sub-

385 5731 566 5805 iecisti
587 5735 686 5787 sub
704 5732 921 5805 pedibus
945 5733 1081 5803 ejus,
1104 5752 1221 5793 oves
1242 5748 1289 5791 et
1311 5738 1459 5795 boves
1482 5737 1653 5813 (Psal.
1680 5741 1820 5814 vui).
1846 5740 1988 5798 Oves

880 5825 1156 5888 Ρηιιοι..
1202 5828 1365 5892 CXI.

2081 4644 2268 4715 offerat
2306 4660 2496 4715 agnam
2540 4643 2606 4698 de
2638 4661 2791 4715 grege
2830 4645 2936 4699 sive
2973 4662 3189 4717 capram
3219 4645 3404 4719 (Leuit.
3429 4648 3515 4722 v);
3548 4664 3670 4721 qua:

2080 4744 2164 4793 est
2193 4737 2621 4807 contemplativa:
2662 4737 2785 4792 vitm
2822 4736 3013 4809 ﬁgura.
3056 4738 3276 4809 Septem
3311 4741 3471 4811 agni,
3499 4749 3554 4796 et
3584 4756 3670 4796 sc-

2081 4836 2227 4897 ptem
2267 4842 2445 4898 agnte,
2476 4843 2598 4897 quae
2639 4828 2692 4882 in
2729 4828 2845 4898 lege
2884 4830 2995 4885 Deo
3032 4830 3086 4884 in
3128 4831 3456 4886 sacriﬁcium
3485 4829 3669 4886 oll‘erri

2082 4918 2467 4989 praecipiuntur
2485 4960 2500 4984 ,
2524 4928 2838 4975 sanctorum
2867 4920 3106 4975 omnium
3138 4920 3525 4990 plenitudinem
3544 4960 3558 4985 ,
3588 4921 3669 4974 vel

2084 5011 2263 5079 operis
2309 5010 2630 5066 innocentia:
2686 5012 2932 5066 obtinent
2982 5012 3318 5082 mysterium.
3369 5010 3534 5067 Fetus
3578 5027 3673 5083 ge-

2086 5099 2252 5167 melli,
2283 5101 2388 5155 duo
2416 5100 2698 5156 charitatis
2726 5111 3015 5172 praecepta,
3047 5101 3100 5156 id
3123 5110 3228 5166 est,
3250 5101 3467 5158 dilectio
3496 5103 3592 5158 Dei
3617 5113 3672 5159 et

2086 5192 2334 5262 proximi.
2365 5194 2422 5247 In
2453 5192 2691 5249 Canticis
2720 5194 3054 5249 canticorum
3080 5211 3092 5246 :
3119 5191 3311 5248 Omnes
3332 5193 3563 5263 gemellis
3589 5195 3670 5266 fe-

2080 5289 2241 5352 tibus,
2264 5296 2311 5339 et
2339 5285 2533 5339 sterilis
2574 5303 2676 5340 non
2705 5296 2777 5340 est
2798 5288 2931 5342 inter
2963 5304 3052 5340 eas
3079 5286 3259 5360 (Cant.
3291 5288 3385 5361 γι).
3418 5289 3570 5346 Haedi
3602 5290 3673 5348 ah

2085 5377 2291 5432 edendo
2317 5376 2495 5436 vocati
2528 5393 2540 5430 :
2572 5377 2725 5447 parvi
2754 5378 2896 5432 enim
2918 5377 3256 5449 pinguissimi
3288 5390 3487 5436 suntet
3512 5396 3675 5453 sapo-

2087 5468 2160 5523 ris
2177 5467 2419 5536 jucundi.
2455 5467 2605 5523 Unde
2626 5477 2685 5523 et
2707 5468 2897 5535 edere;
2928 5469 3051 5524 inde
3074 5479 3130 5524 et
3157 5469 3395 5528 edulium
3422 5483 3669 5530 vocatur.

2086 5560 2152 5614 lli
2193 5574 2406 5629 quoque
2435 5559 2591 5630 juxta
2629 5558 2940 5629 allegoriam
2983 5559 3291 5632 signiﬁcant
3333 5573 3673 5635 peccatores,

2085 5651 2179 5720 qui
2209 5651 2277 5705 ad
2303 5651 2579 5707 sinistram
2606 5650 2805 5722 judicis
2834 5652 2887 5706 in
2918 5649 3026 5708 ﬁne
3062 5654 3330 5710 statuendi
3353 5665 3502 5722 sunt,
3531 5657 3675 5715 sicut

2090 5741 2216 5803 iusti
2244 5742 2311 5798 ad
2335 5742 2645 5812 dexteram,
2677 5758 2813 5816 quos
2842 5759 2973 5801 oves
3010 5744 3338 5818 signiﬁcant.
3368 5744 3523 5806 Unde
3553 5744 3667 5819 ipsa

3196 5837 3238 5927 7.
