4072 6198
405 295 508 350 205

1065 313 1123 367 B.
1167 313 1417 369 llABANl
1455 315 1675 372 MAURI
1712 315 2036 372 ARClllEP.
2080 317 2388 374 MOGUNT.
2427 318 2714 377 OPERUM
2754 321 2933 376 PARS
2967 323 3032 376 ll.

3569 332 3674 386 ΞΜ

418 425 629 479 Veritas
665 426 714 478 in
747 423 1038 494 Evangelia
1071 425 1147 478 ait
1171 443 1183 477 :
1211 424 1418 480 Statuet
1448 427 1655 496 quidem
1679 444 1794 482 oues
1817 445 1848 481 a
1872 428 1998 481 (1η-
2027 435 2072 494 Λ
2102 435 2254 491 runt;
2308 427 2396 481 alii
2438 429 2578 497 quod
2621 439 2850 498 carpunt
2877 441 3100 500 θείνει-ιι,
3133 435 3372 490 nonnulli
3409 453 3440 491 a
3468 442 3674 510 crepitu

417 517 534 575 tris,
562 513 738 567 laedas
765 521 938 589 autem
973 531 1005 567 a
1035 514 1260 568 sinistris
1297 515 1510 588 (Matth.
1536 517 1685 590 xxv).
1717 517 1996 580 Interdum

417 617 595 662 autem
625 614 680 662 et
701 605 829 674 justi
875 607 976 661 hoc
1007 608 1220 662 nomine
1255 609 1663 678 exprimuntur,
1687 609 1758 664 ob
1781 609 1994 666 confes-

417 697 624 752 sionem
676 707 1054 768 peccatorum,
1090 707 1150 752 ιιι
1185 699 1236 752 in
1274 695 1510 753 Ieremia
1543 717 1557 752 :
1588 698 1865 766 Recedite,
1910 701 1994 756 in-

417 787 556 858 quit,
585 787 650 842 de
668 787 838 841 medio
865 787 1146 856 Babylonis
1171 803 1191 842 :
1215 787 1278 842 de
1300 799 1440 843 terra
1459 786 1828 844 Chaldteorum
1849 807 1995 862 egre-

417 881 604 934 dimini
624 921 640 945 ,
675 890 721 934 et
763 890 922 934 estote
962 881 1114 950 quasi
1143 879 1282 934 laedi
1318 889 1438 934 ante
1461 897 1636 951 greges
1670 879 1886 952 (Jerem.
1917 881 1992 954 ι).

409 973 616 1028 Haedus
653 972 900 1028 Christus
943 981 1163 1042 propter
1203 971 1605 1026 similitudinem
1652 972 1834 1036 carnis
1875 987 1999 1042 pec-

403 1065 523 1121 cati
543 1078 558 1117 :
575 1071 634 1118 ut
657 1063 709 1116 in
733 1061 1180 1117 Deuteronomio:
1208 1061 1328 1115 Non
1351 1079 1536 1132 coques
1558 1063 1766 1117 hwdum
1791 1063 1844 1117 in
1863 1063 1998 1118 lacte

418 1156 603 1210 matris
634 1153 810 1228 (Deut.
835 1153 965 1226 XIV).
993 1153 1190 1208 Haedus
1209 1153 1596 1208 Antichristum
1625 1152 1912 1223 signiﬁcat,
1937 1161 1998 1208 ut

418 1247 546 1302 illttd
579 1247 634 1300 in
662 1244 952 1316 Evangelio
991 1261 1004 1296 :
1049 1242 1334 1314 Nunquam
1370 1242 1559 1297 dedisti
1593 1243 1719 1297 mihi
1752 1243 1959 1297 lta'dam
1981 1282 1996 1308 ,

420 1351 474 1393 at
505 1355 622 1393 cum
660 1337 842 1392 amicis
873 1335 999 1390 meis
1035 1335 1275 1406 epularer
1301 1332 1450 1406 (Luc.
1481 1333 1591 1406 xv).
1630 1331 1781 1388 Ovile
1817 1333 1997 1388 ovium

420 1429 662 1485 Ecclesia
688 1435 772 1483 est
791 1468 806 1493 ,
835 1435 895 1481 ut
935 1427 988 1480 in
1019 1425 1310 1498 Evangelia
1339 1444 1352 1478 :
1382 1425 1446 1479 Et
1471 1425 1568 1493 [iet
1597 1441 1756 1479 unum
1791 1425 1922 1480 ovile
1951 1435 1995 1480 et

420 1540 556 1578 unus
584 1530 764 1594 pastor
789 1519 971 1593 (Joan.
997 1518 1072 1589 Χ).
1106 1518 1317 1583 Pastor,
1343 1517 1590 1573 Christus
1615 1534 1627 1569 :
1653 1525 1709 1570 ut
1737 1517 1790 1570 in
1818 1517 1994 1572 Evan-

419 1613 560 1686 gelio
587 1630 600 1667 :
634 1611 748 1684 Ego
779 1627 892 1665 sum
920 1619 1101 1682 pastor
1130 1609 1296 1664 bonus
1333 1607 1540 1680 (llud).
1574 1607 1842 1674 Pastorcs,
1869 1625 1997 1679 apo-

418 1707 577 1772 stoli,
616 1705 699 1760 vel
738 1704 920 1760 caeteri
956 1702 1226 1773 principes
1267 1701 1648 1766 ecclesiarum;
1688 1711 1747 1755 ιιι
1779 1701 1831 1754 in
1865 1700 1996 1755 Pro-

2098 517 2335 572 erurium
2374 533 2470 605 cas
2500 520 2764 576 vocitatas
2790 529 3001 590 putant.
3029 522 3285 594 Agrestes
3309 540 3506 597 caprae,
3543 547 3678 601 quas

2098 606 2270 664 Graeci
2291 623 2394 678 pro
2421 623 2486 664 eo
2511 610 2655 678 quod
2687 611 2999 666 acutissime
3036 612 3276 679 videant,
3305 631 3410 685 apo
3447 625 3539 673 ton
3565 636 3675 675 orn

2097 697 2404 756 derkestbai
2427 700 2692 755 dorcadas
2711 700 3132 772 appellaverunt.
3159 703 3438 762 Morantur
3455 709 3596 764 enim
3622 711 3674 765 in

2098 789 2258 846 celsis
2285 791 2559 848 montibus
2575 832 2590 858 ,
2621 800 2677 848 et
2700 793 2945 861 quamvis
2972 794 3039 849 de
3064 793 3222 866 longe
3239 837 3256 862 ,
3287 798 3471 853 vident
3497 807 3676 854 tamen

2097 896 2287 938 omnes
2332 882 2426 954 qui
2476 883 2716 940 veniunt.
2765 885 2910 940 Idem
2955 894 3139 942 autem
3179 897 3236 944 et
3275 904 3471 960 caprae.
3530 895 3674 951 Idem

2099 973 2285 1039 ibices,
2321 975 2472 1044 quasi
2505 976 2708 1041 sbices,
2739 992 2805 1032 eo
2851 977 2991 1047 quod
3027 979 3199 1034 instar
3223 981 3404 1038 avium
3434 985 3598 1040 ardua
3625 1001 3679 1042 et

2097 1064 2309 1120 excelsa
2343 1075 2561 1122 teneant
2587 1066 2700 1122 loca
2721 1109 2739 1132 ,
2769 1077 2825 1124 et
2851 1069 2902 1122 in
2935 1070 3207 1126 montibus
3231 1073 3571 1142 inhabitant,
3600 1077 3678 1134 ita

2100 1161 2158 1207 ut
2181 1153 2246 1208 de
2256 1153 2448 1209 sublim
2460 1155 2589 1210 itate
2603 1155 2689 1210 vix
2706 1157 2954 1213 humanis
2970 1157 3245 1216 obtutibus
3255 1173 3507 1231 pareant.
3527 1165 3678 1222 Unde

2099 1253 2155 1300 et
2175 1244 2472 1300 meridiana
2497 1262 2623 1316 pars
2646 1248 2813 1304 ibices
2858 1264 2986 1306 aves
3023 1261 3202 1318 vocat,
3228 1255 3319 1323 qui
3349 1254 3450 1311 Nili
3480 1257 3678 1317 fluenta

2100 1334 2422 1390 inhabitant.
2467 1335 2594 1392 Haec
2619 1337 2805 1408 itaque
2833 1339 3082 1396 animalia
3115 1342 3196 1415 (ut
3223 1343 3480 1420 diximus)
3507 1350 3560 1404 in
3588 1367 3680 1421 pe-

2100 1427 2198 1482 tris
2235 1427 2513 1484 altissimis
2548 1435 3068 1498 commorantur,et
3103 1435 3148 1490 si
3187 1437 3402 1505 quando
3438 1437 3674 1497 ferarum

2099 1519 2182 1574 vel
2210 1519 2486 1576 hominum
2514 1522 2894 1580 a-lversitalem
2933 1529 3332 1596 persenseriut,
3372 1531 3440 1587 de
3475 1533 3674 1590 altissi-

2099 1608 2203 1663 mis
2225 1624 2476 1664 saxorum
2503 1611 2873 1668 cacuminibus
2900 1628 3018 1669 sese
3043 1618 3462 1688 praecipitantes,
3485 1621 3540 1676 iu
3567 1624 3678 1679 suis

2099 1703 2352 1758 cornibus
2379 1703 2544 1760 illmsa
2573 1707 2890 1776 suscipiunt.
2919 1708 3092 1779 Capra
3118 1725 3336 1768 carnem
3380 1713 3678 1772 Salvatoris

419 1799 581 1870 pheta
620 1815 634 1853 :
676 1795 821 1850 Dabo
859 1795 1032 1861 vobis,
1069 1794 1274 1864 inquit,
1311 1801 1542 1865 pastores
1579 1791 1864 1846 secundum
1906 1807 1998 1846 cor
2024 1811 2070 1870 Β
2099 1791 2394 1862 significat,
2430 1795 2531 1850 hoc
2556 1803 2674 1860 est,
2704 1795 3112 1854 similitudinem
3141 1801 3327 1856 carnis
3349 1805 3589 1873 peccati,
3617 1813 3678 1860 ιιι

419 1907 614 1956 meum,
641 1898 687 1944 et
714 1897 927 1956 poscent
950 1904 1038 1942 vos
1063 1887 1280 1941 scientia
1306 1895 1355 1940 et
1379 1884 1617 1939 doctrina
1643 1883 1866 1956 (Jerem.
1889 1882 1994 1956 ιιι).

419 1980 694 2047 l’astores,
721 1979 1032 2035 sacerdotes
1061 1977 1321 2048 improbi;
1348 1983 1406 2029 ut
1432 1975 1484 2030 in
1516 1973 1788 2030 lliercmia
1816 1993 1830 2029 :
1861 1971 2000 2030 Grca:

419 2076 684 2144 dispersus
714 2080 790 2125 est
808 2111 822 2135 ,
850 2069 974 2141 quia
1002 2084 1107 2120 non
1128 2076 1200 2121 est
1229 2068 1318 2138 qui
1341 2065 1573 2134 dispersa
1610 2063 1849 2136 colligat,
1891 2072 1994 2120 etc.

421 2164 637 2235 (Jerem.
673 2161 752 2231 χ).
783 2159 1010 2223 Custos,
1051 2156 1346 2219 Dominus;
1378 2155 1431 2210 in
1453 2152 1592 2210 Job:
1627 2154 1740 2208 Tibi
1770 2154 1996 2224 peccavi.

421 2273 450 2310 ο
475 2264 650 2310 custos
677 2251 946 2306 hominum
975 2247 1116 2321 (Job.
1139 2245 1258 2320 vn).
1283 2245 1344 2300 In
1370 2245 1506 2300 Isaia
1534 2263 1546 2299 :
1570 2242 1777 2307 Custos,
1795 2245 1920 2316 quid
1935 2245 2001 2300 de

421 2359 568 2404 nocte
585 2347 609 2401 ?
629 2355 822 2408 custos,
850 2341 976 2414 quid
993 2341 1056 2396 de
1080 2350 1225 2395 nocte
1243 2338 1413 2411 ?(Isa.
1445 2336 1580 2411 xxi).
1599 2336 1858 2393 Custodes
1873 2353 2000 2407 apo-

421 2439 544 2495 stoli
575 2437 655 2492 vel
682 2434 860 2491 caeteri
901 2432 1302 2503 pradicatores.
1327 2430 1384 2484 In
1411 2429 1546 2490 lsaia
1579 2447 1591 2482 :
1625 2427 1796 2498 Super
1822 2445 1999 2483 muros

421 2541 558 2594 tuos,
579 2523 895 2589 Jerusalem,
915 2521 1161 2576 constitui
1183 2519 1440 2585 custodes,
1468 2529 1576 2573 tota
1597 2519 1680 2573 die
1707 2529 1755 2572 et
1783 2527 2002 2588 tetano-

421 2629 499 2674 cte
524 2619 578 2672 in
600 2625 902 2689 perpetuum
929 2629 1034 2668 non
1055 2612 1294 2666 tacebunt
1317 2609 1366 2683 (Ι
1371 2627 1450 2664 sa.
1475 2612 1629 2682 uti).
1657 2608 1998 2674 Merccnarii,

419 2711 648 2783 populus
674 2707 1012 2772 Judmorum;
1042 2704 1096 2759 in
1125 2701 1412 2774 Evangelio
1437 2721 1450 2756 :
1476 2701 1673 2768 Quanti
1694 2701 2000 2756 mercenarii

420 2805 475 2858 iu
501 2803 657 2856 domo
687 2799 854 2870 patris
883 2795 1152 2850 abundant
1171 2793 1434 2864 panibus?
1461 2791 1611 2864 (Luc.
1641 2790 1755 2864 xv.)
1782 2787 2000 2861 lnquili-

421 2910 523 2950 nus
553 2891 840 2948 litereticus
862 2928 880 2953 .
914 2885 1280 2942 mercenarius
1319 2882 1544 2955 populus
1575 2881 1902 2938 Iudaeorum.
1941 2880 2001 2936 ln

419 2985 660 3042 Levitico
701 2999 716 3038 :
767 2979 1067 3052 Inquilinus
1105 2974 1388 3030 sacerdotis
1422 2985 1468 3028 et
1509 2973 1858 3028 mercenarius
1898 2987 2003 3027 non

419 3078 648 3134 comedet
672 3091 736 3130 etc
769 3091 828 3128 eo
856 3071 1042 3145 (Leuit.
1073 3065 1231 3138 xxii),
1255 3067 1356 3122 hoc
1376 3074 1462 3120 est
1490 3081 1555 3121 ex
1586 3063 1852 3120 sacriﬁcio
1883 3078 2003 3118 cor-

2100 1881 2154 1934 in
2203 1879 2528 1938 Salomone:
2561 1882 2731 1954 Fuge,
2770 1883 2954 1940 dilecte
2987 1903 3058 1940 mi
3081 1928 3097 1952 ,
3143 1889 3438 1944 assimilare
3477 1910 3676 1964 caprae

2101 1972 2275 2045 (Cant.
2302 1975 2385 2047 ιι).
2415 1977 2546 2031 item
2567 1991 2762 2046 caprae,
2789 1985 3102 2046 peccatores
3123 1980 3237 2035 sive
3253 1991 3464 2052 gentes,
3496 1983 3549 2038 in
3575 1983 3678 2039 Dav

2099 2065 2237 2122 niele
2268 2084 2283 2120 :
2313 2066 2450 2122 Ecce
2473 2069 2648 2123 hircus
2673 2085 2950 2139 caprarum
2977 2068 3138 2142 (Dan.
3163 2073 3302 2142 vm),
3331 2074 3506 2139 idest,
3529 2078 3649 2146 prin

2099 2174 2224 2229 ceps
2249 2167 2610 2230 peccatorum.
2635 2159 2823 2229 Capt-.13
2845 2175 2974 2232 ergo
2990 2159 3124 2229 justi
3155 2162 3424 2219 interdum
3453 2181 3518 2220 ex
3549 2181 3678 2236 gen-
3703 2180 3706 2183 ·

2099 2251 2243 2307 tibus
2263 2252 2541 2308 venientes
2559 2293 2574 2316 ,
2601 2252 2656 2306 in
2684 2251 2974 2308 Salomone
3015 2271 3028 2307 :
3068 2251 3401 2325 Capillatura
3427 2265 3518 2311 tua
3547 2259 3677 2311 sicut

2097 2357 2225 2411 grex
2265 2358 2544 2412 caprarum
2569 2383 2584 2408 ,
2623 2358 2742 2409 quae
2778 2341 3120 2397 ascenderunt
3158 2345 3222 2398 de
3263 2356 3436 2400 monte
3473 2343 3677 2401 Calaad

2101 2433 2277 2504 (Cant.
2305 2435 2400 2506 tv).
2431 2434 2568 2491 Hine
2591 2435 2722 2490 item
2743 2435 2875 2490 dicit
2901 2449 3134 2506 sponsus
3153 2436 3221 2492 ad
3241 2453 3491 2508 sponsam
3519 2456 3532 2492 :
3562 2437 3677 2492 Duo

2099 2527 2261 2582 ubera
2293 2536 2384 2581 tua
2421 2529 2554 2581 sicut
2581 2527 2686 2582 duo
2719 2527 2924 2582 hinnuli
2953 2544 3154 2599 caprea
3176 2529 3414 2600 gemelli,
3441 2531 3530 2601 qui
3553 2547 3678 2602 pas-

2099 2625 2288 2671 cuntur
2315 2617 2372 2672 in
2398 2615 2548 2683 liliis,
2575 2616 2742 2672 donec
2765 2617 2957 2689 aspiret
2987 2618 3118 2677 dies.
3153 2629 3202 2674 et
3235 2619 3551 2690 inclinentur
3573 2639 3678 2676 um.

2100 2706 2208 2762 brat
2249 2705 2459 2778 (Ibid).
2504 2707 2659 2774 Quod
2696 2707 2842 2762 enim
2887 2709 3002 2764 haec
3033 2709 3286 2764 animalia
3328 2707 3561 2766 ferarum
3592 2713 3675 2766 vel

2099 2797 2378 2854 hominum
2402 2798 2729 2854 adversitate
2763 2799 3080 2868 perterrita,
3121 2799 3189 2855 de
3214 2800 3493 2856 altissimis
3525 2804 3675 2874 rupi-

2099 2889 2200 2944 bus
2220 2903 2279 2944 se
2301 2887 2708 2958 praecipitando,
2735 2889 2992 2944 cornibus
3015 2889 3126 2944 suis
3148 2888 3313 2945 illmsa
3357 2890 3676 2961 suscipiunt,

2099 2979 2367 3050 signiﬁcat
2393 2979 2538 3050 quod
2564 2979 2693 3050 justi
2723 2979 2950 3050 quique,
2983 2987 3038 3035 et
3086 2979 3254 3035 Deum
3285 2979 3564 3046 timenws,
3595 2981 3677 3037 ie-

2102 3087 2221 3142 gem
2259 3071 2354 3128 Dei
2391 3072 2445 3126 in
2480 3071 2688 3127 duobus
2715 3071 3052 3128 testamentis
3083 3071 3438 3139 meditantes,
3467 3081 3522 3129 et
3545 3073 3683 3128 duo-

418 3171 566 3242 poris
613 3164 845 3221 Domini.
893 3161 1086 3216 Hircus
1107 3199 1123 3227 ,
1177 3157 1435 3214 lascivum
1485 3155 1686 3212 animal
1733 3166 1786 3210 et
1828 3151 1998 3224 petul~
2025 3159 2070 3222 ο
2100 3167 2203 3222 bus
2227 3165 2512 3238 pmpus
2544 3165 2824 3221 Chal-imis
2857 3181 2977 3221 eam
3009 3164 3392 3236 ammplam“,
3432 3167 3500 3221 ab
3529 3167 3676 3222 omni

419 3277 575 3329 cum,
614 3265 668 3312 et
707 3255 922 3312 fervens
963 3265 1176 3322 semper
1216 3249 1284 3305 ad
1311 3248 1510 3304 coitum
1533 3287 1548 3314 ,
1575 3245 1729 3316 cujus
1761 3245 1904 3302 oculi
1929 3245 1998 3302 ob

419 3352 696 3409 libidinem
736 3349 790 3402 in
833 3355 1199 3400 transversum
1243 3341 1511 3412 aspiciunt
1555 3356 1570 3394 :
1611 3339 1752 3394 unde
1793 3345 1849 3394 et
1895 3352 2022 3393 no-~

420 3462 544 3502 men
575 3442 756 3500 traxit.
781 3439 916 3494 Nam
942 3435 1123 3508 hirqui
1149 3443 1275 3490 sunt
1302 3432 1581 3489 oculorum
1608 3430 1786 3503 anguli
1809 3443 1999 3486 secun-

419 3541 544 3595 dum
576 3533 912 3597 Suetonium,
963 3527 1117 3598 cujus
1143 3533 1339 3584 natura
1373 3525 1507 3582 adeo
1535 3523 1864 3581 calidissima
1891 3530 1996 3589 est,

421 3638 477 3684 ut
506 3629 573 3684 ad
602 3629 941 3682 adamantem
980 3619 1210 3691 lapidem
1231 3658 1247 3684 ,
1275 3632 1436 3688 quem
1464 3629 1564 3671 nec
1602 3615 1738 3687 ignis
1768 3627 1870 3668 nec
1893 3611 1999 3668 fer-

419 3737 539 3778 rum
575 3720 794 3775 domare
820 3715 983 3778 valet,
1011 3711 1159 3769 solus
1186 3709 1345 3780 hujus
1367 3723 1530 3764 cruor
1554 3705 1827 3764 dissolvat.
1861 3701 1995 3758 Nam

417 3815 622 3878 hircus,
654 3808 744 3880 qui
771 3808 825 3863 in
851 3806 968 3876 lege
987 3817 1086 3874 pro
1109 3800 1348 3873 peccatis
1371 3797 1714 3862 offerebatur,
1741 3803 1994 3866 peccato-

417 3920 539 3960 rum
569 3899 802 3958 ostendit
827 3908 1134 3968 personam,
1162 3891 1254 3963 qui
1293 3889 1412 3946 fuso
1445 3887 1734 3960 sanguine,
1761 3887 1864 3942 hoc
1889 3890 1994 3949 est,

418 3989 749 4065 poenitentia:
806 3982 1060 4056 laerymis
1109 3979 1268 4037 solvit
1326 3978 1579 4035 duritiam
1627 3984 1991 4065 peccatorum.

420 4063 570 4143 Unde
597 4082 650 4138 in
675 4077 942 4134 Psalterio
963 4074 1030 4129 ad
1057 4072 1344 4128 Dominum
1373 4069 1504 4126 dicit
1529 4067 1771 4124 Ecclesia
1803 4084 1816 4122 :
1852 4063 1996 4136 Oie-

417 4193 530 4232 ram
563 4173 654 4228 tibi
682 4171 830 4227 boves
857 4183 976 4224 cum
1003 4165 1164 4220 hircis
1195 4159 1368 4236 (l’sal.
1403 4160 1551 4230 va).
1578 4159 1722 4215 llirci
1747 4165 1994 4230 peccato-

417 4285 505 4324 res
533 4268 648 4323 sive
676 4262 924 4336 gentiles,
957 4259 1010 4314 in
1041 4255 1262 4312 Daniele
1291 4272 1305 4308 :
1338 4250 1474 4308 Ecce
1501 4261 1676 4306 autem
1704 4251 1881 4305 hircus
1906 4267 1995 4303 ca-

414 4373 629 4430 prarum
654 4353 886 4410 veniebat
925 4351 989 4404 ab
1029 4346 1271 4422 aquilone
1305 4344 1468 4417 (Dan.
1501 4342 1644 4416 vin).
1687 4343 1802 4398 Duo
1835 4341 1989 4406 hirci,

415 4460 644 4520 uterque
665 4443 921 4518 populus,
950 4439 1258 4495 Iudaeorum
1295 4436 1501 4492 scilicet
1538 4444 1593 4490 et
1623 4435 1859 4508 gentium
1880 4475 1895 4500 ,
1924 4449 1989 4489 ex

415 4508 1208 4610 “adiice-peccativenientes
1255 4532 1308 4586 in
1357 4529 1617 4586 Levitieo.
1661 4529 1766 4583 Alii
1811 4508 2068 4584 auternD

415 4635 549 4686 duos
585 4629 793 4689 hircos,
833 4624 1108 4682 Christum
1145 4629 1202 4676 et
1236 4619 1562 4684 Barrabam,
1591 4617 1988 4673 intellexerunt.

417 4722 586 4778 Boves
609 4717 688 4788 (ut
709 4730 870 4785 supra
893 4709 1170 4782 diximus),
1197 4708 1569 4779 intelliguntur
1584 4706 1988 4776 praedicatores,

415 4813 504 4885 qui
535 4815 750 4881 pectora
781 4807 1012 4859 humana
1043 4799 1273 4855 feliciter
1301 4806 1588 4852 exarantes
1607 4836 1622 4860 ,
1649 4811 1834 4851 eorum
1862 4810 1989 4851 sen-

415 4907 564 4960 sibus
608 4895 847 4956 cmlestis
899 4893 1050 4948 verbi
1095 4889 1299 4946 semina
1353 4888 1624 4943 fructuosa
1665 4885 1987 4942 condebant.

415 4993 561 5052 Hirci
597 5005 725 5047 vero
755 4985 1156 5056 intelliguntur,
1194 4979 1286 5052 qui
1319 4977 1597 5034 diabolieis
1637 4977 1993 5048 pravitatibus

414 5088 690 5144 studentes
709 5123 726 5149 ,
759 5079 985 5150 hispidis
1009 5077 1154 5132 vitiis
1182 5073 1502 5128 vestiuntur.
1527 5071 1722 5128 llircus
1745 5071 1890 5127 enim
1913 5069 1995 5125 di-

415 5189 532 5234 ctus
565 5184 676 5240 est,
709 5172 864 5244 quasi
903 5171 1173 5230 hirsutus;
1216 5167 1308 5222 sed
1349 5175 1405 5221 et
1433 5179 1526 5221 eos
1551 5180 1676 5221 eum
1714 5163 1890 5220 bubus
1913 5159 1994 5216 ol-

417 5270 510 5323 Γρνι
549 5266 808 5326 Ecclesia,
841 5262 1058 5332 quando
1089 5257 1332 5315 conversi
1361 5255 1578 5313 Christo
1607 5255 1833 5310 Domino
1860 5268 1991 5308 con-

416 5364 648 5414 fitentur.
686 5355 878 5410 Hircus
905 5353 1047 5408 enim
1081 5349 1181 5405 fuit
1209 5349 1347 5405 latro
1376 5348 1482 5412 ille,
1519 5348 1609 5418 qui
1643 5345 1912 5418 pendebat
1938 5343 1992 5397 in

416 5465 592 5508 cruce,
619 5457 673 5501 et
697 5461 818 5499 mox
847 5444 1021 5497 factus
1043 5449 1126 5496 est
1146 5441 1262 5504 bos,
1282 5438 1492 5508 quando
1513 5437 1579 5491 ad
1603 5434 1992 5492 confessionem

419 5538 662 5590 veritatis
703 5535 995 5604 respiciens
1031 5530 1293 5600 pervenit.
1343 5528 1488 5582 Dixit
1521 5527 1702 5581 enim:
1736 5524 1993 5578 Memento

417 5632 536 5691 mei,
559 5629 792 5684 Domine,
810 5643 923 5678 cum
950 5627 1144 5678 veneris
1171 5625 1222 5675 in
1250 5637 1460 5690 regnum
1486 5629 1630 5673 tuum
1647 5617 1796 5678 (Luc.
1814 5615 1990 5683 XXIII).

419 5722 620 5789 (larros
645 5727 697 5774 et
725 5731 914 5786 capras
943 5731 970 5768 a
1000 5713 1282 5782 carpetnlis
1317 5713 1561 5781 virgultis
1591 5711 1810 5780 quidam
1839 5711 1992 5763 dixe-

2098 3257 2425 3314 adversitate
2451 3257 2603 3313 illmsi
2626 3257 3020 3313 custodiuntur.
3040 3255 3185 3311 Grex
3209 3255 3520 3328 intelligitur
3543 3255 3680 3312 ﬁde-

2097 3348 2228 3404 lium
2257 3347 2640 3419 congregatio,
2682 3355 2916 3403 veterem
2961 3347 3426 3402 conversationem
3478 3347 3530 3401 in
3578 3347 3679 3402 ba-

2093 3439 2294 3510 ptismo
2329 3437 2667 3506 relinquens,
2709 3444 2770 3491 ut
2809 3447 2894 3493 est
2930 3435 3060 3490 illud
3097 3435 3153 3489 in
3181 3433 3404 3490 Cantico
3426 3435 3674 3491 cantico—

2097 3543 2215 3584 rum
2248 3546 2262 3582 :
2285 3527 2475 3583 Dentes
2501 3526 2579 3580 tui
2603 3527 2738 3581 sicut
2763 3541 2940 3597 greges
2964 3535 3259 3590 tonsarum,
3287 3541 3405 3597 qua:
3430 3527 3678 3580 ascende-

2097 3627 2219 3672 runt
2255 3617 2320 3672 de
2357 3617 2564 3672 lavacro
2601 3615 2822 3688 (Ibid.).
2867 3615 2999 3670 Item
3041 3629 3172 3687 grex
3209 3623 3293 3670 est
3331 3625 3676 3686 peccatorum

2095 3711 2362 3770 collectio.
2389 3712 2448 3767 In
2476 3711 2711 3768 Ieremia
2741 3731 2755 3766 :
2785 3710 3054 3784 Coagrega
3077 3729 3165 3767 eos
3189 3714 3340 3783 quasi
3373 3729 3576 3783 gregem
3605 3715 3675 3768 ad

2095 3803 2353 3857 uictimam
2385 3801 2519 3874 (λετ.
2551 3802 2672 3875 xu).
2713 3801 2870 3858 Cervi
2903 3802 3031 3858 dicti
3058 3817 3163 3873 apo
3204 3813 3294 3858 ton
3323 3813 3542 3859 ceraton
3562 3843 3579 3869 ,
3620 3805 3675 3859 id

2095 3897 2211 3955 est,
2252 3905 2284 3946 a
2323 3890 2598 3948 cornibus.
2629 3889 2823 3947 Cerata
2858 3891 3004 3946 enim
3033 3891 3220 3948 Grtece
3254 3907 3456 3948 cornua
3482 3893 3672 3948 dicun-

2094 3989 2202 4037 tur.
2243 3981 2310 4038 lli
2339 3982 2483 4038 enim
2519 3992 2828 4054 serpentum
2867 3983 3068 4039 inimici
3105 3998 3228 4038 cum
3265 3970 3388 4040 sese
3420 3993 3674 4055 gravatos

2095 4071 2407 4129 inﬁrmitate
2445 4073 2829 4144 persenseriut,
2877 4073 3068 4142 spiritu
3106 4073 3319 4128 narium
3359 4088 3454 4129 eos
3493 4083 3676 4128 extra-

2095 4162 2229 4217 hunt
2257 4161 2324 4218 de
2349 4162 2628 4227 cavernis,
2657 4167 2742 4226 et,
2772 4169 3023 4232 superata
3050 4162 3289 4231 pernicie
3321 4162 3514 4218 veneni
3533 4201 3548 4226 ,
3575 4178 3672 4217 eo-

2095 4267 2212 4308 rum
2237 4252 2431 4324 pabulo
2455 4259 2791 4322 reparantur.
2815 4251 3155 4306 Dictamnum
3183 4251 3404 4306 herbam
3425 4252 3525 4322 ipsi
3553 4267 3674 4322 pro-

2093 4343 2363 4397 diderunt.
2399 4339 2534 4396 Nam
2564 4356 2630 4396 eo
2658 4341 2801 4410 pasti
2838 4340 3118 4396 excutiunt
3149 4349 3399 4409 acceptas
3425 4341 3668 4409 sagittas.

2095 4430 2358 4488 Mirantur
2383 4440 2565 4486 autem
2591 4431 2809 4486 sibilum
2839 4429 3137 4484 ﬁstularum
3164 4448 3176 4484 :
3202 4429 3428 4484 arrectis
3450 4429 3674 4484 auribus

2095 4535 2251 4584 acute
2274 4527 2520 4592 audiunt,
2541 4524 2822 4582 submissis
2851 4523 2946 4579 nil.
2971 4522 3026 4578 Si
3053 4522 3268 4593 quando
3287 4522 3550 4578 immensa
3573 4520 3674 4576 flu-

2095 4617 2242 4673 mina
2265 4617 2352 4673 vel
2377 4615 2546 4672 maria
2576 4621 2950 4680 transnatant,
2989 4613 3167 4683 capita
3200 4612 3446 4668 clunibus
3472 4626 3673 4682 ιιι-ωσι·-

2094 4707 2336 4764 dentium
2366 4707 2667 4777 imponunt,
2687 4705 2898 4774 sibique
2926 4703 3153 4759 invicem
3178 4702 3526 4760 succedentes
3554 4703 3672 4756 nul-

2095 4798 2208 4855 lum
2233 4798 2474 4854 laborem
2503 4796 2741 4852 sentiunt
2763 4795 3038 4865 ponderis.
3063 4794 3266 4851 Cervus
3291 4795 3436 4848 enim
3456 4801 3672 4848 sanctos

2097 4889 2242 4946 viros
2269 4885 2552 4960 signiﬁcat,
2603 4885 2771 4940 Deum
2802 4885 3190 4941 desiderantes.
3225 4882 3376 4939 Unde
3403 4883 3672 4953 Propheta

2096 4981 2216 5036 ait:
2261 4977 2408 5034 Sicut
2443 4992 2622 5031 cervus
2661 4975 2918 5028 desiderat
2958 4975 3028 5029 ad
3069 4974 3234 5042 fontes
3275 4989 3562 5044 aquarum,
3595 4974 3673 5028 ita

2093 5071 2356 5128 desiderat
2394 5070 2572 5122 animo
2612 5085 2728 5122 mea
2767 5067 2835 5120 ad
2876 5066 3140 5131 te,'Deus
3176 5065 3356 5138 (Psal.
3393 5066 3537 5138 xu).
3577 5066 3674 5122 Est

2092 5162 2236 5219 enim
2266 5160 2394 5216 illud
2422 5158 2620 5214 animal
2651 5159 2826 5228 primo
2865 5157 3175 5222 innoxium,
3208 5157 3403 5212 deinde
3446 5157 3673 5214 velocis-

2094 5250 2289 5308 simum
2317 5290 2334 5316 ,
2383 5248 2542 5304 tertio
2584 5246 2850 5302 desiderio
2897 5246 3270 5300 inardescente
3315 5245 3672 5302 siticulosum.

2096 5341 2386 5411 Serpentes
2411 5338 2632 5394 naribus
2663 5337 2828 5392 trahit
2857 5354 2868 5389 :
2900 5351 3034 5405 quos
3060 5346 3118 5391 ut
3145 5337 3438 5402 voraverit,
3468 5349 3678 5390 veneno

2099 5441 2360 5489 mstuante
2386 5437 2661 5502 permotus
2695 5427 2762 5482 ad
2787 5425 2988 5482 fontem
3022 5441 3314 5496 aquarum,
3346 5433 3546 5496 quanta
3573 5441 3670 5496 po-

2101 5534 2207 5580 test
2236 5523 2552 5585 velocitate,
2585 5519 2823 5575 festinat.
2863 5517 3022 5572 Amat
3048 5519 3189 5573 enim
3227 5533 3368 5589 aqua
3407 5517 3548 5573 dulci
3575 5533 3678 5588 pu-

2099 5616 2419 5684 rissimaque
2439 5612 2644 5668 satiari.
2671 5609 2838 5679 Hujus
2863 5610 3056 5665 decora
3081 5611 3410 5680 comparatio
3433 5616 3682 5666 nostrum

2099 5707 2422 5764 desiderium
2452 5705 2702 5759 ardenter
2733 5704 2972 5774 instigat,
3025 5712 3084 5756 ut
3109 5704 3320 5771 quando
3349 5715 3553 5759 venena
3581 5716 3678 5756 an-
