4072 6198
407 238 517 296 295

1385 239 1470 294 DE
1513 237 1856 294 UNIVERSO
1896 234 2075 289 LIBRI
2113 233 2273 288 XXII.
2314 263 2382 272 —-
2422 233 2548 287 LII}.
2596 231 2706 287 VII.

3564 228 3673 287 εεισ

410 358 547 428 tiqui
574 356 844 427 serpentis
872 354 1149 410 haurimus
1168 394 1181 417 ,
1211 362 1265 408 et
1304 351 1356 407 in
1387 351 1593 406 intimis
1621 349 1862 405 faucibus
1892 362 1994 402 ωε-
2027 351 2071 408 Α
2102 344 2287 398 uacius
2317 359 2463 406 vero,
2492 358 2649 411 quem
2677 356 2932 396 vocamus
2963 340 3208 405 ericium,
3233 341 3433 397 animal
3459 344 3682 399 omnino

408 457 628 501 nmmos
646 487 661 511 ,
690 446 758 500 ad
792 445 995 500 fontem
1032 444 1224 500 divina:
1252 442 1634 498 misericordia:
1662 440 1803 495 illico
1832 438 1987 494 festi-

409 552 635 601 nemus;
666 547 934 608 quatenus
958 535 1102 606 quod
1126 534 1335 606 peccati
1364 533 1688 588 adversitate
1722 528 1994 585 contrahi—

409 640 516 686 tur.
549 628 846 683 dulcissimi
879 628 1105 684 haustus
1129 627 1363 701 puritate
1387 626 1657 681 vincatur.
1699 623 1812 679 Nec
1836 628 1996 677 vacat

409 723 586 790 quod,
619 720 690 774 ad
724 720 894 790 fontes
934 736 1223 791 aquarum,
1251 717 1419 782 dixit,
1457 734 1596 782 non,
1636 734 1821 788 aquas.
1851 715 1996 769 I-‘ons

408 812 555 866 enim
598 826 860 881 aquarum
900 809 1146 865 Christus
1174 817 1259 865 est
1294 808 1556 863 Dominus
1580 848 1595 873 ,
1636 808 1778 861 unde
1813 806 1995 861 omnia

410 901 587 957 ﬂuunt
623 915 958 971 quaecunque
993 899 1261 955 reﬁciunt.
1316 899 1540 953 Fluenta
1578 898 1722 952 enim
1764 896 1998 967 plerum-

409 1009 519 1064 que
553 993 747 1048 siccari
789 1001 1017 1064 possunt
1058 1010 1070 1046 :
1115 991 1235 1047 fons
1273 1001 1453 1046 autem
1494 1005 1756 1060 aquarum
1786 1003 2007 1058 semper

411 1086 651 1157 irriguus
687 1093 791 1140 est.
832 1084 984 1141 Unde
1022 1084 1217 1139 merito
1254 1084 1458 1139 dictum
1489 1091 1603 1148 est,
1636 1083 1704 1137 ad
1735 1081 1999 1152 liquorem

410 1192 586 1232 sacra:
608 1175 834 1247 originis
858 1175 1216 1231 festinandum
1247 1192 1262 1229 :
1291 1173 1381 1229 ubi
1410 1172 1734 1229 desiderium
1758 1182 1999 1226 nostrum

410 1283 693 1339 nunquam
712 1268 915 1323 habere
940 1267 1110 1339 possit
1126 1267 1409 1339 jejunium.
1430 1266 1565 1321 Item
1588 1266 1712 1321 alibi
1740 1266 1999 1335 scriptum

412 1369 501 1416 est
530 1377 545 1414 :
577 1359 784 1414 Hontes
820 1359 1008 1414 excelsi
1045 1360 1211 1414 cervis
1248 1357 1429 1431 (Psal.
1466 1357 1619 1431 cm).
1663 1358 1796 1414 Item
1832 1357 1998 1423 cervi,

416 1452 760 1523 patriarchas.
790 1451 946 1508 Unde
976 1452 1029 1507 in
1054 1450 1291 1508 Canticis
1321 1451 1654 1508 canticorum
1686 1468 1781 1521 pro
1818 1450 2005 1505 Salva-

417 1553 570 1610 tore,
596 1543 686 1614 qui
720 1557 790 1598 ex
832 1558 1020 1615 eorum
1059 1543 1225 1615 stirpe
1261 1541 1553 1598 secundum
1595 1557 1812 1597 carnem
1847 1550 2004 1596 natus

416 1643 534 1699 est,
571 1634 771 1689 dicitur
802 1651 817 1687 :
854 1632 1038 1704 Fuge,
1074 1632 1261 1689 dilecte
1301 1635 1373 1687 mi
1394 1675 1408 1700 ,
1450 1634 1744 1688 assimilare
1779 1650 1999 1705 copreas,

2095 434 2360 497 timidum,
2391 442 2581 487 natura
2603 432 2917 501 providente
2948 447 3162 502 semper
3190 442 3455 489 armatum
3490 454 3501 488 :
3528 437 3681 508 cujus

2093 533 2270 580 cutem
2296 524 2522 578 inticem
2544 531 2780 577 setarum
2801 522 2961 578 sudes
2978 522 3303 578 acutissima:
3324 525 3684 582 densissima--

2095 635 2200 690 que
2226 619 2595 674 communiunt
2620 634 2635 682 ;
2666 618 2754 673 cui
2784 624 2963 672 tamen
2993 631 3102 671 non
3125 615 3319 671 suliicit
3343 618 3520 673 nativa
3561 637 3683 675 tuu-

2098 710 2232 765 uitio
2266 729 2277 763 :
2310 710 2428 775 sed,
2461 724 2528 764 ne
2569 708 2749 779 aliqua
2793 706 2977 761 fraude
3024 707 3194 778 possit
3244 708 3511 779 intercipi,
3546 711 3688 765 refu-

2098 800 2243 868 gium
2272 799 2437 854 habet
2465 811 2679 866 semper
2706 796 2760 849 in
2796 795 2960 850 saxis.
2987 795 3122 850 Huic
3144 804 3510 865 competenter
3537 806 3689 868 apta-

2100 901 2209 955 tur,
2242 890 2333 959 qui
2360 891 2598 957 peccatis
2628 886 2739 941 suis
2756 887 2995 957 hispidus
3011 886 3190 941 futura
3218 887 3420 957 judicia
3444 897 3688 945 metuens

2098 994 2308 1052 petram
2335 980 2608 1034 Christum
2650 979 3019 1032 ﬁrmissimum
3046 978 3288 1033 noscitur
3317 980 3517 1035 habere
3544 980 3688 1036 refu-

2102 1073 2267 1144 gium.
2297 1070 2402 1125 Sus
2429 1071 2592 1135 dicta,
2626 1069 2767 1139 quod
2797 1083 2997 1139 pascua
3036 1068 3286 1140 subigat:
3315 1069 3366 1123 id
3391 1076 3491 1133 est,
3543 1078 3687 1125 terra

2102 1162 2323 1219 subacta
2346 1176 2504 1216 escas
2535 1161 2788 1229 inquirat.
2822 1160 3017 1215 Verres
3042 1175 3127 1226 eo,
3155 1161 3296 1230 quod
3322 1162 3554 1232 grandes
3595 1162 3691 1217 ha-

2101 1251 2229 1307 beat
2257 1251 2419 1305 vires.
2455 1248 2677 1314 Porcus,
2705 1250 2861 1320 quasi
2906 1265 3162 1320 spurcus;
3212 1250 3507 1323 ingurgitat
3547 1252 3692 1307 enim

2103 1357 2162 1397 se
2187 1357 2371 1407 emno;
2416 1340 2529 1397 luto
2564 1340 2862 1412 immergit;
2908 1340 3035 1396 limo
3076 1341 3251 1396 illiuit.
3307 1339 3592 1399 Horatius:
3622 1342 3692 1397 Et

2104 1432 2273 1485 amica
2298 1430 2407 1485 luto
2432 1447 2545 1486 sus.
2600 1428 2737 1485 Hinc
2781 1431 2945 1485 etiam
2994 1430 3308 1501 spurcitiam
3352 1432 3435 1488 vel
3482 1432 3695 1502 spurius

2107 1535 2497 1591 nuncupamus.
2526 1517 2823 1575 Porcorum
2851 1517 2989 1590 pilos
3031 1528 3177 1576 setas
3227 1535 3512 1587 vocamus;
3551 1530 3697 1577 setas

2106 1628 2136 1666 a
2165 1628 2259 1667 suc
2289 1612 2483 1678 dictas,
2509 1627 2537 1665 a
2566 1612 2762 1683 quibus
2791 1620 2846 1666 et
2879 1621 3094 1668 sutores
3126 1620 3407 1679 vocantur,
3436 1614 3578 1682 quod
3626 1628 3695 1667 ex

417 1724 740 1795 hinnuloque
764 1702 1034 1779 cervorum
1071 1722 1258 1798 (Cant.
1301 1722 1396 1797 ιι).
1442 1724 1634 1781 Cervi.
1665 1702 1911 1795 apostoli.
1945 1725 2000 1778 ln

2114 1704 2234 1759 setis
2260 1712 2436 1768 suant,
2469 1703 2520 1757 id
2550 1711 2656 1767 est,
2678 1712 2942 1758 consuant
2965 1702 3149 1773 pelles.
3200 1703 3339 1759 Sues
3382 1712 3697 1775 peccatores

419 1814 682 1869 Psalterio
729 1832 743 1868 :
806 1811 921 1869 Vox
959 1816 1307 1885 prteparantis
1342 1830 1514 1868 cervos
1560 1810 1742 1886 (Psal.
1776 1812 2000 1885 xxvnt).

421 1905 592 1959 Cerva
618 1912 701 1961 est
729 1920 858 1961 caro
886 1904 1117 1960 Domini.
1147 1904 1204 1958 In
1242 1902 1531 1959 Salomone
1557 1923 1570 1958 :
1603 1901 1767 1959 Cerva
1799 1903 1999 1957 charis-

420 1997 557 2049 sima
600 2003 650 2050 et
690 1995 1020 2066 gratissimus
1060 1992 1339 2058 hinnulus,
1380 1993 1539 2047 ubera
1576 1993 1691 2063 ejus
1727 1992 1927 2046 ebriam
1957 2000 2006 2045 te

425 2083 611 2156 (Prov.
642 2086 730 2153 v),
756 2085 815 2140 id
854 2092 972 2150 est,
1006 2083 1311 2155 evangelica
1343 2083 1611 2138 doctrina.
1638 2082 1844 2147 Cervze,
1874 2097 2005 2152 apo-

425 2179 547 2234 stoli
587 2178 657 2234 ab
695 2179 829 2246 hoc,
869 2177 1013 2249 quod
1050 2177 1365 2247 spiritaliter
1399 2175 1726 2247 parturiunt.
1767 2175 1824 2228 In
1859 2172 1959 2229 Job
1989 2191 2002 2225 :

429 2267 685 2339 Nunquid
722 2268 860 2323 nosti
903 2276 1105 2337 tempus
1141 2275 1325 2337 partus
1361 2266 1592 2331 'ibicum,
1634 2264 1710 2320 vel
1748 2263 2009 2335 parientes

426 2374 604 2412 muas
629 2357 951 2412 observasti?
979 2355 1133 2429 (Job.
1161 2353 1375 2428 χχχιι.)
1413 2354 1617 2411 Cervus
1646 2361 1729 2408 est
1759 2356 1849 2424 (ut
1874 2350 2011 2405 dixi-

429 2447 581 2521 mus)
609 2462 1004 2502 venenosarum
1030 2447 1365 2517 serpentium
1384 2460 1578 2511 vorax,
1603 2443 1817 2515 spinosa
1843 2450 2013 2497 trans-

429 2537 668 2592 cendens
694 2546 749 2591 et
780 2551 989 2591 summa
1018 2536 1260 2607 agilitate
1291 2535 1577 2606 praeditus,
1611 2533 1857 2589 habitare
1887 2530 2009 2587 dili-

430 2629 510 2698 git
538 2627 589 2680 in
626 2627 900 2682 montibus
926 2626 1223 2682 altissimis.
1252 2624 1392 2680 Huic
1419 2625 1612 2679 merito
1633 2630 2015 2692 comparantur

433 2719 643 2783 ﬁdeles,
670 2718 763 2788 qui
797 2717 1070 2773 diabolum
1100 2726 1295 2772 vorant
1320 2759 1335 2783 ,
1360 2717 1575 2787 quando
1603 2715 1870 2785 nequi1ias
1899 2714 2015 2785 ejus

434 2811 501 2863 ad
549 2810 761 2864 Domini
810 2810 1020 2865 Iaudem
1071 2809 1406 2879 gloriamque
1448 2815 1804 2873 convertunt;
1853 2807 2015 2861 vitia-

435 2914 541 2968 que
575 2900 734 2970 hujus
774 2898 957 2954 surculi
1000 2899 1155 2970 quasi
1199 2899 1384 2969 spinas
1428 2899 1564 2953 bona
1609 2898 2016 2954 conversatione

439 2985 750 3041 transiliunt
779 3005 792 3039 :
822 2995 878 3042 et
905 2988 1152 3043 habitant
1177 2988 1231 3042 in
1259 2987 1553 3053 montibus,
1578 2987 1629 3041 id
1658 2999 1758 3051 est,
1798 2994 2016 3059 aposto-

2109 1794 2440 1866 signiﬁcaut,
2473 1805 2523 1849 et
2552 1794 2857 1850 immundos
2887 1793 2971 1849 vel
3000 1795 3300 1862 haereticos,
3332 1795 3397 1851 de
3426 1796 3695 1866 quibusin

2105 1885 2222 1957 lege
2246 1886 2572 1957 prascipitur,
2606 1885 2675 1940 ob
2703 1886 2826 1951 hoc,
2873 1886 3014 1955 quod
3053 1886 3306 1958 ungulam
3359 1886 3589 1953 ﬁndunt,
3642 1898 3699 1945 et

2107 1992 2213 2031 non
2242 1976 2535 2040 ruminant,
2568 1990 2633 2029 ne
2656 1991 2684 2029 a
2719 1974 2964 2030 ﬁdelibus
3008 1990 3201 2031 carnes
3248 1992 3436 2032 eorum
3487 1977 3696 2032 contin-

2106 2076 2317 2134 gantur.
2342 2066 2406 2121 Hi
2424 2065 2549 2121 licet
2571 2073 2852 2135 utrumque
2869 2073 3247 2120 testamentum
3264 2065 3422 2138 Legis
3442 2075 3495 2122 et
3517 2066 3693 2122 Evan-

2107 2160 2230 2231 gelii
2258 2158 2572 2228 suscipiant,
2605 2158 2697 2212 sed
2728 2157 2848 2228 quia
2874 2156 3168 2227 spiritalem
3191 2156 3371 2211 cibum
3392 2172 3496 2212 non
3529 2158 3697 2213 rumi-

2109 2259 2260 2316 nant,
2294 2249 2554 2304 immundi
2584 2257 2727 2304 sunt.
2760 2248 2891 2303 Item
2916 2263 3040 2304 sues
3063 2247 3392 2319 pmnitentes
3422 2247 3697 2320 negligen-

2110 2350 2211 2403 tes,
2236 2349 2290 2396 et
2319 2340 2384 2395 ad
2419 2355 2503 2404 ea,
2543 2355 2661 2411 quas
2690 2338 2966 2407 ﬂeverunt,
2994 2347 3327 2396 revertentes
3350 2339 3692 2412 significant:

2110 2432 2251 2489 sicut
2277 2429 2468 2486 Petrus
2496 2431 2548 2485 in
2578 2430 2817 2501 Epistola
2852 2445 2946 2485 sua
2992 2430 3069 2484 ait
3097 2448 3109 2483 :
3135 2428 3292 2485 Canis
3340 2447 3572 2486 reversus
3624 2433 3695 2486 all

2111 2520 2354 2577 vomitum
2376 2535 2552 2585 suum,
2574 2528 2621 2573 et
2643 2535 2733 2573 sus
2758 2517 2863 2572 lota
2892 2518 2946 2573 iu
2976 2517 3247 2573 volutabra
3282 2517 3382 2573 luti
3423 2517 3518 2592 (Il
3549 2517 3697 2575 Petr.

2112 2608 2208 2682 ιι).
2248 2607 2412 2665 Canis
2438 2624 2567 2680 ergo
2597 2623 2718 2664 cum
2749 2608 2938 2675 vomit,
2968 2606 3209 2679 profecto
3236 2609 3437 2676 cibum,
3465 2610 3558 2680 qui
3604 2625 3699 2681 pc-

2113 2710 2237 2758 ctus
2261 2700 2621 2771 deprimebat,
2652 2699 2899 2771 projicit;
2934 2700 3028 2755 sed
3052 2716 3175 2755 cum
3205 2702 3272 2757 ad
3298 2701 3558 2757 vomitutn
3616 2719 3702 2759 re-

2115 2794 2358 2855 ver;itur,
2386 2792 2527 2846 unde
2559 2792 2820 2863 levigatus
2849 2791 3045 2857 fuerat,
3072 2807 3264 2848 rursus
3288 2801 3561 2849 oneratur.
3607 2793 3700 2851 Sic

2116 2886 2206 2955 qui
2238 2884 2470 2939 admissa
2499 2884 2780 2954 plangunt,
2804 2882 3044 2952 profecto
3073 2884 3269 2943 mentis
3295 2886 3610 2956 nequitiam,
3634 2888 3702 2943 de

2116 2989 2222 3045 qua
2251 2972 2391 3027 male
2417 2972 2643 3027 saturati
2668 2970 2905 3037 fuerant,
2947 2987 3066 3042 qua:
3111 2987 3203 3028 eos
3249 2974 3395 3029 intus
3437 2974 3704 3045 deprime-

439 3080 503 3134 lis
522 3090 577 3135 et
595 3081 895 3151 prophetis,
909 3080 998 3151 qui
1020 3080 1221 3136 sanctis
1239 3079 1709 3152 praedicationibus
1723 3081 1834 3136 suis
1848 3081 1900 3136 in
1912 3080 2015 3135 hoc
2043 3060 2089 3123 (ἶ
2117 3066 2229 3131 bal:
2255 3064 2547 3135 Ρΐοὶίθίηηι
2586 3063 2922 3131 conﬁtendo;
2956 3080 3118 3136 quam
3147 3074 3266 3135 Ροει
3286 3064 3702 3131 οοηῖθεεὶοηθιη,

439 3172 641 3226 mundo
668 3171 837 3226 solida
863 3173 1145 3227 cacumina
1181 3187 1303 3227 esse
1330 3179 1663 3229 meruerunt.
1697 3172 2018 3244 Tragelaphi
2121 3161 2246 3216 dum
2279 3167 2550 3232 repetunt.
2587 3168 2885 3216 Tesumuul-
2927 3158 3030 3215 Sus
3058 3158 3164 3215 iuta
3188 3160 3241 3214 iu
3266 3159 3547 3216 V01utabl‘0
3581 3160 3703 3224 luti.

439 3277 468 3314 ο
497 3260 702 3316 Graecis
725 3263 876 3329 dicti,
909 3264 1000 3333 qui
1027 3265 1153 3318 dum
1173 3264 1363 3319 eadem
1392 3264 1572 3334 specie
1595 3264 1733 3330 sim,
1763 3272 1822 3318 ιιι
1850 3264 2019 3331 cervi,
2121 3252 2248 3307 dum
2292 3251 2525 3318 lavatur,
2577 3250 2845 3307 sordidior
2890 3250 3169 3305 redditur:
3195 3257 3252 3305 et
3287 3250 3380 3321 qui
3414 3251 3706 3307 admissum

440 3352 658 3407 villosas
687 3361 867 3407 tamen
893 3353 1094 3408 habent
1121 3367 1323 3417 armos,
1344 3360 1406 3407 ut
1422 3353 1583 3419 hirci,
1607 3362 1664 3408 ει
1689 3362 1869 3408 menta
1893 3368 2019 3423 ρι-ο-
2118 3342 2346 3414 plangit,
2372 3358 2472 3397 nec
2495 3350 2673 3397 tamen
2707 3341 2927 3407 deserit,
2959 3340 3191 3413 graviori
3216 3341 3383 3413 culpa:
3396 3356 3453 3399 se
3468 3340 3702 3412 subjicit,

442 3440 569 3495 lixis
598 3441 806 3496 hirsuta
830 3440 1044 3505 barbis,
1079 3441 1170 3511 qui
1216 3456 1322 3495 non
1364 3439 1491 3495 alibi
1523 3449 1646 3496 sunt
1681 3456 1841 3511 quam
1876 3441 2020 3497 circa
2122 3434 2214 3505 qui
2245 3440 2300 3488 et
2333 3433 2503 3504 ipsum
2535 3432 2745 3488 veniam
2773 3432 3088 3497 contemnit.
3129 3447 3291 3502 quam
3320 3431 3494 3489 ﬂendo
3534 3432 3706 3503 impe-

444 3530 714 3585 Fasidem.
751 3529 972 3585 Hinnuli
994 3529 1089 3584 lilii
1112 3538 1239 3585 sunt
1265 3543 1568 3585 cervorum.
1610 3527 1835 3584 Damula
1864 3543 2025 3583 voca-
2125 3535 2270 3582 trare
2298 3526 2501 3597 potuit;
2533 3534 2589 3582 et
2612 3524 2765 3595 quasi
2794 3525 2847 3579 in
2878 3524 3051 3580 lutosa
3078 3539 3215 3595 aqua
3246 3525 3592 3594 semetipsum
3631 3524 3707 3578 in-

445 3628 523 3682 ta,
546 3618 689 3688 quod
714 3620 781 3674 de
811 3633 973 3674 manu
996 3617 1187 3691 fugiat,
1213 3618 1458 3673 timidum
1485 3617 1686 3673 animal
1708 3625 1763 3673 et
1790 3617 2017 3675 imbelle.

448 3710 523 3765 De
549 3725 658 3779 quo
678 3709 942 3766 Martialis
976 3727 993 3765 :

571 3799 736 3864 Dente
771 3803 975 3864 timetur
996 3814 1119 3864 sper
1146 3800 1454 3864 :defendunt
1470 3813 1651 3851 cornua
1671 3813 1871 3864 cervum
1898 3812 1913 3850 :

635 3859 871 3912 Imbelles
891 3859 1044 3913 clama?
1074 3863 1189 3926 quid
1212 3899 1228 3925 ,
1254 3864 1346 3914 nisi
1372 3865 1549 3927 prada,
1569 3876 1737 3913 sumus
1753 3863 1778 3912 τ

2123 3617 2306 3681 volvit,
2337 3617 2461 3687 quia
2492 3617 2615 3671 dum
2643 3615 2757 3671 suis
2788 3614 3042 3686 lacrymis
3068 3616 3191 3669 vitae
3234 3615 3549 3671 munditiam
3582 3614 3709 3669 sub-

2126 3706 2310 3771 trahit,
2341 3715 2464 3761 ante
2495 3705 2586 3759 Dei
2616 3705 2801 3759 oculos
2847 3704 3093 3760 sordidas
3141 3704 3283 3774 ipsas
3323 3704 3586 3775 lacrymas
3637 3702 3713 3757 fa-

2124 3797 2219 3854 cit.
2261 3796 2392 3852 Item
2431 3796 2601 3867 porci,
2630 3796 2876 3851 homines
2917 3795 3175 3851 immundi
3217 3804 3379 3866 atque
3429 3795 3709 3851 luxuriosi.

2125 3890 2185 3946 In
2212 3888 2540 3959 Evangelio:
2574 3886 2632 3942 Si
2656 3886 2801 3957 ejicis
2830 3902 2946 3952 nos,
2974 3886 3119 3942 mitte
3158 3887 3214 3941 in
3262 3901 3446 3956 porcos
3495 3884 3711 3957 (Matth.

525 3966 645 4021 Ilaec
669 3979 883 4037 quoque
909 3965 1164 4022 animalia
1187 3974 1282 4023 aut
1315 3967 1585 4024 Christum
1608 3968 1724 4023 sive
1765 3966 2011 4023 innocen-

2126 3979 2274 4053 vnl).
2307 3979 2437 4034 Item
2466 3978 2538 4033 ibi
2567 3994 2579 4030 :
2613 3976 2695 4031 Ne
2728 3977 2943 4031 mittatis
2985 3977 3300 4046 margaritas
3348 3984 3545 4030 vestras
3591 3986 3712 4029 ante

451 4059 1128 4131 teshominessiguiticant.
1152 4060 1292 4117 Hinc
1308 4076 1523 4132 quoque
1540 4075 1737 4131 sponsa
1751 4060 2029 4130 desponso
2128 4086 2311 4140 porcos
2344 4066 2556 4140 (Matth.
2593 4065 2724 4135 vn).
2766 4065 2970 4119 Porcus
3008 4063 3261 4120 similiter
3303 4064 3565 4119 immundi
3600 4065 3709 4134 spi-

452 4155 505 4204 in
526 4151 749 4206 Calttico
777 4152 1112 4206 canticorum
1139 4152 1216 4207 ait
1242 4166 1258 4205 3
1291 4150 1488 4207 Similis
1516 4161 1595 4206 es!
1629 4150 1848 4205 άίιεοιιιε
1884 4165 2029 4204 υκαι
2130 4161 2285 4215 ritus.
2315 4159 2371 4214 In
2402 4156 2728 4228 Evangelio:
2759 4155 2825 4210 Et
2864 4157 3003 4209 misit
3035 4154 3182 4209 illum
3226 4156 3279 4209 in
3310 4155 3485 4210 uillam
3526 4172 3676 4211 suam
3695 4199 3712 4225 ,

450 4244 682 4299 άιωηιιιω
732 4242 1053 4315 hinnulqu
1099 4260 1370 4301 ceruorum
1418 4242 1603 4318 (Cant.
1629 4246 1719 4316 ιι).
1779 4242 2032 4299 Christus
2130 4261 2186 4307 ut
2213 4260 2443 4322 pasceret
2464 4264 2649 4320 porcos
2692 4245 2854 4317 (Luc.
2892 4245 3011 4319 xv).
3067 4245 3273 4303 Porcus
3316 4246 3565 4322 similiter
3614 4248 3713 4304 iut-

452 4338 616 4406 igitur
645 4336 701 4390 in
727 4334 1093 4405 assumptione
1117 4336 1300 4391 carnis
1319 4344 1375 4390 et
1408 4335 1711 4390 humilitate
1732 4334 1904 4389 (inulte
1946 4348 2032 4389 as-
2133 4320 2362 4398 mundos
2389 4338 2656 4411 signiﬁcat
2676 4348 2730 4393 et
2752 4345 3092 4410 peccatores:
3125 4336 3192 4393 de
3216 4338 3478 4408 quibusin
3502 4320 3711 4409 psalmo

451 4427 721 4482 siutilatur
747 4444 761 4480 :
785 4426 841 4480 in
866 4426 1129 4485 varietate
1158 4441 1286 4483 vero
1310 4427 1570 4482 Virtutum
1619 4435 1676 4482 et
1723 4425 2030 4481 innocentia
2056 4413 2108 4472 Β
2133 4431 2391 4503 scriptum
2414 4436 2499 4485 est
2526 4446 2540 4484 :
2571 4428 2645 4483 De
2671 4427 2987 4483 absconditis
3016 4427 3119 4483 tuis
3149 4427 3458 4499 («limpidus
3490 4439 3564 4484 est
3595 4445 3715 4484 oeu-

454 4520 677 4577 binnulo
704 4534 1013 4586 cervorum,
1040 4520 1146 4576 hoc
1167 4528 1269 4585 est,
1300 4520 1751 4590 patriarcharum,
1793 4520 1862 4575 de
1909 4519 2031 4590 qui-
2132 4533 2211 4578 ter
2236 4538 2415 4577 eorum
2436 4534 2455 4573 :
2479 4520 2704 4576 saturati
2731 4529 2851 4574 sunt
2877 4519 3113 4589 porcina,
3135 4528 3181 4573 et
3207 4518 3713 4592 relinquenturﬂua:

456 4615 555 4668 bus
576 4613 876 4667 secundum
907 4625 1127 4668 carnem
1148 4612 1410 4682 originem
1436 4611 1611 4666 duxit.
1658 4610 1837 4681 Lepus
1876 4610 2033 4681 quasi
2132 4614 2498 4687 superfuerant
2520 4612 2749 4685 parvulis
2770 4612 2878 4668 suis
2920 4610 3101 4686 (Psal.
3138 4611 3282 4684 xw).
3328 4612 3540 4671 .Iudtcos
3587 4614 3721 4671 dicit

452 4706 676 4773 levipes,
718 4704 845 4773 quia
868 4703 1124 4760 velociter
1145 4703 1336 4757 currit.
1393 4702 1545 4759 Unde
1594 4711 1650 4757 et
1693 4700 1881 4758 Graece
1933 4716 2033 4773 pro
2134 4707 2202 4761 de
2235 4704 2611 4770 immunditiis,
2638 4720 2759 4775 qua:
2789 4719 2817 4759 a
2859 4704 3088 4761 Domino
3127 4704 3459 4769 abscondita,
3508 4707 3561 4763 id
3609 4717 3713 4771 est,

455 4811 616 4850 cursu
652 4796 802 4866 lagos
826 4794 1044 4858 dicitur,
1072 4792 1227 4848 velox
1252 4792 1393 4848 enim
1418 4792 1616 4846 animal
1640 4800 1697 4846 et
1717 4793 1851 4848 satis
1893 4791 2036 4846 timi—
2136 4803 2430 4851 noscuntur
2454 4809 2573 4851 esse
2603 4795 2893 4867 prohibita.
2945 4793 3171 4851 Porcina
3204 4796 3272 4851 ad
3311 4796 3512 4866 polluta
3551 4797 3719 4867 respi-

454 4887 604 4939 dum.
626 4883 1102 4957 Signiﬁcatautem
1125 4884 1276 4954 lepus
1294 4883 1542 4939 homines
1562 4883 1814 4938 timentes
1836 4883 2031 4937 Deum:
2137 4888 2232 4954 cit,
2262 4902 2381 4959 qua:
2421 4887 2564 4942 inter
2618 4896 2813 4944 caetera
2845 4884 3053 4943 Veteris
3095 4885 3422 4943 Testameuti
3451 4896 3716 4958 pmeepta

455 4978 546 5045 qui
570 4992 676 5030 non
702 4976 758 5029 in
786 4973 1297 5045 semetipsis,sediu
1334 4973 1591 5029 Creatore
1639 4987 1738 5028 suo
1787 4972 2037 5027 fiduciam
2139 4977 2412 5032 immunda
2460 4986 2809 5048 praenotatur.
2889 4976 3326 5033 Transmiserunt
3371 4985 3550 5032 autem
3593 4978 3722 5035 reli-

457 5066 678 5120 habent.
709 5061 863 5121 Unde
882 5063 1079 5133 legitur
1115 5062 1166 5116 in
1198 5060 1486 5118 Salomone
1514 5080 1529 5115 :
1553 5059 1874 5131 Lepmculus
1898 5060 2040 5132 plebs
2141 5069 2296 5140 quias
2316 5076 2656 5139 peccatorum
2684 5067 2805 5123 filiis
2827 5069 2961 5134 suis,
2982 5068 3194 5138 quando
3214 5068 3554 5125 clamabant:
3578 5068 3721 5127 San-

458 5154 689 5209 invalida
706 5170 826 5226 quia
843 5154 1065 5209 collocat
1083 5155 1139 5207 in
1158 5162 1306 5224 petra
1325 5151 1494 5208 cubile
1510 5169 1665 5208 suum
1685 5151 1868 5222 (Prov.
1886 5152 2038 5219 xxx).

463 5245 615 5303 Unde
639 5248 837 5302 dicitur
868 5247 922 5300 iu
946 5245 1160 5301 Psalmo
1190 5262 1204 5298 :
1239 5242 1400 5299 Petra
1428 5244 1688 5314 refugium
1716 5243 1975 5313 leporibus
1998 5254 2048 5299 et

461 5341 704 5397 erinaciis
728 5338 908 5411 (Psal.
935 5338 1083 5410 cm).
1115 5337 1273 5393 Petra
1301 5349 1483 5391 autem
1514 5336 1762 5391 Christus
1782 5343 1884 5391 est.
1910 5334 2048 5393 Hinc

463 5437 530 5492 de
556 5433 739 5506 lloyse
759 5431 1015 5489 scribitur
1055 5429 1262 5503 (Exod.
1286 5428 1488 5503 xxxiii)
1512 5468 1527 5495 ,
1572 5429 1714 5499 quod
1743 5426 2048 5499 lepusculos

465 5528 679 5584 Βοωὶηί
707 5526 920 5597 loyses
946 5524 1159 5580 steterit
1184 5523 1236 5578 in
1277 5522 1544 5578 foramine
1584 5530 1749 5593 petrae
1779 5539 1793 5575 :
1818 5522 1946 5591 quia
1995 5521 2046 5575 in

465 5619 714 5689 passione
734 5616 1111 5687 Redemptoris
1137 5629 1287 5685 spem
1315 5613 1504 5669 salutis
1531 5628 1642 5668 suae
1675 5613 1878 5669 habuit.
1930 5612 2050 5667 Eri-

2143 5159 2257 5229 guis
2269 5158 2381 5227 ejus
2393 5174 2549 5228 super
2566 5174 2659 5212 nos
2678 5167 2725 5212 et
2741 5174 2896 5229 super
2905 5157 3043 5227 filios
3059 5166 3260 5211 nostros
3298 5157 3509 5230 (Matth.
3524 5160 3716 5233 xxvn).

2145 5247 2278 5304 Item
2304 5262 2397 5303 sus
2422 5256 2674 5317 peccator
2702 5255 2847 5301 recte
2869 5245 3191 5316 intelligens,
3238 5256 3295 5301 et
3330 5246 3598 5305 luxuriose
3646 5253 3715 5306 vi-

2147 5351 2280 5391 vens
2301 5335 2353 5389 in
2383 5333 2672 5390 Salomone
2703 5353 2716 5387 :
2742 5332 2983 5387 Circulus
3025 5348 3216 5387 aureus
3263 5335 3318 5389 in
3357 5335 3567 5409 naribus
3615 5340 3724 5394 suis

2150 5426 2339 5483 mulier
2356 5425 2573 5497 pulchra
2601 5434 2648 5479 et
2674 5424 2820 5494 fatua
2845 5419 3164 5493 (Promn).
3218 5422 3349 5478 Item
3397 5440 3490 5481 sus
3532 5442 3715 5482 carna-

2152 5519 2283 5573 lium
2300 5515 2654 5586 cogitationes
2673 5514 2923 5577 sordidae,
2940 5527 3007 5567 ex
3030 5510 3227 5583 quibus
3245 5529 3405 5585 opera
3421 5532 3587 5588 prava
3608 5519 3727 5577 vel-

2154 5618 2213 5662 ut
2241 5607 2461 5661 decocta
2486 5604 2801 5677 procedunt,
2843 5602 2897 5656 in
2924 5602 3064 5658 Isaia
3095 5617 3111 5657 :
3162 5601 3268 5669 Qui
3304 5605 3580 5662 comedunt
3614 5621 3733 5662 ειη·-
