4072 6198
327 227 430 281 207

1005 223 1064 277 Β.
1108 221 1357 277 ΒΑΒΑΝΙ
1398 220 1612 275 MAL'BI
1653 218 1970 274 ARCIIIEP.
2014 219 2319 276 MOGUNT.
2357 222 2638 279 OPERUM
2677 221 2854 277 PARS
2891 220 2953 276 Il.

3483 219 3590 278 208

324 356 446 398 nam
468 339 704 406 suiltam,
731 349 779 394 et
816 355 906 409 ⁸μη
950 337 1228 410 profanum
1251 339 1305 390 in
1350 336 1485 391 vasis
1533 351 1711 390 eorum
1759 333 1908 405 (Isa.
1939 338 1990 398 Α
2015 349 2136 404 quae
2160 332 2399 405 perﬁdiae
2431 333 2700 401 doctores,
2745 344 3002 405 tanquam
3039 345 3246 402 tauros,
3269 349 3586 408 sequuntur.

327 448 426 491 μιν
443 431 484 504 ).
512 431 661 504 Aper
686 447 718 487 a
742 430 954 486 feritate
982 438 1226 494 vocatus,
1262 426 1439 482 ablata
1463 425 1492 494 Ῑ
1505 424 1681 480 littera
1703 433 1759 480 et
1779 423 1906 479 sub-

327 531 512 594 rogata
529 541 584 594 p.
610 523 761 578 Unde
779 529 835 578 et
857 521 996 594 apud
1021 520 1238 576 Graecos
1258 533 1505 591 suagros,
1531 517 1582 573 id
1613 525 1717 581 est,
1760 517 1906 572 ferus

326 617 542 673 dicitur.
573 615 744 673 Omne
762 617 929 681 enim,
954 615 1096 685 quod
1112 613 1282 669 ferum
1296 620 1381 668 est
1392 612 1665 668 etimmite
1686 611 1908 666 abusive

325 716 540 779 agreste
561 721 839 763 vocamus.
866 706 968 761 Alii
991 713 1168 760 autem
1192 717 1383 774 aprum
1413 703 1602 758 dicunt
1626 717 1746 757 esse
1771 717 1908 758 nun-

325 809 604 872 cupatum,
631 800 772 870 quod
801 800 854 854 in
879 798 1012 854 locis
1032 797 1239 867 asperis
1260 802 1646 851 commoratur.
1687 791 1906 865 Signiﬁ-

325 901 414 947 cat
443 899 626 946 autem
646 905 776 960 aper
807 889 1140 946 ferocitatem
1174 885 1480 958 principum
1507 881 1666 953 hujus
1704 881 1905 938 smcnli.

328 983 479 1040 Unde
503 983 556 1037 in
581 982 790 1053 psalmo
818 982 886 1037 de
909 981 1067 1036 vinea
1097 979 1308 1036 Domini
1349 980 1610 1049 scriptum
1647 983 1730 1032 est
1754 991 1768 1030 :
1796 974 1908 1029 Ex-

325 1073 621 1128 terminavit
647 1087 761 1126 eam
791 1087 918 1142 aper
944 1069 1009 1126 de
1029 1069 1178 1134 silva,
1205 1077 1252 1124 et
1275 1067 1559 1140 singularis
1582 1065 1724 1136 [erus
1745 1065 1910 1136 depa-

325 1172 438 1216 stus
465 1171 542 1216 est
571 1177 686 1216 eam
716 1160 899 1234 (Psal.
928 1158 1144 1232 Lxxlx).
1181 1157 1574 1214 Exterminavit
1605 1165 1759 1212 extra
1804 1165 1914 1211 ter-

327 1257 502 1312 minos
521 1263 683 1324 atque
707 1253 939 1324 patriam
967 1266 1118 1308 suam
1147 1249 1366 1321 ubique,
1384 1248 1638 1320 dispersit
1663 1247 1825 1320 quod,
1857 1245 1912 1300 in

325 1355 484 1419 gente
504 1345 770 1415 contingit
789 1343 1119 1399 Judmorum.
1149 1339 1354 1411 Aprum
1383 1339 1770 1409 Vespasianum
1798 1335 1912 1391 for-

327 1439 468 1494 sitan
500 1435 758 1491 debemus
787 1434 1052 1504 accipere,
1081 1432 1171 1502 qui
1195 1430 1301 1487 illis
1327 1429 1514 1486 existit
1554 1427 1710 1484 fortis
1734 1435 1788 1483 et
1817 1442 1916 1482 sae-

325 1545 447 1584 vus.
470 1527 577 1583 Per
606 1527 712 1582 hoc
759 1534 940 1581 autem
988 1539 1185 1580 nomen
1230 1520 1501 1592 signiﬁcat
1548 1517 1748 1574 ludatis
1793 1532 1916 1573 esse

327 1618 685 1682 contrarium,
726 1615 853 1686 quia
903 1615 1006 1671 hoc
1047 1612 1246 1668 animal
1295 1612 1437 1667 inter
1481 1618 1679 1669 caetera
1715 1608 1916 1664 habere

2005 421 2204 478 Bovem
2237 421 2408 478 Grmci
2447 422 2589 478 boun
2621 423 2824 480 dicunt.
2850 423 3004 480 Hunc
3036 423 3212 480 Latini
3238 425 3466 483 trionem
3490 443 3592 486 vo-

2007 521 2152 581 cant,
2171 529 2238 570 eo
2257 513 2400 584 quod
2439 523 2639 569 terram
2665 513 2997 584 terat,quasi
3019 515 3300 570 terionem.
3327 515 3540 573 Naevius
3573 535 3588 572 :

2009 605 2266 662 Trionum
2289 605 2377 662 hic
2411 605 2721 662 moderator
2746 607 2999 662 rusticus.
3026 605 3190 676 Cujus
3219 605 3450 664 latitudo
3482 609 3594 680 pcl-

2009 701 2138 756 liuni
2180 718 2212 757 a
2252 709 2435 757 mento
2483 701 2552 756 ad
2601 716 2761 757 crura
2813 699 3046 770 palearia
3101 700 3354 755 dicuntur
3396 716 3427 755 a
3459 703 3594 773 pelle

2011 794 2150 864 ipsa,
2174 793 2327 865 quasi
2363 791 2618 865 pelearia.
2651 791 2709 848 In
2735 792 2910 848 bubus
2932 807 3062 863 ergo
3091 792 3384 864 aliquando
3433 795 3592 850 luxu~

2011 885 2279 941 riosorum
2325 885 2596 941 dementia
2626 925 2642 951 ,
2677 884 2965 954 aliquando
3013 882 3283 940 laboriosa
3334 884 3594 942 fortitudo

2009 977 2416 1048 prmdicantium
2445 1019 2460 1044 ,
2503 978 2792 1049 aliquando
2825 977 3100 1034 humilitas
3118 979 3442 1049 exprimitur
3462 979 3598 1034 lsra-

2011 1069 2259 1126 elitarum
2285 1111 2300 1136 ,
2337 1071 2479 1141 quod
2527 1071 2673 1126 enim
2715 1071 2868 1126 bovis
2906 1071 3125 1126 nomine
3167 1085 3265 1142 per
3317 1087 3596 1140 compara-

2015 1158 2218 1215 tionem
2253 1159 2652 1223 luxuriosorum
2675 1159 2946 1215 dementia
2977 1158 3314 1230 designatur,
3340 1159 3594 1216 Salomon

2014 1249 2234 1315 indicat,
2261 1250 2501 1320 quicum
2542 1249 2682 1306 male
2738 1248 3016 1305 suadentis
3067 1249 3314 1306 mulieris
3356 1250 3599 1320 petulan-

2013 1341 2144 1398 tiam
2182 1341 2552 1411 prtemisisset,
2585 1341 2829 1412 adjunxit
2855 1359 2867 1394 :
2896 1339 3188 1410 Statimque
3207 1356 3322 1395 eam
3345 1343 3596 1412 sequitur,

2013 1431 2164 1504 quasi
2189 1432 2278 1486 bos
2303 1431 2490 1488 ductus
2525 1432 2594 1486 ad
2622 1432 2882 1486 victimam
2921 1429 3114 1492 (Prov.
3145 1429 3285 1500 vn).
3343 1431 3598 1498 Rursum,

2015 1523 2158 1594 quod
2183 1522 2338 1578 bovis
2379 1523 2598 1578 nomine
2642 1521 2797 1578 labor
2829 1522 3202 1593 praedicatoris
3256 1521 3598 1593 exprimitur,

2017 1613 2178 1686 Legis
2208 1613 2371 1669 verba
2413 1620 2698 1679 testantur,
2741 1629 2862 1683 qua:
2911 1614 3026 1668 ait:
3057 1611 3182 1668 Non
3227 1613 3496 1669 obturabis
3544 1631 3600 1668 os

325 1711 614 1766 videbatur
639 1683 1032 1764 immunditiam
1053 1707 1118 1761 de
1141 1705 1296 1770 silva,
1321 1704 1527 1760 scilicet
1551 1704 1618 1759 de
1639 1701 1912 1773 gentibus,
1943 1683 1990 1744 Β
2019 1683 2133 1760 boni
2163 1705 2435 1761 ινίιαηιηιὶ
2477 1704 2654 1774 (Deut.
2681 1721 2786 1759 xxv
2817 1721 2831 1771 ;
2861 1703 2888 1758 1
2913 1701 3037 1760 Cor.
3066 1705 3174 1778 is).
3207 1705 3445 1762 Rursum
3473 1706 3600 1776 quia

326 1817 448 1874 quze
467 1802 662 1858 merito
687 1800 836 1856 silvis
859 1797 1120 1870 squalidis
1140 1805 1542 1868 comparantur,
1567 1794 1696 1865 quia
1738 1793 1914 1848 adhuc

327 1893 505 1950 insitae
531 1892 806 1949 fruetuoso
837 1891 1080 1964 gemine
1127 1904 1233 1944 non
1283 1887 1521 1942 fuerunt.
1575 1884 1914 1956 Singularem

328 1993 509 2038 atttem
538 1983 712 2039 ferum
735 1980 916 2038 Titum
957 1979 1124 2036 ﬁlium
1155 1978 1272 2050 ejus
1316 1986 1606 2042 memorat,
1651 1976 1742 2046 qui
1787 1974 1915 2031 reli-

327 2085 462 2141 quas
486 2069 610 2125 belli
639 2077 784 2125 tanta
810 2067 1153 2141 populatione
1179 2063 1452 2128 contrivit,
1507 2071 1565 2116 ut
1605 2071 1817 2134 gentem
1863 2071 1920 2115 et

327 2161 624 2228 civitatem,
639 2159 792 2231 quasi
819 2157 1108 2214 herbarum
1130 2154 1344 2226 pabula,
1369 2152 1592 2209 terribili
1607 2149 1918 2221 depastione

329 2259 691 2310 consumeret.
723 2249 952 2306 Necesse
977 2238 1119 2304 enim
1147 2244 1248 2301 luit
1269 2245 1370 2300 hoc
1390 2243 1562 2300 vinem
1581 2242 1913 2313 contingere,

329 2341 482 2412 cujus
507 2341 742 2397 maceria
788 2339 1072 2396 videbatur
1117 2351 1238 2393 esse
1283 2335 1546 2406 depositi.
1593 2332 1920 2406 Spiritaliter

331 2441 511 2488 autem
532 2445 664 2502 aper
691 2440 914 2502 propter
960 2427 1296 2484 ferocitatem
1331 2433 1386 2480 et
1412 2423 1780 2479 fortitudinem
1832 2422 1917 2477 ni-

331 2523 495 2578 miam
527 2520 776 2576 diabolus
801 2519 1022 2590 intelligi
1052 2526 1248 2588 potest.
1282 2517 1359 2571 De
1387 2513 1519 2570 silva
1545 2521 1727 2568 autem
1761 2512 1916 2577 dixit,

331 2613 458 2685 quia
484 2611 840 2680 cogitationes
859 2609 975 2679 ejus
1004 2617 1246 2680 agrestes
1272 2607 1515 2676 aviaeque
1555 2619 1770 2676 semper
1806 2603 1921 2658 exi-

333 2713 502 2762 stunt.
533 2701 802 2759 Iuvencus
831 2703 1008 2760 dictus
1037 2718 1123 2770 eo,
1151 2701 1295 2774 quod
1314 2700 1505 2770 iuvare
1556 2699 1779 2770 incipiat
1823 2698 1920 2753 ho-

333 2795 539 2851 minum
571 2811 701 2852 usus
725 2795 779 2850 in
805 2793 1029 2850 colenda
1057 2802 1221 2858 terra,
1253 2801 1326 2848 et‘
1344 2791 1470 2863 quia
1505 2790 1645 2861 apud
1694 2789 1922 2861 gentiles

332 2887 451 2944 Jovi
500 2901 716 2958 semper
771 2888 970 2958 ubique
1013 2886 1278 2958 juvencus
1326 2883 1726 2950 immolabatur,
1777 2899 1922 2938 nun-

333 2994 496 3052 quam
527 2987 734 3044 taurus,
759 2993 885 3033 nam
915 2978 971 3034 in
995 2978 1233 3034 victimis
1251 2985 1384 3033 mlas
1422 2977 1585 3032 etiam
1613 2975 1924 3032 considera-

331 3069 511 3124 batnr.
540 3068 752 3123 Taurus
771 3065 1026 3123 .Grtecum
1055 3081 1276 3132 nomen,
1323 3067 1464 3122 sicut
1485 3073 1541 3122 et
1564 3064 1682 3121 bos.
1725 3064 1922 3120 Indicis

337 3159 504 3216 tauris
541 3159 693 3216 color
738 3157 916 3216 fulvus
955 3166 1059 3224 est,
1095 3157 1332 3214 volucris
1358 3157 1673 3228 pernicitas,
1703 3155 1825 3227 pilis
1865 3157 1920 3212 in

334 3251 667 3307 contrarium
690 3249 887 3308 versis.
917 3247 1094 3322 Caput
1134 3248 1566 3306 circumﬁcctunt
1619 3247 1916 3313 ﬁexilitate,

340 3373 448 3426 qua
475 3361 687 3413 volunt:
712 3360 845 3428 tergi
862 3360 1066 3415 duritia
1085 3375 1246 3415 omne
1263 3361 1425 3414 telum
1446 3359 1916 3429 respuuntimmiti

345 3443 584 3498 feritate.
623 3441 838 3498 Taurus
862 3443 1142 3498 Christus.
1169 3443 1228 3498 In
1253 3443 1452 3499 Genesi
1477 3460 1493 3498 :
1525 3443 1591 3497 Et
1618 3431 1797 3514 furore
1816 3459 1913 3499 suo

341 3528 790 3584 subnervavcrunt
829 3537 1042 3581 taurum
1069 3526 1243 3596 (Gen.
1268 3527 1435 3595 XLIX).
1470 3528 1601 3582 Item
1642 3529 1785 3582 tauri
1817 3544 1916 3600 pn-

342 3623 565 3669 testates
581 3611 978 3682 smeuliﬁhujns,
999 3627 1169 3667 cornu
1190 3613 1459 3680 superbiae
1483 3614 1714 3669 humiles
1730 3614 1918 3684 plchcs

342 3697 688 3761 ventilantes,
717 3695 783 3752 de
811 3695 1012 3764 quibus
1032 3697 1085 3750 in
1109 3694 1344 3750 Jeremia
1373 3713 1386 3750 :
1413 3693 1662 3768 Magistis
1693 3709 1752 3752 ut
1779 3699 1918 3752 tauri

338 3788 475 3860 (Jer.
507 3789 580 3856 ι).
615 3786 680 3841 Et
731 3787 907 3842 alibi:
944 3785 1016 3842 Et
1067 3791 1211 3843 tauri
1266 3805 1386 3843 eum
1435 3790 1731 3859 potentibus
1784 3788 1915 3861 (Isa.

339 3873 549 3944 xuiv).
580 3873 746 3928 Tauri
784 3881 840 3930 et
867 3873 923 3927 in
953 3875 1150 3928 bonum
1189 3881 1244 3928 et
1285 3873 1338 3927 in
1377 3873 1666 3928 adversam
1703 3882 1912 3940 partem

335 3965 792 4038 signiﬁcationem
825 3966 1076 4024 trahunt.
1128 3963 1188 4021 ln
1222 3967 1422 4022 bonam
1456 3981 1676 4037 quoque
1701 4009 1717 4030 ,
1745 3977 1803 4021 ut
1832 3975 1917 4020 est

339 4058 474 4114 illud
507 4059 558 4113 in
589 4057 886 4130 Evangelia
923 4075 936 4114 :
973 4058 1114 4116 Ecce
1159 4061 1441 4130 prandium
1485 4075 1658 4114 meum
1707 4056 1912 4128 paravi,

335 4151 483 4208 tauri
499 4153 602 4206 mei
615 4163 664 4208 et
681 4151 856 4207 altilia
873 4153 1046 4208 occisa
1068 4162 1269 4217 suut,et
1283 4153 1460 4208 omnia
1477 4160 1670 4222 parata
1690 4148 1912 4223 (Matth.

332 4245 700 4334 xxn).'Quid,
731 4278 860 4338 ergo
880 4279 978 4336 per
1013 4245 1215 4330 tauros,
1246 4263 1354 4319 nisi
1378 4261 1570 4319 Patres
1611 4261 1919 4318 testamenti

331 4353 532 4408 veteris
557 4351 967 4424 signiﬁcantur?
988 4367 1111 4408 nam
1135 4352 1262 4408 dum
1286 4367 1354 4408 ex
1389 4350 1746 4422 permissione
1781 4350 1915 4422 legis

333 4451 675 4514 acceperant,
699 4451 967 4514 quatenus
999 4441 1340 4500 adversarios
1371 4457 1499 4500 suos
1535 4441 1643 4497 odii
1685 4442 1917 4497 retribu-

333 4539 477 4593 tione
503 4546 876 4608 percuterent,
915 4545 976 4593 ut
1023 4537 1097 4592 ita
1144 4537 1319 4593 dicam
1344 4535 1514 4606 ,quid
1563 4534 1708 4590 aliud
1753 4549 1914 4605 quam

334 4629 473 4684 tauri
495 4638 669 4694 erant,
695 4630 786 4699 qui
805 4627 1054 4684 inimicos
1074 4643 1201 4684 suos
1222 4627 1436 4683 virtutis
1461 4641 1734 4698 corporea:
1748 4642 1916 4681 cornu

331 4722 632 4779 feriebant?
653 4720 793 4791 Quid
815 4735 944 4776 vero
965 4735 1061 4790 per
1085 4719 1274 4785 altilia,
1303 4717 1407 4775 nisi
1437 4719 1560 4774 novi
1611 4717 1916 4774 testamenti

333 4815 522 4870 Patres
551 4812 871 4884 ﬁgurantur,
902 4809 996 4880 qui
1026 4809 1151 4865 dum
1177 4808 1408 4881 gratiam
1447 4807 1790 4881 pinguedinis
1837 4807 1920 4862 in-

330 4915 498 4964 ternae
531 4903 860 4975 percipiunt,
904 4901 1124 4957 teternis
1169 4897 1455 4956 desideriis
1501 4899 1814 4965 innitentes,
1851 4899 1918 4954 ad

329 4996 582 5056 su'blimia
633 4993 1104 5066 contemplationis
1158 5007 1271 5046 sum
1322 5006 1502 5062 penna
1545 4989 1916 5046 sublevantur.

331 5092 386 5148 In
414 5089 743 5149 contrariam
777 5101 908 5144 vero
931 5095 1138 5158 partem
1169 5084 1308 5140 tauri
1347 5082 1508 5154 positi
1556 5081 1916 5152 accipiuntur,

331 5191 387 5238 ut
412 5188 498 5238 est
523 5177 653 5236 illud
677 5179 729 5234 in
753 5177 958 5248 psalmo
988 5195 1000 5230 :
1025 5175 1314 5232 Comitium
1337 5185 1609 5230 taurorum
1645 5175 1784 5230 inter
1806 5191 1922 5229 vac-

328 5289 418 5326 cas
447 5269 758 5342 populorum
791 5265 973 5341 (I’sul.
1005 5265 1207 5339 van).
1245 5265 1345 5321 llic
1369 5281 1466 5338 per
1489 5276 1672 5322 tauros
1707 5266 1921 5322 lucreti-

329 5377 422 5417 eos
451 5359 722 5432 signiﬁcat
747 5359 1058 5426 indomitos,
1082 5359 1172 5429 qui
1193 5369 1374 5416 erecta
1414 5359 1627 5414 cervice
1657 5359 1919 5416 seducunt

331 5454 542 5509 animas
587 5452 922 5516 innocentes,
974 5461 1029 5508 et
1075 5453 1142 5509 ad
1185 5468 1340 5508 suum
1400 5467 1614 5523 gregem
1675 5452 1916 5517 trahunt,

333 5560 467 5616 quos
499 5543 695 5612 infelici
716 5545 1068 5614 persuasione
1109 5545 1401 5616 decipiunt.
1467 5543 1655 5600 Vaccm
1701 5559 1920 5616 quoque

335 5634 652 5707 populorum
673 5643 797 5689 sunt
817 5636 1072 5691 mulieres
1093 5636 1278 5692 ductili
1308 5635 1582 5691 voluntate
1609 5635 1912 5705 levissimae,

1941 4404 1996 4464 D

2017 1797 2170 1851 bovis
2220 1795 2436 1850 nomine
2473 1795 2624 1866 plebs
2665 1795 2960 1852 Israelitica
3004 1796 3284 1868 ﬁgurautr,
3331 1797 3599 1869 Propheta

2017 1888 2209 1944 asserit
2236 1888 2327 1958 qni
2353 1887 2734 1959 Redemptoris
2769 1891 3057 1946 adventum
3089 1890 3415 1946 denuntians
3437 1890 3600 1946 dicit:

2017 1979 2264 2052 Cognovit
2301 1979 2390 2034 bos
2435 1995 2778 2050 possessorem
2825 1995 3000 2046 suum,
3053 1989 3103 2034 et
3149 1980 3330 2036 asinus
3377 1996 3604 2052 prtcsepe

2020 2072 2228 2126 Domini
2247 2071 2330 2126 sui
2353 2071 2499 2144 (Isa.
2529 2070 2602 2144 ι).
2632 2071 2766 2126 Item
2792 2071 2866 2127 ibi
2899 2090 2912 2126 :
2937 2071 3092 2128 Beati
3112 2074 3203 2146 qui
3226 2073 3495 2130 seminatis
3515 2091 3605 2129 su-

2017 2180 2108 2234 per
2137 2179 2313 2218 omnes
2347 2180 2530 2235 aquas,
2571 2164 2902 2220 immittentes
2945 2165 3127 2236 pedem
3181 2166 3320 2222 bovis
3365 2176 3414 2222 et
3468 2168 3605 2222 asini

2020 2251 2163 2326 (Isa.
2195 2253 2396 2325 χχχιι).
2423 2254 2554 2310 item
2576 2254 2674 2311 bos
2702 2255 2946 2312 diabolus
2972 2256 3026 2311 in
3055 2257 3333 2324 membris,
3365 2259 3469 2313 hoc
3497 2265 3601 2323 est,

2018 2345 2308 2402 hmreticis.
2340 2345 2469 2403 lude
2500 2347 2554 2402 in
2575 2345 2676 2402 Job
2703 2365 2716 2402 :
2741 2346 2946 2404 Fertum
2971 2359 3026 2403 ut
3061 2348 3151 2404 bos
3175 2351 3408 2405 comedet
3448 2350 3602 2423 (Job.

2017 2438 2142 2509 xc).
2179 2439 2354 2496 Vacca
2384 2439 2539 2510 quasi
2572 2439 2794 2504 boacca,
2825 2449 2912 2496 est
2929 2441 3076 2496 enim
3103 2456 3173 2498 ex
3197 2441 3461 2512 qualitate
3495 2458 3606 2498 mo-

2018 2529 2207 2584 bilium
2230 2529 2533 2596 nominum,
2583 2530 2836 2586 sieutleo
2884 2531 3071 2591 lemne.
3118 2533 3282 2588 draco
3334 2533 3603 2588 draaena.

2020 2621 2147 2678 H120
2196 2621 2486 2694 aliquando
2535 2623 2589 2678 in
2639 2623 2838 2679 bonam
2885 2624 3330 2694 signiﬁcationem
3388 2636 3604 2683 sensum

2019 2716 2208 2781 trahit,
2256 2727 2316 2772 ut
2351 2725 2436 2772 est
2465 2715 2595 2772 illud
2624 2717 2676 2772 in
2703 2716 2846 2789 Lege
2897 2717 3096 2790 (Nunt.
3125 2718 3248 2788 xix)
3271 2761 3286 2785 ,
3317 2719 3404 2773 ubi
3443 2733 3606 2773 vacva

2022 2805 2139 2862 rufa
2167 2808 2342 2864 aetatis
2391 2808 2620 2878 integra,
2651 2819 2706 2863 et
2739 2824 2860 2878 quae
2899 2825 3007 2864 non
3042 2811 3290 2876 traxerit,
3339 2810 3606 2866 immolari

2017 2898 2236 2970 jubetur
2264 2901 2317 2955 in
2347 2901 2657 2972 expiatione
2699 2901 2994 2956 sanctuarii
3044 2901 3277 2957 Domini.
3321 2901 3470 2958 Solet
3507 2915 3608 2972 per

2025 2989 2378 3045 masculinum
2423 2988 2698 3058 fortitudo,
2740 3005 2839 3060 per
2881 2989 3171 3047 femineum
3200 3005 3332 3046 vero
3383 2991 3608 3047 inﬁrmi-

2027 3091 2110 3135 tas
2140 3080 2431 3150 designari.
2471 3080 2611 3148 Quid
2641 3095 2769 3152 ergo
2799 3096 2896 3149 per
2923 3096 3164 3146 vaccam,
3198 3081 3303 3136 nisi
3329 3090 3605 3152 assumpta

2025 3172 2091 3226 ad
2142 3171 2469 3227 sacriﬁcium
2523 3171 2812 3227 inﬁrmitas
2851 3172 3240 3228 incarnationis
3289 3171 3604 3238 Dominicae,

2023 3261 2303 3331 ﬁguratur.
2337 3260 2413 3316 De
2434 3276 2542 3331 quo
2575 3261 2833 3330 scriptum
2854 3269 2939 3316 est
2965 3279 2978 3315 :
3011 3259 3150 3326 Quia
3169 3263 3593 3317 ctsimortuusest

2021 3369 2092 3409 ea:
2119 3353 2447 3423 inﬁrmitate,
2469 3351 2558 3408 sed
2573 3353 2690 3407 vivit
2711 3369 2776 3406 ea:
2799 3353 2983 3407 virtute
3014 3351 3112 3423 (II
3143 3353 3266 3406 Cor.
3287 3368 3385 3408 xm
3400 3352 3439 3424 ).
3464 3351 3608 3408 Bene

2021 3454 2203 3499 autem
2241 3459 2400 3500 vacca
2425 3443 2539 3500 ha-c
2567 3442 2684 3498 rufa
2713 3443 2932 3508 dicitur,
2955 3443 3080 3514 quia
3103 3442 3352 3499 videlicet
3377 3441 3494 3512 eius
3515 3442 3612 3498 hu-

2022 3536 2256 3592 manitas
2301 3537 2464 3592 rubra
2509 3551 2606 3607 per
2649 3551 2902 3593 cruorem
2947 3536 3217 3607 passionis
3270 3535 3390 3591 fuit.
3449 3536 3610 3594 ditas

2021 3628 2374 3683 humanitatis
2409 3627 2622 3683 Domini
2658 3628 2867 3698 integra
2905 3634 3008 3693 est,
3037 3628 3217 3682 omnia
3245 3627 3364 3698 ejus
3414 3642 3610 3698 opera-

2023 3716 2100 3771 tio
2127 3715 2388 3786 perfecta.
2420 3715 2478 3772 lu
2507 3732 2612 3787 qua
2633 3715 2882 3772 videlicet
2907 3716 3242 3771 humanitate
3263 3716 3474 3771 macula
3498 3733 3606 3773 non

2021 3805 2123 3860 fuit
2163 3846 2178 3871 ,
2205 3806 2331 3876 quia
2359 3814 2414 3860 et
2434 3807 2703 3861 veraciter
2723 3806 2790 3861 de
2817 3819 2882 3861 eo
2903 3807 3161 3878 scriptum
3195 3815 3281 3862 est
3307 3826 3320 3862 :
3359 3805 3462 3872 Qui
3483 3824 3606 3878 pec-

2021 3907 2195 3950 catum
2221 3909 2328 3950 non
2357 3895 2499 3965 fecit,
2527 3911 2620 3950 nec
2669 3895 2822 3950 dolus
2875 3896 3111 3950 inventus
3151 3906 3226 3950 est
3251 3897 3309 3950 in
3361 3913 3450 3951 ore
3493 3896 3610 3968 ejus

2022 3986 2172 4053 (lsa.
2213 3987 2364 4057 un).
2419 3987 2564 4042 Bene
2609 3996 2794 4044 autem
2845 3988 3094 4044 subditur
3131 3987 3289 4043 :Nec
3324 3990 3606 4058 portaverit

2019 4078 2203 4149 iugum
2227 4076 2432 4150 (Num.
2457 4077 2606 4151 xix).
2632 4078 2772 4147 Quia
2801 4093 2932 4150 ergo
2957 4078 3220 4134 Dominus
3250 4079 3380 4134 nulli
3407 4094 3604 4134 succu—

2017 4171 2158 4237 buit,
2185 4174 2370 4243 iugum
2403 4171 2628 4227 minime
2651 4173 2907 4242 portavit.
2941 4172 3085 4228 Bene
3128 4180 3309 4226 autem
3362 4172 3562 4227 dicitur
3589 4190 3601 4226 :

2019 4261 2318 4318 Immolavit
2343 4281 2461 4319 eam
2489 4263 2544 4318 in
2563 4273 2838 4335 conspectu
2871 4263 3084 4318 Domini
3114 4263 3133 4336 (
3149 4263 3286 4318 Ibid.
3304 4264 3345 4337 ).
3370 4263 3608 4320 Redem-

2017 4363 2142 4424 ptor
2159 4353 2302 4409 enim
2329 4363 2512 4410 noster
2531 4354 2588 4408 in
2611 4363 2903 4425 conspectu
2927 4355 3202 4410 hominum
3223 4355 3378 4425 quasi
3396 4355 3606 4410 exstin-

2023 4456 2144 4503 ctus
2185 4453 2292 4513 est,
2345 4446 2440 4502 sed
2476 4446 2530 4500 in
2564 4455 2856 4516 conspectu
2892 4446 3070 4501 Patris
3099 4445 3406 4501 immolatur
3434 4487 3450 4512 ,
3483 4446 3607 4516 quia

2023 4538 2168 4608 quod
2191 4545 2324 4594 ante
2347 4536 2536 4592 oculos
2576 4537 2855 4592 hominem
2889 4550 3072 4606 poena,
3113 4536 3217 4591 hoc
3255 4543 3382 4591 ante
3422 4535 3608 4592 oculos

2023 4625 2200 4682 Patris
2227 4625 2554 4682 sacriﬁcium
2591 4625 2712 4680 fuit.
2741 4626 2796 4680 ιη
2820 4626 3016 4681 malam
3043 4641 3175 4682 vero
3205 4634 3414 4696 partem
3441 4639 3610 4681 vacca

2024 4719 2311 4791 accipitur,
2335 4720 2553 4792 quando
2585 4719 2861 4775 lasciviam
2905 4721 3142 4775 hominis
3186 4722 3463 4791 peccantis
3507 4735 3608 4776 ex-

2024 4814 2231 4885 primit,
2259 4822 2426 4871 utest
2473 4813 2603 4870 illud
2649 4813 3030 4885 Pmplieticum
3063 4832 3076 4868 :
3117 4811 3286 4868 Vacca
3335 4813 3610 4870 lasciviens

2025 4907 2275 4978 Ephraim
2301 4905 2457 4979 (Ose.
2481 4907 2588 4980 tv).
2617 4906 2686 4960 Et
2735 4909 2948 4973 iterum,
2990 4905 3264 4977 Epiri-uim,
3305 4906 3498 4978 inquit,
3535 4906 3610 4962 vi-

1980 5062 1985 5067 _
2021 4997 2134 5052 tela
2171 4997 2328 5052 docta
2373 4996 2590 5068 diligere
2641 4999 2889 5052 trituram
2917 5009 2935 5048 :
2960 5006 3010 5052 et
3051 5011 3146 5068 ego
3189 4997 3408 5052 transivi
3452 5013 3612 5068 super

2020 5088 2462 5161 pulchritudinem
2480 5089 2601 5144 colli
2613 5089 2727 5159 ejus
2755 5087 2912 5162 (Ose.
2925 5103 2959 5143 x
2973 5087 3011 5160 ).
3031 5087 3204 5144 Vacca
3217 5088 3369 5160 plebs
3381 5087 3606 5144 Iudaica

2023 5180 2249 5236 credens
2278 5179 2334 5235 in
2355 5179 2590 5243 Christo,
2625 5189 2686 5235 ut
2713 5180 2767 5234 in
2808 5179 2945 5234 lsaia
2981 5197 2992 5232 :
3025 5177 3237 5234 Nutriet
3285 5179 3440 5233 homo
3490 5193 3610 5233 vac-

2023 5289 2140 5328 cam
2173 5272 2348 5336 boum,
2373 5271 2427 5326 id
2449 5280 2552 5337 est,
2583 5271 2851 5337 Christus,
2882 5282 2930 5325 et
2959 5271 3094 5326 duas
3137 5287 3277 5337 oves,
3301 5286 3413 5341 pra:
3455 5270 3610 5325 ulter-

2023 5375 2127 5418 tate
2155 5361 2306 5418 lactis
2333 5364 2563 5420 comedet
2585 5364 2830 5434 butyrum
2863 5362 3005 5435 (lsa.
3032 5361 3163 5432 vn).
3189 5360 3379 5418 Vacca:
3425 5359 3610 5418 ﬁdeles

2025 5453 2078 5507 in
2107 5453 2364 5519 Ecclesia,
2421 5469 2653 5524 quorum
2691 5453 2918 5524 ﬁguram
2975 5465 3152 5507 vaccae
3177 5451 3280 5506 ille
3325 5451 3604 5523 gerebant,

2023 5560 2143 5614 qum
2171 5559 2354 5600 arcam
2391 5543 2603 5599 Domini
2624 5544 2682 5598 in
2713 5553 2858 5598 terra
2907 5542 3316 5598 Pbilistinorum
3365 5549 3610 5612 reporta-

2023 5645 2168 5700 runt,
2199 5636 2410 5702 Vaccae,
2443 5635 2639 5690 animae
2683 5633 2989 5691 carnalibus
3035 5634 3178 5691 vitiis
3221 5633 3413 5705 plene,
3459 5641 3521 5688 ut
3551 5632 3606 5688 in
