4072 6198
372 407 480 463 9.09

1367 399 1457 455 ne
1495 393 1841 454 usvvsnso
1881 393 2059 450 unm
2102 392 2263 449 xxu.
2306 424 2373 433 —
2414 354 2543 448 LIB.
2585 392 2695 448 vn.

3548 394 3650 453 210

373 515 628 590 psalterio
658 533 669 569 :
704 511 943 568 Concilio
988 520 1259 566 taurorum
1290 511 1427 565 inter
1448 526 1631 566 vaccas
1654 506 1964 579 populorum
1993 504 2040 564 Α
2069 525 2174 580 hoc
2209 525 2494 594 pervenire
2532 532 2869 592 meruerunt,
2907 532 2969 582 ιιι
3002 526 3315 583 deserentes
3376 528 3493 585 οωιῑ
3546 537 3657 587 ter-

371 612 389 677 (
413 606 558 667 Psal.
577 602 770 676 vau).
790 602 1002 665 Vaccm,
1020 601 1212 657 divites
1228 600 1409 656 szeculi
1425 600 1602 671 huius,
1623 610 1683 656 ut
1697 601 1751 655 in
1766 597 1958 653 Amos:

370 699 563 754 Audite
584 696 792 752 verbum
820 692 1055 758 Domini,
1082 708 1250 745 vacca:
1274 693 1490 763 pingues
1520 692 1539 763 (
1555 693 1713 745 Amos
1734 690 1840 762 tv).
1869 688 1960 743 Vi-

371 790 520 844 tulus
553 796 611 842 et
630 785 799 841 vitula
825 800 857 839 a
880 783 1151 837 viriditate
1183 783 1356 837 vocati
1388 790 1531 847 sunt,
1566 781 1619 837 id
1657 789 1780 862 cst,‘
1802 789 1964 836 :ntate

373 882 560 947 viridi,
601 879 743 935 sicut
789 878 963 949 virgo.
989 876 1166 933 Vitula
1219 890 1348 945 ergo
1389 891 1552 946 parva
1610 884 1712 942 est,
1738 882 1792 929 ct
1832 890 1965 929 non-

372 975 503 1028 dum
536 971 720 1034 enixa,
753 984 877 1025 nam
909 968 1069 1023 enixa
1114 965 1346 1036 juvcnca
1401 974 1505 1033 est,
1546 976 1605 1022 ut
1631 982 1814 1022 vacca.
1867 966 1962 1021 Vi-

373 1065 521 1119 tulus
544 1078 675 1133 ergo
695 1062 748 1115 in
776 1059 971 1115 bonam
995 1068 1204 1130 partem
1238 1058 1522 1129 accipitur,
1554 1059 1771 1128 quando
1817 1058 1965 1113 inno-

374 1155 608 1213 centiam
631 1152 875 1212 ﬁdelium
901 1152 1259 1215 demonstrat,
1299 1157 1393 1205 aut
1430 1150 1699 1205 sinceram
1748 1148 1962 1203 laudem

373 1247 478 1318 pia:
499 1244 826 1301 devotionis.
856 1242 1011 1300 Unde
1038 1242 1307 1313 scriptum
1335 1249 1450 1296 est:
1480 1239 1780 1296 Reddemus
1828 1242 1966 1295 vitu-

373 1337 486 1392 lum
509 1337 768 1391 labiorum
791 1346 1087 1390 nostrorum
1112 1333 1267 1405 ('Ose.
1296 1334 1446 1401 xw).
1495 1332 1563 1388 Et
1603 1333 1654 1388 in
1707 1333 1913 1404 psalmo
1948 1351 1959 1386 :

374 1428 650 1501 Imponent
676 1445 831 1500 super
849 1427 1017 1482 altare
1037 1437 1186 1480 tuum
1212 1424 1399 1481 vitulos
1429 1424 1615 1496 (Psal.
1639 1425 1724 1497 ι).
1757 1425 1966 1481 Vitulos

374 1530 574 1599 quippe
602 1529 786 1598 posuit
816 1538 910 1583 aut
954 1543 1054 1598 pro
1107 1528 1504 1590 innocentibus,
1557 1539 1787 1595 quorum
1830 1529 1964 1578 aetas

374 1621 550 1692 prima
595 1630 702 1688 est,
725 1629 783 1676 et
804 1619 985 1693 ajugo
1014 1622 1222 1691 peccati
1247 1621 1427 1677 cervix
1461 1620 1723 1691 probatur
1766 1618 1960 1680 aliena,

372 1720 429 1767 et
465 1713 585 1769 ideo
633 1713 689 1769 in
737 1714 829 1768 tali
880 1714 1048 1770 verbo
1102 1713 1419 1784 permansit,
1474 1722 1535 1769 ut
1577 1719 1757 1768 actum
1814 1708 1964 1765 illum

372 1804 664 1874 praeteritae
691 1804 828 1876 legis
852 1806 1119 1861 indicaret
1148 1804 1317 1861 fuisse
1345 1820 1530 1860 rerum
1552 1803 1843 1875 imaginem
1873 1802 1960 1856 l'u-

2068 630 2249 685 neque
2269 612 2584 671 Creatorem
2618 615 2810 683 Deum,
2835 615 2939 672 sibi
2982 615 3223 673 facerent
3249 616 3654 679 similitudinem

2066 705 2216 760 vituli
2247 704 2369 759 lena
2406 706 2760 762 comedentis.
2788 704 2866 761 De
2891 707 3153 779 sanguine
3182 723 3310 781 ergo
3330 717 3388 764 et
3407 709 3563 780 adipe
3592 726 3657 769 ac

2065 797 2388 869 pinguedine
2408 798 2675 868 pecudum
2701 837 2716 863 ,
2764 814 2885 868 quae
2913 798 2971 853 in
2991 797 3107 868 lege
3132 797 3520 867 offerebantur,
3567 800 3658 858 hic

2063 903 2237 959 pauca
2262 887 2547 943 inserenda
2569 898 2717 944 sunt.
2752 888 2982 960 Sanguis
3000 890 3083 946 vis
3106 900 3190 947 est
3213 890 3429 958 anima,
3461 901 3523 948 ut
3540 894 3659 963 qui-

2066 977 2190 1031 dam
2220 976 2401 1032 volunt
2431 994 2443 1030 :
2474 977 2542 1033 de
2575 977 2730 1047 cujus
2757 985 2950 1032 natura
2978 979 3281 1048 disputandi
3312 979 3529 1036 licentia
3552 997 3658 1037 non

2067 1068 2404 1134 conceditur,
2441 1067 2566 1138 quia
2598 1069 2751 1141 origo
2779 1067 2894 1138 ejus
2924 1079 3133 1125 secreta
3163 1070 3261 1127 soli
3306 1070 3418 1127 Deo
3443 1073 3659 1145 cognita

2065 1168 2169 1224 est,
2220 1158 2316 1213 sed
2340 1158 2408 1213 ad
2433 1157 2606 1214 basim
2635 1158 2820 1214 altaris
2846 1160 3139 1215 secundum
3167 1160 3298 1233 legis
3328 1172 3657 1233 przeceptum

2066 1247 2375 1314 effunditur,
2400 1247 2455 1304 id
2477 1257 2578 1314 est,
2596 1251 2851 1320 potestati
2869 1250 3065 1307 divinae
3083 1261 3137 1306 et
3164 1252 3456 1309 intellectui
3479 1269 3658 1312 reser—

2066 1346 2245 1394 vatur.
2276 1339 2416 1406 Quid
2454 1340 2597 1395 enim
2636 1348 2722 1397 est
2748 1341 3063 1413 sanguinem
3111 1344 3417 1411 comedere,
3463 1346 3565 1401 nisi
3595 1346 3661 1404 de

2066 1429 2261 1483 animae
2303 1430 2513 1500 origine
2559 1430 2876 1500 disputare?
2919 1431 3152 1504 Sanguis
3180 1449 3342 1507 opera
3369 1436 3570 1504 carnis,
3603 1444 3661 1492 ut

2067 1522 2121 1579 in
2153 1521 2447 1593 Apostolo:
2482 1539 2605 1577 caro
2628 1534 2676 1578 et
2714 1526 2929 1596 sanguis
2975 1541 3190 1598 regnum
3213 1526 3313 1582 Dei
3358 1545 3465 1583 non
3486 1530 3657 1602 possi—

2065 1614 2257 1669 debunt
2301 1612 2355 1684 (Ι
2391 1611 2513 1668 Cor.
2550 1614 2664 1689 xv).
2703 1614 2936 1689 Sanguis
2966 1631 3249 1690 peccatum
3279 1618 3570 1689 signiﬁcat,
3601 1630 3660 1676 ut

2067 1704 2120 1759 in
2137 1704 2327 1761 Amos:
2355 1702 2585 1774 Sanguis
2606 1707 2912 1778 sanguincnt
2937 1709 3124 1779 tetigit,
3152 1719 3362 1781 propter
3383 1709 3480 1764 hoc
3508 1709 3657 1782 luge-

2068 1793 2138 1849 bit
2159 1803 2299 1849 terra
2325 1791 2470 1866 (Ose.
2502 1793 2597 1866 tv).
2648 1794 2919 1870 Sanguine
2941 1801 3261 1872 sanguinem
3308 1808 3545 1873 tangere,
3578 1815 3662 1860 eSt

371 1904 642 1960 tantum,
673 1896 789 1953 sive
822 1896 945 1953 illos
965 1896 1348 1967 prmdicatores
1369 1894 1644 1966 Evangelii
1673 1892 1960 1964 promittit,
1994 1884 2037 1944 Β
2064 1895 2286 1959 peccata
2310 1886 2549 1956 peccatis
2575 1887 2943 1963 conjungere:
2977 1892 3241 1963 siquidem
3270 1909 3431 1950 omne
3468 1911 3659 1967 pecca-

371 2000 603 2054 quorum
640 1985 928 2057 imaginem
953 1986 1005 2041 in
1030 1985 1179 2040 vituli
1206 1985 1375 2057 ﬁgura
1399 1984 1574 2040 Lucas
1613 1983 1960 2055 Evangelista

371 2074 618 2145 suscipit,
648 2075 741 2145 qui
791 2089 899 2130 non
949 2074 1244 2145 mugitibus
1274 2088 1403 2129 aera
1452 2073 1825 2140 verberarem,
1871 2073 1965 2128 sed

370 2169 559 2224 orbem
591 2178 858 2224 terrarum
908 2169 1200 2224 Dominica:
1241 2167 1365 2224 ﬁdei
1404 2167 1788 2238 praedicatione
1819 2180 1965 2221 com-

369 2258 604 2328 plerent,
627 2259 744 2314 sive
769 2259 892 2315 illos
912 2259 1083 2331 magis
1126 2259 1323 2316 vitulos
1356 2259 1615 2316 debemus
1659 2258 1960 2321 advertere.

372 2349 464 2418 qui
488 2349 698 2406 animas
728 2365 857 2406 suas
882 2350 935 2405 iu
958 2350 1194 2406 hostiam
1246 2352 1531 2407 suavitatis
1568 2350 1740 2407 sacris
1777 2348 1964 2404 altari-

371 2438 475 2494 bus
494 2440 828 2496 obtulerunt.
870 2439 1006 2497 Nam
1040 2452 1098 2498 et
1124 2451 1297 2512 pater
1317 2441 1671 2515 Augustinus,
1719 2457 1843 2497 cum
1897 2440 1964 2499 de

374 2530 561 2602 ﬁguris
585 2531 691 2588 illis
715 2533 1044 2605 evangelicis
1076 2541 1350 2606 ageretur,
1378 2534 1613 2604 quodam
1645 2534 1764 2591 loco
1786 2534 1963 2605 ipsum

374 2621 662 2676 Dominum
683 2622 911 2678 vitulum
932 2622 1085 2690 dicit,
1115 2624 1208 2694 qui
1237 2639 1297 2680 se
1347 2624 1581 2680 hostiam
1620 2624 1814 2680 obtulit
1866 2638 1966 2695 pro

372 2712 545 2769 salute
573 2724 912 2770 cunctorum.
955 2715 1294 2797 Quapropter
1335 2718 1449 2774 sive
1492 2716 1561 2773 de
1611 2717 1966 2774 adolescenti.

372 2807 499 2872 bus,
530 2808 644 2864 sive
664 2809 731 2864 de
753 2810 1219 2880 praedicatoribus,
1245 2811 1359 2866 sive
1386 2812 1451 2867 de
1486 2809 1820 2882 martyribus
1842 2824 1966 2866 sen-

374 2898 571 2964 tiatur,
601 2899 736 2955 tales
765 2909 974 2956 tantum
1010 2901 1280 2972 Propheta
1316 2901 1519 2958 vitulos
1553 2901 1816 2958 altaribus
1858 2901 1965 2957 Do-

376 2989 509 3043 mini
557 2990 735 3059 potuit
782 2993 1121 3062 promittere,
1166 3009 1304 3063 quos
1357 2993 1681 3050 Christianae
1716 2992 1965 3064 religioni

377 3089 603 3135 noverat
638 3084 949 3138 convenire.
987 3082 1205 3140 Vitulus
1250 3084 1503 3141 Christus
1546 3086 1601 3140 in
1624 3084 1961 3155 Evangelio:

376 3171 635 3228 Adducite
656 3175 876 3229 vitulum
905 3176 1204 3248 saginatum
1229 3186 1277 3232 et
1293 3177 1692 3249 occidite(Luc.
1732 3177 1854 3249 xv).
1895 3178 1962 3234 Et

2069 1984 2182 2030 tum
2207 1974 2461 2031 occidens
2488 1977 2726 2032 animam
2750 1980 2997 2050 sanguini
3024 1991 3392 2052 comparatur,
3441 1984 3579 2039 sicut
3605 1985 3659 2038 in

2067 2068 2329 2140 propheta
2372 2082 2474 2137 pro
2507 2078 2795 2140 peccatore
2827 2071 3024 2126 dicitur
3050 2089 3064 2125 :
3107 2069 3335 2144 Sanguis
3362 2073 3477 2144 ejus
3506 2090 3664 2146 super

2066 2166 2220 2227 caput
2245 2157 2360 2227 ejus
2390 2155 2538 2227 (Ose.
2563 2160 2685 2232 xu).
2736 2160 2915 2232 Adeps
2939 2162 3205 2233 pinguedo
3227 2164 3416 2234 gratia:
3442 2165 3655 2222 divinae.

2066 2246 2123 2301 ln
2176 2246 2425 2316 psalmo:
2485 2246 2632 2303 Sicut
2696 2250 2849 2321 adipe
2899 2261 2946 2307 et
3012 2253 3328 2325 pinguedine
3399 2255 3663 2327 repleatur

2068 2335 2240 2411 (Psal.
2298 2340 2454 2412 Lm).
2488 2340 2669 2413 Adcps
2700 2344 3171 2414 compunctionem
3220 2347 3400 2404 cordis
3446 2359 3662 2406 sancto-

2067 2447 2207 2489 rum.
2239 2432 2296 2489 ln
2322 2433 2582 2499 Levitico,
2609 2444 2657 2490 et
2683 2436 2926 2507 imposito
2961 2437 3179 2509 desuper
3202 2430 3508 2495 holocausta
3531 2440 3660 2496 ado«

2066 2523 2186 2579 lebit
2212 2524 2391 2595 adipes
2438 2527 2783 2596 paciﬁcorum
2817 2527 2960 2599 (Leu.
3004 2528 3102 2600 vt).
3155 2529 3352 2601 Adeps,
3398 2531 3661 2602 spiritalis

2067 2614 2255 2686 gratiae
2281 2616 2623 2674 intellectus:
2665 2626 2723 2674 ut
2762 2619 2816 2674 in
2845 2620 3093 2690 psalmo:
3131 2631 3180 2677 et
3219 2622 3373 2693 adipe
3414 2624 3662 2694 frumenti

2066 2704 2222 2761 satiat
2249 2715 2298 2762 te
2325 2704 2501 2779 (Psal.
2529 2724 2753 2781 curn).
2782 2709 3007 2781 Adipes,
3035 2726 3155 2781 qua:
3175 2713 3428 2784 operiunt
3454 2713 3664 2786 genita—

2067 2796 2161 2865 lia,
2193 2812 2313 2870 qua:
2355 2800 2565 2856 comedi
2609 2802 2982 2874 prohibentur,
3012 2805 3207 2861 animae
3238 2807 3411 2878 origo,
3442 2807 3587 2864 sicut
3607 2815 3664 2864 et

2067 2888 2314 2960 superius
2339 2890 2406 2946 de
2435 2891 2699 2964 sanguine
2731 2893 2932 2949 dictum
2958 2902 3065 2959 est,
3092 2909 3123 2951 a
3147 2894 3471 2968 quihusdam
3499 2896 3662 2969 signi-

2068 2979 2222 3036 ﬁcari
2255 2980 2472 3043 videtur
2498 2982 2553 3038 in
2584 2983 3052 3057 Levitico:Adeps
3080 2987 3387 3047 crassitudo
3416 2988 3655 3056 malitia,

2068 3083 2128 3141 ut
2155 3077 2210 3132 in
2238 3078 2479 3147 psalmo:
2512 3080 2721 3138 Prodiit
2743 3086 2896 3155 quasi
2921 3102 2987 3141 ea:
3010 3086 3165 3158 adipe
3190 3088 3444 3160 iniquitas
3478 3105 3659 3146 eorum

2069 3165 2598 3241 (Psal.t.xxu).ltem
2646 3192 2662 3229 :
2731 3175 3658 3254 adipemeoncluseruntU’sal.xw).

375 3265 430 3319 in
460 3264 622 3319 aliam
649 3274 860 3335 partem
896 3282 912 3321 :
945 3240 1015 3322 Et
1042 3270 1360 3324 comminues
1382 3286 1490 3336 eos,
1528 3278 1780 3341 tanquam
1831 3270 1964 3326 uitu-

2068 3254 2384 3317 Crassitudo
2410 3240 2609 3319 duritia
2632 3269 2718 3318 est
2745 3240 2945 3327 cordis.
2976 3264 3033 3325 1n
3059 3267 3319 3337 propheta
3338 3240 3358 3322 ἐ
3391 3240 3664 3326 Incrassa-

375 3355 456 3410 los
482 3355 673 3412 Libani
701 3355 885 3430 (Psal.
910 3360 1133 3434 xxvm).
1166 3361 1355 3428 Vituli,
1390 3363 1564 3418 sancti
1595 3361 1702 3419 ﬁde
1722 3376 1965 3418 crescen-

2069 3354 2181 3401 tum
2206 3356 2283 3403 est
2310 3364 2401 3404 cor
2427 3350 2608 3422 populi
2634 3352 2792 3423 hujus
2820 3352 2956 3425 (Isa.
2980 3355 3097 3428 v1);
3137 3357 3268 3413 etin
3289 3357 3422 3415 Job:
3444 3358 3660 3430 Operuit

367 3453 460 3500 tes
483 3455 540 3501 et
564 3463 595 3502 a
611 3446 743 3521 jugo
767 3449 899 3521 legis
920 3448 1089 3505 libera
1116 3450 1253 3507 colla
1285 3451 1569 3508 habentes.
1594 3450 1965 3518 Vituli,Judaei
2068 3443 2365 3498 εναεδίιαάο
2387 3445 2504 3516 eius
2524 3446 2733 3516 Γασίεηι,
2765 3458 2813 3505 ει
2833 3449 2899 3504 de
2933 3450 3184 3508 ιαιθνδίηω
3215 3452 3330 3518 εἰπε
3356 3453 3541 3509 animi
3563 3453 3660 3509 ἀθ-

375 3537 736 3596 lascivientes.
776 3541 846 3596 In
884 3541 1094 3612 psalmo
1137 3560 1152 3598 :
1198 3542 1667 3600 Circumdedcrunt
1691 3562 1773 3600 me
1818 3545 1969 3600 vituli

373 3628 549 3695 multi,
570 3633 716 3684 tauri
745 3632 961 3702 pingues
983 3633 1292 3690 obsederunt
1314 3653 1394 3691 me
1421 3635 1604 3709 (Psal.
1634 3636 1782 3709 χχι).
1814 3637 1968 3694 Tunc

377 3734 511 3791 ergo
550 3718 606 3773 in
650 3720 848 3776 malam
892 3732 1100 3794 partem
1142 3726 1293 3782 vituli
1336 3726 1658 3799 signiﬁcatio
1711 3728 1965 3794 trahitur,

378 3818 597 3887 quando
622 3820 975 3891 petulantiam
1006 3832 1167 3893 atque
1190 3824 1464 3880 lasciviam
1515 3824 1786 3897 signiﬁcat
1838 3840 1968 3896 per-

380 3923 684 3966 versorum.
717 3912 870 3968 Unde
894 3912 986 3969 ﬁlii
1018 3914 1182 3970 Israel
1196 3917 1249 3972 in
1265 3917 1480 3973 deserto
1505 3933 1758 3989 perversa
1783 3925 1969 3973 mente

378 4000 738 4057 i»'ololatriam
790 4003 842 4058 in
887 4005 1240 4063 similitudine
1293 4007 1448 4063 vituli
1501 4015 1883 4073 exercuerunt,
1914 4016 1972 4064 et

376 4088 687 4158 Jeroboam,
737 4093 928 4150 relicto
987 4096 1082 4152 Dei
1146 4098 1346 4168 templo
1371 4139 1385 4162 ,
1440 4099 1581 4170 quod
1622 4108 1742 4155 erat
1788 4099 1844 4154 in
1881 4098 1970 4155 Je-

381 4181 634 4247 rusalem,
667 4182 1015 4241 simulacrum
1071 4189 1223 4244 vituli
1262 4189 1437 4258 ﬁnxit,
1488 4199 1544 4246 et
1587 4186 1772 4247 divino
1821 4190 1968 4246 cultu

379 4271 685 4329 honoravit.
729 4273 865 4331 Hinc
885 4279 1145 4348 scriptum
1187 4287 1270 4336 est
1323 4281 1377 4336 in
1422 4281 1630 4353 psalmo
1663 4300 1674 4336 :
1708 4279 1968 4337 Fecerunt

382 4363 598 4419 vitulum
626 4368 683 4420 in
712 4363 913 4423 Choreb
938 4380 988 4424 et
1014 4372 1364 4427 adoraverunt
1383 4372 1623 4445 sculptile
1647 4373 1667 4446 (
1679 4371 1827 4429 Psal.
1844 4373 1964 4448 cv).

377 4454 592 4512 Choreb
617 4458 1150 4533 verointerpretatur
1167 4461 1543 4529 Calvaria,ubi
1568 4474 1755 4535 postea
1784 4465 1968 4521 Domi-

2066 3535 2255 3603 pendet
2296 3535 2419 3608 (Job
2482 3537 2597 3612 xv).
2627 3538 2878 3606 Medulla,
2928 3543 3285 3613 cogitationes
3309 3553 3512 3603 sancta:
3549 3547 3664 3604 sive

2070 3628 2418 3697 compunctio
2440 3644 2508 3685 ex
2536 3630 2730 3689 intimo
2752 3634 2917 3690 corde
2941 3635 3240 3705 procedens
3278 3637 3333 3693 in
3361 3636 3620 3709 psalterio
3645 3656 3660 3694 :

2072 3715 2398 3775 Holocausta
2427 3721 2716 3779 medullula
2760 3725 2979 3795 offeram
3012 3726 3106 3782 tibi
3141 3726 3314 3800 (Psal.
3342 3728 3494 3803 va),
3523 3738 3579 3786 et
3606 3730 3660 3787 in

2069 3810 2267 3866 malam
2298 3819 2505 3883 partem
2533 3815 2600 3871 de
2645 3816 2891 3887 reprobis
2917 3817 2971 3873 in
2998 3817 3282 3874 Ezechiele
3317 3819 3519 3876 dicitur
3546 3838 3560 3876 :
3590 3819 3661 3875 Et

2068 3898 2374 3971 iniquitates
2412 3918 2594 3957 eorum
2643 3903 2698 3960 in
2735 3905 2936 3962 ossibus
2981 3923 3165 3962 eorum
3193 3907 3410 3977 (Ezech.
3461 3909 3659 3981 χχιιι).

2070 3990 2255 4047 Bubali
2304 3994 2477 4048 vocati
2510 4009 2609 4064 per
2657 3995 3071 4062 derivationem,
3119 3998 3266 4067 quod
3298 3998 3409 4055 sint
3452 3999 3659 4058 similes

2069 4078 2259 4148 boum,
2306 4081 2443 4140 adeo
2467 4083 2713 4140 indomiti
2733 4125 2748 4152 ,
2776 4095 2836 4142 ut
2861 4101 2961 4157 pro
2983 4087 3200 4145 feritate
3222 4089 3412 4161 iugum
3435 4092 3659 4148 cervici~

2069 4173 2172 4229 bus
2193 4190 2300 4231 non
2322 4175 2609 4246 recipiant,
2653 4177 2754 4234 hos
2775 4178 2964 4237 Africa
2992 4191 3265 4251 procreat.
3296 4183 3391 4240 Uri
3415 4195 3660 4257 agrestes

2068 4263 2232 4321 boves
2258 4273 2385 4322 sunt
2411 4266 2466 4322 in
2491 4266 2805 4336 Germania,
2854 4270 3114 4329 habentes
3139 4288 3343 4332 cornua
3366 4276 3421 4331 in
3450 4284 3659 4336 tantum

2067 4364 2344 4427 protensa,
2385 4366 2446 4414 ut
2473 4360 2637 4431 regiis
2680 4363 2887 4419 mensis
2916 4364 3115 4435 insigni
3151 4368 3454 4439 capacitate
3484 4386 3551 4427 ex
3579 4373 3661 4430 eis

2067 4447 2267 4517 gerula;
2294 4448 2445 4505 ﬁant.
2498 4450 2558 4507 ln
2588 4452 2799 4509 bubulis
2823 4463 3005 4511 autem
3032 4457 3116 4514 vel
3151 4460 3266 4516 uris
3306 4471 3535 4531 possunt
3571 4480 3662 4521 ac-

378 4556 506 4649 uum
538 4548 721 4655 crpcis
754 4549 999 4655 Patibulp
1022 4567 1192 4654 carne
1238 4555 1745 4655 constat-pecisum,
1799 4563 1863 4655 ut
1913 4555 1967 4610 in
1995 4593 2047 4655 Β
2069 4539 3412 4655 ξξᾼθεὶίξίξιξιξηειῑοξθειρίεδίετ
3438 4554 3530 4624 qui
3558 4554 3660 4655 δῆ-

378 4637 496 4707 ipso
517 4638 819 4708 eodemque
839 4640 1058 4700 nomine
1075 4641 1188 4711 jam
1225 4654 1354 4700 tunc
1376 4653 1434 4701 et
1453 4645 1547 4701 illo
1574 4647 1789 4703 deserto
1821 4647 1965 4704 Cho-

379 4730 477 4783 reb
496 4730 764 4785 culturam
811 4734 1025 4789 Domini
1056 4735 1244 4806 perﬁdi
1284 4734 1517 4792 nefanda
1547 4740 1966 4810 praesumptione

379 4819 674 4888 violarent,
723 4838 953 4895 quorum
1001 4827 1292 4897 posteritas
1324 4835 1441 4883 erat
1474 4827 1527 4883 in
1564 4827 1823 4884 Calvariaa
1848 4829 1967 4885 loco

380 4911 709 4968 cruciﬁxura
729 4914 1017 4971 Dominum
1041 4917 1342 4973 Christum.
1362 4918 1496 4975 Illud
1510 4934 1726 4990 quoque
1754 4920 1965 4975 mstimo

381 5002 856 5071 considerandum,
906 5008 1050 5076 quod
1090 5007 1247 5074 dixit,
1295 5010 1645 5064 adoraverunt
1690 5010 1961 5080 sculptile;

381 5092 508 5164 quia
541 5094 594 5149 in
620 5094 806 5153 Exodo
845 5096 1075 5169 legimus
1120 5098 1348 5154 vitulum
1384 5099 1712 5157 conﬂatilem
1758 5101 1967 5159 collatis

380 5187 716 5244 ornamentis
744 5199 1090 5248 monstruoso
1119 5193 1351 5263 quodam
1396 5194 1593 5250 indicio
1646 5194 1814 5250 fuisse
1860 5195 1969 5252 for-

379 5284 612 5331 matum.
643 5277 749 5335 Sed
775 5280 911 5337 duas
936 5298 1027 5339 res
1054 5282 1145 5339 hic
1173 5284 1344 5342 dictas
1369 5285 1629 5343 debemus
1659 5287 1880 5353 habere,
1914 5289 1967 5344 id

379 5372 466 5419 est
485 5366 631 5437 quod
648 5367 874 5426 vitulum
909 5372 1257 5430 adoraverint
1284 5376 1337 5430 in
1366 5375 1601 5441 deserto,
1627 5385 1682 5432 et
1701 5378 1967 5449 sculptilis

383 5455 466 5510 vel
496 5457 784 5515 simulacra
811 5462 868 5518 in
887 5464 1324 5535 repromissionis
1347 5474 1492 5523 terra
1504 5466 1798 5536 coluerint;
1825 5469 1969 5540 quod

381 5544 438 5600 in
458 5548 914 5622 subsequentibus
936 5554 1052 5625 ipse
1094 5555 1339 5612 dicturus
1381 5567 1467 5612 est
1504 5576 1516 5612 :
1554 5568 1603 5612 et
1642 5567 1969 5613 mutaverunt

377 5635 604 5708 gloriam
631 5661 783 5700 suam
804 5647 858 5701 in
885 5647 1282 5703 similitudinem
1308 5648 1459 5704 vituli
1487 5650 1858 5706 manducantis
1889 5649 1970 5720 fe-

379 5742 508 5785 Itum
536 5732 771 5810 (lbid.).
808 5735 992 5795 Gloria
1038 5753 1227 5794 eorum
1275 5738 1375 5794 fuit
1433 5741 1654 5797 adorata
1694 5740 1968 5807 divinitas,

380 5833 543 5891 quam
597 5826 798 5886 infelici
856 5831 1277 5887 commutatione
1338 5834 1636 5903 pendentes
1697 5847 1868 5905 usque
1905 5835 1972 5891 ad

2072 4631 2265 4688 bentes
2314 4632 2725 4695 similitudinem
2772 4637 3038 4696 bonorum
3062 4639 3345 4700 doctorum
3397 4644 3452 4701 in
3491 4648 3659 4718 gradu

2073 4722 2158 4778 vel
2181 4721 2381 4790 ollicio,
2407 4725 2550 4795 quod
2570 4735 2822 4796 gestant:
2854 4730 2948 4786 sed
2978 4731 3227 4802 superbia
3268 4741 3561 4804 tumentes,
3606 4746 3664 4793 et

2071 4814 2126 4870 in
2160 4807 2416 4873 cornibus
2463 4820 2721 4887 potentiae
2762 4822 3051 4880 mundana:
3094 4825 3274 4895 potius
3328 4827 3661 4885 conﬁdentes

2071 4920 2235 4976 quam
2265 4908 2318 4963 in
2360 4909 2603 4965 divinum
2635 4912 2897 4969 auxilium
2919 4955 2934 4980 ,
2988 4924 3179 4972 contra
3206 4916 3518 4986 Apostolum
3562 4919 3661 4975 eli-

2070 5005 2205 5064 gunt
2228 4996 2493 5054 dominari
2525 5000 2577 5054 in
2611 5001 2791 5067 cleris,
2821 5018 2927 5059 non
2957 5003 3128 5060 forma
3156 5006 3272 5060 ﬁeri
3301 5006 3499 5079 gregis,
3542 5009 3662 5078 qui-

2070 5088 2170 5143 bus
2200 5089 2460 5147 Dominus
2498 5107 2597 5162 per
2622 5096 2942 5165 prophetam
2993 5098 3383 5165 comminatur,
3431 5100 3656 5157 dicens:

2082 5177 2173 5235 Va:
2193 5182 2488 5251 pastoribus
2509 5183 2700 5251 Israel,
2719 5187 2809 5257 qui
2824 5189 3101 5258 pascebant
3125 5191 3442 5262 semetipsos.
3470 5190 3662 5249 Nonne

2070 5288 2248 5342 greges
2283 5284 2574 5344 pascuntur
2599 5293 2631 5330 a
2665 5279 2961 5347 pastoribus
2982 5279 3009 5332 Ρ
3057 5278 3166 5334 Lac
3207 5282 3574 5349 comedebatis,
3610 5294 3660 5339 et

2071 5361 2210 5417 lanis
2238 5365 2566 5433 operiebatis,
2606 5377 2654 5420 et
2685 5369 2824 5438 quod
2860 5385 3096 5425 crassum
3135 5382 3271 5439 erat,
3312 5374 3660 5443 occidebatis;

2071 5467 2276 5523 gregem
2298 5461 2473 5507 autem
2500 5470 2671 5509 meum
2696 5472 2800 5511 non
2839 5458 3131 5528 poscebatis
3151 5474 3171 5512 :
3203 5463 3346 5532 quod
3393 5464 3661 5533 inﬁrmant

2070 5552 2202 5607 erat,
2235 5559 2341 5599 non
2370 5544 2735 5602 consolidastis
2765 5565 2777 5602 :
2824 5558 2873 5605 et
2901 5549 3041 5621 quod
3061 5563 3314 5623 ingratum
3332 5596 3348 5623 ,
3375 5573 3481 5613 non
3503 5573 3663 5613 sana-

2071 5635 2166 5690 stis
2193 5652 2207 5687 :
2238 5636 2377 5707 quod
2417 5635 2643 5705 fractum
2674 5649 2773 5706 est,
2823 5657 2927 5696 non
2955 5642 3254 5716 alligastis:
3281 5656 3331 5703 et
3354 5649 3495 5721 quod
3523 5649 3661 5721 obje—

2072 5733 2213 5780 rtum
2235 5735 2330 5795 est,
2350 5744 2453 5784 non
2476 5729 2756 5786 reduxistis
2782 5749 2796 5788 :
2821 5734 2960 5805 quod
2975 5736 3221 5806 perierat,
3238 5754 3343 5795 non
3366 5740 3628 5811 quasistis
3643 5753 3662 5792 .'

2077 5818 2168 5873 sed
2204 5833 2320 5874 cum
2370 5820 2673 5877 austeritate
2719 5823 3057 5898 imperabatis
3092 5826 3169 5883 eis
3205 5837 3255 5885 et
3296 5846 3416 5886 cum
3433 5829 3662 5901 potentia
