4072 6198
387 406 486 462 2H

1036 398 1101 461 Β.
1139 398 1391 462 tunam
1429 406 1645 464 usus:
1682 412 1999 469 ARClilEP.
2041 414 2351 472 uocum.
2391 392 2675 468 ornauit
2728 414 2910 471 rans
2946 414 3009 471 ιι.

3541 420 3648 477 212

387 522 519 578 Usa.
551 531 755 594 xxxxv).
796 522 1028 578 Camelis
1053 538 1215 579 causa
1236 540 1430 579 nomen
1458 524 1626 592 dedit,
1657 528 1771 582 sive
1795 528 1961 599 quod,
1991 531 2039 591 A
2065 529 2266 583 solutus
2297 529 2386 583 vel
2416 528 2641 599 fundens
2686 546 2699 581 :
2736 528 2877 585 Saba
2916 532 3178 585 conversio
3230 532 3315 588 vel
3355 535 3649 605 captivitas.

386 617 601 685 quando
651 624 983 682 onerantur,
1030 621 1093 669 ut
1133 615 1411 671 breviores
1456 622 1510 670 et
1557 617 1787 673 humiles
1816 618 1966 686 ﬁant,

386 706 704 760 accumbunt
731 704 873 775 (quia
899 705 1056 775 δι’ωοί
1081 706 1255 761 eamai
1275 706 1476 762 humile
1498 715 1553 762 et
1576 709 1739 763 breve
1764 708 1967 779 dicunt)

386 795 499 848 sive
553 793 678 864 quia
742 810 937 849 curvus
998 804 1082 849 est
1136 796 1315 851 dorso.
1371 795 1569 852 Camur
1615 799 1760 853 enim
1804 799 1970 855 verbo

384 899 560 953 gnsco
600 898 824 938 curvum
855 884 1143 955 signiﬁcat.
1195 885 1304 941 llos
1330 885 1456 941 licet
1500 899 1553 941 et
1578 888 1695 943 alia:
1722 889 1969 960 regiones

386 977 623 1042 mittant,
652 978 744 1031 sed
770 974 968 1030 Arabia
998 977 1258 1047 plurimos
1286 997 1297 1032 :
1354 977 1610 1034 diﬁ'erunt
1635 988 1811 1035 autem
1840 980 1963 1035 sibi.

384 1068 519 1124 Nam
548 1067 764 1123 Arabici
803 1066 929 1122 bina
973 1069 1162 1123 tubera
1203 1069 1257 1123 in
1290 1069 1451 1124 dorso
1477 1070 1694 1133 habent,
1727 1070 1963 1140 reliqua-

386 1177 503 1216 rum
526 1158 802 1233 regionum
821 1158 1046 1231 singula.
1074 1158 1276 1214 Cameli
1296 1174 1426 1215 vero
1448 1160 1663 1215 nomine
1681 1159 1966 1229 aliquando

386 1250 439 1304 in
477 1264 633 1305 sacro
683 1248 897 1318 eloquio
945 1248 1225 1316 Dominus,
1260 1249 1546 1319 aliquando
1586 1258 1764 1305 autem
1793 1251 1966 1321 genti-

383 1338 514 1393 lium
549 1337 800 1408 superbia
834 1337 1185 1408 exprimitur,
1238 1338 1391 1407 quasi
1421 1348 1768 1394 excrescente
1800 1340 1962 1396 desu-

385 1445 481 1499 per
509 1437 719 1483 tumore
748 1435 1006 1483 tortuosa.
1039 1426 1301 1483 Dromeda
1333 1443 1500 1498 genus
1527 1428 1854 1483 camelorum
1881 1437 1968 1483 est

385 1516 609 1575 minoris
638 1514 854 1588 quidem
879 1527 1122 1583 statuae,
1162 1518 1255 1573 sed
1284 1518 1585 1583 velocioris,
1615 1520 1755 1573 unde
1790 1529 1844 1573 et
1869 1535 1967 1575 uo-

387 1628 510 1667 men
547 1612 730 1667 habet.
795 1611 931 1666 Nam
991 1613 1209 1667 dromos
1251 1611 1437 1669 Grmce
1473 1628 1663 1668 cursus
1708 1613 1965 1670 velocitas

386 1702 721 1773 appellatur:
765 1712 979 1759 centum
1018 1712 1073 1759 et
1110 1703 1337 1773 amplius
1363 1701 1528 1757 millia
1568 1719 1677 1760 uno
1714 1704 1800 1758 die
1843 1719 1967 1774 per-

384 1811 510 1865 gere
535 1795 691 1852 solet.
741 1794 896 1862 Quod
922 1794 1141 1859 animal,
1172 1795 1313 1849 sicut
1349 1795 1447 1849 bos
1474 1802 1529 1849 et
1560 1794 1677 1849 ovis
1701 1803 1755 1850 et
1781 1808 1961 1849 came-

385 1883 487 1950 lus,
541 1886 798 1941 ruminat.
840 1884 1155 1939 Ruminatio
1185 1891 1363 1939 autem
1415 1884 1553 1939 dicta
1602 1892 1687 1939 est
1736 1900 1766 1938 a
1811 1900 1962 1939 ruma
1993 1866 2038 1925 Β

383 1977 654 2032 eminente
698 1977 930 2047 gutturis
956 1984 1137 2046 parte,
1171 1989 1266 2045 per
1291 1989 1452 2043 quam
1479 1974 1730 2030 dimissus
1754 1975 1906 2031 cibus
1932 1991 1964 2030 a

384 2067 548 2122 certis
601 2074 888 2122 revocatur
942 2065 1285 2121 animalibus.
1342 2064 1593 2120 Camelus
1644 2073 1825 2120 autem
1875 2073 1968 2121 aut

381 2160 580 2215 Christi
608 2159 964 2215 humilitatem
992 2159 1283 2225 signiﬁcat,
1313 2158 1404 2229 qui
1426 2172 1591 2212 onera
1620 2165 1965 2228 peccatorum

382 2259 687 2307 nostrorum
715 2251 986 2322 portabat,
1034 2257 1126 2304 aut
1178 2249 1429 2321 gentilem
1456 2249 1708 2320 p0pulum
1738 2264 1963 2305 conver-

384 2355 501 2394 sum
532 2340 599 2394 ad
630 2339 788 2394 ﬁdem
811 2338 1196 2393 Christianam.
1221 2338 1372 2406 Quod
1404 2339 1456 2392 in
1481 2339 1765 2409 Evangelio
1788 2340 1968 2396 Domi-

386 2447 484 2486 nus
504 2430 579 2484 ait
605 2448 618 2483 :
648 2427 885 2484 Facilius
908 2439 980 2485 est
1001 2429 1253 2483 camelum
1282 2446 1375 2499 per
1394 2428 1630 2499 foramen
1648 2447 1776 2484 acus
1796 2440 1966 2485 trans-

383 2520 460 2573 ire
484 2534 644 2590 quam
671 2518 878 2571 diuitem
908 2519 1105 2571 intrare
1131 2519 1187 2571 in
1235 2534 1451 2588 regnum
1480 2517 1724 2573 coriorum
1751 2518 1963 2590 (Matth.

387 2609 499 2678 xix)
521 2647 536 2674 ,
583 2607 841 2673 ostendit,
871 2605 1081 2662 facilius
1110 2606 1381 2663 Christum
1406 2608 1515 2677 pati
1541 2623 1641 2677 pro
1690 2608 1964 2664 dilectori-

387 2702 487 2755 bus
537 2700 752 2763 saeculi,
785 2715 946 2769 quam
1000 2699 1287 2756 dilectores
1338 2700 1517 2755 saeculi
1572 2701 1640 2755 ad
1690 2699 1963 2756 Christum

381 2808 543 2865 posse
572 2794 831 2849 converti.
872 2793 1073 2849 Cameli
1117 2795 1261 2849 enim
1289 2795 1506 2849 nomine
1529 2810 1586 2851 se
1614 2794 1837 2867 intelligi
1872 2812 1967 2852 vo-

387 2883 503 2951 luit,
530 2885 655 2955 quia
682 2893 869 2954 sponte
891 2884 1202 2941 humiliatus
1225 2886 1554 2942 inﬁrmitatis
1582 2894 1780 2943 nostra:
1799 2902 1963 2943 onera

387 2975 641 3044 suscepit.
674 2973 730 3028 in
757 2989 864 3044 quo
889 2973 1030 3028 enim
1058 2973 1390 3029 manifestius
1416 2974 1759 3047 intelligitur,
1801 2991 1964 3047 quam

387 3064 441 3119 in
468 3064 604 3134 ipso,
649 3065 791 3134 quod
819 3063 1078 3133 scriptum
1107 3070 1190 3118 est
1220 3079 1233 3116 :
1265 3062 1473 3129 Quanto
1496 3081 1718 3137 magnus
1740 3082 1823 3130 es,
1870 3067 1965 3121 Im-

385 3151 534 3207 milia
560 3161 607 3207 te
626 3153 679 3205 in
709 3146 1347 3222 omnibus(Eecli.m).Per
1360 3169 1514 3210 acum
1529 3162 1711 3211 autem
1722 3157 1966 3226 punctio-

2069 619 2241 675 Cedar
2265 619 2487 674 tenebrae
2521 637 2533 674 :
2560 618 2790 674 Nabaiot
2815 621 3115 691 prophetiae.
3147 620 3350 693 G‘reges
3370 623 3532 694 igitur
3560 642 3652 683 ca-

2069 711 2349 776 melorum,
2380 711 2433 766 id
2458 719 2573 775 est,
2619 710 2843 766 divitum
2873 720 2928 767 et
2952 721 3318 783 peccatorum,
3350 716 3652 785 iniquitatis

2068 803 2294 858 vinculis
2342 802 2582 869 resoluti,
2637 810 2693 856 et
2738 803 2948 858 animas
2998 819 3124 859 suas
3149 803 3485 861 eliuudeutes
3511 808 3644 872 Deo,

2066 893 2307 962 operient
2328 891 2623 947 Jerusalem
2670 893 3023 958 muneribus;
3062 902 3115 949 et
3159 908 3348 950 omnes
3375 895 3442 950 de
3480 897 3649 965 capti-

2066 983 2231 1037 vitate
2251 984 2483 1046 venient,
2511 991 2569 1039 et
2585 984 2936 1039 conversione
2959 999 3053 1039 sua
3080 1000 3272 1039 aurum
3303 984 3426 1041 ﬁdei
3444 997 3499 1041 et
3524 990 3648 1044 thus

2065 1072 2313 1127 sacriﬁcii
2344 1071 2619 1127 deferent:
2661 1075 2927 1128 intentum
2956 1073 3321 1142 proﬁcientes,
3353 1084 3413 1131 ut
3442 1085 3496 1130 et
3521 1077 3644 1135 aliis

2066 1164 2356 1233 praedicent
2395 1163 2633 1218 salutare
2663 1164 2777 1218 Dei.
2810 1163 3009 1219 Asinus
3031 1173 3087 1219 et
3113 1165 3311 1221 asellus
3345 1181 3376 1220 a
3410 1168 3645 1225 sedendo

2066 1252 2259 1317 dictus,
2297 1254 2449 1321 quasi
2480 1253 2746 1308 aseddus:
2800 1255 2893 1310 sed
2932 1255 3034 1309 hoc
3062 1270 3258 1311 nomen
3284 1258 3428 1326 quod
3474 1262 3648 1332 magis

2065 1340 2219 1410 equis
2273 1341 2646 1408 conveniebat,
2691 1343 2813 1399 ideo
2850 1345 2953 1400 hoc
2994 1344 3196 1399 animal
3238 1349 3466 1417 sumpsit
3520 1352 3643 1420 quia

2064 1430 2372 1500 priusquam
2401 1445 2569 1500 equos
2593 1441 2847 1502 caperent
2878 1435 3146 1499 homines,
3199 1435 3323 1490 huic
3352 1439 3642 1506 praesidere

2064 1532 2364 1594 cteperunt.
2393 1524 2604 1579 Animal
2626 1526 2820 1595 quippe
2845 1529 3144 1591 tardum,et
3167 1529 3307 1583 nulla
3333 1531 3541 1586 ratione
3562 1549 3644 1588 re-

2064 1613 2272 1676 nitens,
2304 1614 2484 1668 statim
2526 1623 2584 1669 ut
2614 1615 2799 1678 voluit,
2831 1616 2931 1671 sibi
2962 1618 3123 1673 homo
3166 1619 3479 1675 substravit.
3523 1623 3645 1678 Asi-

2064 1717 2255 1756 norum
2320 1718 2532 1772 quoque
2588 1704 2677 1758 vel
2731 1705 3003 1760 asinamm
3066 1708 3291 1764 nomine
3359 1710 3644 1780 aliquando

2065 1792 2459 1848 luxuriosorum
2485 1794 2796 1864 petulantia,
2828 1795 3114 1865 aliquando
3134 1801 3488 1856 mansuetudo
3511 1802 3643 1856 sim-

2065 1884 2323 1955 plicium,
2374 1885 2661 1955 aliquando
2711 1886 2935 1941 stultitia
2985 1889 3263 1956 gentilium
3307 1891 3638 1962 designatur.

2065 1974 2265 2028 Asinus
2291 1974 2434 2027 enim
2469 1975 2726 2044 mystice,
2773 1977 2914 2045 quod
2958 1978 3174 2033 brutum
3221 1988 3276 2034 et
3300 1981 3639 2037 libidinosum

2065 2072 2148 2118 est
2184 2064 2404 2127 animal,
2435 2072 2530 2118 aut
2552 2066 2801 2135 gentilem
2823 2067 3073 2137 pupulum
3100 2069 3181 2140 (ut
3200 2072 3454 2143 diximus)
3484 2073 3644 2144 signi-

2067 2153 2214 2219 ﬁcat,
2259 2171 2421 2225 super
2449 2170 2610 2225 quem
2658 2156 2912 2212 Dominus
2942 2160 3130 2215 sedere
3182 2161 3432 2230 dignatus
3458 2174 3541 2218 est
3571 2165 3640 2219 ad

2065 2244 2495 2316 Hierosolymam
2519 2248 2764 2312 tendens,
2793 2256 2853 2300 ut
2874 2263 2996 2301 eum
3023 2247 3321 2318 subjectum
3344 2250 3561 2317 faceret,
3588 2265 3644 2308 et

2065 2340 2131 2393 ad
2165 2339 2438 2394 cmltsstem
2485 2341 2712 2410 patriam
2757 2342 3109 2411 perduceret:
3144 2352 3239 2398 aut
3285 2345 3507 2399 stultum
3547 2347 3642 2400 ho-

2065 2428 2286 2493 minem,
2336 2438 2391 2482 et
2417 2429 2685 2484 luxuriam
2732 2432 2891 2485 istius
2918 2433 3107 2486 mundi
3154 2436 3521 2491 tantummodo
3552 2453 3638 2491 se-

2066 2526 2319 2572 ctantem.
2336 2518 2488 2574 Unde
2505 2518 2669 2574 Jacob
2691 2522 2755 2574 ad
2785 2521 3029 2576 lssachar
3052 2522 3217 2578 ﬁlium
3237 2539 3415 2589 suum,
3446 2528 3535 2595 qui
3563 2529 3641 2580 ἰη-

2065 2616 2391 2677 terpretatur
2417 2625 2632 2673 merces,
2661 2610 2736 2663 ait
2765 2624 2779 2663 :
2816 2609 3065 2666 Issachar
3094 2613 3271 2667 asinus
3304 2615 3456 2683 fortis
3482 2632 3639 2669 arcu-

2066 2695 2193 2750 bans
2222 2697 2357 2750 inter
2384 2698 2659 2763 terminos,
2693 2698 2821 2752 vidit
2860 2700 3113 2769 requiem,
3153 2702 3291 2772 quod
3326 2712 3454 2757 esset
3484 2702 3641 2769 bona,

2064 2794 2114 2838 et
2139 2794 2355 2851 terram,
2389 2787 2528 2856 quod
2566 2788 2780 2857 optima,
2811 2799 2857 2842 et
2881 2793 3148 2861 supposuit
3171 2793 3444 2847 humerum
3487 2811 3640 2849 suum

2064 2877 2136 2933 ad
2160 2879 2509 2948 portandum,
2556 2879 2827 2950 factusque
2859 2892 2934 2936 est
2977 2883 3182 2937 tributis
3221 2885 3447 2939 serviens
3487 2884 3637 2956 (Gen.

2066 2969 2234 3037 ms).
2282 2967 2508 3024 Gentilis
2554 2986 2681 3039 ergo
2720 2971 2984 3041 populus,
3036 2989 3193 3042 quem
3238 2975 3495 3031 Dominus
3519 2990 3640 3030 san-

2065 3060 2243 3133 guinis
2275 3061 2357 3116 sui
2385 3061 2558 3129 pretio
2587 3073 2855 3118 mercatus
2883 3072 2993 3129 est,
3045 3065 3193 3133 prius
3227 3067 3378 3134 quasi
3422 3067 3638 3122 brutum

2066 3159 2132 3221 et,
2159 3151 2488 3207 luxuriosum
2516 3153 2713 3207 animal
2738 3163 2875 3219 erat,
2933 3156 3180 3225 nullaque
3222 3158 3428 3213 ratione
3468 3158 3641 3214 subsi-

386 3261 484 3301 nes
514 3246 907 3316 signiﬁcantur,
931 3216 1029 3316 per
1053 3216 1368 3315 punctiones
1391 3246 1605 3302 dolores
1634 3248 1687 3302 in
1718 3216 1966 3318 passione
1992 3216 2037 3279 C
2068 3216 2239 3299 stetis.
2285 3241 2439 3298 Nunc
2466 3259 2600 3298 vero
2619 3244 2775 3299 fortis
2802 3216 2906 3309 est,
2931 3216 3198 3301 Salvatori
3225 3255 3413 3302 nostro
3444 3247 3642 3303 mentis

389 3337 641 3407 suscepti.
683 3335 944 3392 Foramen
984 3351 1111 3408 ergo
1148 3351 1278 3393 acus
1304 3337 1435 3393 dicit
1463 3339 1738 3409 angustias
1762 3339 1969 3409 passio-

387 3427 493 3489 nis,
520 3441 624 3496 qua
654 3426 819 3481 scissa
846 3434 1043 3481 nostra:
1070 3427 1220 3498 quasi
1250 3426 1567 3483 vestimenta
1598 3436 1806 3483 naturae
1834 3445 1968 3500 quo-

387 3519 676 3574 dammodo
701 3519 985 3584 resarcire,
1013 3519 1066 3574 id
1098 3527 1203 3584 est,
1235 3533 1555 3589 recuperare
1592 3520 1841 3591 dignatus
1860 3529 1961 3585 est,

387 3617 654 3678 quatenus
680 3617 801 3680 post
830 3609 1035 3679 lapsum
1086 3610 1277 3667 melius
1327 3609 1601 3665 reformati
1642 3612 1969 3682 gaudeamus

387 3697 454 3751 ad
504 3698 871 3753 testimonium
919 3699 1156 3768 Apostoli
1195 3700 1459 3755 dicentis:
1500 3700 1805 3772 Quicunque
1830 3702 1967 3756 enim

388 3788 441 3841 in
468 3787 674 3843 Christo
692 3789 941 3859 baptisati
961 3791 1105 3857 estis,
1129 3788 1393 3845 Christum
1420 3782 1671 3846 induistis‘
1689 3789 1830 3862 (Gal.
1862 3792 1965 3865 tu).

388 3880 492 3934 Alii
532 3881 796 3935 camelum
837 3882 1122 3937 Dominum
1170 3880 1354 3937 Iesum
1391 3881 1665 3937 Christum
1693 3882 1969 3938 intellexe-

389 3985 533 4042 runt,
567 3990 665 4045 pro
698 3990 782 4042 eo,
808 3975 970 4045 quod,
1022 3974 1353 4030 humiliando
1380 3974 1745 4045 semetipsum,
1778 3989 1969 4043 pecca-

389 4076 564 4121 torum
609 4074 917 4123 nostrorum
971 4080 1135 4122 onera
1170 4066 1426 4136 portavit.
1479 4064 1766 4131 Camelus,
1816 4081 1970 4121 amor

386 4156 586 4221 s'eculi,
638 4154 791 4225 cujus
822 4157 1044 4229 ﬁguram
1091 4156 1330 4212 camelos
1378 4154 1465 4210 ille
1517 4156 1756 4227 gerebat,
1806 4171 1964 4227 quem

388 4247 632 4303 Rebecca
655 4256 886 4318 nuptura
911 4248 1030 4303 viro
1050 4263 1152 4303 suo
1172 4248 1320 4303 Isaac
1341 4247 1616 4303 descendit
1640 4261 1707 4301 ac
1729 4246 1964 4316 reliquit.

389 4336 589 4392 Cameli
628 4349 940 4406 peccatores
969 4338 1209 4394 moribus
1236 4337 1478 4403 distorti,
1520 4344 1580 4391 ut
1607 4336 1658 4390 in
1681 4334 1925 4391 Judieum
1950 4355 1963 4389 :

388 4437 437 4480 et
466 4426 649 4481 cameli
693 4444 871 4482 eorum
917 4428 1052 4483 sicut
1095 4426 1309 4482 locustis
1348 4429 1405 4481 in
1437 4425 1770 4481 multitudine
1812 4424 1962 4497 (Iud.

2066 3332 2275 3388 occulta
2301 3332 2579 3404 subigens,
2612 3350 2675 3388 ac
2700 3332 3072 3403 Redemptoris
3099 3336 3336 3391 dominio
3360 3336 3496 3393 colla
3520 3336 3643 3392 sul)-

2059 3422 2314 3492 jiciendo,
2351 3423 2539 3495 jugum
2567 3423 2859 3495 disciplina:
2878 3424 3197 3495 evangelica:
3228 3425 3449 3496 perfert.
3488 3425 3645 3481 Unde

2064 3521 2120 3568 et
2146 3512 2323 3569 factus
2351 3523 2434 3569 est
2460 3515 2678 3570 tributis
2701 3515 2965 3581 serviens,
2997 3516 3098 3571 hoc
3125 3524 3233 3582 est,
3267 3516 3379 3586 regi
3404 3524 3461 3570 et
3488 3515 3641 3570 Chri-

2066 3613 2151 3661 sto
2173 3621 2270 3661 suo
2295 3605 2417 3660 ﬁdei
2441 3606 2581 3662 bona
2609 3620 2939 3676 operumque
2969 3603 3232 3661 bonorum
3267 3620 3487 3660 munera
3511 3604 3641 3660 υσθ-

2067 3710 2211 3751 rens.
2255 3697 2386 3750 ltem
2417 3696 2600 3751 asinus
2634 3696 2795 3751 homo
2831 3694 3046 3751 stultus.
3090 3695 3148 3748 ln
3186 3695 3637 3750 Deuterouomio:

2069 3786 2193 3841 Non
2221 3787 2394 3842 orabis
2420 3788 2473 3842 in
2503 3788 2625 3842 bove
2648 3797 2694 3841 et
2717 3788 2867 3842 asino
2894 3785 3071 3859 (Deut.
3102 3784 3275 3858 nu);
3303 3784 3357 3839 id
3383 3793 3484 3850 est,
3513 3784 3641 3838 stul-

2068 3886 2180 3933 tum
2204 3878 2582 3948 praedicatione
2605 3878 2830 3947 sapienti
2857 3892 2963 3931 non
2989 3875 3183 3932 socios.
3230 3874 3430 3929 Asinus
3474 3890 3603 3944 syua
3623 3902 3636 3914 -

2066 3984 2256 4038 gogam
2282 3968 2586 4023 Judaeorum
2625 3967 2908 4038 igniﬁcat.
2952 3966 3008 4021 In
3055 3964 3286 4021 Genesi:
3337 3964 3529 4035 Ligans
3567 3962 3635 4016 ad

2067 4063 2265 4116 vineam
2289 4060 2491 4130 pullum
2518 4077 2700 4124 suum,
2746 4068 2793 4113 et
2819 4058 2886 4112 ad
2935 4058 3116 4123 vitem,
3144 4073 3175 4110 ο
3197 4055 3276 4124 ﬁli
3300 4055 3400 4118 mi,
3433 4053 3636 4107 asinam

2066 4167 2217 4207 suam
2242 4149 2393 4223 (Gen.
2422 4151 2592 4222 χιιι).
2635 4149 2833 4205 Asinus
2865 4163 3061 4219 corpus
3089 4146 3358 4203 hominis:
3403 4146 3545 4200 unde
3584 4145 3637 4198 in

2066 4241 2203 4298 libro
2226 4239 2473 4295 Jndicum
2500 4241 2757 4310 scriptum
2780 4249 2894 4295 est:
2938 4237 3041 4303 Qui
3067 4237 3345 4293 ascenditis
3378 4252 3532 4306 super
3560 4235 3640 4289 ni-

2067 4343 2227 4388 tentes
2251 4334 2426 4387 asinos
2453 4330 2603 4402 (Jud.
2631 4330 2708 4404 v).
2737 4328 2866 4386 Item
2898 4328 2970 4383 ibi
2999 4329 3066 4384 de
3095 4327 3245 4384 asina
3266 4326 3387 4381 ﬁlia:
3419 4324 3637 4395 Caleph,

2067 4439 2185 4494 quae
2209 4424 2403 4478 animae
2428 4424 2567 4494 gerit
2600 4421 2906 4492 imaginem,
2944 4420 3174 4475 dicitur:
3202 4416 3435 4489 Cumque
3467 4417 3641 4487 suspi-

388 4519 508 4590 vn).
542 4520 610 4574 Et
647 4520 701 4575 in
729 4520 866 4576 Isaia
897 4521 963 4576 de
988 4521 1321 4577 Hierusalem
1353 4520 1612 4590 scriptum
1634 4527 1757 4574 est:
1800 4517 1969 4573 Inun-
1996 4549 2045 4609 Β
2071 4523 2233 4568 rasset
2281 4513 2462 4567 sedens
2494 4513 2549 4566 in
2596 4513 2743 4567 asino
2777 4509 2949 4609 (Jud._
2979 4510 3062 4609 οε.
3092 4507 3454 4609 Primog'enita
3500 4505 3639 4607 asini

390 4616 534 4670 datio
576 4615 891 4670 camelorum
938 4618 1128 4687 operiet
1175 4627 1244 4684 te,
1290 4614 1609 4671 dromedarii
1657 4612 1877 4667 Hadian
1917 4625 1964 4668 et

347 4722 357 4753 ε
393 4709 563 4779 Epha.
607 4707 798 4763 Omnes
824 4708 887 4763 de
909 4709 1034 4764 saba
1062 4709 1278 4773 venient,
1312 4723 1501 4762 aurum
1526 4714 1576 4761 et
1596 4705 1715 4761 thus
1735 4705 1967 4776 deferen-

391 4807 486 4864 tes,
512 4807 559 4853 et
581 4797 791 4852 laudem
810 4797 1034 4852 Domino
1058 4796 1424 4851 annuntiantes
1445 4794 1581 4867 (lsa.
1609 4794 1721 4864 ιχ).
1752 4793 1969 4864 Signiﬁ-

347 4922 351 4926 ι
389 4896 478 4945 cat
500 4889 643 4944 enim
672 4888 785 4943 lucc
809 4887 1073 4943 sententia
1115 4895 1434 4941 conventum
1464 4883 1738 4939 nationum
1775 4885 1841 4937 ad
1864 4883 1967 4938 Ec-

386 4977 610 5038 clesium
634 4978 857 5036 Christi.
896 4978 1104 5033 Madian
1131 4985 1188 5033 et
1211 4977 1358 5047 Epha
1384 4976 1629 5047 regiones
1656 4984 1780 5031 sunt
1814 4984 1967 5030 trans

356 5114 359 5115 ν
388 5072 639 5128 Arabiam
669 5070 874 5128 fertiles
895 5071 1244 5128 camelorum.
1289 5068 1477 5126 Omnis
1503 5069 1777 5141 provincia
1802 5083 1963 5123 voca-

390 5171 479 5216 tur
517 5161 681 5228 Saba,
728 5163 871 5219 unde
918 5161 1069 5217 venit
1119 5160 1260 5217 Saba
1288 5160 1469 5230 regina
1501 5159 1569 5214 ad
1596 5158 1959 5214 Salomonem.

394 5253 566 5308 Cedar
592 5261 770 5308 autem
796 5254 943 5324 regio
982 5251 1401 5308 Sarracenorum
1431 5258 1534 5313 est,
1561 5250 1652 5319 qui
1685 5248 1964 5304 lsmaeitte

394 5344 663 5409 dicuntur,
701 5352 757 5397 et
798 5342 852 5398 in
882 5341 1144 5397 Nabaioth
1177 5356 1316 5395 unus
1362 5346 1449 5394 est
1494 5337 1723 5393 ﬁliorum
1752 5335 1961 5403 lsmael,

388 5448 452 5486 ex
475 5433 1032 5503 quorum-nominibus
1057 5430 1289 5486 solitudo
1318 5435 1562 5490 vocatur,
1601 5439 1722 5494 quae
1747 5422 1959 5495 frugum

390 5521 544 5589 inops
562 5560 576 5583 ,
629 5535 882 5589 pecorum
928 5520 1084 5591 plena
1111 5527 1213 5575 est.
1266 5517 1369 5572 Per
1399 5514 1678 5570 familiaria
1706 5527 1835 5582 ergo
1861 5529 1960 5567 nn-

392 5609 536 5663 ntina
556 5611 1191 5679 gentiumzbarbararum,
1226 5623 1346 5679 quae
1374 5606 1561 5661 vicina:
1615 5612 1739 5658 sunt
1767 5603 1966 5657 lsmae-

379 5699 520 5762 litis,
576 5701 742 5755 totius
790 5694 975 5757 mundi
1028 5699 1306 5754 conversio
1347 5696 1686 5767 praedicatur.
1744 5692 1962 5747 Mathan

392 5792 533 5846 enim
577 5794 627 5845 in
688 5792 803 5846 hoc.
832 5792 957 5849 loco
1010 5788 1392 5856 interpretatur
1429 5784 1675 5852 iniquitas
1717 5792 1773 5835 et
1813 5780 1965 5849 Epha

2068 4606 2292 4662 exordia
2328 4606 2452 4660 vita:
2478 4604 2799 4668 luxuriosas,
2844 4608 2903 4656 ut
2935 4602 2989 4655 in
3022 4600 3244 4656 Exodo:
3280 4597 3638 4668 Primogenita

2068 4696 2205 4750 asini
2234 4694 2452 4749 redimes
2477 4709 2566 4747 ove
2592 4690 2787 4764 (Exod.
2816 4690 2999 4760 nxw)
3023 4706 3038 4755 ;
3093 4698 3219 4744 tunc
3245 4687 3387 4743 enim
3417 4685 3637 4742 stultum

2068 4785 2338 4841 hominem
2378 4783 2647 4855 lgniﬁcat
2694 4782 2915 4848 asinus,
2964 4780 3177 4851 quando
3218 4778 3424 4847 peccati
3471 4791 3638 4832 onera

2067 4884 2371 4946 portantem
2407 4882 2461 4930 et
2508 4888 2677 4943 usque
2717 4872 2784 4927 ad
2828 4870 2988 4926 ﬁnem
3033 4869 3156 4923 vitae
3184 4866 3433 4922 libidines
3458 4864 3640 4920 carnis

2068 4974 2410 5023 exercentem
2445 4965 2796 5021 demonstrat.
2848 4961 2999 5018 Unde
3046 4960 3306 5029 scriptum
3342 4966 3446 5024 est,
3494 4956 3639 5028 quod

2066 5056 2184 5111 Ana
2208 5056 2335 5112 dum
2361 5062 2606 5125 pasceret
2634 5053 2815 5108 asinos
2850 5050 3020 5122 patris
3048 5050 3129 5106 sui
3159 5049 3391 5112 Sebeon,
3436 5044 3639 5100 invenit

2067 5159 2237 5214 aquas
2288 5143 2490 5198 calidas
2544 5142 2600 5196 in
2650 5141 2884 5196 deserto.
2935 5138 3072 5192 Hinc
3106 5137 3171 5193 de
3210 5133 3500 5189 luxuriosis
3539 5146 3639 5203 per

2065 5235 2381 5307 prophetam
2425 5233 2656 5288 dicitur:
2695 5229 2930 5296 Quorum
2971 5243 3152 5283 carnes
3195 5234 3314 5280 sunt
3353 5232 3411 5278 ut
3454 5238 3637 5278 carnes

2066 5328 2335 5382 asinorum
2346 5323 2574 5397 ‘(Eseclu
2602 5322 2780 5393 mu).
2809 5319 3022 5389 Onager
3047 5317 3430 5387 interpretatur
3454 5310 3639 5367 asinus

2065 5418 2386 5475 ferus.0nou
2399 5417 2593 5486 quippe
2605 5411 2775 5469 Graeci
2789 5411 2997 5467 asinum
3012 5417 3225 5472 vocant,
3240 5404 3426 5477 agrion
3440 5402 3633 5457 ferum.

2066 5510 2174 5566 Hos
2215 5509 2397 5564 Africa
2425 5522 2643 5576 magnos
2665 5503 2824 5559 habet
2864 5509 2919 5557 et
2944 5498 3233 5555 indomitos
3264 5503 3320 5550 et
3343 5493 3398 5548 in
3424 5492 3639 5547 deserto

2065 5608 2345 5671 vagantes:
2364 5595 2555 5667 singuli
2583 5603 2759 5648 autem
2773 5590 3092 5646 feminarum
3107 5585 3357 5658 gregibus
3367 5586 3603 5653 praesunt
3620 5596 3634 5630 :

2066 5689 2407 5743 nascentibus
2436 5684 2686 5739 masculis
2732 5696 2825 5734 eos
2844 5678 3042 5743 zelant,
3070 5686 3125 5731 et
3162 5674 3431 5731 testiculos
3450 5683 3637 5723 eorum

2067 5794 2244 5833 morsu
2276 5776 2619 5838 detruncant,
2650 5771 2793 5841 quod
2836 5779 3088 5823 caventes
3131 5773 3331 5820 matres
3365 5776 3547 5815 earum
3583 5758 3635 5810 in
