4072 6198
434 321 544 373 ἓἰῦ

1447 323 1532 376 DE
1572 322 1916 378 UMVERSO
1952 322 2130 376 LIBRI
2169 322 2328 376 XXII.
2372 354 2438 362 —
2478 324 2602 378 LIB.
2647 326 2750 380 VII.

3588 328 3690 382 ΞΜ

437 433 663 486 secretis
718 432 848 488 locis
897 433 1189 488 occultant.
1255 433 1537 506 Signiﬁcat
1584 444 1761 490 autem
1806 434 2017 506 Onager
2045 441 2090 496 Α
2121 435 2313 506 (Exod.
2356 441 2465 508 xv).
2529 440 2594 494 Et
2648 457 2868 496 rursus:
2930 443 3225 514 Quadrigas
3281 442 3594 511 Pharaonis,
3646 461 3689 500 t't

437 532 531 576 τιειι
574 521 854 577 Iudaicum
910 524 1161 594 populum
1230 535 1323 579 aut
1378 525 1650 580 hominem
1718 527 2015 580 ercmitatn.

430 614 718 669 .‘udaicum
745 625 925 671 autem
969 617 1222 686 populum
1258 617 1526 688 signiﬁcat
1571 619 1624 671 in
1668 618 1888 687 psalmis
1929 617 2016 671 ubi

431 707 698 778 scriptum
735 715 819 761 est
845 723 858 758 :
889 706 1272 776 Exspectabam
1297 710 1483 779 onagri
1519 711 1573 763 in
1600 710 1686 763 siti
1715 728 1812 764 sua
1843 708 2013 781 (Psal.

431 799 572 870 cm).
623 799 758 854 Cum
790 799 1039 869 superius
1068 798 1264 853 dixerit
1316 801 1516 855 bestias
1555 802 1812 856 silvarum
1863 804 2017 872 aquis

431 890 843 946 decurrentibus
880 904 998 944 esse
1024 897 1257 959 potatus,
1285 905 1518 960 onagros
1552 889 1664 959 jam
1695 907 1838 945 nunc
1867 893 2018 961 ponit

432 982 576 1035 sitim
611 997 759 1035 suam
787 989 1133 1050 exspectare:
1181 981 1378 1034 scilicet
1418 981 1660 1046 Judteos,
1709 984 1799 1052 qui
1829 983 2012 1054 negle-

431 1081 626 1126 xerunt
653 1071 847 1126 ﬂuenta
875 1070 1066 1124 divinae
1088 1071 1302 1140 pietatis
1349 1071 1585 1124 haurire.
1629 1069 1844 1142 Onager
1867 1072 2011 1126 enim

428 1163 693 1232 sylvester
716 1162 897 1215 asinus
924 1168 1027 1223 est,
1063 1161 1153 1228 qui
1209 1159 1349 1214 inter
1395 1160 1596 1230 reliqua
1639 1161 1888 1215 animalia
1917 1177 2012 1216 cor

427 1258 626 1312 dicitur
653 1256 853 1310 habere
886 1252 1314 1324 pinguissimum.
1365 1252 1517 1319 Quod
1547 1268 1716 1324 genus
1746 1263 2008 1322 quantum

425 1348 638 1414 patiens
669 1353 751 1398 est
779 1343 1059 1406 domitum,
1107 1349 1312 1396 tantum
1341 1331 1696 1397 smvissimuin
1741 1343 2004 1408 redditur,

427 1452 549 1491 cum
577 1437 726 1490 silvis
749 1435 1102 1489 retinentibus
1131 1433 1405 1488 efferatur.
1440 1435 1535 1490 His
1556 1436 1809 1492 obstinati
1837 1436 2006 1493 Judaei

426 1527 620 1581 merito
650 1535 1054 1596 comparantur,
1103 1525 1227 1594 quia
1276 1525 1472 1582 ferocia
1502 1529 1697 1584 mentis
1729 1538 1784 1584 et
1809 1529 2006 1585 callosa

427 1616 670 1672 fatuitate
698 1616 871 1669 durati
909 1622 1066 1676 sunt,
1105 1627 1203 1668 nec
1235 1617 1421 1671 satiari
1462 1618 1570 1674 cito
1594 1619 1801 1688 poculis
1833 1620 2004 1674 vitali-

423 1708 522 1761 bus
548 1707 900 1776 adquiescunt
927 1725 938 1758 :
965 1723 1088 1762 nam
1111 1709 1254 1778 quod
1276 1709 1426 1774 dicit,
1457 1710 1841 1779 exspectabant,
1871 1709 2000 1764 illud

2121 529 2404 580 exercitum
2455 530 2568 598 ejus
2597 531 2808 598 projccit
2851 534 2904 587 in
2948 550 3092 587 mare
3131 533 3338 606 (lbid.).
3384 535 3520 591 Sunt
3544 539 3690 608 equi,

2121 632 2255 684 quos
2279 617 2537 672 Dominus
2571 621 2828 682 ascendit,
2865 631 2922 676 et
2969 623 3303 678 circumeunt
3335 639 3546 679 omnem
3583 636 3690 680 ter-

2121 722 2271 770 ram,
2325 706 2391 760 de
2441 708 2634 775 quibus
2667 709 2896 764 dicitur:
2945 710 3011 763 Et
3058 713 3313 780 equitatus
3358 724 3477 767 tuus
3524 714 3688 770 salus.

2120 797 2255 852 Sunt
2284 809 2464 854 autem
2486 801 2630 870 equi,
2662 803 2751 870 qui
2777 818 3091 859 ascensores
3111 805 3310 859 habent
3332 806 3607 861 Diabolum
3635 815 3692 864 et

2116 889 2334 960 angelos
2385 891 2520 961 ejus.
2577 891 2741 946 ludas
2789 909 2959 962 erutus
3019 895 3133 960 ejus
3180 907 3337 949 erat:
3384 897 3477 950 sed
3519 901 3690 952 donec

2115 993 2454 1033 ascensorem
2487 981 2671 1036 habuit
2691 982 2992 1047 Dominum,
3026 986 3091 1037 de
3113 988 3352 1053 equitatu
3378 985 3566 1041 salutis
3590 986 3691 1042 fuit

2114 1085 2235 1124 cum
2263 1072 2499 1136 eazteris,
2530 1083 2584 1127 et
2623 1090 2742 1127 cum
2775 1073 3041 1144 Apostolis
3090 1077 3284 1131 missus
3307 1080 3524 1146 tegrotis
3547 1080 3689 1134 salu-

2114 1169 2252 1228 tem,
2290 1173 2343 1217 et
2370 1165 2658 1220 sanitatem
2681 1165 3054 1236 languentibus
3077 1169 3326 1236 praestitit
3355 1186 3368 1222 :
3403 1171 3496 1225 sed
3516 1171 3607 1226 ubi
3631 1186 3689 1225 se

2111 1251 2334 1308 Diabole
2373 1255 2664 1308 substravit
2697 1257 2838 1327 (post
2861 1257 3152 1311 huccellam
3180 1258 3323 1312 enim
3352 1260 3594 1315 introivit
3633 1262 3686 1315 in

2109 1357 2234 1396 eum
2282 1341 2510 1398 Satanas
2566 1343 2746 1415 [Joan.
2806 1343 2972 1416 xm]),
3028 1345 3170 1400 illius
3215 1346 3438 1402 habenis
3497 1349 3689 1404 ductus

2109 1433 2390 1488 adversum
2441 1437 2723 1490 Dominum
2772 1444 2826 1491 et
2855 1437 3187 1492 salvatorem
3240 1449 3484 1495 nostrum
3527 1443 3689 1512 coepit

2107 1523 2368 1591 equitare.
2421 1522 2618 1578 Omnes
2665 1525 2841 1592 enim,
2881 1527 2970 1596 qui
3001 1538 3399 1598 persequuntur
3445 1540 3684 1598 sanctos,

2105 1615 2226 1682 equi
2259 1621 2385 1666 sunt
2407 1613 2740 1669 hinnientes:
2775 1617 2867 1670 sed
2900 1617 3099 1672 habuit
3127 1633 3463 1684 ascensores,
3491 1619 3684 1689 quibus

2103 1711 2352 1772 aguntur,
2383 1704 2600 1772 angelos
2631 1704 2820 1771 malos,
2845 1716 2900 1761 et
2929 1707 3051 1762 inde
3084 1709 3290 1764 feroces
3319 1721 3462 1765 sunt.
3506 1712 3685 1766 Domi-

423 1796 707 1866 signiﬁcat,
741 1798 883 1866 quod
916 1797 1226 1869 frequenter
1261 1800 1462 1854 dictum
1494 1807 1578 1854 est
1611 1818 1623 1852 :
1663 1801 1789 1869 quia
1815 1799 1868 1852 in
1897 1800 2001 1853 line
2031 1783 2076 1840 Β
2105 1811 2204 1849 nus
2232 1810 2358 1865 ergo
2386 1811 2585 1866 equum
2617 1807 2671 1852 et
2710 1814 3052 1856 ascensorem
3085 1801 3314 1872 projeeit
3343 1805 3396 1858 in
3432 1820 3600 1868 mare,
3630 1816 3682 1860 et

421 1885 623 1948 saeculi,
678 1885 826 1940 Helia
858 1896 912 1941 et
963 1887 1146 1943 Enoch
1196 1887 1556 1952 venientibus,
1617 1887 1888 1942 creditura
1919 1895 2002 1942 est

421 1980 709 2034 multitudo
735 1980 1061 2036 Judaeorum.
1109 1982 1316 2037 Rursus
1351 1982 1403 2036 in
1450 1981 1586 2036 libro
1621 1980 1720 2035 Joh
1749 1981 2004 2035 Dominus

419 2071 621 2126 dixisse
649 2070 857 2125 fertur:
891 2073 1008 2142 quis
1033 2072 1228 2126 dimisit
1257 2087 1510 2142 onagrum
1539 2071 1780 2132 liberum,
1807 2077 1853 2122 et
1886 2068 2000 2122 rin-

419 2161 538 2216 cula
559 2163 673 2231 ejus
703 2164 816 2232 quis
838 2163 1010 2229 solvit,
1037 2164 1162 2219 etc?
1181 2163 1323 2236 (Job.
1348 2161 1558 2233 xxxix).
1590 2160 1876 2224 Subaudis,
1902 2160 2001 2213 nisi

419 2269 533 2323 ego.
558 2252 773 2324 Onager
793 2253 958 2316 enim,
991 2255 1082 2323 qui
1109 2255 1162 2308 in
1199 2253 1484 2308 solitudine
1505 2260 1886 2314 commoratur,
1910 2265 2000 2305 eo-

416 2360 535 2396 rum
559 2343 727 2397 vitam
751 2343 1044 2414 signiﬁcat,
1069 2345 1159 2414 qui
1182 2345 1373 2400 remoti
1399 2359 1430 2398 a
1454 2343 1625 2396 turbis
1661 2341 2003 2411 popularibus

415 2443 826 2488 convcrsantur.
857 2434 1018 2489 Liber
1042 2450 1170 2505 ergo
1198 2434 1509 2498 dimittitur,
1532 2433 1622 2503 qui
1654 2431 1876 2486 calcatis
1902 2441 2004 2487 ter-

416 2526 562 2578 renis
590 2524 874 2580 desideriis
899 2525 1136 2595 appetitu
1159 2539 1384 2580 onerum
1411 2521 1804 2592 temporalium,
1847 2536 2001 2574 secu-

416 2614 578 2666 ritate
601 2613 797 2668 mentis
827 2622 1185 2668 esoneratur:
1214 2621 1262 2666 et
1295 2611 1504 2666 vincula
1532 2611 1646 2680 ejus
1676 2609 1791 2680 quis
1819 2608 2005 2663 solvit?

415 2707 692 2770 subaudis,
728 2707 829 2760 nisi
853 2723 963 2776 ego.
995 2705 1287 2761 Solvuntur
1307 2705 1449 2760 enim
1473 2700 2000 2770 nniuscujuscunque

417 2798 590 2851 sancti
615 2797 854 2863 vincula,
881 2797 1006 2852 dum
1043 2799 1224 2854 divino
1253 2798 1519 2868 adjutorio
1547 2796 1756 2849 interna
1797 2793 2002 2847 deside-

415 2890 619 2942 riorum
653 2888 948 2943 carnalium
977 2889 1268 2943 retinacula
1291 2889 1718 2956 disrumpuntnr.
1755 2883 1852 2938 Cui
1877 2884 1998 2937 dedi

415 2979 772 3032 habitaculum
801 2981 854 3033 in
884 2979 1181 3044 solitudine,
1201 2989 1252 3034 et
1283 2976 1619 3032 tabernacula
1641 2977 1754 3046 ejus
1776 2977 1828 3030 in
1860 2985 2000 3029 terra

415 3068 696 3137 salsuginis
726 3068 933 3141 (lbid.).
964 3068 1093 3122 Nam
1126 3069 1315 3123 remoti
1345 3069 1466 3132 viri,
1494 3067 1544 3121 id
1567 3077 1678 3130 est,
1710 3082 1739 3120 a
1763 3065 1996 3121 carnali-

2106 1883 2280 1940 faetus
2319 1894 2403 1940 est
2429 1888 2558 1941 mihi
2586 1889 2640 1942 in
2664 1889 2910 1944 salutem.
2958 1890 3092 1960 Equi
3132 1904 3442 1961 peccatores
3483 1895 3680 1949 intelli-

2103 1984 2301 2042 guntur
2332 1984 2386 2028 et
2429 1976 2687 2031 luxuriosi
2736 1979 3000 2044 homines,
3048 1990 3107 2035 ut
3149 1983 3202 2035 in
3241 1981 3511 2038 Ieremia:
3547 1984 3680 2055 Equi
3739 2034 3744 2039 .

2103 2065 2360 2116 emissarii
2374 2080 2393 2128 ;
2416 2067 2767 2137 unusquisque
2783 2068 2852 2120 ad
2876 2084 3092 2122 uxorem
3120 2072 3344 2139 proximi
3368 2072 3450 2124 sui
3475 2073 3680 2125 hinnie-

2104 2151 2187 2204 bat
2214 2151 2344 2223 (Jcr.
2374 2152 2449 2224 v).
2488 2153 2690 2222 Equus,
2719 2154 2954 2210 carnalis
2981 2157 3238 2224 potentia.
3286 2158 3341 2210 In
3366 2155 3502 2212 Isaia
3536 2175 3548 2210 :
3592 2156 3681 2213 Va:

2101 2246 2224 2315 quia
2267 2246 2544 2300 ascenditis
2583 2263 2736 2316 super
2765 2264 2922 2318 equos
2950 2257 3004 2301 ut
3050 2249 3374 2304 descendetis
3416 2251 3469 2304 in
3512 2250 3684 2322 digg-

2102 2346 2245 2405 ptum
2271 2335 2402 2406 (lsa.
2436 2337 2584 2408 xxx).
2635 2337 2701 2391 Et
2728 2339 2779 2392 in
2819 2338 3062 2408 psalmo:
3106 2339 3547 2408 Dormitarerunt,
3590 2343 3680 2414 qui

2103 2434 2446 2487 ascenderunt
2490 2450 2648 2504 equos
2697 2434 2866 2504 (Psal.
2913 2435 3096 2507 Lxxv).
3151 2437 3303 2503 Quod
3333 2447 3510 2492 autem
3555 2438 3677 2508 equi

2105 2523 2202 2576 ruﬁ
2229 2531 2283 2577 et
2305 2524 2439 2576 varii
2470 2523 2606 2593 nigri
2638 2532 2692 2578 et
2716 2525 2820 2578 albi
2854 2525 2906 2578 in
2935 2527 3192 2595 propheta
3221 2527 3481 2582 Zacharia
3517 2543 3681 2599 appa-

2104 2615 2275 2670 ruisse
2306 2615 2555 2685 leguntur
2576 2656 2590 2679 ,
2640 2625 2734 2670 aut
2769 2617 3174 2685 castigationem
3202 2620 3537 2688 peccantium
3587 2621 3681 2676 de-

2103 2705 2298 2775 s’gnat,
2352 2715 2443 2759 aut
2479 2707 2897 2761 consolationem
2951 2723 3358 2764 conversorum.
3408 2711 3679 2782 Scriptum

2102 2804 2186 2850 est
2210 2795 2353 2850 enim
2383 2796 2435 2849 in
2458 2795 2743 2861 Zacharia,
2776 2796 3001 2853 Domino
3042 2798 3292 2853 dicente:
3346 2799 3460 2870 Ego
3483 2802 3683 2856 irascor

2102 2902 2256 2956 super
2281 2896 2452 2956 gentes
2489 2887 2778 2957 opulentas.
2814 2887 2950 2952 Quia
2981 2905 3072 2958 ego
3103 2889 3267 2944 iratus
3321 2907 3438 2944 sum
3463 2909 3674 2962 parum,

2100 2976 2201 3045 ipsi
2227 2993 2342 3030 vero
2372 2976 2684 3031 addiderunt
2726 2979 2779 3032 in
2810 2977 3005 3032 malum
3054 2977 3240 3049 (Zaclt.
3266 2980 3325 3050 ι).
3366 2981 3431 3035 Et
3464 2998 3674 3037 rursum

2104 3067 2218 3136 ipse
2244 3068 2501 3138 propheta
2531 3069 2643 3122 ait:
2685 3067 2800 3122 Vidi
2820 3085 2912 3139 per
2937 3079 3157 3135 noctem,
3190 3081 3236 3125 et
3258 3088 3372 3125 ecce
3398 3074 3475 3126 vir
3507 3090 3682 3128 ascen-

415 3164 514 3216 hns
541 3130 822 3218 desideriis
845 3163 1003 3218 alieni
1027 3165 1128 3218 hoc
1148 3164 1418 3218 silentium
1447 3163 1640 3217 mentis
1663 3162 1994 3216 inhabitant:
2026 3130 2070 3192 (ἶ
2101 3157 2228 3212 dens
2251 3175 2405 3228 super
2429 3161 2838 3230 equum.rufum,
2874 3169 2920 3214 et
2945 3162 3051 3230 ipse
3073 3161 3242 3215 stabat
3282 3163 3414 3216 inter
3435 3173 3676 3234 myrteta,

414 3262 473 3306 ut
505 3253 658 3307 turba
685 3254 1071 3310 desideriorum
1101 3254 1396 3308 carnalium
1428 3269 1533 3308 non
1574 3261 1902 3323 premantur.
1932 3253 2000 3308 Et

417 3343 761 3397 tabernacula
800 3345 983 3413 onagri
1035 3342 1193 3412 hujus
1240 3344 1292 3397 in
1331 3351 1472 3397 terra
1516 3351 1642 3398 sunt
1685 3342 1992 3414 salsuginis.

417 3432 645 3503 Salsugo
695 3435 980 3490 incendere
1006 3435 1148 3488 sitim
1179 3435 1333 3490 solet.
1386 3435 1452 3488 Et
1488 3435 1658 3490 sancti
1686 3435 1788 3488 viri
1811 3451 2000 3504 quam.

413 3526 502 3579 diu
535 3527 587 3579 in
633 3525 791 3594 hujus
819 3527 941 3581 vitae
968 3526 1329 3581 tabernaculis
1360 3527 1577 3596 degunt,
1616 3528 1682 3580 ad
1709 3541 1997 3596 supernam

416 3617 646 3685 patriam
676 3615 928 3670 desiderii
972 3617 1053 3671 sui
1080 3617 1405 3686 quotidianis
1446 3617 1665 3672 aestibus
1697 3618 2000 3672 accendun-

419 3716 520 3758 tur.
552 3705 788 3775 Onager,
817 3721 1074 3776 arrogans
1100 3706 1349 3776 quisque,
1391 3706 1443 3760 id
1469 3715 1552 3760 est
1571 3747 1585 3771 ,
1613 3715 1823 3761 amator
1849 3722 2000 3762 vana:

415 3797 596 3865 gloria:
620 3811 634 3848 :
660 3797 792 3850 utin
821 3795 1048 3852 Ieremia
1075 3814 1088 3850 :
1125 3795 1335 3868 Onager
1360 3807 1601 3852 assuetus
1627 3799 1683 3851 in
1720 3797 2000 3852 solitudine

415 3889 670 3941 desiderio
703 3889 892 3942 anima:
938 3905 1047 3943 sua:
1078 3890 1238 3942 traxit
1283 3899 1488 3943 rentum
1515 3891 1710 3944 amoris
1749 3890 1831 3943 sui
1862 3889 1994 3960 (Jer.

419 3981 500 4048 ιι),
539 3981 590 4034 id
629 3988 731 4045 est,
771 3981 1018 4050 spiritum
1049 3981 1330 4052 superbius.
1379 3981 1576 4052 Onagri
1606 3981 1878 4050 principes
1903 3980 1997 4036 Ju-

416 4071 686 4134 dmorum,
734 4078 793 4124 ut
833 4071 886 4124 in
914 4069 1167 4125 Ieremia.
1211 4069 1313 4127 Sed
1353 4078 1402 4124 et
1436 4071 1626 4141 onagri
1647 4080 1897 4125 steterunt
1943 4072 1997 4124 in

418 4160 649 4228 rupibus,
679 4169 951 4214 traxerunt
981 4171 1185 4215 ventum
1213 4161 1363 4232 quasi
1400 4161 1651 4214 dracones
1687 4159 1824 4232 (Jer.
1859 4159 1990 4232 Juv).

417 4253 551 4324 Equi
581 4252 730 4316 dicti,
773 4267 839 4306 eo
876 4253 1018 4322 quod
1063 4253 1275 4322 quando
1303 4252 1580 4323 quadrigis
1612 4250 1994 4321 jungebautur,

417 4346 791 4414 mquabantur,
833 4359 1097 4414 paresque
1133 4344 1303 4399 forma
1331 4353 1387 4398 et
1417 4342 1620 4398 simi-les
1644 4358 1803 4398 cursu
1836 4357 1998 4411 copu-

420 4435 684 4490 labantur.
733 4436 982 4492 Caballus
1006 4446 1163 4491 antea
1193 4451 1222 4489 a
1251 4451 1352 4492 cao
1379 4437 1574 4501 dictus,
1602 4443 1824 4505 prepter
1851 4434 1992 4504 quod

419 4528 666 4594 gradiens
712 4527 907 4598 ungula
958 4527 1215 4596 impressa
1265 4534 1468 4581 terram
1501 4532 1797 4580 concavat:
1853 4525 1994 4592 quod

421 4618 621 4686 reliqua
649 4617 899 4670 animalia
929 4633 1033 4670 non
1067 4618 1304 4672 habent:
1351 4616 1474 4672 inde
1506 4623 1561 4670 et
1587 4615 1820 4685 sonipes,
1853 4614 1994 4684 quod

421 4708 642 4774 pedibus
672 4716 848 4762 sonat.
883 4707 1064 4776 Equus
1090 4723 1218 4761 vero
1241 4706 1532 4776 aliquando
1563 4708 1614 4762 in
1649 4709 1844 4762 bonam
1872 4723 1996 4777 par-

423 4805 527 4848 tem
557 4797 717 4849 vertit
742 4795 1186 4866 signiﬁcationem
1215 4811 1229 4848 :
1281 4795 1566 4864 aliquando
1592 4796 1648 4850 in
1678 4796 1892 4849 malam.
1936 4795 1994 4850 In

422 4885 613 4938 bonam
635 4895 864 4955 pm-tem,
890 4895 946 4940 ut
966 4895 1048 4941 est
1073 4887 1198 4941 illud
1213 4885 1460 4941 llabacnc
1484 4887 1784 4958 prophetae:
1809 4889 1997 4943 Ascen-

424 4975 548 5027 dens
566 5015 581 5040 ,
633 4975 830 5044 inquit,
861 4992 1015 5044 super
1041 4993 1196 5046 equos
1238 4985 1354 5030 tuos
1381 4985 1428 5030 et
1475 4978 1733 5047 equitatus
1760 4987 1878 5030 tuus
1905 4995 1995 5030 sa-

426 5066 558 5118 nitas
583 5063 810 5134 (Habac.
847 5065 951 5136 ιιι).
981 5065 1047 5118 Ει
1076 5064 1243 5119 inJob
1267 5067 1442 5120 divina
1465 5082 1564 5120 vox
1590 5067 1700 5120 ait:
1744 5066 1996 5137 Nunquid

421 5155 667 5223 pra'bebis
714 5172 844 5226 equo
874 5155 1264 5224 fortitudinem,
1319 5164 1410 5208 aut
1464 5156 1810 5208 circumdabis
1863 5155 1995 5209 collo

421 5246 531 5313 ejus
559 5246 841 5310 hinnitum,
870 5255 975 5300 etc.
1007 5244 1150 5317 (Job.
1181 5246 1386 5317 χχχιιι).
1422 5244 1517 5298 llic
1547 5259 1713 5314 equus
1743 5247 1999 5314 priedicac

424 5345 566 5391 tores
591 5337 763 5392 sancti
811 5336 1196 5406 intelliguntur,
1248 5353 1474 5406 quorum
1517 5351 1694 5391 sessor
1742 5337 1998 5392 Dominus

419 5439 523 5494 est,
554 5430 647 5500 qui
677 5430 759 5486 eis
792 5428 1182 5492 fortitudinem,
1211 5427 1314 5482 hoc
1339 5437 1438 5492 est,
1475 5427 1829 5481 constantiam
1858 5443 2000 5483 men-

423 5519 488 5572 tis
525 5520 645 5582 dat,
696 5526 753 5574 et
796 5534 988 5573 sonum
1040 5533 1185 5573 same
1211 5518 1626 5588 praedicationis.
1659 5516 1702 5571 E
1725 5518 1998 5574 contrario

419 5623 548 5662 ιύιι)
596 5610 661 5664 de
707 5610 811 5663 alia
853 5609 1031 5678 specie
1057 5624 1316 5679 equorum
1347 5609 1401 5663 in
1429 5609 1640 5663 cantico
1667 5608 1836 5663 Exodi
1865 5611 1998 5664 scri-

372 5757 389 5790 .
429 5711 568 5768 [tum
619 5713 741 5756 est:
799 5702 1004 5772 liquam
1059 5713 1104 5756 et
1153 5719 1472 5757 ascensorem
1507 5703 1722 5774 projecit
1757 5704 1809 5756 in
1855 5721 1997 5758 mare

2099 3266 2216 3318 qua:
2238 3259 2386 3303 erant
2412 3250 2466 3303 in
2485 3250 2747 3319 profundo
2773 3266 2790 3303 :
2820 3261 2865 3304 et
2894 3261 3006 3320 post
3034 3268 3152 3304 eum
3177 3252 3294 3322 equi
3320 3252 3443 3320 ruﬁ,
3475 3254 3606 3307 varii
3631 3264 3678 3307 et

2099 3339 2226 3405 albi,
2263 3348 2368 3394 etc.
2405 3338 2613 3410 (lbid.).
2659 3339 2796 3403 Nox,
2827 3341 2876 3394 in
2905 3356 3009 3408 qua
3033 3341 3274 3396 cernitur
3302 3341 3458 3406 visio,
3489 3343 3682 3397 obscu-

2099 3430 2232 3484 ritas
2261 3429 2484 3500 mystice
2519 3429 2741 3485 visionis
2775 3430 3107 3501 intelligitur.
3162 3431 3274 3495 Vir,
3313 3433 3403 3500 qui
3435 3435 3677 3488 ascendit

2099 3536 2260 3591 super
2289 3536 2504 3589 equum.
2535 3521 2732 3586 rufum,
2782 3521 3040 3576 Dominus
3069 3532 3230 3591 atque
3279 3521 3525 3578 Salvator
3572 3535 3678 3592 est,

2099 3613 2193 3684 qui
2225 3613 2677 3682 dispensationem
2720 3622 2916 3669 nostra:
2960 3615 3138 3670 carnis
3169 3617 3480 3685 assumpsit.
3535 3616 3677 3686 Myr-

2097 3711 2207 3758 teta
2245 3707 2443 3768 autem,
2492 3719 2612 3772 qua:
2639 3714 2793 3758 erant
2824 3704 2876 3758 in
2904 3705 3188 3773 profundo,
3220 3707 3360 3760 inter
3388 3722 3506 3776 qua:
3535 3716 3680 3763 stare

2099 3794 2437 3861 describitur,
2469 3796 2724 3865 angelice
2775 3797 3140 3868 intelliguntur
3177 3809 3468 3869 potestates
3494 3841 3508 3866 ,
3556 3817 3674 3870 qua:

2098 3884 2146 3938 ei
2179 3885 2342 3939 etiam
2374 3885 2425 3938 in
2458 3901 2620 3941 carne
2665 3887 2838 3956 posito
2886 3889 3346 3944 ministraverunt.
3392 3890 3527 3960 Equi
3576 3891 3675 3945 ruﬁ

2096 3975 2230 4030 varii
2281 3975 2406 4038 albi,
2455 3976 2693 4045 Apostoli
2742 3985 2797 4032 et
2825 3979 3102 4048 apostolici
3133 3980 3232 4033 viri
3264 3981 3670 4052 intelliguntur:

2097 4079 2322 4132 quorum
2351 4065 2440 4118 alii
2477 4067 2529 4120 in
2562 4067 2818 4137 martyrio
2858 4069 3097 4123 coronati
3129 4079 3272 4132 sunt,
3321 4078 3375 4122 et
3399 4070 3673 4140 appellan-

2097 4161 2185 4208 tur
2223 4155 2320 4208 ruﬁ
2349 4174 2361 4208 :
2392 4155 2479 4208 alii
2509 4157 2762 4226 operibus
2781 4167 2836 4211 et
2859 4158 3103 4213 doctrina
3127 4176 3188 4213 ac
3217 4161 3474 4216 varietate
3496 4162 3675 4232 signo-

2097 4261 2216 4300 rum
2241 4247 2377 4301 varii
2400 4257 2792 4318 nuneupantur.
2817 4249 2919 4304 Alii
2943 4251 3266 4322 virginitatis
3294 4253 3508 4320 decore,
3537 4255 3673 4310 inte-

2097 4337 2396 4408 gritateque
2429 4340 2610 4394 cordis
2634 4340 2845 4404 ornati,
2877 4351 2931 4394 et
2957 4344 3192 4409 puritate
3217 4344 3414 4409 cordis,
3451 4359 3674 4400 cernere

2027 4469 2073 4527 Β
2103 4429 2268 4485 Deum
2298 4430 2353 4484 in
2379 4431 2597 4500 prtemio
2623 4443 2990 4502 susceperunt.
3035 4437 3078 4488 A
3107 4436 3329 4490 Domino
3353 4437 3494 4491 enim
3524 4438 3675 4493 missi

2101 4529 2226 4575 sunt
2263 4521 2522 4590 Apostoli,
2556 4531 2614 4576 ut
2643 4529 2812 4576 totum
2859 4528 3114 4578 mundum
3147 4526 3451 4597 evangelica
3475 4528 3669 4594 pranli-

2101 4613 2311 4670 catione
2333 4613 2686 4683 complerent,
2725 4613 2816 4684 qui
2859 4626 3140 4685 postquam
3171 4632 3303 4686 opus
3326 4616 3675 4686 expleverunt

2103 4703 2302 4757 reversi
2352 4713 2477 4758 sunt
2508 4704 2574 4758 ad
2604 4704 2780 4774 magni
2805 4706 3012 4760 consilii
3041 4705 3324 4776 Angeluin,
3379 4708 3470 4776 qui
3499 4708 3675 4762 stabat

2103 4793 2242 4848 inter
2262 4808 2375 4858 eos,
2400 4802 2454 4848 et
2486 4794 2735 4849 dixerunt
2764 4795 2829 4849 ad
2869 4811 2990 4851 eum
3015 4813 3027 4850 :
3063 4793 3543 4850 Perambulavimus
3566 4807 3673 4849 ter—

2105 4900 2237 4949 ram,
2267 4893 2313 4937 et
2339 4883 2660 4953 implevimus
2687 4901 2836 4953 opus,
2874 4886 3012 4956 quod
3058 4885 3203 4938 nobis
3234 4885 3522 4954 injunctum
3549 4893 3622 4937 est
3654 4903 3672 4937 :

2103 4985 2148 5030 et
2189 4992 2302 5028 ecce
2327 4977 2492 5030 omnis
2522 4985 2659 5030 terra
2688 4977 2953 5030 habitatur
2983 4987 3030 5031 et
3056 4977 3268 5047 quiescit
3295 4993 3325 5028 a
3355 4975 3498 5029 bellis
3527 4977 3678 5030 vitio»

2106 5081 2242 5128 rum,
2275 5074 2329 5120 et
2356 5082 2474 5135 qtae
2503 5073 2627 5120 ante
2674 5077 2784 5119 erat
2812 5065 3013 5121 deserta
3044 5086 3074 5119 a
3111 5067 3330 5119 Domino
3375 5083 3508 5120 nunc
3559 5067 3672 5137 ejus

2104 5155 2353 5207 habitatio
2387 5165 2480 5208 est.
2506 5155 2657 5223 Quod
2695 5157 2771 5209 ait
2803 5175 2814 5210 :
2845 5173 2980 5209 anno
3011 5157 3383 5226 septuagesimo
3411 5157 3674 5211 miserebi—

2105 5255 2191 5298 tur
2225 5244 2516 5298 Jerusalem
2545 5255 2591 5298 et
2631 5246 2840 5299 urbibus
2873 5244 3016 5298 Juda
3043 5261 3062 5300 .·
3102 5245 3189 5299 hic
3224 5253 3308 5302 est
3347 5261 3574 5303 sensus:
3616 5257 3673 5301 ut

2105 5351 2230 5390 vera
2252 5351 2356 5404 pax
2403 5351 2506 5391 non
2536 5336 2656 5402 ﬁat,
2706 5336 2805 5390 nisi
2851 5336 3244 5407 septuagesimo
3279 5352 3436 5403 anno,
3489 5338 3540 5392 id
3567 5349 3670 5402 est,

2105 5436 2307 5481 :eterno
2352 5427 2607 5479 sabbato:
2666 5441 2767 5480 nec
2803 5425 3134 5491 Jerusalem,
3187 5426 3241 5480 id
3285 5434 3386 5492 est,
3433 5427 3670 5483 Ecclesia

2103 5526 2303 5571 aeterna
2332 5516 2529 5585 quiete,
2578 5515 2676 5569 nisi
2728 5525 2848 5584 post
2874 5515 3110 5570 laborem
3140 5533 3235 5572 sex
3279 5525 3516 5584 attalum,
3558 5520 3674 5573 sine

2102 5609 2246 5667 omni
2295 5606 2695 5678 perturbatione
2745 5607 2797 5660 in
2843 5607 3070 5676 septima
3125 5609 3446 5679 requiescet.
3497 5609 3669 5663 Verba

2102 5700 2458 5758 eousolatoria
2499 5700 2635 5755 dona
2690 5710 2815 5754 sunt
2851 5703 3022 5755 sancti
3069 5700 3332 5773 Spiritus,
3388 5714 3441 5756 et
3481 5702 3670 5770 pignus
