4072 6198
404 316 513 376 915

1046 320 1108 377 Β.
1149 321 1404 378 RABANI
1444 323 1662 381 MAURI
1696 325 2014 384 ARCHIEP.
2057 327 2367 387 MOGUNT.
2406 331 2689 393 OPERUM
2730 335 2908 393 PARS
2945 338 3008 394 ll.

3559 349 3665 404 216

403 432 738 489 haereditatis
778 440 984 491 nostra:
1008 475 1024 500 ,
1078 449 1244 505 quam
1274 437 1580 506 percepturi
1628 436 1831 492 erimus
1866 448 1987 508 post
2015 442 2063 500 Α
2091 439 2380 511 multiplex,
2410 443 2581 498 millia
2602 443 2914 513 latentium;
2962 447 3216 503 Dominus
3249 455 3311 508 in
3350 450 3456 507 illis
3487 451 3659 525 (ιδωι.

400 522 729 596 Babyloniae,
771 525 826 581 id
847 533 953 593 est,
1004 527 1165 599 hujus
1194 528 1378 583 mundi
1408 530 1793 599 captivitatem.
1831 531 1984 599 Quod

401 623 584 669 autem
611 615 665 669 in
685 617 964 687 prophetis
992 617 1223 689 legimus
1250 619 1401 689 bigas
1424 629 1480 674 et
1497 621 1808 691 quadrigas,
1832 623 1985 692 juxta

398 709 709 780 allegoriam
733 719 825 765 aut
857 720 1096 782 tempora
1124 729 1415 782 regnorum
1438 755 1452 777 ,
1485 722 1581 768 aut
1621 716 1984 786 principatum

397 801 483 857 vel
505 811 690 859 aetum
730 804 966 874 ipsorum
995 806 1251 861 ostendit.
1285 805 1418 860 Nam
1466 808 1621 879 bigas
1657 808 1709 862 in
1750 807 1886 863 Isaia
1908 808 1985 863 le-

398 894 596 963 gimus,
628 902 685 950 et
703 894 756 948 in
779 896 1040 951 Zacharia
1062 898 1371 968 quadrigas.
1400 899 1480 953 lta
1506 915 1721 970 quoque
1743 900 1817 956 ibi
1848 901 1983 956 scri-

396 992 548 1052 ptum
575 992 693 1041 est:
723 984 910 1040 Levavi
930 985 1109 1040 oculos
1132 1004 1291 1054 meos,
1327 999 1375 1043 et
1399 990 1526 1055 vidi,
1555 1001 1602 1044 et
1624 1008 1741 1044 ecce
1757 1000 1984 1063 quatuor

394 1077 662 1147 quadriga;-
688 1080 1006 1149 egredientes
1051 1080 1116 1134 de
1144 1082 1315 1135 medio
1340 1082 1567 1137 duorum
1607 1085 1859 1139 montium
1885 1098 1902 1136 :
1932 1095 1982 1140 et

392 1178 612 1235 montes,
636 1182 835 1225 montes
860 1172 1001 1225 terei.
1031 1171 1096 1226 In
1126 1173 1386 1244 quadriga
1408 1177 1579 1243 prima
1618 1176 1737 1247 equi
1767 1178 1893 1247 ruﬁ,
1931 1188 1980 1232 et

389 1263 444 1317 in
469 1264 726 1335 quadriga
757 1265 985 1320 secunda
1015 1267 1133 1337 equi
1162 1268 1318 1337 nigri,
1365 1278 1412 1321 et
1442 1269 1499 1321 in
1537 1269 1797 1341 quadriga
1823 1273 1979 1326 tertia

389 1359 509 1428 equi
529 1358 657 1424 albi,
686 1368 734 1413 et
756 1360 810 1413 in
829 1360 1087 1430 quadriga
1104 1369 1294 1432 quarta
1319 1362 1437 1431 equi
1456 1362 1591 1415 varii
1615 1364 1775 1432 fortes
1789 1362 1975 1434 (Zacli.

387 1448 484 1520 γι).
522 1449 601 1503 De
625 1450 887 1521 quadriga
930 1452 1104 1519 prima
1127 1452 1248 1520 equi
1281 1452 1380 1505 ruﬁ
1405 1462 1563 1508 erant
1588 1462 1640 1509 et
1667 1456 1878 1510 cruenti
1925 1463 1978 1510 et

386 1539 718 1610 sanguinarii
767 1550 823 1596 et
849 1540 1157 1613 Babyloniae
1198 1541 1518 1598 crudelitate
1571 1544 1881 1600 terribiles:
1920 1545 1974 1600 in

385 1632 646 1701 quadriga
694 1634 929 1698 secunda
977 1634 1101 1704 equi
1148 1635 1282 1707 nigri
1323 1652 1547 1707 regnum
1594 1636 1869 1691 Medorum
1922 1647 1977 1692 et

386 1720 696 1786 Persarum,
742 1723 883 1791 quod
926 1722 1062 1794 biga:
1112 1726 1307 1779 sedens
1329 1733 1385 1780 et
1424 1725 1707 1795 egrediens
1747 1740 1845 1796 per
1870 1726 1970 1781 As-

2089 529 2278 600 vau).
2308 529 2626 592 Sanctorum
2670 550 2800 607 ergo
2828 538 3160 594 unanimitas
3206 541 3379 597 virtus
3419 554 3503 599 est
3558 547 3661 603 Do-

2087 621 2239 686 mini,
2271 639 2431 694 quam
2460 626 2570 691 ille,
2602 628 2749 683 velut
2776 630 2963 702 auriga
2992 632 3210 698 insidet.
3239 642 3294 689 et
3318 636 3385 691 ad
3413 637 3662 694 volunta-

2086 718 2156 769 tis
2177 729 2287 771 sua
2329 717 2687 775 ministerium
2730 722 3063 779 moderatur.
3094 724 3204 780 Sed
3250 736 3313 783 ut
3341 728 3504 785 istum
3535 746 3658 786 cur-

2084 821 2205 860 rum
2241 810 2550 865 ostenderet
2608 826 2717 866 non
2766 813 2921 883 equis
2976 813 3239 882 deditum,
3284 817 3377 872 sed
3408 819 3662 876 humanis

2083 895 2495 967 cogitationibus
2514 899 2854 968 attributum,
2897 903 2995 969 ait,
3046 904 3220 959 decem
3264 904 3433 961 millia
3481 909 3657 962 multi-

2080 986 2200 1057 plex
2219 1002 2238 1040 :
2265 990 2405 1059 quod
2431 990 2567 1047 bene
2592 991 2657 1045 ad
2686 992 2998 1050 innumeros
3017 995 3241 1066 populos
3266 1012 3375 1053 non
3400 999 3465 1054 ad
3489 1014 3657 1070 equos

2081 1081 2322 1136 noscitur
2379 1083 2669 1150 pertinere.
2712 1082 2999 1153 Subjunxit
3049 1105 3062 1141 :
3116 1088 3289 1142 millia
3339 1088 3652 1157 (montium,

2081 1171 2221 1241 quod
2244 1173 2429 1243 utique
2460 1175 2528 1230 de
2554 1173 2800 1229 fidelibus
2826 1175 2988 1232 debet
3018 1177 3260 1250 intelligi.
3293 1178 3363 1234 Et
3388 1188 3445 1234 ut
3472 1190 3650 1235 ostena

2079 1265 2299 1321 deretur
2317 1267 2516 1323 laetitiae
2541 1269 2839 1339 plenitudo,
2862 1270 2940 1324 ait
2968 1288 2981 1324 :
3009 1269 3268 1325 Dominus
3302 1272 3357 1326 in
3384 1271 3489 1328 illis
3517 1288 3536 1328 :
3564 1275 3653 1345 qui

2080 1373 2288 1428 magna:
2319 1360 2695 1415 exsultationis
2745 1370 2831 1417 est
2860 1361 3128 1427 cumulus,
3157 1370 3212 1417 et
3239 1364 3503 1419 bonorum
3534 1380 3650 1421 om—

2079 1447 2225 1501 nium
2255 1447 2482 1503 dulcedo
2505 1450 2784 1505 mirabilis.
2813 1450 2945 1506 Item
2983 1450 3036 1505 in
3094 1451 3253 1506 aliam
3301 1461 3509 1522 partem
3532 1470 3654 1509 cur-

2079 1558 2171 1597 rus
2192 1543 2427 1599 societas
2456 1544 2776 1613 intelligitur
2814 1545 3102 1614 impiorum
3129 1545 3346 1600 vinculo
3400 1556 3652 1616 peccato-

2078 1647 2197 1687 rum
2226 1633 2442 1705 all‘gata
2471 1652 2484 1687 :
2518 1635 2584 1689 de
2611 1650 2716 1704 quo
2744 1635 2796 1689 in
2828 1636 2994 1691 Exodi
3029 1637 3239 1692 cantico
3284 1636 3543 1707 scriptum
3570 1648 3653 1693 est

2077 1722 2275 1791 (Exod.
2328 1724 2447 1795 xv),
2504 1734 2563 1779 ut
2595 1740 2758 1795 supra
2814 1725 3170 1781 ostendimus.
3226 1724 3398 1782 Porro
3446 1728 3653 1798 equites

383 1812 529 1868 sueri
559 1812 703 1883 regis
728 1790 963 1868 edictum
987 1790 1228 1870 vmortem
1259 1790 1504 1871 omnium
1536 1790 1845 1871 Judaeorum
1870 1817 1968 1870 tri-
2003 1790 2047 1850 Β
2075 1790 2373 1882 singulares
2403 1790 2532 1870 ideo
2573 1790 2795 1871 currere
2822 1815 3094 1882 dicuntur,
3138 1817 3264 1886 quia
3311 1790 3653 1888 singulariter

382 1904 449 1957 sti
479 1904 668 1958 nuntio
696 1902 1019 1973 praeferebat
1052 1922 1064 1957 :
1114 1905 1167 1959 in
1200 1906 1461 1977 quadriga
1493 1906 1649 1961 tertia
1692 1907 1817 1977 equi
1863 1907 1968 1961 albi

381 1995 722 2059 Macedones,
750 1996 850 2050 sub
878 2008 1107 2066 quorum
1136 1996 1363 2068 imperio
1389 1997 1456 2052 de
1479 1997 1745 2052 Antiocho
1764 1998 1971 2055 Macha-

378 2090 619 2143 bmorum
649 2089 931 2143 victoriam
953 2089 1220 2159 legimus:
1258 2090 1313 2144 in
1333 2090 1594 2162 quadriga
1624 2100 1816 2161 quarta
1844 2092 1967 2161 equi

377 2178 511 2233 varii
537 2177 723 2233 fortes.
756 2176 970 2234 Scimus
1000 2180 1143 2233 enim
1166 2180 1533 2235 Romanorum
1570 2195 1725 2253 reges
1753 2181 1887 2237 alios
1914 2181 1966 2236 in

378 2277 536 2339 gente
557 2267 740 2325 Judaaa
774 2268 937 2324 fuisse
982 2269 1307 2335 clementes,
1344 2278 1407 2325 ut
1434 2270 1627 2327 Gaium
1674 2271 1964 2337 Czesarem,

374 2356 676 2428 Augustum
727 2367 783 2415 et
827 2359 1149 2415 Claudium:
1201 2371 1579 2432 persecutores
1626 2363 1762 2420 alios
1803 2373 1967 2436 atque

377 2450 665 2516 terribiles,
696 2460 758 2505 ut
803 2450 995 2506 Gaium
1026 2452 1110 2508 vel
1146 2451 1435 2518 Neronem,
1492 2453 1882 2525 Vespasianum
1911 2464 1966 2511 et

372 2542 692 2598 Adrianum.
728 2542 1000 2612 Propheta
1045 2559 1176 2614 ergo
1211 2552 1509 2614 quaerente,
1560 2546 1688 2615 quid
1729 2547 1832 2602 sibi
1862 2562 1961 2601 au-

373 2634 544 2708 gelus,
580 2635 671 2706 qui
705 2636 1044 2706 loquebatur,
1083 2636 1243 2692 vellet
1290 2637 1617 2708 signiﬁcare,
1645 2654 1808 2709 quem
1845 2654 1964 2695 cer-

371 2734 566 2784 neret:
611 2727 836 2799 angelus
887 2728 977 2799 qui
1009 2728 1330 2799 loquebatur
1363 2731 1417 2783 in
1464 2744 1550 2795 eo,
1582 2730 1861 2800 respondit
1907 2737 1963 2785 et

371 2819 616 2875 narravit
643 2825 875 2890 quatuor
925 2828 1116 2876 ventos
1150 2835 1271 2877 esse
1299 2820 1447 2888 emli,
1491 2821 1545 2877 id
1589 2830 1694 2888 est,
1727 2830 1962 2893 quatuor

368 2909 556 2982 plagas
601 2910 809 2978 mundi,
862 2925 983 2981 quae
1020 2920 1284 2968 vocantur
1311 2911 1500 2969 Graece
1542 2912 1798 2968 climata:
1839 2929 1961 2984 quae

369 3003 631 3059 assistunt
650 3013 704 3059 et
726 3011 919 3074 parent
945 3002 1155 3059 Domini
1190 3004 1472 3059 voluntati.
1506 3004 1649 3059 Nihil
1678 3006 1820 3059 enim
1845 3007 1959 3061 haec

369 3100 602 3162 quatuor
628 3106 811 3163 regna,
836 3106 958 3162 quae
985 3093 1241 3159 diximus,
1281 3093 1487 3165 absque
1522 3094 1732 3150 Domini
1768 3095 1958 3151 volun-

370 3191 481 3237 tate
514 3181 776 3237 !eeeruut.
832 3181 908 3236 Ita
928 3181 1080 3251 juxta
1113 3183 1426 3255 allegoriam
1456 3185 1509 3238 iu
1540 3185 1803 3257 quadriga
1851 3187 1958 3241 duo

366 3282 710 3342 testamenta,
738 3276 852 3332 sive
873 3276 1110 3347 ipsorum
1136 3284 1579 3333 testamentorum
1601 3278 1653 3332 in
1678 3279 1959 3348 pneeeptis

367 3365 650 3421 charitatis
693 3366 1116 3436 praedicatores,
1168 3381 1264 3422 seu
1312 3367 1475 3422 etiam
1515 3367 1622 3423 duo
1665 3368 1844 3438 populi
1872 3367 1956 3423 vel

367 3456 607 3527 ipsorum
637 3456 956 3528 populorum
1004 3457 1256 3513 doctores
1292 3466 1517 3527 possunt
1546 3458 1810 3526 intelligi,
1854 3459 1956 3514 hoc

365 3557 468 3615 est,
502 3548 813 3605 Judmorum
855 3559 908 3605 et
943 3551 1205 3620 gentium,
1256 3552 1453 3621 quibus
1483 3550 1684 3607 Christi
1714 3552 1952 3623 potentia

366 3641 663 3714 praesidens
686 3641 922 3713 regimen
952 3657 1247 3713 congruum
1278 3650 1530 3713 praestat.
1581 3642 1711 3696 Item
1742 3644 1793 3697 in
1822 3658 1956 3712 qua-

366 3736 518 3805 driga
540 3745 774 3807 quatuor
786 3736 1128 3807 evangelista:
1144 3737 1255 3791 sive
1283 3746 1514 3807 quatuor
1531 3736 1802 3808 evangelia
1828 3754 1954 3809 pos-

364 3840 491 3885 sunt
538 3831 729 3902 accipi,
766 3831 851 3887 vel
899 3841 1132 3903 quatuor
1160 3833 1386 3888 virtutes
1432 3833 1793 3903 principales,
1850 3833 1955 3888 hoc

364 3931 468 3987 est,
532 3924 856 3993 prudentia,
913 3923 1161 3992 justitla,
1216 3923 1517 3988 fortitudo,
1573 3924 1949 3993 temperantia.

365 4012 495 4080 Quae
546 4014 730 4069 currui
790 4014 999 4069 Domini
1054 4013 1194 4070 bene
1244 4014 1612 4078 conveniunt,
1676 4014 1799 4085 quia
1857 4031 1955 4083 per

364 4102 510 4174 ipsas
551 4105 753 4162 electos
781 4122 909 4163 suos
947 4107 999 4161 in
1028 4108 1168 4163 viam
1213 4108 1438 4176 justilim
1476 4109 1712 4180 dirigens
1760 4111 1951 4181 perdo.

364 4201 439 4256 cit
461 4200 528 4255 ad
555 4217 779 4272 regnum
808 4211 1145 4272 perpetuum.
1177 4201 1382 4257 Currus
1409 4211 1587 4256 autem
1615 4218 1642 4255 a
1671 4219 1829 4258 cursu
1874 4204 1952 4259 di-

364 4299 501 4352 ctus,
544 4292 628 4346 vel
679 4294 806 4363 quia
855 4304 1000 4348 rotas
1027 4293 1228 4348 habere
1276 4294 1508 4347 videtur.
1569 4293 1772 4349 Currus
1806 4295 1948 4349 enim

362 4392 675 4438 sanctorum
735 4384 1049 4455 angelorum
1104 4386 1443 4449 societatem,
1492 4393 1585 4439 aut
1634 4393 1947 4441 sanctorum

2072 1906 2447 1976 unusquisque
2469 1921 2689 1961 cursum
2733 1907 2859 1962 vitae
2892 1905 3052 1975 hujus
3094 1922 3251 1978 aeque
3281 1908 3493 1973 transit,
3516 1907 3652 1964 alius

2071 1999 2176 2054 alio
2206 2008 2447 2070 tempore
2472 2016 2704 2072 sequens
2734 2001 2923 2063 alium,
2968 2016 3065 2070 per
3100 2017 3263 2055 unam
3298 2007 3476 2056 tamen
3509 2000 3649 2057 viam

2070 2091 2420 2147 mortalitatis
2478 2108 2652 2163 usque
2708 2093 2778 2147 ad
2837 2092 3113 2163 propriam
3172 2100 3371 2148 metam
3434 2093 3646 2149 mortis.

2071 2180 2296 2251 Equites
2316 2182 2462 2236 enim
2496 2183 2549 2236 in
2582 2183 2776 2237 bonam
2805 2191 3013 2252 partem
3036 2191 3092 2238 et
3119 2183 3173 2237 in
3201 2183 3398 2238 malam
3422 2192 3647 2254 possunt

2069 2273 2261 2343 accipi.
2286 2273 2343 2328 ln
2373 2274 2591 2337 bonam,
2617 2273 2833 2343 quando
2867 2274 3175 2329 domatores
3196 2272 3445 2328 vitiorum
3476 2273 3646 2344 signi-

2068 2361 2270 2417 ﬁcant:
2304 2363 2356 2417 in
2383 2363 2583 2418 malam
2635 2372 2841 2429 autem,
2893 2363 3108 2432 quando
3144 2363 3359 2431 superbi
3397 2364 3642 2418 homines

2066 2452 2120 2507 in
2181 2453 2448 2508 mundana
2505 2454 2746 2524 potentia
2821 2453 3154 2510 conﬁdentes
3204 2451 3637 2523 praeﬁgurantur.

2065 2540 2238 2596 Mulus
2279 2551 2552 2598 autemex
2592 2544 2782 2599 Graeco
2829 2551 3058 2599 tractum
3088 2542 3405 2598 vocabulum
3458 2542 3639 2597 habet.

2062 2633 2249 2690 Graece
2275 2636 2421 2690 enim
2452 2637 2576 2691 inde
2620 2644 2869 2701 vocatur,
2896 2634 3184 2706 quodjugo
3230 2635 3490 2704 pistorum
3515 2636 3642 2689 sub-

2062 2733 2215 2780 actus
2243 2726 2426 2782 tardas
2453 2726 2703 2782 molendo
2727 2720 2891 2782 ducat
2932 2727 2984 2780 in
3030 2741 3220 2797 gyrum
3252 2725 3442 2781 molas.
3471 2723 3640 2779 ιιι(ὶωί

2062 2828 2313 2873 asserunt
2339 2820 2483 2890 quod
2530 2819 2649 2873 Ana
2679 2820 2920 2890 abnepos
2970 2819 3111 2873 Esau
3149 2833 3410 2888 equarum
3453 2831 3643 2887 greges

2061 2912 2130 2967 ab
2158 2911 2326 2968 asinis
2351 2910 2406 2965 in
2434 2910 2652 2966 deserto
2676 2910 2792 2980 ipse
2833 2910 3022 2965 fecerit
3050 2910 3257 2980 primus
3287 2908 3500 2964 ascendi
3536 2927 3547 2960 :
3585 2916 3643 2961 ut

2060 3003 2329 3058 mulorum
2366 3001 2492 3057 inde
2531 3016 2670 3057 nova
2728 3009 2918 3056 contra
2973 3008 3220 3055 naturam
3264 2997 3515 3054 animalia
3546 3013 3643 3051 na-

1984 3133 2031 3197 Ο
2063 3103 2361 3151 scerentur.
2395 3092 2638 3164 Onagros
2680 3107 2896 3163 quoque
2923 3091 2995 3147 ob
3043 3091 3146 3146 hoc
3196 3091 3393 3147 missos
3568 3090 3633 3142 ad

2064 3188 2263 3253 a‘sinas,
2293 3196 2350 3243 et
2391 3187 2566 3256 ipsum
2608 3185 2908 3241 istiusmodi
2959 3184 3227 3254 reperisse
3273 3182 3635 3241 concubitum,

2057 3288 2120 3334 ut
2177 3279 2499 3335 velocissimi
2562 3293 2630 3333 cx
2691 3278 2776 3333 his
2840 3277 2979 3332 asini
3033 3286 3405 3332 nascerentur.
3464 3273 3639 3327 Mulus

2054 3370 2225 3435 enim,
2247 3368 2390 3439 quod
2413 3368 2742 3423 oneriferum
2772 3376 2854 3421 est
2893 3366 3114 3431 animal,
3166 3364 3438 3436 signiﬁcat
3458 3362 3639 3417 stulti—

2057 3461 2146 3516 tim
2182 3468 2483 3517 secuturos.
2517 3459 2689 3527 Quam
2724 3459 2959 3513 Ahsalon
2997 3458 3144 3512 mulo
3169 3457 3382 3519 sedens,
3412 3464 3469 3511 et
3494 3454 3637 3509 sedi-

2058 3552 2258 3607 tionem
2284 3560 2471 3607 contra
2495 3560 2701 3621 patrem
2726 3549 2934 3614 levans,
2950 3558 3189 3613 secutus,
3205 3548 3398 3603 merito
3412 3545 3636 3600 interiit.

2056 3643 2286 3699 Proinde
2318 3643 2600 3697 Psalmista
2631 3641 2909 3697 auditores
2933 3655 3061 3696 suos
3094 3638 3388 3708 compescit
3410 3637 3596 3691 dicens
3621 3652 3632 3688 :

2058 3734 2237 3791 Nolite
2280 3735 2398 3805 ﬁeri
2423 3735 2557 3790 sicut
2601 3751 2764 3807 equus
2789 3743 2838 3788 et
2869 3736 3065 3797 mulus,
3111 3732 3166 3786 in
3192 3731 3384 3803 quibus
3428 3745 3530 3784 non
3558 3736 3633 3781 est
3724 3778 3733 3783 ,

2052 3825 2363 3880 intellectus.
2407 3825 2473 3879 In
2515 3841 2665 3879 canto
2700 3832 2749 3878 et
2797 3822 2944 3895 freno
2988 3821 3232 3876 maxillas
3282 3837 3463 3875 eorum
3508 3835 3636 3872 con-

2052 3917 2246 3986 stringe
2271 3912 2442 3987 (Ptol.
2470 3914 2642 3983 χχχι).
2682 3912 2935 3968 Prohibet
2966 3926 3093 3982 ergo
3139 3906 3508 3978 hujuscemodi
3532 3907 3636 3961 ho-

2052 4007 2223 4062 mines
2247 4007 2531 4062 diabolicis
2552 4005 2831 4060 fraudibus
2858 4003 3103 4067 insideri,
3135 4010 3189 4057 et
3224 4001 3474 4056 vitiorum
3498 4014 3633 4054 one-

2052 4104 2201 4158 ribus
2251 4102 2574 4173 prtegravari
2630 4119 2644 4154 :
2700 4116 2768 4155 ne
2820 4100 2961 4154 male
3010 4097 3310 4154 obediendo
3370 4093 3634 4164 superbia:

2053 4198 2221 4267 magis
2252 4197 2496 4267 partibus
2525 4194 2865 4249 addicuntur.
2904 4190 3100 4246 Verum
3138 4188 3259 4244 istis
3286 4187 3479 4241 talibus
3505 4185 3632 4254 quid

2051 4287 2183 4341 dicit
2208 4301 2327 4341 esse
2352 4285 2657 4341 faciendum
2682 4284 2707 4338 ?
2748 4282 2955 4339 scilicet
2984 4280 3126 4351 quod
3173 4278 3497 4334 animalibus
3528 4276 3631 4330 im-

2049 4376 2425 4447 prudentibus.
2458 4375 2554 4429 His
2588 4374 2731 4430 enim
2768 4370 3265 4443 comparationibus
3313 4369 3509 4424 stultos
3538 4368 3633 4422 ho—

362 4475 644 4529 bominum
671 4475 1081 4531 unanituitatem
1110 4476 1337 4547 mystice
1363 4476 1629 4547 designat,
1672 4476 1725 4529 in
1752 4476 1948 4546 quibus
1974 4487 2024 4548 D
2053 4469 2225 4523 milies
2251 4468 2466 4523 veritati
2517 4465 2755 4535 SttltiiCit.
2786 4465 2919 4521 Nam
2949 4465 3092 4534 quod
3145 4463 3243 4528 ait.
3270 4463 3325 4515 ίη
3359 4459 3527 4529 freno.
3565 4457 3631 4512 ad

363 4564 626 4620 Dominus
660 4564 953 4620 voluntatis
1001 4582 1114 4622 sum
1152 4567 1391 4639 regimen
1423 4575 1662 4622 exercet.
1704 4564 1856 4622 Unde
1891 4568 1943 4621 in

363 4671 527 4714 curru
572 4657 731 4731 igneo
789 4658 987 4731 legitur
1024 4659 1170 4715 Elias
1204 4660 1451 4716 sublatus
1507 4661 1560 4715 in
1592 4658 1788 4715 caelum
1837 4656 1946 4730 (IV

364 4748 495 4823 Reg.
529 4750 589 4823 ιι)
620 4769 632 4806 :
662 4761 721 4807 ut
742 4750 991 4808 videlicet
1017 4760 1204 4822 aperte
1249 4760 1664 4815 monstraretur,
1696 4751 1820 4821 quia
1851 4752 1947 4806 ho-

363 4859 453 4899 mo
472 4860 642 4915 purus
667 4842 934 4913 adiutorio
958 4843 1153 4915 egebat
1175 4842 1370 4898 alieno.
1397 4842 1499 4898 Per
1515 4843 1733 4914 augt-los
1750 4842 1946 4913 quippe

368 4933 508 4990 facta
539 4933 629 4989 illa
653 4941 708 4988 et
760 4941 979 4988 ostensa
1026 4940 1153 4987 sunt
1198 4931 1507 5003 adiumenta
1541 4949 1553 4984 :
1588 4930 1711 5000 quia
1750 4946 1849 4985 nee
1878 4931 1945 4986 ad

361 5022 557 5079 caelum
597 5022 815 5096 quidem
875 5038 1093 5079 aereum
1129 5036 1223 5093 per
1281 5037 1339 5076 se
1396 5021 1688 5077 ascendere
1748 5021 1943 5092 potuit,

360 5130 522 5185 quem
552 5124 761 5171 natura:
795 5130 906 5170 suae
937 5114 1223 5170 inﬁrmitas
1270 5111 1554 5185 gravabat,
1619 5113 1947 5183 Redemptor

364 5214 541 5262 autem
581 5216 768 5262 uoster
795 5222 899 5262 non
928 5221 1112 5272 curru,
1157 5221 1263 5259 non
1287 5202 1495 5275 angelis
1519 5201 1831 5258 sublevatus
1864 5202 1942 5258 lc-

360 5296 546 5368 gitur:
578 5296 701 5368 quia
735 5296 781 5351 is
825 5297 915 5367 qui
956 5294 1159 5351 fecerat
1215 5294 1417 5358 omnia,
1476 5292 1729 5347 nimirum
1779 5307 1942 5363 super

358 5390 540 5445 omnia
569 5406 666 5447 sua
696 5390 900 5446 virtute.
934 5387 1228 5446 ferebatur.
1278 5387 1407 5444 Illuc
1436 5386 1580 5443 enim
1629 5386 1942 5442 reverteba-

360 5489 452 5537 tur
477 5481 568 5537 ubi
610 5488 730 5538 erat
755 5499 771 5547 ;
799 5490 857 5539 ct
902 5482 1026 5538 inde
1066 5480 1275 5538 redibat
1303 5480 1394 5536 ubi
1430 5479 1781 5535 remanebat:
1816 5476 1943 5547 quia

358 5570 452 5644 qui
474 5587 572 5644 per
619 5573 1013 5628 humanitatem
1043 5570 1371 5629 ascendebat
1400 5570 1453 5625 in
1484 5570 1703 5637 caelum,
1734 5584 1832 5640 per
1861 5568 1941 5624 di-

357 5662 636 5719 vinitatem
692 5671 748 5720 et
784 5673 985 5719 terram
1040 5663 1247 5734 pariter
1275 5662 1589 5717 continebat
1622 5668 1678 5715 et
1721 5659 1938 5715 malum.

356 5754 488 5812 ltcnt
539 5754 733 5824 legitur
763 5755 816 5809 in
847 5750 1109 5808 PsalmO'
1169 5750 1368 5807 Curras
1411 5750 1507 5806 Dei
1554 5751 1728 5805 decem
1776 5749 1941 5804 millia

2051 4574 2248 4629 equum
2292 4560 2549 4629 pertinet.
2588 4557 2828 4612 Frenum
2857 4556 3000 4610 enim
3036 4571 3067 4608 a
3100 4553 3215 4609 fero
3244 4550 3525 4608 retinendo
3553 4549 3633 4603 di-

2051 4660 2196 4706 ctum
2218 4659 2320 4705 est.
2350 4650 2545 4705 Ferum
2576 4650 2772 4720 quippe
2816 4648 3021 4717 antiqui
3063 4644 3328 4701 caballum
3355 4632 3626 4698 dixerunt.

2052 4740 2117 4796 In
2147 4758 2315 4805 como,
2343 4742 2410 4796 ad
2448 4741 2649 4795 mulum
2691 4740 2930 4810 respicit.
2962 4738 3106 4809 Ergo
3131 4738 3249 4792 haec
3293 4735 3399 4791 duo
3424 4732 3624 4788 anima-

2051 4831 2120 4885 lia
2150 4831 2459 4900 supradieta
2496 4831 2752 4886 cohibent
2802 4830 2903 4885 ista
2930 4825 3226 4883 retinacula
3253 4842 3267 4879 :
3294 4834 3356 4879 ut
3384 4823 3452 4877 ad
3479 4820 3623 4877 arbi-

2051 4923 2214 4977 trium
2248 4919 2491 4989 jubentis
2542 4920 2816 4985 incedant,
2861 4934 2933 4974 ne
2975 4919 3090 4973 suis
3114 4912 3480 4971 voluntatibus
3504 4908 3633 4964 eﬂ‘e-

2053 5022 2260 5069 rantur.
2298 5012 2512 5068 Maxilla
2563 5028 2695 5067 vero
2741 5009 3065 5066 adminicula
3115 5013 3244 5063 sunt
3291 5002 3629 5065 animalium,

2052 5106 2247 5176 quibus
2273 5119 2396 5160 esca
2424 5104 2721 5167 manditur,
2750 5111 2809 5156 ut
2833 5099 3081 5171 corporis
3128 5098 3239 5152 vita
3288 5098 3625 5165 procuretur.

2050 5200 2196 5270 lpsas
2221 5213 2350 5269 ergo
2381 5197 2626 5252 maxillas
2675 5210 2771 5265 per
2796 5194 3024 5267 ﬁguram
3072 5199 3125 5247 et
3155 5186 3466 5260 allegoriam
3502 5181 3633 5239 dicit

2049 5292 2480 5349 inobcdientibus
2527 5292 2725 5347 debere
2753 5289 3069 5360 constringi,
3103 5287 3156 5343 id
3199 5293 3304 5349 est,
3340 5281 3525 5353 copias
3556 5279 3629 5333 vi-

2048 5385 2254 5441 ctuales
2279 5384 2497 5454 parcius
2519 5382 2635 5438 dari
2668 5401 2680 5436 :
2715 5391 2775 5437 ut
2787 5380 3116 5452 jejuniorum
3148 5375 3470 5432 necessitate
3492 5385 3625 5427 eon-

2045 5476 2180 5532 clusi
2207 5474 2483 5532 Creatoris
2501 5473 2798 5530 subdantur
2843 5470 3089 5541 imperio.
3118 5466 3384 5523 Industrio
3432 5461 3631 5532 quippe

2044 5564 2280 5620 humana
2338 5563 2613 5616 diversum
2667 5559 2869 5614 animal
2895 5558 3078 5629 coegit
3115 5557 3172 5612 in
3213 5554 3360 5611 coitu
3391 5570 3407 5606 :
3440 5550 3631 5616 sicque

2010 5655 2351 5716 .adulterina
2402 5651 2780 5709 commistione
2814 5664 2985 5723 genus
3039 5647 3182 5703 aliud
3237 5642 3456 5714 reperit,
3490 5638 3632 5693 sicut

2052 5760 2110 5803 ct
2137 5746 2304 5803 Jacoh
2330 5757 2518 5803 contra
2540 5755 2790 5801 naturam
2816 5743 3060 5800 colorum
3091 5736 3472 5797 similitudines
3508 5742 3625 5800 pro.
