4072 6198
358 324 464 378 2ῑῖ

1341 327 1432 386 DE
1470 331 1816 392 UNIVERSO
1851 337 2031 395 LIBRI
2066 342 2230 401 XXII.
2271 377 2340 387 -—-
2377 346 2505 403 LIB.
2551 347 2683 405 VIII.

3523 356 3630 413 2l8

348 438 572 493 curavit
605 435 760 510 (Gen.
791 440 947 511 xxx).
976 439 1115 495 Nam
1138 439 1275 497 tales
1315 439 1459 499 fetus
1485 459 1616 501 oves
1642 445 1785 503 illius
1813 463 1945 504 con-
1975 467 2021 524 Α
2052 452 2195 511 fetus
2229 457 2462 525 pariant.
2506 456 2657 513 lianc
2691 458 2836 514 enim
2877 458 3198 516 feminarum
3229 475 3351 519 esse
3385 473 3628 520 naturam

348 528 649 625 c‘ipiebant,
681 530 871 598 quales
898 530 1118 625 umbras
1136 531 1369 587 arietum
1400 534 1632 605 desuper
1654 539 1951 595 ascenden-
2050 547 2257 614 dicunt,
2289 556 2351 602 ut
2372 548 2559 618 quales
2585 550 2968 619 conspexerint
3000 550 3112 606 sive
3142 560 3322 609 mente
3368 569 3635 625 concepe-

352 620 491 674 titnn
527 621 582 675 in
618 636 882 691 aquarum
906 622 1125 693 sper.qu
1154 625 1682 695 contemplabantur.
1707 629 1948 701 Denique

2049 637 2161 693 rint
2190 638 2243 692 in
2269 647 2515 693 extremo
2537 638 2828 709 voluptatis
2875 648 3008 695 azstu
3053 641 3272 711 quando
3297 643 3631 714 concipiunt.

344 723 404 766 et
438 714 541 768 huc
581 714 755 784 ipsum
787 715 841 769 in
893 730 1155 784 equarum
1203 716 1458 787 gregibus
1508 717 1626 773 fieri
1664 718 1855 787 fertur,
1888 731 1948 777 ut
2047 731 2207 786 talem
2237 741 2291 787 et
2322 732 2561 787 sobolem
2602 741 2906 803 procreent.
2950 734 3166 790 Etenim
3199 736 3400 791 animal
3446 738 3497 792 in
3532 754 3631 793 usu

344 818 647 872 generosos
679 804 942 876 obiiciant
968 820 1139 876 eques
1184 807 1390 862 visibus
1421 811 1897 867 concumbentium
1926 831 1938 867 :

342 916 459 971 quo
508 917 697 957 eorum
752 903 961 958 similes
1020 906 1311 975 concipere
1366 914 1421 961 et
1471 922 1660 963 creare
1706 908 1938 978 possint.

340 994 482 1051 Nam
532 1005 588 1050 et
624 995 992 1053 columbarum
1028 1000 1331 1070 specierum
1368 1001 1654 1059 dilectores
1697 1005 1939 1075 depictas

336 1095 558 1154 pmmnt
594 1086 984 1155 pulcherrimas
1009 1089 1287 1146 columbas
1315 1090 1523 1146 hisdem
1568 1093 1720 1157 locis,
1745 1094 1942 1164 quibus

339 1177 450 1232 illae
478 1188 766 1233 versantur
796 1195 811 1233 :
848 1196 955 1250 quo
985 1183 1232 1252 rapiente
1267 1182 1386 1238 visu
1428 1183 1634 1239 similes
1658 1193 1935 1255 generem.

339 1268 473 1321 Inde
504 1277 606 1328 est.
635 1269 778 1337 quod
809 1272 1026 1340 quidam
1064 1273 1317 1342 gravidas
1366 1274 1621 1329 mulieres
1663 1273 1856 1342 jubent
1880 1281 1942 1328 ut

339 1358 543 1413 nullius
570 1368 885 1416 mtueantur
905 1363 1171 1433 pessimos
1190 1363 1504 1419 animalium
1536 1365 1736 1431 vultus,
1761 1373 1821 1420 ut
1845 1380 1931 1436 ey-

340 1449 668 1520 nocepbalos
691 1459 746 1506 et
779 1453 986 1519 simias,
1018 1470 1084 1510 ne
1104 1454 1309 1510 visibus
1347 1464 1696 1512 orcurrentes
1732 1456 1936 1511 similes

2044 838 2279 879 venerea
2306 823 2508 878 formas
2526 825 2871 881 extrinsecus
2892 826 3041 881 intus
3063 828 3400 894 transmittit,
3417 843 3633 884 eorum-

2044 929 2151 984 que
2175 914 2364 969 satiata
2393 916 2553 985 typis,
2584 916 2726 985 rapit
2773 917 2985 987 species
3011 918 3064 972 in
3095 919 3368 989 propriam
3393 920 3630 989 qualita—

2048 1015 2176 1061 tem.
2209 1006 2265 1060 In
2299 1009 2664 1063 animantibus
2691 1008 2947 1077 bigenera
2998 1008 3272 1074 dicuntur,
3302 1026 3423 1080 quas
3448 1026 3514 1066 ex
3545 1013 3625 1065 dio

2044 1098 2217 1151 versis
2251 1106 2569 1161 nascuntur,
2608 1106 2668 1154 ut
2694 1097 2873 1154 mulus
2901 1114 2967 1154 ex
2993 1113 3132 1169 equa
3171 1107 3228 1153 et
3252 1100 3428 1166 asino,
3458 1101 3630 1156 burdo

2043 1202 2107 1241 ex
2136 1203 2276 1256 equo
2304 1198 2353 1242 et
2392 1189 2570 1244 asina.
2619 1188 2794 1244 ibride
2834 1204 2901 1242 ex
2932 1190 3079 1259 apris
3110 1198 3167 1244 et
3195 1191 3395 1259 porcis,
3431 1191 3630 1263 tityrus

2041 1295 2107 1334 ex
2144 1295 2244 1334 ore
2272 1289 2327 1334 et
2351 1281 2525 1346 hirco,
2550 1296 2772 1337 muscus
2800 1297 2863 1337 ex
2891 1297 3053 1351 capra
3086 1291 3141 1337 et
3168 1283 3356 1338 ariete.
3389 1283 3484 1339 Est
3524 1299 3627 1338 au—

2041 1378 2151 1426 tem
2173 1372 2279 1426 dux
2318 1373 2517 1443 gregis.

1551 1682 1845 1761 LIBER
1923 1681 2421 1762 OCTAVUS.

1759 1823 2152 1836 *σῇ-..υ

871 1905 1097 1962 CAPUT
1135 1892 1423 1960 PRIMUM.

949 1997 1025 2051 De
1054 1996 1248 2051 bestiis.

405 2087 709 2143 Bestiarum
735 2086 1057 2142 vocabulum
1093 2086 1310 2157 proprie
1358 2085 1610 2141 convenit
1648 2084 1914 2151 leonibus,

329 2182 534 2251 pardis,
569 2179 816 2252 tigribus,
858 2179 1018 2249 lupis,
1069 2177 1335 2248 vulpibus,
1363 2177 1720 2247 canibusque,
1749 2185 1805 2232 et
1836 2178 1915 2232 si-

330 2275 473 2339 miis,
499 2281 555 2327 et
576 2273 790 2328 caeteris
828 2286 947 2342 quae
991 2270 1075 2325 vel
1103 2283 1199 2324 ore
1226 2269 1311 2325 vel
1365 2269 1634 2340 unguibus
1662 2269 1911 2335 saeviunt,

327 2371 569 2440 exceptis
619 2369 980 2441 serpentibus.
1043 2368 1236 2424 Bestia-
1291 2369 1450 2424 dictae
1481 2384 1510 2423 a
1543 2369 1617 2433 vi,
1670 2384 1774 2439 qua
1808 2385 1913 2424 sa:-

327 2464 517 2518 vinnt:
576 2462 708 2518 fera:
736 2461 1036 2532 appellatae,
1094 2476 1160 2515 eo
1213 2463 1358 2531 quod
1420 2460 1652 2515 naturali
1689 2468 1916 2515 utantur

325 2552 577 2608 libertate
608 2563 663 2608 et
716 2552 983 2608 desiderio
1035 2567 1131 2606 suo
1166 2550 1427 2605 ferantur.
1483 2549 1621 2606 Sunt
1668 2552 1813 2605 enim
1846 2550 1912 2606 li-

323 2642 467 2697 berte
495 2658 685 2699 eorum
714 2643 1039 2708 voluntates,
1069 2651 1123 2697 et
1143 2641 1246 2697 huc
1269 2652 1432 2712 atque
1462 2642 1587 2698 illuc
1617 2652 1900 2713 vagantur,

322 2744 377 2789 et
399 2750 509 2804 quo
536 2736 752 2790 animus
779 2734 1013 2801 duxerit,
1042 2749 1107 2788 eo
1130 2732 1399 2788 feruntur.
1424 2732 1623 2789 Leonis
1668 2734 1907 2789 vocabu-

323 2826 432 2881 lum
487 2843 557 2883 ex
596 2826 788 2883 Graeca
838 2827 1047 2900 origine
1094 2825 1346 2881 inﬂexum
1393 2835 1477 2881 est
1527 2827 1580 2881 in
1630 2826 1905 2882 Latinum.

319 2917 506 2975 Graece
557 2921 700 2976 enim
750 2920 869 2975 leon
916 2928 1163 2983 vocatur,
1207 2927 1368 2977 etest
1411 2934 1604 2974 nomen
1655 2920 1904 2985 nothum,

319 3010 446 3079 quia
500 3026 570 3066 ex
603 3019 759 3081 parte
808 3018 1121 3081 corruptum
1181 3020 1301 3065 est:
1342 3011 1508 3066 leaena
1541 3025 1671 3067 vero
1732 3020 1907 3068 totum

320 3101 568 3158 Graecum
594 3112 698 3169 est,
730 3103 871 3158 sicut
891 3112 948 3159 et
980 3104 1247 3159 dracxena.
1283 3103 1353 3160 Ut
1382 3112 1561 3159 autem
1606 3105 1773 3159 letena
1821 3106 1901 3160 lea

317 3190 552 3256 dicatur,
579 3200 897 3262 usurpatum
922 3202 1005 3246 est
1032 3208 1061 3245 a
1099 3191 1293 3262 poetis.
1344 3192 1453 3248 Leo
1482 3200 1664 3248 autem
1691 3192 1900 3259 Crteee,

1950 1910 1993 1968 Β
2022 1906 2206 1960 «leniit.
2254 1904 2356 1971 Qui
2404 1904 2541 1958 bene
2572 1902 2753 1957 catulo
2793 1902 3085 1958 dormienti
3119 1903 3294 1960 tribus
3341 1907 3531 1965 diebus
3560 1917 3616 1966 ct

2022 1997 2195 2051 tribus
2218 1994 2466 2049 noctibus
2485 2001 2832 2061 comparatur
2868 2011 2881 2045 :
2923 1994 3048 2063 quia
3078 1995 3254 2049 triduo
3279 1996 3332 2051 in
3362 1998 3616 2069 sepulcro

2011 2084 2200 2153 jacens
2229 2098 2474 2139 somnum
2506 2083 2694 2139 mortis
2723 2082 3002 2153 implevit,
3034 2091 3088 2138 et
3118 2085 3233 2155 ipsa
3259 2096 3433 2142 morte
3464 2105 3609 2147 mor-

2017 2175 2088 2229 tis
2117 2173 2397 2245 imperium
2432 2171 2579 2226 vicit.
2624 2171 2700 2225 De
2727 2186 2835 2239 quo
2883 2171 2939 2226 in
2970 2171 3166 2228 Genesi
3196 2175 3456 2244 scriptum
3488 2187 3571 2237 est
3597 2198 3611 2236 :

2019 2261 2185 2331 Quasi
2243 2261 2449 2318 catulus
2492 2260 2694 2326 leonis,
2759 2262 2875 2333 quis
2926 2263 3199 2319 suscitabit
3245 2267 3412 2321 eum?
3455 2266 3611 2340 (Cen.

2016 2354 2185 2428 χιιι).
2214 2355 2417 2410 Leonas
2442 2353 2713 2423 praepositi
2738 2353 2993 2409 Ecclesia:
3026 2354 3419 2427 intelliguntur.
3454 2358 3610 2416 Unde

2014 2446 2071 2501 in
2094 2446 2292 2516 templo
2316 2445 2529 2500 Domini
2557 2444 2742 2499 leones
2785 2458 2909 2498 cum
2935 2443 3111 2500 bubus
3145 2459 3213 2500 ex
3240 2461 3350 2503 mre
3379 2449 3433 2504 in
3462 2450 3611 2505 basi-

2012 2541 2116 2596 bus
2139 2539 2321 2609 templi
2356 2538 2471 2593 ﬁeri
2520 2537 2924 2608 praecipiuntur.
2975 2535 3110 2592 Item
3138 2537 3227 2595 leo
3254 2554 3354 2610 per
3380 2540 3607 2613 figuram

2012 2639 2323 2687 sanctor-tun
2367 2630 2648 2685 doctorum
2702 2627 3029 2696 impavidum
3079 2637 3279 2684 emtum
3316 2631 3606 2702 signiﬁcat,

2010 2739 2238 2794 quorum
2272 2722 2496 2793 rugitus,
2544 2722 2648 2776 hoc
2687 2729 2792 2786 est,
2836 2720 3242 2791 prmtlicationis
3297 2739 3400 2779 vox
3435 2734 3605 2780 terret

2008 2814 2370 2871 adversarios.
2428 2810 2581 2869 Unde
2640 2811 2901 2881 scriptum
2952 2819 3080 2868 est:
3130 2811 3236 2866 Leo
3287 2812 3610 2883 fortissimus

2007 2909 2310 2971 bestiarum,
2362 2906 2431 2960 ad
2463 2904 2661 2960 nullius
2694 2902 2895 2973 pavebit
2924 2916 3199 2958 occursum
3229 2903 3412 2977 (Prov.
3452 2906 3606 2976 xxx).

2005 3002 2076 3057 Et
2102 3001 2154 3057 in
2177 3000 2378 3056 Amos:
2417 2997 2520 3053 Leo
2542 2997 2709 3068 rugiet
2740 3010 2753 3023 '
2783 2996 2901 3068 quis
2924 3011 3027 3050 non
3068 2994 3267 3051 timebit
3288 2996 3315 3050 Γ
3350 2995 3607 3052 Dominus

2004 3092 2209 3148 loculus
2238 3099 2314 3146 est
2338 3106 2356 3144 :
2384 3088 2500 3161 quis
2530 3104 2635 3143 non
2674 3085 3046 3158 prapltetabit?
3081 3085 3261 3157 (Amos
3311 3087 3416 3159 ιιι.)
3471 3088 3604 3144 Item

2003 3185 2089 3241 leo
2114 3185 2166 3240 in
2195 3182 2524 3252 contrariam
2573 3188 2786 3251 partem
2831 3180 3082 3250 ponitur,
3138 3181 3355 3250 quando
3390 3184 3602 3238 smvitia

321 3279 511 3336 Latine
541 3296 639 3335 rex
689 3281 1076 3351 interpretatur
1109 3295 1197 3346 eo,
1247 3282 1389 3351 quod
1415 3281 1667 3352 princeps
1694 3282 1764 3337 sit
1784 3297 1905 3337 om-
1928 3278 1974 3340 C
2004 3274 2121 3345 ejus
2146 3275 2569 3335 demonstratur,
2595 3281 2656 3328 ut
2680 3280 2767 3328 est
2798 3270 2931 3327 illud
2970 3271 3118 3328 Petri
3142 3271 3384 3341 Apostoli
3408 3288 3422 3327 :
3462 3272 3607 3345 Vigi-

318 3372 467 3426 nium
500 3372 822 3427 bestiarum.
878 3371 1042 3440 Cujus
1072 3386 1240 3440 genus
1290 3371 1559 3426 trifariam
1616 3372 1836 3437 dicitur,
1870 3388 1901 3427 e

315 3462 512 3531 quibus
536 3463 753 3526 breves,
780 3469 835 3515 et
857 3461 987 3531 juba
1020 3462 1230 3530 crispa,
1262 3460 1504 3517 imbelles
1541 3470 1700 3517 sunt:
1735 3462 1898 3534 lengi,

314 3563 370 3607 et
413 3570 573 3608 coma
605 3552 860 3624 simplici,
917 3568 1093 3608 acres.
1141 3552 1364 3608 Animos
1406 3568 1596 3609 eorum
1650 3552 1800 3609 frons
1846 3564 1902 3611 et

314 3645 482 3699 cauda
522 3645 769 3699 iudicat:
809 3645 981 3700 virtus
1017 3659 1203 3699 eorum
1234 3645 1287 3698 in
1320 3652 1540 3714 pectore
1568 3653 1651 3698 est
1682 3663 1695 3698 :
1735 3645 1903 3701 ﬁrmi-

314 3747 396 3790 tas
423 3737 476 3790 in
507 3737 702 3807 capite.
730 3733 879 3806 Septi
909 3750 942 3790 a
964 3733 1314 3790 venatoribus
1329 3742 1531 3788 terram
1555 3741 1900 3803 contuentur,

312 3842 419 3896 quo
450 3824 630 3880 minus
650 3824 956 3895 conspectis
980 3823 1260 3879 venabulis
1284 3832 1605 3880 terreantur.
1638 3823 1900 3881 Rotarum

313 3914 505 3969 timent
542 3915 820 3983 strepitus,
852 3914 946 3969 sed
973 3914 1124 3985 ignes
1157 3913 1349 3986 magis.
1399 3914 1534 3969 Cum
1557 3915 1896 3981 dormierint,

311 4003 534 4073 vigilant
556 4003 698 4058 oculi
728 4022 741 4056 :
788 4018 911 4058 cum
938 4003 1234 4067 ambulant,
1266 4004 1435 4058 cauda
1458 4020 1556 4060 sua
1583 4006 1899 4075 cooperiunt

310 4096 539 4166 vestigia
569 4111 685 4158 sua,
742 4110 810 4149 ne
843 4110 937 4151 eos
968 4104 1193 4151 venator
1230 4096 1487 4152 inveniat.
1530 4095 1664 4151 Cum
1699 4112 1897 4167 genuc-

314 4188 704 4255 rintcatulum,
744 4187 918 4244 tribus
947 4188 1138 4245 diebus
1176 4196 1232 4245 et
1267 4190 1439 4245 tribus
1469 4190 1716 4245 noctibus
1743 4197 1896 4245 catu-

311 4279 390 4333 lus
419 4278 660 4335 dormire
696 4279 907 4334 fertur:
941 4288 1073 4335 tunc
1102 4280 1294 4337 deinde
1337 4281 1511 4351 patris
1541 4280 1759 4336 fremitu
1810 4281 1893 4336 vel

312 4369 483 4440 rugitu
512 4367 680 4423 veluti
716 4369 1067 4425 tremefactus
1090 4370 1282 4427 cubilis
1307 4371 1480 4438 locus,
1518 4373 1786 4428 suscitare
1809 4374 1892 4428 di-

307 4462 446 4517 citur
471 4460 710 4516 catulum
756 4461 1132 4518 dormientem.
1180 4461 1337 4519 Circa
1367 4464 1638 4520 hominem
1678 4466 1891 4522 leonum

309 4559 498 4605 natura
525 4549 672 4604 mitis
699 4558 820 4604 est:
852 4559 930 4615 ut,
961 4551 1064 4607 nisi
1094 4552 1224 4617 lzesi,
1253 4563 1527 4624 nequeant
1563 4555 1746 4611 irasci.
1792 4556 1893 4610 Pa-

2004 3368 2129 3435 late,
2161 3369 2355 3440 inquit,
2386 3377 2432 3422 et
2460 3377 2647 3422 orate:
2675 3367 2800 3436 quia
2830 3366 3163 3422 adversarius
3200 3378 3363 3422 vester
3404 3368 3602 3424 Diabo-

2004 3461 2107 3525 lus,
2136 3471 2385 3529 tanquam
2409 3461 2486 3514 lea
2523 3461 2730 3529 rugiens
2753 3500 2768 3524 ,
2818 3459 3024 3527 circuit,
3072 3477 3309 3531 quarens
3337 3479 3489 3534 quem
3513 3463 3607 3519 de-

2002 3563 2142 3607 raret
2179 3552 2230 3623 (1
2258 3550 2403 3605 Petr.
2436 3550 2509 3619 v).
2538 3550 2775 3605 Rursum
2801 3551 2855 3605 in
2876 3548 2977 3606 Job
2997 3552 3256 3621 scriptum
3279 3562 3362 3609 est
3394 3571 3405 3608 :
3439 3552 3601 3625 Rugi-

2001 3653 2084 3699 tus
2114 3643 2298 3708 leonis,
2322 3653 2368 3697 et
2402 3658 2502 3696 vox
2531 3641 2732 3706 latente,
2775 3652 2824 3697 et
2853 3642 3033 3697 dentes
3064 3642 3362 3698 catulorum
3395 3644 3601 3699 leonum

2000 3736 2211 3791 contriti
2259 3745 2380 3791 sunt
2414 3733 2557 3807 (Job.
2608 3734 2704 3805 Iv).
2758 3733 2965 3790 Lezente
3014 3746 3193 3790 autem
3242 3737 3460 3791 nomine
3505 3736 3601 3789 ali-

2000 3826 2215 3897 quando
2260 3835 2446 3882 sancta
2504 3826 2765 3892 Ecclesia,
2818 3824 3106 3896 aliquando
3152 3824 3448 3895 Babylonia
3502 3826 3598 3880 de-

1998 3916 2262 3988 signatur.
2306 3917 2415 3973 Pro
2440 3931 2505 3972 eo
2532 3918 2698 3983 enim,
2726 3918 2873 3988 quod
2904 3925 3096 3974 contra
3126 3918 3470 3973 adversarios
3501 3934 3598 3971 au-

1998 4007 2104 4063 dax
2138 4016 2254 4073 est,
2300 4009 2467 4064 leaena
2494 4009 2734 4065 Ecclesia
2766 4009 2984 4072 dicitur,
3014 4009 3157 4063 sicut
3180 4006 3422 4077 eiusdem
3453 4008 3595 4062 beati

1995 4096 2097 4153 Job
2128 4099 2350 4154 vocibus
2382 4100 2740 4169 approbatur,
2789 4099 2882 4168 qui
2910 4097 3228 4152 derelictam
3257 4097 3326 4151 ab
3351 4098 3595 4156 Ecclesia

1994 4188 2232 4245 Judteam
2279 4190 2523 4246 indicans
2560 4192 2672 4246 ait:
2711 4188 2833 4244 Non
2858 4189 3191 4244 calcaverunt
3217 4206 3332 4243 eam
3368 4189 3467 4258 ﬁlii
3508 4207 3592 4243 m-

1994 4281 2238 4334 stitorum
2276 4296 2367 4334 nec
2388 4280 2717 4350 pertransibit
2747 4296 2841 4349 per
2857 4296 2973 4333 eant
3003 4278 3170 4334 ieiuna
3204 4278 3346 4350 (Job.
3374 4280 3590 4351 xxvnt).

1993 4371 2188 4426 Lezena
2216 4370 2454 4426 Ecclesia
2484 4371 2537 4426 in
2559 4368 2697 4427 Job:
2748 4369 3004 4441 Nunquid
3035 4372 3207 4441 capies
3244 4370 3424 4426 latente
3460 4388 3596 4442 prce-

1993 4462 2165 4516 dam?
2215 4474 2305 4516 aut
2361 4462 2565 4517 animas
2610 4460 2908 4516 catulorum
2953 4461 3069 4531 ejus
3115 4460 3401 4532 implebis?
3445 4461 3591 4534 (Job.

1993 4554 2206 4627 xxxtx.)
2258 4553 2436 4610 Catuli
2484 4553 2685 4614 leaenae,
2735 4552 2978 4624 Apostoli
3019 4552 3110 4609 ubi
3138 4561 3195 4608 et
3242 4568 3430 4625 supra.
3478 4554 3593 4609 Ali-

308 4649 384 4696 tet
438 4641 585 4696 enim
646 4654 837 4695 eorum
892 4642 1261 4698 misericordia
1315 4645 1574 4715 exemplis
1630 4647 1884 4704 assiduis.
1916 4633 1968 4693 Ῑ)
1993 4648 2210 4718 quando
2244 4646 2428 4702 laena:
2451 4647 2672 4702 nomine
2720 4644 2881 4716 lmjus
2909 4644 3093 4701 mundi
3127 4645 3343 4709 civitas,
3402 4646 3453 4700 id
3483 4653 3593 4728 est,

305 4727 596 4788 Prustratis
621 4734 767 4788 enim
792 4742 1043 4803 parcunt,
1076 4736 1318 4807 captivos
1344 4737 1534 4792 obvios
1571 4738 1625 4792 in
1655 4740 1886 4808 patriam

306 4824 479 4879 redire
503 4823 858 4893 permittunt,
899 4825 1174 4880 hominem
1225 4841 1333 4881 non
1362 4828 1464 4883 nisi
1512 4844 1707 4900 magna
1749 4831 1890 4888 fame

309 4916 645 4972 interimunt.
698 4916 805 4973 Leo
832 4918 1002 4984 enim,
1052 4919 1144 4990 qui
1175 4933 1267 4973 rex
1316 4928 1400 4975 est
1442 4921 1762 4989 bestiarum,
1792 4940 1891 4995 per

306 5005 670 5063 fortitudinem
700 5016 884 5079 typum
916 5018 1066 5065 tenet
1091 5009 1310 5075 Christi,
1341 5011 1432 5081 qui
1460 5021 1543 5068 est
1569 5030 1664 5068 rex
1703 5030 1889 5085 regum

304 5106 355 5153 et
390 5097 642 5155 dominus
669 5100 1095 5168 dominantium,
1144 5104 1210 5159 de
1252 5120 1360 5175 quo
1397 5106 1657 5176 scriptum
1702 5115 1787 5162 est
1829 5107 1884 5161 in

302 5188 618 5261 Apocalypsi
648 5208 662 5244 :
704 5189 842 5245 Ecce
875 5193 994 5246 vicit
1022 5191 1101 5246 leo
1134 5194 1200 5247 de
1224 5194 1361 5248 tribu
1400 5195 1565 5261 Iuda,
1600 5197 1755 5250 rudia:
1781 5197 1889 5251 Da-

303 5280 401 5345 vid,
444 5281 649 5352 aperire
673 5281 866 5337 librum
913 5293 961 5337 et
988 5284 1184 5339 solvere
1225 5295 1416 5354 septem
1467 5286 1740 5356 signacula
1770 5291 1888 5358 ejus

303 5373 482 5445 (Apoc.
512 5374 589 5445 v).
625 5374 777 5430 Unde
803 5384 857 5430 et
883 5374 1047 5431 Jacoh
1072 5376 1379 5445 patriarcha
1420 5377 1555 5432 dixit
1586 5378 1640 5432 in
1670 5379 1861 5434 benedi

301 5466 473 5521 ctione
518 5463 674 5521 Judte
701 5465 792 5522 ﬁlii
823 5469 904 5522 sui
936 5483 952 5522 :
984 5468 1203 5525 Catulus
1246 5469 1408 5524 leonis
1436 5469 1602 5524 Iuda.
1649 5470 1732 5525 Ad
1752 5488 1888 5541 pra:-

300 5556 442 5623 tlam,
470 5557 551 5626 ﬁli
590 5558 685 5622 nti,
720 5560 1000 5613 ascendisti
1029 5559 1181 5631 (Cen.
1226 5561 1411 5629 xux);
1442 5562 1697 5631 quoniam
1734 5561 1890 5617 Chri-

301 5655 412 5703 stus
459 5648 735 5703 nascendo
786 5650 1038 5719 parvulus
1095 5653 1270 5707 factus
1316 5660 1419 5716 est,
1468 5659 1521 5706 et
1569 5652 1622 5706 in
1670 5666 1887 5707 crucem

303 5739 622 5804 ascendens,
655 5743 899 5808 captivos
926 5741 1148 5812 populos
1183 5742 1248 5797 de
1276 5750 1541 5811 potestate
1569 5741 1767 5797 diaboli
1799 5757 1885 5798 rc-

1996 4738 2288 4809 Babylouia
2321 4737 2646 4807 exprimitur
2670 4776 2685 4802 ,
2735 4750 2858 4807 quae
2885 4742 3075 4793 contra
3109 4736 3278 4791 vitam
3328 4735 3589 4790 innocen-

1996 4826 2131 4882 tium
2184 4827 2520 4882 immanitate
2547 4826 2882 4882 crudelitatis
2930 4826 3223 4883 eﬂ‘renatur
3253 4844 3266 4881 τ
3301 4842 3420 4895 quae
3445 4827 3591 4880 anti-

1993 4934 2101 4988 quo
2132 4919 2294 4980 hosti,
2325 4918 2478 4988 quasi
2506 4904 2806 4974 szevissimo
2854 4918 3017 4981 leoni,
3055 4918 3282 4982 sociata,
3315 4932 3589 4985 perverse

1993 5010 2361 5079 persuasionis
2385 5010 2503 5081 ejus
2529 5010 2735 5065 semina
2775 5010 3031 5079 concipit,
3053 5018 3107 5063 et
3137 5008 3396 5079 reprobus
3430 5024 3499 5063 ex
3527 5024 3587 5063 se

1994 5101 2131 5156 ﬁlios
2169 5101 2235 5155 ad
2284 5101 2688 5163 similitudinem
2739 5099 2883 5155 illius
2909 5098 3064 5169 quasi
3111 5097 3346 5154 crudelis
3375 5098 3585 5155 catulos

1990 5189 2178 5260 gignit.
2207 5188 2383 5244 Catuli
2409 5197 2589 5244 autem
2615 5188 2829 5245 leonum
2855 5204 2982 5244 sunt
3007 5188 3234 5257 quilibet
3270 5189 3484 5259 reprobi
3515 5190 3584 5244 ad

1993 5280 2231 5349 iniquam
2265 5279 2433 5334 vitam
2471 5279 2830 5351 malignorum
2876 5277 3165 5349 spirituum
3209 5291 3398 5333 errore
3422 5292 3586 5349 gene-

1996 5369 2135 5425 rati:
2168 5370 2259 5439 qui
2290 5379 2347 5425 et
2388 5369 2550 5425 simul
2581 5383 2770 5426 omnes
2806 5368 3112 5429 universam
3158 5367 3347 5422 mundi
3390 5367 3581 5422 civita-

1994 5474 2123 5529 tem,
2170 5477 2331 5532 quam
2356 5462 2703 5532 praediximus
2726 5459 3098 5531 Babyloniam,
3144 5457 3365 5522 faciunt,
3413 5466 3467 5513 et
3498 5469 3579 5512 ta-

1994 5573 2117 5612 men
2171 5555 2309 5610 idem
2343 5554 2536 5624 singuli
2570 5552 2878 5623 Babyloniae
2929 5551 3021 5607 ﬁlii
3054 5551 3211 5623 quasi
3260 5566 3367 5607 non
3398 5549 3579 5604 letatur

1993 5648 2150 5718 plene
2170 5645 2331 5701 catuli
2362 5654 2646 5700 vocantur.
2685 5643 2839 5700 Sicut
2866 5644 3011 5699 enim
3036 5641 3165 5699 Sion
3198 5650 3306 5698 tota
3338 5639 3579 5697 Ecclesia

1994 5741 2223 5805 dicitur,
2273 5739 2365 5794 lilii
2402 5748 2581 5793 autem
2622 5736 2752 5793 Sion
2791 5746 3102 5795 sanctorum
3153 5731 3348 5805 singuli
3377 5730 3577 5804 quique
