4072 6198
411 332 517 388 219

1046 330 1105 384 Β.
1148 328 1401 384 RABANI
1439 327 1657 384 MAURI
1694 326 1990 384 AllClllEP
2052 324 2358 382 MOGUNT.
2398 323 2681 380 OPERUM
2716 320 2897 379 PARS
2934 323 2999 379 ll.

3553 324 3671 379 220

409 449 811 502 memorantur:
844 442 916 496 ita
941 450 994 496 cl
1022 442 1110 495 lilii
1139 441 1426 512 Babylonis
1454 441 1650 511 singuli
1677 440 1876 510 quique
1902 454 1988 495 re-
2011 438 2061 497 Α
2088 434 2340 491 animalia
2367 449 2489 491 cum
2514 434 2687 490 acutis
2712 435 2980 506 unguibus
3006 432 3319 505 frequenter
3346 450 3537 506 parere
3555 452 3663 493 non

414 535 725 606 proborum,
753 533 1016 588 eteadem
1047 532 1336 602 Babylonia
1367 531 1526 586 simul
1553 545 1741 585 omnes
1768 530 1982 599 reprobi

408 632 691 680 vocantur.
736 623 866 686 Leo,
911 621 1168 677 Diabolus
1190 623 1260 677 ob
1282 620 1652 676 fortitudinem
1676 629 1729 675 et
1753 618 1985 675 crudeli-

412 721 604 777 tatem,
630 721 689 765 ut
718 713 772 765 in
798 711 1043 764 Psalmo:
1073 710 1153 765 Ne
1178 711 1389 783 quando
1418 711 1619 781 rapiat,
1659 720 1717 765 ut
1742 712 1840 774 leo,
1868 711 1986 764 ani-

412 818 551 854 mam
594 816 760 853 meam
795 797 966 870 (Psal.
998 799 1133 871 vn);
1188 807 1242 854 et
1276 800 1441 855 alibi:
1481 799 1632 855 Sedet
1681 802 1737 854 in
1776 799 1983 854 insidiis

411 907 527 943 cum
564 889 808 943 divitibus
827 890 883 943 in
903 889 1139 954 occultis,
1179 891 1312 943 sicut
1336 890 1414 943 leo
1438 891 1493 944 in
1513 890 1669 944 cubili
1693 908 1787 944 suo
1810 889 1982 960 (Psal.

412 981 489 1048 κ).
537 980 745 1034 Leones
773 988 900 1034 sunt
924 988 1218 1049 potestates
1250 979 1406 1049 hujus
1434 981 1636 1047 saeculi,
1667 990 1727 1036 ut
1754 982 1805 1035 in
1834 980 1986 1035 lere-

412 1073 551 1126 mia:
586 1070 724 1125 Grex
748 1071 1012 1139 dispersus
1048 1072 1268 1141 populus
1296 1088 1462 1136 meus,
1510 1071 1681 1128 leones
1721 1072 1984 1142 ejecerunt

410 1182 496 1219 eos
520 1164 652 1234 (Jer.
685 1164 760 1236 ι).
797 1164 970 1219 Catuli
996 1165 1230 1231 leonum,
1270 1168 1540 1221 daemones
1564 1167 1677 1221 sive
1710 1167 1860 1235 pravi
1890 1167 1987 1221 ho-

410 1258 602 1322 mines,
632 1265 692 1311 ut
721 1258 773 1311 in
802 1257 1047 1326 psalmo:
1106 1256 1175 1311 In
1224 1257 1395 1311 medio
1437 1256 1729 1311 catulorum
1779 1257 1986 1311 leonum

409 1347 627 1400 dormivi
655 1346 989 1400 conturbatus
1015 1345 1186 1419 (Psal.
1220 1345 1351 1418 Lvl).
1380 1347 1449 1401 Et
1474 1345 1597 1400 alibi
1623 1363 1637 1400 :
1669 1344 1844 1399 Catuli
1882 1345 1989 1400 leo-

410 1453 535 1489 num
562 1437 840 1505 rugientes,
864 1446 920 1489 ut
950 1439 1155 1507 rapiant
1179 1447 1225 1491 et
1244 1445 1481 1507 quaerant
1508 1452 1541 1489 a
1562 1435 1670 1489 Deo
1695 1452 1866 1489 escam
1890 1437 1987 1489 sibi

411 1525 582 1597 (Psal.
631 1525 768 1593 cm).
824 1526 1010 1583 Cubile
1048 1529 1279 1592 leonum,
1336 1544 1572 1597 prmsens
1601 1528 1868 1583 mundus:
1902 1529 1989 1583 vel

408 1617 682 1684 quodlibet
700 1633 921 1687 regnum
947 1617 1104 1686 hujus
1133 1620 1315 1674 mundi
1343 1619 1498 1673 :utin
1514 1618 1724 1673 Nahum
1751 1638 1763 1672 :
1796 1615 1893 1673 Ubi
1914 1630 1989 1674 est

410 1708 577 1763 cubile
606 1709 834 1776 leonum,
856 1720 903 1765 et
931 1729 1124 1782 pascua
1148 1712 1441 1766 catulorum
1475 1711 1681 1766 leonum
1707 1712 1874 1783 (Nah.
1901 1712 1985 1783 ll).

2083 537 2276 596 posse;
2307 524 2567 580 vitiantur
2595 524 2736 579 enim
2762 525 3087 582 intrinsecus
3113 541 3172 581 se
3201 528 3544 584 moventibus
3565 543 3661 584 ca-

2083 612 2230 667 tulis.
2270 612 2480 668 Pardus
2512 613 2783 668 secundus
2825 621 2948 684 post
2978 618 3321 683 pantheram,
3365 630 3537 685 genus
3579 626 3666 671 est

2086 701 2292 756 varium
2312 717 2376 757 ae
2401 701 2815 765 velocissimum,
2841 710 2895 756 et
2922 717 3164 773 praeceps
3193 702 3262 757 ad
3301 705 3618 775 sanguinem
3647 723 3662 771 ;

2084 792 2221 846 saltu
2247 791 2390 846 enim
2422 792 2489 846 ad
2519 799 2748 846 mortem
2794 791 2922 845 ruit.
2977 791 3183 847 Pardus
3228 802 3409 849 autem
3440 795 3666 866 mystice

2085 882 2352 955 signiﬁcat
2391 884 2673 939 Diabolum
2718 884 2947 940 diversis
2988 886 3136 940 vitiis
3160 885 3549 955 plenissimum,
3581 884 3668 942 vel

2083 987 2424 1047 peccatorem
2463 975 2759 1047 quemlibet
2799 976 3024 1031 maculis
3059 977 3323 1031 scelerum
3348 984 3404 1030 et
3429 977 3668 1034 diverso«

2084 1084 2206 1123 rum
2234 1083 2479 1123 errorum
2518 1083 2818 1138 aspersum.
2882 1066 3031 1123 Unde
3060 1068 3189 1123 dicit
3207 1068 3504 1139 propheta:
3555 1068 3662 1123 ,Ε-

2087 1159 2255 1229 thiops
2285 1176 2389 1213 non
2424 1161 2640 1213 mutavit
2669 1158 2873 1229 pellem,
2894 1169 2942 1213 et
2962 1159 3161 1230 pardus
3182 1160 3483 1214 varietatem
3508 1178 3662 1216 suam

2087 1248 2219 1321 (Jer.
2246 1248 2389 1320 XIII).
2442 1249 2574 1304 ltem
2617 1250 2815 1319 pardus
2842 1248 3207 1306 Antichristus
3238 1251 3457 1307 malitia:
3487 1254 3657 1308 varie-

2087 1347 2197 1393 tate
2218 1353 2491 1407 aspersus,
2510 1340 2642 1393 utin
2675 1338 2989 1411 Apocalypsi
3017 1356 3032 1405 ;
3066 1340 3130 1394 Et
3155 1340 3336 1408 bestia,
3360 1359 3475 1413 qua:
3494 1359 3676 1397 ascen-

2086 1434 2238 1488 debat
2260 1433 2324 1487 de
2344 1436 2502 1499 mari,
2530 1434 2713 1489 similis
2738 1445 2850 1490 erat
2873 1437 3043 1505 paulo
3068 1435 3250 1508 (Apoc.
3280 1439 3402 1508 xm)
3429 1456 3445 1505 ;
3476 1440 3542 1494 de
3563 1439 3666 1494 illis

2088 1524 2239 1589 dicit,
2270 1525 2359 1594 qui
2389 1525 2440 1579 in
2465 1525 2741 1594 nigredine
2762 1538 3105 1597 peccatorum
3128 1536 3184 1582 et
3203 1530 3464 1585 varietate
3490 1546 3663 1601 perse-

2087 1624 2296 1672 verant.
2343 1617 2480 1671 Alibi
2510 1625 2691 1673 tamen
2737 1619 2995 1688 scriptum
3024 1628 3145 1676 est:
3201 1619 3470 1675 Habitabit
3512 1622 3665 1693 lupus

2089 1723 2205 1760 cum
2234 1723 2395 1776 agno,
2445 1716 2497 1761 et
2518 1708 2715 1777 pardus
2760 1724 2877 1762 cum
2921 1708 3071 1763 htedo
3124 1708 3333 1764 cubabit
3381 1709 3514 1781 (Isa.
3564 1711 3661 1782 xi).

408 1798 539 1852 item
567 1799 740 1853 cubile
755 1799 989 1865 leonum,
1012 1802 1173 1855 corda
1198 1802 1567 1870 reproborum,
1587 1810 1645 1855 ut
1670 1802 1722 1855 in
1748 1801 1983 1871 psalmo:
2015 1795 2060 1853 Β
2089 1796 2240 1863 Quod
2266 1798 2319 1851 in
2342 1798 2570 1852 adventu
2601 1796 2801 1853 Christi
2827 1800 3151 1870 completum
3177 1807 3280 1866 est,
3323 1802 3537 1871 quando
3566 1801 3664 1867 illi,

413 1888 572 1945 Ortus
593 1901 667 1945 est
691 1891 791 1958 sol,
837 1901 885 1945 et
912 1894 1206 1962 congregati
1233 1900 1372 1954 sunt,
1422 1901 1470 1946 et
1496 1894 1551 1947 in
1581 1892 1834 1946 cubilibus
1875 1894 1983 1947 suis

410 2001 464 2038 se
486 1984 811 2039 collocabant
849 1984 1019 2057 (Psal.
1052 1985 1188 2051 cm).
1229 1986 1407 2058 Tigris
1431 1996 1620 2042 vocata
1650 1997 1871 2057 propter
1893 2003 1987 2044 ve-

408 2075 581 2131 locem
609 2073 808 2147 fugam.
854 2077 929 2130 Ita
957 2079 1101 2132 enim
1130 2079 1407 2133 nominant
1447 2079 1624 2135 Persa:
1657 2089 1714 2134 et
1738 2079 1876 2135 Medi
1901 2096 1987 2136 sa-

407 2165 618 2237 gittam.
648 2166 744 2222 Est
766 2167 907 2221 enim
933 2168 1104 2223 bestia
1131 2169 1296 2223 variis
1325 2170 1579 2225 distincta
1605 2171 1852 2237 maculis,
1877 2171 1984 2225 viro

407 2266 524 2313 tute
547 2264 601 2313 et
625 2257 907 2312 velocitate
947 2259 1228 2314 mirabilis.
1262 2260 1343 2313 Ex
1369 2261 1523 2330 cujus
1549 2261 1765 2316 nomine
1787 2259 1985 2316 flumen

408 2350 583 2420 Tigris
612 2340 929 2421 appellatur,
964 2351 1105 2420 quod
1136 2351 1180 2406 is
1219 2352 1595 2419 rapidissimus
1637 2353 1708 2407 sit
1745 2353 1986 2408 omnium

406 2439 712 2495 fluviorum.
759 2439 870 2495 Has
899 2441 1071 2511 magis
1104 2441 1354 2497 llircania
1388 2443 1576 2514 gignit.
1608 2442 1786 2514 Tigris
1807 2451 1986 2499 autem

408 2532 635 2602 mystice
659 2532 927 2602 signiﬁcat
947 2534 1197 2587 astutiam
1229 2533 1457 2589 Diaboli.
1504 2536 1630 2593 Inde
1654 2537 1708 2590 in
1730 2535 1829 2590 Job
1856 2536 1990 2590 scri-

407 2629 559 2691 ptum
585 2629 671 2675 est
694 2638 706 2674 :
742 2619 911 2692 Tigris
936 2623 1087 2693 periit
1131 2640 1190 2677 eo
1212 2624 1351 2694 quod
1374 2641 1474 2678 non
1498 2625 1703 2679 haberet
1731 2627 1985 2695 prtrdam,

408 2718 456 2762 et
478 2708 638 2762 catuli
664 2709 869 2764 leonum
912 2711 1149 2784 dissipati
1189 2722 1309 2766 sunt
1340 2712 1482 2785 (Job.
1523 2713 1617 2786 tv).
1652 2714 1805 2771 llunc
1829 2732 1989 2772 voca-

407 2802 533 2857 bulo
558 2804 764 2874 tigridis
791 2804 1008 2874 repetit,
1048 2820 1209 2875 quem
1236 2805 1409 2860 leonis
1435 2806 1786 2875 appellatione
1815 2808 1992 2878 signa-

409 2893 505 2946 vit.
555 2893 723 2947 Satan
771 2894 967 2963 quippe
1010 2902 1064 2948 et
1096 2904 1314 2964 propter
1339 2895 1711 2951 crudelitatem
1738 2896 1822 2951 leo
1855 2897 1991 2951 diei-

407 2991 516 3047 tur,
556 2994 610 3039 et
649 2991 871 3053 propter
915 2982 1259 3039 multiformis
1285 2986 1495 3040 astutiae
1540 2986 1856 3041 varietatem
1883 3002 1989 3041 non

406 3072 701 3145 incongrue
729 3074 881 3144 tigris
930 3083 1173 3129 vocatur.
1221 3074 1377 3130 Modo
1411 3076 1553 3131 enim
1602 3090 1683 3142 se,
1732 3076 1873 3133 sicut
1909 3088 1994 3134 est

2086 1889 2175 1958 qui
2205 1897 2364 1944 antea
2402 1887 2611 1945 feroces
2639 1890 2874 1956 fuerunt,
2906 1907 3027 1946 cum
3077 1893 3453 1949 innocentibus
3496 1895 3661 1949 vitam

2086 1976 2306 2041 ducunt,
2337 1985 2392 2032 et
2428 1978 2518 2046 qui
2548 1993 2796 2033 errorum
2826 1979 3052 2035 maculis
3077 1980 3263 2050 polluti
3284 1989 3460 2047 erant,
3492 1982 3665 2053 pleni-

2088 2070 2311 2125 tentiam
2363 2079 2581 2141 agentes
2632 2072 2701 2125 ad
2749 2072 3035 2127 veritatem
3072 2071 3195 2128 ﬁdei
3249 2082 3659 2129 convertuntur.

2086 2159 2394 2231 Leopardus
2419 2176 2486 2216 ex
2515 2161 2777 2218 adulterio
2818 2162 2999 2217 leamae
3022 2171 3076 2217 et
3117 2163 3273 2234 pardi
3308 2164 3566 2229 nascitur,
3608 2171 3664 2218 et

2086 2253 2301 2307 tertiam
2333 2250 2782 2324 originemellicit
2809 2267 2824 2306 :
2863 2254 3003 2307 sicut
3033 2261 3089 2307 et
3111 2253 3318 2308 Plinius
3346 2255 3398 2308 in
3431 2253 3662 2309 naturali

2088 2342 2325 2398 Historia
2351 2343 2499 2409 dicit,
2544 2343 2752 2399 leonem
2783 2357 2905 2398 cum
2953 2343 3122 2414 pardo
3150 2352 3244 2398 aut
3288 2345 3512 2415 pardum
3541 2356 3662 2399 cum

2088 2434 2255 2488 leaena
2283 2435 2663 2499 concumbere,
2708 2442 2764 2489 et
2805 2447 2871 2489 ex
2910 2443 3139 2504 utroque
3189 2435 3331 2489 coitu
3372 2436 3666 2507 degeneres

2089 2529 2275 2591 partus
2313 2523 2507 2588 creari,
2539 2530 2598 2577 ut
2625 2522 2802 2578 mulus
2829 2537 2895 2578 ex
2932 2538 3071 2592 equo
3111 2530 3165 2579 et
3188 2523 3359 2579 asina.
3400 2525 3665 2580 Rhinoce-

2089 2621 2206 2669 rota
2244 2629 2417 2684 graece
2453 2622 2678 2669 vocatus
2701 2654 2714 2679 ,
2774 2614 2941 2669 latine
2979 2614 3386 2685 interpretatur,
3442 2615 3497 2669 in
3538 2632 3664 2669 nare

2090 2722 2270 2760 cornu.
2320 2704 2464 2760 Idem
2518 2715 2572 2760 et
2628 2720 2978 2771 monoeeros,
3034 2705 3088 2760 id
3117 2716 3225 2770 est,
3276 2708 3568 2770 unicornis,
3598 2722 3664 2761 eo

2091 2795 2235 2864 quod
2282 2810 2444 2849 unum
2491 2810 2660 2850 cornu
2714 2796 2766 2850 in
2799 2796 2970 2850 media
3019 2793 3197 2851 fronte
3226 2797 3421 2852 habent
3469 2797 3661 2867 pedum

2091 2893 2341 2953 quatuor,
2378 2885 2452 2939 ita
2484 2894 2698 2940 acutum
2738 2895 2791 2941 et
2812 2887 3079 2953 validum,
3110 2896 3169 2942 ut
3193 2889 3451 2958 quidquid
3500 2889 3678 2959 impe-

2092 2979 2254 3041 tierit,
2293 2988 2385 3032 aut
2408 2978 2628 3034 ventilet
2664 2987 2757 3033 aut
2804 2978 3061 3050 perforet.
3108 2979 3241 3035 Nam
3291 2987 3346 3035 et
3388 2996 3508 3035 cum
3553 2979 3665 3034 ele-

2093 3072 2292 3141 phante
2327 3087 2548 3143 semper
2573 3082 2843 3128 certamen
2868 3073 3054 3141 habet,
3095 3083 3149 3130 et
3188 3075 3242 3128 in
3270 3082 3456 3130 ventre
3483 3073 3667 3128 vulne-

407 3166 673 3236 perditus,
704 3166 956 3220 humanis
988 3166 1234 3223 sensibus
1262 3167 1448 3238 objicit
1475 3183 1490 3222 :
1533 3170 1690 3224 modo
1712 3170 1863 3239 quasi
1892 3185 1991 3224 an-
2020 3150 2062 3210 (ἓ
2094 3173 2271 3219 ratum
2298 3165 2609 3235 prosternit.
2654 3163 2837 3219 Tantze
2869 3174 3047 3221 autem
3077 3165 3408 3221 fortitudinis
3435 3179 3555 3221 esse
3578 3165 3661 3221 di-

410 3255 586 3325 gelum
613 3255 747 3310 lucis
782 3256 1018 3312 ostendit
1042 3275 1054 3309 :
1108 3258 1266 3312 modo
1287 3257 1572 3312 stultorum
1599 3268 1807 3315 mentes
1833 3260 1985 3314 blan-

409 3346 604 3401 diendo
650 3347 975 3417 persuadet:
1029 3348 1189 3403 modo
1235 3349 1300 3403 ad
1333 3349 1546 3420 culpam
1586 3353 1834 3407 terrendo
1860 3367 1986 3422 per-

409 3438 615 3492 trahit:
649 3438 810 3492 modo
839 3439 1067 3494 suadere
1092 3440 1221 3494 vitia
1249 3448 1435 3510 aperte
1486 3442 1710 3495 nititur:
1744 3443 1904 3499 modo
1931 3445 1986 3497 in

409 3529 523 3584 suis
574 3528 1003 3599 suggestionibus
1059 3530 1159 3585 sub
1214 3530 1432 3585 virtutis
1486 3531 1664 3599 specie
1714 3532 1985 3600 palliatur.

410 3618 533 3674 Haec
556 3620 737 3689 itaque
761 3619 959 3685 bellua,
992 3636 1111 3690 qua:
1138 3628 1286 3675 tanta
1322 3621 1588 3676 varietate
1639 3625 1984 3695 respergitur,

402 3711 526 3781 jure
574 3711 730 3780 tigris
774 3720 1012 3766 vocatur.
1066 3710 1195 3778 Qum
1251 3713 1390 3782 apud
1436 3714 1772 3785 septuaginta
1821 3716 1987 3771 inter-

411 3814 588 3877 pretes
617 3804 997 3875 myrmicoleon
1055 3805 1270 3871 dicitur,
1324 3807 1465 3876 quod
1494 3807 1744 3862 videlicet
1789 3811 1983 3864 animal

2090 3255 2249 3321 citur,
2274 3263 2333 3309 ut
2363 3254 2505 3310 nulla
2535 3256 2848 3310 venantium
2879 3256 3079 3312 virtute
3106 3258 3381 3327 capiatur:
3409 3257 3523 3322 sed,
3563 3257 3667 3313 sic-

2086 3356 2148 3400 ut
2184 3347 2238 3401 hi
2270 3355 2541 3413 asserunt,
2575 3348 2665 3417 qui
2711 3348 3081 3403 describendis
3110 3348 3318 3403 naturis
3352 3348 3664 3403 animalium

2087 3438 2353 3495 laboriosa
2383 3439 2790 3510 investigatione
2817 3439 3148 3494 sudaverunt
3169 3478 3183 3503 ,
3231 3438 3384 3511 virgo
3412 3440 3462 3494 ei
3490 3438 3664 3509 puella

2085 3532 2423 3603 proponitur,
2452 3547 2561 3600 quo
2588 3531 2820 3586 venienti
2870 3531 2957 3585 illa
3004 3532 3180 3586 sinum
3222 3530 3430 3601 aperit,
3480 3530 3530 3584 in
3560 3546 3666 3600 quo

2086 3622 2197 3688 ille,
2227 3622 2374 3678 omni
2398 3620 2680 3677 ferocitate
2723 3622 3041 3691 postposita,
3074 3629 3233 3691 caput
3265 3621 3512 3691 deponit,
3563 3621 3658 3676 sic-

2086 3729 2191 3784 que
2219 3722 2532 3783 soporatus,
2562 3713 2631 3767 ab
2670 3713 2768 3776 eis,
2809 3727 2839 3766 a
2870 3713 3065 3783 quibus
3092 3712 3209 3782 capi
3250 3712 3511 3782 quatritur
3530 3751 3545 3775 ,
3577 3726 3665 3766 re-

2085 3813 2247 3875 pente
2271 3804 2419 3859 velut
2441 3804 2660 3858 inermis
2686 3805 2977 3858 invenitur.
3031 3804 3197 3858 Buxei
3225 3818 3438 3873 quoque
3468 3800 3667 3857 coloris

2085 3912 2206 3952 esse
2245 3895 2585 3951 describitur.
2634 3895 2734 3962 Qui
2763 3895 2926 3950 etiam
2949 3902 3069 3949 cum
3111 3894 3411 3964 elephantis
3452 3894 3668 3964 quando

2085 3995 2357 4043 certamen
2389 3986 2718 4056 aggreditur,
2747 4000 2813 4040 eo
2856 4000 3049 4050 cornu,
3077 3986 3219 4054 quod
3249 3986 3302 4038 in
3336 4001 3464 4039 nare
3488 3986 3640 4053 singu

2084 4078 2273 4133 lariter
2297 4086 2492 4149 gestat,
2538 4085 2779 4132 ventrem
2807 4077 3203 4131 adversantium
3237 4076 3400 4133 ferire
3422 4080 3667 4147 perbibe-

408 4169 668 4223 honorum
720 4167 823 4222 sibi
870 4181 1091 4235 operum
1130 4165 1510 4236 perfectionem
1553 4180 1877 4240 praeparant,
1929 4172 1984 4226 in
2083 4177 2193 4235 tur,
2228 4179 2288 4224 ut
2312 4186 2433 4225 cum
2462 4184 2547 4233 ea,
2574 4183 2694 4238 qua:
2731 4167 2972 4223 molliora
2998 4177 3126 4223 sunt
3165 4167 3433 4234 vulnerat,
3485 4169 3661 4239 impu-

408 4261 524 4329 ipso
553 4260 778 4313 actionis
817 4258 1010 4312 itinere
1044 4257 1253 4311 obsidet
1280 4274 1294 4311 :
1340 4274 1570 4329 eumque
1599 4260 1698 4315 has
1723 4276 1820 4331 per
1849 4261 1982 4317 insi-
2083 4271 2308 4331 gnantes
2335 4277 2392 4316 se
2427 4258 2583 4314 facile
2612 4267 2835 4313 sternat.
2868 4257 3051 4312 Potest
3082 4273 3210 4328 ergo
3246 4262 3344 4328 per
3373 4259 3516 4313 hunc
3551 4259 3661 4312 rbi-

408 4353 525 4405 dias
554 4356 789 4419 superat,
814 4350 967 4418 quasi
1004 4347 1257 4402 formicas
1287 4347 1556 4404 frumenta
1583 4357 1855 4419 gestantes
1883 4351 1985 4405 im-
2083 4359 2390 4406 nocerotem
2441 4348 2525 4403 vel
2553 4357 2955 4406 monocerotem
3001 4348 3207 4404 scilicet
3231 4349 3544 4404 unicornem
3573 4349 3664 4403 ille

407 4442 653 4510 provisus
682 4446 860 4493 necat.
911 4438 1149 4493 Panther
1198 4439 1373 4493 dictus
1417 4440 1529 4494 sive
1558 4440 1703 4508 quod
1739 4439 1981 4495 omnium
2011 4506 2051 4512 _
2083 4441 2310 4511 populus
2339 4440 2581 4512 intelligi,
2607 4441 2698 4510 qui
2724 4441 2847 4495 dum
2883 4440 2949 4497 de
2972 4449 3192 4511 accepta
3225 4440 3341 4512 lege
3369 4455 3473 4495 non
3499 4455 3663 4509 opera

409 4530 718 4584 animalium
747 4530 818 4583 sit
836 4528 1061 4592 amicus,
1091 4536 1316 4599 excepto
1342 4529 1577 4584 dracone
1606 4545 1620 4581 :
1648 4529 1759 4583 sive
1779 4529 1905 4598 quia
1929 4537 1985 4584 et
2011 4506 2061 4565 Ῑ)
2087 4533 2182 4587 sed
2198 4531 2374 4593 solam
2399 4532 2538 4586 inter
2561 4539 2786 4586 cunctos
2813 4532 3059 4587 homines
3096 4532 3383 4587 elationem
3412 4533 3663 4602 sumpsit,

409 3898 725 3950 absconsum
756 3893 993 3963 pulvere,
1041 3893 1292 3949 formicas
1326 3896 1406 3966 (ut
1430 3896 1684 3970 diximus)
1716 3896 1985 3954 frumenta

407 3992 678 4055 gestantes
707 3982 997 4038 interﬁcit:
1029 3984 1151 4054 quia
1188 3985 1441 4039 nimirum
1484 3996 1728 4056 apostata
1767 3990 1986 4060 angelus

408 4079 459 4132 in
485 4086 682 4131 terram
706 4075 770 4131 de
805 4075 956 4131 crelis
1001 4076 1272 4146 projectus
1289 4075 1557 4143 justorum
1601 4087 1833 4143 mentes,
1867 4096 1988 4152 qua:

408 4623 487 4675 sui
521 4622 733 4691 generis
766 4622 1023 4675 societate
1056 4621 1272 4691 gaudet,
1297 4629 1351 4676 et
1376 4622 1444 4676 ad
1469 4621 1713 4676 eamdem
1740 4620 1988 4675 similitu-

408 4713 607 4776 dinem,
656 4710 915 4779 quidquid
956 4711 1173 4780 accipit,
1224 4711 1417 4766 reddit.
1472 4711 1584 4765 Pan
1629 4711 1775 4766 enim
1799 4709 1988 4768 Griece

407 4816 564 4857 omne
607 4800 805 4854 dicitur
829 4816 842 4853 :
870 4798 1068 4872 'bestia
1115 4800 1340 4855 minutis
1366 4800 1622 4855 orbiculis
1657 4801 1983 4871 superpicta,

407 4894 481 4948 ita
512 4900 569 4946 ut
592 4890 818 4946 oculatis
844 4904 912 4945 ex
941 4889 1086 4945 fulvo
1113 4889 1329 4945 circulis
1355 4891 1507 4961 nigra
1537 4890 1619 4945 vel
1646 4889 1766 4945 alba
1799 4891 1989 4946 distin-

408 4990 602 5053 guatur
626 4982 904 5037 varietate.
947 4979 1073 5035 Haec
1101 4980 1266 5035 semel
1294 4981 1514 5035 omnino
1542 4981 1791 5051 parturit.
1824 4980 1987 5051 Cujus

406 5089 582 5127 causa:
612 5073 751 5128 ratio
772 5070 1056 5126 manifesta
1083 5078 1186 5126 est.
1222 5070 1355 5125 Nam
1384 5086 1506 5125 cum
1535 5070 1590 5125 in
1622 5079 1777 5126 utero
1798 5072 1986 5127 matris

406 5164 705 5218 coaluerint
739 5164 923 5229 catuli,
955 5163 1287 5233 maturisque
1331 5163 1399 5217 ad
1428 5164 1756 5219 nascendum
1779 5164 1983 5221 viribus

408 5256 627 5325 pollent,
683 5257 881 5310 odiunt.
936 5266 1234 5325 temporum
1295 5269 1496 5310 moras.
1552 5254 1736 5325 Itaque
1789 5271 1981 5311 onera-

408 5358 514 5400 tam
552 5349 748 5402 fetibus
778 5348 1007 5411 vulvam,
1041 5356 1295 5417 tanquam
1324 5346 1626 5402 obstantem
1653 5349 1852 5419 partui,
1881 5365 1980 5403 un-

405 5437 595 5506 guibus
625 5438 882 5492 lacerant.
927 5436 1165 5492 Et'fundit
1193 5436 1280 5491 illa
1311 5444 1522 5507 partum
1565 5452 1663 5492 seu
1697 5438 1875 5507 potius
1900 5438 1981 5493 di-

405 5527 601 5593 mittit,
630 5528 814 5584 dolore
842 5537 1085 5599 cogente.
1129 5528 1207 5583 Ita
1246 5534 1430 5599 postea
1457 5528 1724 5597 corruptis
1752 5538 1807 5583 et
1838 5528 1980 5583 cica-

405 5620 619 5675 tricosis
665 5621 881 5675 sedibus
928 5620 1158 5692 genitale
1203 5635 1388 5677 semen
1444 5619 1677 5675 infusum
1721 5635 1827 5675 non
1875 5621 1980 5675 erit

407 5725 549 5778 accc;
568 5720 715 5773 tum,
773 5712 863 5766 sed
919 5710 1128 5765 irritum
1171 5712 1361 5766 resilit.
1419 5709 1550 5765 Nam
1599 5711 1803 5766 Plinius
1850 5712 1979 5767 dicit

2086 4622 2240 4692 quasi
2268 4624 2409 4677 inter
2435 4629 2658 4676 caeteras
2684 4621 2889 4677 bestias
2911 4637 3081 4677 cornu
3110 4622 3380 4693 singulare
3409 4620 3661 4693 gestavit.

2088 4711 2242 4768 Unde
2265 4712 2568 4781 passionem
2595 4726 2748 4766 suam
2779 4711 3066 4777 Dominus,
3117 4710 3385 4781 Propheta
3413 4722 3661 4777 canente,

2087 4805 2438 4874 pronuntians
2472 4804 2586 4858 ait:
2633 4802 2821 4857 Libera
2850 4820 2931 4857 me
2961 4802 3024 4857 de
3049 4820 3137 4858 ore
3174 4804 3368 4869 leonis,
3399 4814 3445 4859 et
3471 4822 3504 4858 a
3548 4821 3661 4858 cor.

2090 4896 2237 4951 nibus
2261 4896 2589 4950 unicornium
2618 4893 2962 4949 humilitatem
2993 4910 3158 4948 meam
3194 4892 3366 4966 (Psal.
3396 4893 3529 4967 χχι).
3560 4895 3664 4950 Tot

2088 4988 2284 5059 quippe
2327 4987 2383 5041 in
2428 4987 2517 5042 illa
2542 4994 2700 5056 gente
2731 4987 3016 5041 unicornes
3052 4986 3137 5040 vel
3173 4994 3321 5040 certe
3352 4987 3663 5041 rhinocero-

2088 5090 2170 5136 tes
2197 5079 2540 5142 exstiterunt,
2570 5087 2702 5148 quot
2739 5087 2926 5132 contra
2971 5078 3389 5147 praedicamenta
3416 5078 3663 5132 veritatis

2084 5173 2152 5227 de
2172 5171 2305 5242 legis
2344 5170 2596 5241 operibus
2624 5170 2882 5240 singulari
2916 5180 2972 5225 et
3017 5168 3163 5223 fatua
3209 5168 3441 5224 elatione
3472 5166 3661 5223 conﬁsi

2081 5270 2225 5318 sunt.
2254 5260 2420 5316 Beato
2441 5260 2603 5332 igitur
2619 5258 2719 5316 Job
2747 5269 2947 5315 sanctae
2969 5259 3221 5314 Ecclesia:
3248 5268 3432 5329 typum
3458 5258 3660 5313 tenenti

2080 5353 2312 5409 dicitur:
2361 5350 2616 5421 Nunquid
2647 5349 2775 5405 volet
2805 5350 3100 5404 rlu'noceros
3129 5350 3318 5404 servire
3346 5347 3436 5401 tibi
3465 5348 3491 5402 ?
3514 5345 3656 5420 (Job.

2081 5441 2295 5515 xxxnx.)
2328 5447 2407 5497 Ac
2449 5442 2495 5497 si
2538 5441 2779 5511 apertius
2805 5438 3017 5495 dicatur
3046 5457 3059 5493 :
3093 5437 3346 5507 Nunquid
3376 5437 3524 5492 illum
3560 5453 3658 5508 po-

2079 5535 2281 5605 pulum,
2306 5548 2468 5603 quem
2504 5532 2785 5603 superbire
2813 5531 2866 5585 in
2917 5545 3049 5585 nece
3079 5528 3316 5584 ﬁdelium
3362 5527 3524 5582 stulta
3560 5543 3660 5582 sua

2079 5624 2310 5680 elatione
2337 5622 2672 5687 consideras,
2704 5622 2804 5677 sub
2820 5622 2942 5693 jure
2966 5629 3071 5677 tuae
3088 5619 3490 5692 praedicationis
3508 5618 3662 5675 incli-

2080 5717 2213 5773 nas?
2234 5716 2508 5783 subaudis,
2531 5724 2588 5771 ut
2609 5730 2730 5787 ego,
2755 5715 2845 5786 qui
2876 5725 2930 5771 et
2956 5726 3143 5771 contra
3187 5729 3272 5770 me
3304 5713 3453 5770 illum
3476 5712 3660 5783 singn-
