4072 6198
330 334 439 390 εει

1309 339 1393 394 DE
1436 339 1779 396 UNIV’ERSO
1819 341 1996 397 LIBRI
2037 343 2198 402 XXII.
2241 379 2312 390 -—
2350 349 2476 404 LIB.
2522 350 2652 406 VIII.

3506 356 3622 416 29.2

336 445 441 535 βτί
469 458 639 500 θοτηυ
664 443 852 535 {moui
874 444 1194 535 γεοηερῖείο,
1222 454 1276 501 et
1308 455 1486 504 tamen
1516 451 1669 517 mihi,
1697 467 1820 506 cum
1846 468 1940 509 vo-
1966 456 2015 515 A
2042 457 2231 528 gignit.
2278 460 2510 533 Elephas
2531 471 2710 517 autem
2741 463 3006 535 significat
3032 472 3369 534 percatorem
3421 465 3617 522 imma-

332 533 513 601 luero,
538 534 789 605 protinus
808 534 999 590 subdo.
1025 535 1445 594 Rhinocerotem
1467 555 1596 610 ergo
1618 540 1785 598 Paulo
1798 541 1937 614 Apo-

333 626 479 682 stolo
522 640 624 697 per
663 626 1076 682 similitudinem
1118 643 1435 699 comparare
1477 647 1797 702 possumus,
1842 635 1935 704 qui

332 718 491 786 prius
504 725 819 787 persecutor
829 725 885 772 et
897 716 1243 787 blasphemus
1254 721 1482 785 exstitit,
1497 722 1637 777 sicut
1650 723 1716 779 de
1728 739 1793 781 eo
1807 725 1937 781 scri-

334 816 491 878 ptum
513 815 635 863 est:
670 806 868 864 Saulus
888 808 1061 862 adhuc
1091 826 1298 880 spirans
1331 810 1594 865 minarum
1622 822 1671 867 et
1701 814 1858 869 credis
1878 815 1934 869 in

333 901 631 972 discipulos
654 899 888 967 Domini,
909 901 1129 955 accessit
1169 894 1239 954 ad
1265 902 1550 972 principem
1579 903 1930 971 sacerdotum,

332 1002 384 1046 et
415 993 564 1064 petiit
593 991 658 1045 ab
678 1008 739 1045 eo
777 989 1022 1063 epistolas
1056 992 1112 1045 in
1152 990 1471 1047 Damascum
1496 993 1566 1047 ad
1598 1009 1931 1065 synagogas:

332 1094 395 1138 ut
420 1087 465 1139 si
484 1101 614 1156 quos
635 1083 910 1138 invenisset
937 1083 1097 1154 hujus
1120 1083 1216 1139 via:
1273 1084 1408 1140 viros
1431 1101 1494 1139 ac
1515 1085 1756 1141 mulieres
1773 1127 1789 1150 ,
1815 1086 1931 1141 vin-

336 1187 448 1230 ctos
495 1176 795 1246 perduceret
844 1176 898 1229 in
940 1174 1236 1230 Jerusalem
1274 1174 1414 1247 (Act.
1450 1175 1547 1248 Ix).
1577 1176 1679 1244 Qui
1738 1177 1934 1233 divinat

334 1268 474 1338 legis
531 1266 836 1321 eruditione
885 1266 1142 1337 praeditus
1198 1265 1328 1320 dum
1376 1265 1605 1322 aliorum
1638 1266 1930 1339 ingluviem

338 1358 636 1428 redarguit,
665 1371 833 1413 wrnu
863 1356 1165 1425 elephantis
1196 1355 1250 1411 in
1274 1366 1516 1413 ventrem
1548 1357 1691 1414 ferit.
1716 1358 1775 1413 In
1804 1375 1934 1415 ven-

338 1458 477 1502 trem
528 1446 1071 1527 quippenelephantos
1099 1455 1479 1517 percusserat,
1522 1463 1645 1502 cum
1674 1447 1929 1503 dicebat:

340 1540 501 1593 Multi
528 1518 962 1609 ambulditt,quos
984 1554 1121 1609 sirpe
1145 1538 1381 1592 dicebant
1408 1537 1570 1606 vobis,
1591 1554 1728 1592 nunc
1757 1548 1929 1592 autem

334 1637 386 1681 et
410 1630 544 1698 ﬂens
566 1628 685 1681 dico
702 1668 717 1693 ,
744 1627 983 1682 inimicos
1011 1627 1182 1681 crucis
1208 1626 1436 1693 Christi,
1460 1643 1683 1698 quorum
1703 1627 1826 1698 finis
1848 1628 1930 1682 in-

334 1723 545 1780 teritus,
573 1735 794 1790 quorum
816 1719 943 1774 deus
971 1728 1146 1773 venter
1168 1728 1267 1784 est,
1292 1728 1341 1773 et
1360 1718 1528 1789 gloria
1554 1720 1608 1773 in
1628 1719 1933 1789 confusione

336 1813 575 1878 ipsorum
599 1808 769 1882 (Phil.
818 1809 921 1881 ιιι).
955 1810 1021 1863 Et
1064 1824 1322 1866 rursum:
1350 1808 1694 1880 Huiusmodi,
1730 1810 1925 1881 inquit,
1956 1800 2002 1857 Β

338 1900 547 1956 Christo
574 1901 797 1956 Domino
827 1918 930 1955 non
964 1902 1214 1967 serviunt,
1262 1917 1352 1955 sea
1391 1918 1485 1955 suo
1518 1903 1683 1955 ventri
1714 1900 1925 1973 (Ibid.).

335 1993 517 2049 Cornu
547 2007 644 2046 suo
672 1991 836 2062 igitur
867 1991 1180 2046 rhinoceros
1231 1990 1334 2045 iste
1374 2006 1479 2045 non
1521 1988 1636 2059 jam
1661 1991 1926 2055 homines,

336 2083 431 2138 sed
480 2082 685 2137 bestias
735 2080 995 2150 percutit,
1050 2080 1269 2150 quando
1299 2079 1388 2134 illo
1432 2079 1631 2134 Paulus
1671 2080 1929 2134 doctrinae

337 2188 447 2226 sane
495 2170 809 2226 fortitudine
834 2185 1175 2239 nequaquam
1202 2168 1547 2239 perimendos
1574 2168 1808 2224 humiles
1828 2169 1930 2222 im-

338 2265 493 2334 petit,
548 2262 643 2319 sed
697 2263 959 2332 superbos
1003 2261 1211 2316 ventris
1256 2260 1491 2316 cultores
1547 2260 1761 2315 occidit.
1801 2258 1930 2326 Quae

337 2369 467 2424 ergo
503 2353 555 2407 in
592 2351 758 2407 Paulo
780 2351 982 2420 scripta
1014 2350 1384 2420 cognovimus,
1415 2360 1686 2420 superest,
1709 2359 1770 2404 ut
1790 2350 1928 2405 facta

338 2444 481 2498 etin
532 2442 658 2498 aliis
701 2441 1006 2498 credamus.
1047 2439 1199 2494 Multi
1246 2440 1446 2510 quippe
1492 2439 1557 2494 ad
1611 2440 1929 2495 humilitatis

335 2538 570 2604 gratYam
614 2549 680 2589 ex
711 2533 852 2589 illius
878 2532 1059 2604 populi
1093 2532 1325 2588 elatione
1349 2532 1595 2589 conversi
1625 2541 1769 2597 sunt,
1797 2547 1929 2603 quo.

337 2642 457 2679 mm
503 2624 766 2680 saevitiam
797 2623 1059 2679 Dominus
1095 2624 1223 2680 dum
1257 2624 1358 2679 sub
1398 2624 1528 2695 jugo
1570 2622 1816 2693 inspirati
1865 2622 1932 2676 ti-

338 2715 507 2769 moris
535 2714 800 2779 edomuit,
834 2713 1092 2768 nimirum
1126 2713 1485 2769 rhinocerotis
1510 2713 1612 2768 sibi
1659 2712 1932 2768 fortitudi-

340 2821 466 2860 nem
514 2805 749 2878 subegit.
802 2804 1142 2860 Rhinoceros
1171 2804 1422 2860 Christus
1466 2804 1728 2860 Dominus
1754 2810 1935 2874 potest

339 2896 565 2967 intelligi
591 2904 811 2966 propter
837 2895 1095 2951 invictam
1126 2894 1528 2959 fortitudinem,
1555 2902 1616 2948 ut
1643 2894 1697 2948 in
1728 2893 1929 2947 Deute-

283 2998 299 3008 '
342 2987 588 3042 ronomio
639 3005 655 3041 :
708 2986 872 3056 Cujus
925 2986 1178 3056 fortitudo
1227 2986 1412 3040 similis
1467 2992 1542 3038 est
1592 2984 1935 3038 rhinocerotis

340 3074 519 3145 (Deut.
567 3075 785 3145 sum).
817 3073 1168 3140 Rhinoceros,
1197 3083 1257 3129 ut
1278 3089 1440 3144 supra
1469 3072 1723 3137 diximus,
1769 3072 1935 3126 fortes

339 3178 555 3234 quoque
583 3164 698 3219 sive
718 3171 1012 3233 potestates
1038 3163 1220 3219 saeculi
1242 3161 1401 3231 hujus
1429 3162 1481 3217 in
1501 3160 1602 3217 Job
1630 3179 1643 3215 :
1674 3160 1930 3232 Nunquid
1958 3147 2001 3208 C

336 3255 471 3309 volet
516 3255 819 3310 rhinoceros
865 3256 1058 3309 servire
1087 3256 1218 3310 tibi?
1264 3254 1404 3328 (Job.
1438 3252 1649 3327 xxxtx.)
1681 3253 1932 3309 Monoec-

342 3362 451 3409 ros,
489 3347 593 3401 hoc
633 3356 741 3411 est,
773 3346 1070 3410 unicornis,
1098 3345 1345 3401 Christus
1370 3351 1472 3411 est,
1501 3352 1560 3399 ut
1587 3344 1640 3398 in
1676 3342 1884 3413 psalmo
1912 3358 1926 3395 :

343 3438 408 3491 Et
437 3437 663 3493 dilectus
705 3439 837 3492 sicut
869 3437 1012 3507 ﬁlius
1048 3438 1377 3491 unicornium
1403 3436 1576 3509 (Psal.
1620 3434 1840 3506 XXVIII),
1875 3432 1931 3489 id

338 3539 445 3593 est,
474 3529 766 3599 singularis
792 3529 1065 3599 potentize,
1091 3537 1145 3583 et
1160 3544 1325 3583 unum
1353 3537 1660 3583 sanctorum
1683 3541 1926 3598 regnum.

341 3623 633 3677 linitornis
662 3623 875 3693 superbi
918 3622 1002 3678 vel
1027 3637 1192 3676 unum
1224 3622 1485 3676 habentes
1526 3627 1930 3683 testamentum,

340 3725 396 3767 nt
441 3715 495 3768 in
527 3714 771 3784 psalmo:
804 3713 869 3767 Et
900 3733 932 3768 a
959 3714 1203 3768 cornibus
1228 3714 1560 3768 unicornium
1585 3711 1936 3766 humilitatem

340 3820 509 3856 meum
550 3802 724 3874 (Psal.
759 3805 894 3876 χχι).
920 3804 1269 3874 Elephantem
1294 3802 1468 3859 Graeci
1507 3818 1538 3857 a
1562 3801 1932 3873 magnitudine

339 3896 589 3963 corporis
650 3903 899 3951 vocatum
966 3902 1194 3965 putant,
1244 3892 1387 3962 quod
1447 3892 1677 3947 formam
1733 3890 1933 3946 mentis

340 3989 605 4058 proferat.
620 3986 806 4042 Cra-ce
820 4003 885 4042 en
905 3988 1137 4041 immons
1161 3985 1345 4056 lopbos
1359 3984 1576 4039 dicitur.
1605 3982 1758 4053 Apud
1774 3981 1933 4036 Indos

341 4088 522 4132 autem
552 4094 583 4132 a
612 4094 744 4134 voce
771 4078 956 4131 bar-rus
982 4086 1226 4132 vocatur.
1258 4074 1409 4130 Unde
1442 4080 1497 4128 et
1527 4088 1632 4128 vox
1662 4070 1782 4140 ejus
1807 4072 1933 4126 bar—

346 4170 522 4235 ritus,
581 4177 637 4224 et
681 4170 872 4233 dentes
911 4169 1066 4223 ebur.
1111 4167 1364 4221 Rostrum
1411 4173 1591 4219 autem
1631 4162 1934 4231 promuscis

344 4262 563 4326 dicitur,
609 4260 865 4329 quoniam
911 4259 1004 4314 illo
1039 4256 1299 4328 pabulum
1339 4256 1420 4310 ori
1451 4255 1725 4319 admovet,
1756 4260 1811 4307 et
1848 4258 1935 4307 est

345 4355 507 4425 angui
540 4352 735 4406 similis
770 4350 910 4405 vallo
934 4349 1176 4411 munitus
1197 4349 1459 4402 eburneo.
1506 4345 1573 4399 Hi
1600 4345 1764 4399 boves
1785 4341 1937 4396 lucus

345 4450 473 4503 dicti
529 4449 597 4501 ab
657 4446 893 4516 antiquis
944 4442 1203 4498 Romanis
1256 4460 1270 4495 :
1320 4443 1501 4505 boves,
1553 4437 1679 4508 quia
1727 4434 1930 4490 nullum

345 4541 544 4594 animal
590 4540 854 4611 grandius
882 4537 1138 4591 videbant
1169 4549 1184 4588 :
1218 4535 1391 4597 lucas,
1424 4532 1549 4603 quia
1602 4531 1655 4584 in
1690 4527 1931 4583 Lucania

346 4635 466 4687 illos
517 4632 721 4702 primos
766 4629 1009 4702 Pyrrhus
1063 4628 1117 4682 in
1173 4626 1357 4697 praelia
1403 4622 1605 4693 obiecit
1648 4619 1929 4675 Romanis.

349 4727 482 4780 Nam
513 4728 615 4782 hoc
660 4740 828 4797 genus
876 4720 1168 4777 animantis
1195 4719 1250 4774 in
1307 4720 1469 4773 rebus
1512 4714 1723 4771 bellicis
1751 4719 1935 4784 aptum

346 4830 452 4873 est.
490 4818 547 4872 In
579 4819 660 4873 eis
691 4817 839 4871 enim
870 4814 1049 4869 Persa:
1080 4822 1133 4867 et
1170 4811 1283 4866 indi
1321 4810 1512 4880 ligneis
1548 4806 1786 4862 turribus
1830 4803 1938 4860 col-

349 4910 538 4965 locatis
568 4919 823 4979 tanquam
849 4907 915 4961 de
939 4919 1093 4960 mtiro
1116 4903 1313 4971 jaculis
1338 4902 1620 4955 dimicant.
1657 4897 1935 4952 lntellectu

347 5009 527 5055 autem
554 5007 607 5053 et
634 4997 893 5053 memoria
922 4995 1088 5049 multa
1122 4990 1613 5063 vigentzgregatim
1643 4988 1932 5044 incedunt:

351 5102 522 5155 motu,
559 5105 666 5159 quo
704 5087 903 5150 valent,
930 5085 1201 5149 salutant,
1236 5097 1444 5137 murem
1497 5079 1738 5150 fugiunt,-
1759 5077 1936 5132 aversi

345 5191 563 5238 coeunt.
605 5179 833 5247 Quando
880 5188 1058 5236 autem
1103 5177 1426 5249 parturiunt,
1469 5176 1522 5229 in
1571 5173 1727 5245 aquis
1753 5172 1836 5227 vel
1882 5171 1938 5226 in

350 5271 543 5326 insulis
590 5270 873 5324 dimittunt
921 5267 1065 5322 fetus
1107 5276 1329 5337 propter
1356 5265 1642 5328 dracones,
1679 5262 1802 5334 quia
1837 5260 1940 5316 ini-

347 5365 475 5418 mici
522 5371 672 5427 sunt,
701 5369 758 5417 et
809 5362 878 5416 ab
932 5361 1013 5417 eis
1066 5359 1326 5431 implicati
1374 5363 1658 5413 necantur.
1716 5354 1941 5410 Biennio

346 5468 532 5511 autem
578 5461 800 5525 portant
840 5453 998 5517 fetus,
1045 5468 1148 5507 nec
1189 5450 1421 5521 amplius
1461 5463 1621 5519 quam
1668 5447 1834 5504 semel
1864 5448 1943 5519 gi—

347 5554 547 5618 gnunt,
574 5558 678 5600 nec
701 5542 905 5616 plures,
939 5543 1035 5599 sed
1065 5551 1272 5598 tantum
1302 5555 1492 5595 unum.
1535 5540 1733 5594 Vivunt
1762 5550 1941 5594 autem

348 5648 627 5693 trecentos
676 5651 867 5692 annos.
920 5636 1075 5706 Apud
1123 5634 1291 5689 solam
1346 5631 1580 5687 Africam
1634 5643 1690 5685 et
1739 5633 1940 5687 Indiam

346 5730 452 5797 cie.
473 5730 624 5786 banti
659 5727 810 5799 prius
864 5726 1271 5782 nascebantur:
1324 5740 1463 5778 nunc
1499 5723 1612 5778 sola
1660 5724 1805 5777 India
1851 5740 1944 5777 eos

1957 4497 2009 4556 D

2036 563 2160 603 nem
2182 550 2494 618 sceleribus,
2513 561 2567 607 et
2591 551 2889 607 facinorum
2915 551 3255 608 deformitate
3274 541 3573 623 squalidum
3598 574 3611 608 :
3637 564 3643 570 ’
3719 538 3721 541 1

2037 647 2275 697 attamen
2304 642 2438 697 tales
2461 658 2601 714 same
2623 642 2690 697 ad
2724 643 2997 698 Christum
3023 652 3433 699 convertuntur.
3466 645 3617 701 Unde

2035 734 2294 803 scriptum
2319 743 2401 790 est
2430 737 2481 790 in
2510 735 2645 790 libro
2675 735 2879 806 Regum
2898 777 2913 802 ,
2937 737 3080 806 quod
3120 736 3519 792 adducerentur
3550 739 3618 793 ad

2037 823 2376 879 Salomonem
2400 825 2569 879 simia:
2583 824 2920 895 etelephauti
2936 823 3057 897 (III
3078 823 3208 895 Reg.
3230 824 3308 895 ι),
3334 825 3482 895 quia,
3507 827 3618 896 ipse

2033 922 2107 968 est
2130 930 2237 985 paa:
2276 924 2472 980 nostra,
2498 915 2591 986 qui
2613 914 2732 985 fecit
2763 925 2986 987 utraque
3008 932 3172 969 unum
3214 914 3384 986 (Eph.
3411 916 3473 987 tt)
3501 958 3517 981 ,
3565 924 3620 972 et

2034 1005 2089 1059 in
2124 1005 2384 1075 sanguine
2430 1020 2528 1061 suo
2555 1005 2833 1060 mundavit
2862 1005 3249 1060 conscientiam
3277 1013 3523 1060 nostram
3551 1004 3619 1059 ab

2034 1095 2286 1165 operibus
2307 1102 2663 1150 mortuorum.
2693 1094 2924 1165 Griphes
2950 1104 3192 1159 vocatur,
3224 1097 3366 1165 quod
3394 1097 3466 1151 sit
3495 1095 3616 1150 ani-

2033 1185 2141 1240 mal
2165 1196 2454 1255 pcnnatum
2480 1195 2533 1241 et
2557 1188 2884 1256 quadrupes.
2918 1185 3030 1242 Hoc
3056 1201 3226 1257 genus
3264 1186 3317 1240 in
3341 1185 3620 1258 Hyperbo-

2033 1274 2142 1331 reis
2171 1275 2410 1329 nascitur
2454 1276 2746 1330 montibus.
2774 1275 2931 1331 Omni
2972 1285 3127 1345 parte
3157 1275 3401 1345 corporis
3438 1275 3618 1329 leones

2033 1372 2178 1429 sunt,
2208 1365 2308 1419 alis
2345 1374 2399 1419 et
2438 1363 2573 1420 facie
2610 1364 2803 1435 aquilis
2833 1365 3055 1430 similes,
3086 1365 3241 1435 equis
3271 1365 3621 1419 vehementer

2033 1453 2235 1509 infesti.
2256 1453 2386 1507 Nam
2410 1462 2464 1508 et
2490 1454 2738 1509 homines
2766 1454 2918 1509 vivos
2940 1454 3273 1523 discerpunt.
3298 1453 3365 1508 Hi
3388 1462 3613 1524 possunt

2032 1545 2336 1617 significare
2384 1545 2717 1601 ferocitatem
2752 1552 3191 1615 persecutorum,
3228 1553 3282 1599 et
3325 1544 3615 1600 elationem

2031 1637 2405 1705 superborum,
2452 1636 2543 1705 qui
2572 1635 2751 1692 infesti
2781 1644 2908 1690 sunt
2934 1634 3258 1697 hominibus,
3289 1633 3383 1704 qui
3412 1632 3618 1704 simpli-

2030 1726 2253 1781 citatem
2279 1725 2642 1781 Christianam
2675 1733 2975 1796 sequuntur
3011 1732 3069 1781 et
3116 1723 3509 1779 rationabiliter
3536 1722 3619 1777 vi-

2031 1826 2181 1874 vunt.
2230 1818 2517 1875 Cameleon
2553 1834 2661 1875 non
2711 1819 2875 1874 habet
2903 1833 3068 1872 unum
3109 1816 3369 1881 colorem,
3399 1815 3492 1871 sed
3536 1814 3619 1870 di-

2030 1924 2185 1963 versa
2222 1917 2306 1964 est
2341 1909 2603 1963 varietate
2658 1900 3003 1976 conspersus,
3055 1914 3115 1961 ut
3159 1906 3379 1977 pardus.
3433 1904 3616 1960 Dictus

2031 2007 2208 2053 autem
2238 1999 2329 2060 ita,
2366 1998 2508 2067 quod
2538 1995 2696 2066 huius
2744 1995 3507 2065 cameleontisporpusculum
3546 1994 3621 2049 ad

2030 2088 2256 2153 colores,
2298 2104 2434 2159 quos
2473 2086 2634 2151 videt,
2680 2086 2933 2143 facillim
2966 2086 3323 2142 conversione
3352 2085 3615 2151 variatur,

2029 2179 2170 2249 quod
2197 2179 2423 2234 aliorum
2453 2178 2765 2234 animalium
2810 2193 2915 2232 non
2953 2186 3039 2233 est
3084 2178 3158 2232 ita
3208 2178 3275 2231 azl
3308 2178 3619 2234 conversio-

2030 2286 2153 2326 nem
2232 2270 2406 2326 facilis
2473 2268 2826 2340 corpulentia.
2886 2266 3340 2337 Cameleopardus
3407 2267 3620 2332 dictus,

2029 2360 2197 2429 quod,
2231 2360 2356 2414 dum
2390 2360 2483 2423 sit,
2513 2367 2574 2413 ut
2620 2358 2845 2429 pardus,
2893 2356 3031 2412 albis
3078 2356 3304 2411 maculis
3340 2370 3615 2425 aspersus,

2030 2450 2168 2506 collo
2207 2466 2347 2519 equo
2389 2449 2602 2514 similis,
2650 2447 2877 2518 pedibus
2927 2447 3163 2515 bubulis,
3204 2446 3381 2516 capite
3432 2452 3614 2500 tamen

2030 2540 2238 2596 camelo
2270 2550 2356 2595 est
2398 2540 2609 2595 similis.
2639 2539 2792 2594 Hune
2833 2538 3107 2608 Ethiopia
3157 2538 3346 2608 gignit.
3387 2537 3498 2592 Nec
3550 2538 3619 2590 ab

2033 2648 2092 2687 re
2120 2641 2223 2696 est,
2252 2632 2399 2702 quod
2415 2631 2709 2686 bestiarum
2744 2632 2936 2686 harum
2963 2630 3112 2685 color
3135 2639 3189 2684 et
3218 2629 3426 2684 factura
3456 2628 3521 2681 ad
3544 2627 3589 2681 si
3609 2658 3621 2667 -

2032 2722 2427 2793 gnificationem
2442 2738 2507 2775 va
2516 2721 2713 2775 riorum
2734 2736 2979 2789 errorum
2996 2729 3157 2790 atque
3170 2718 3427 2774 vitiorum
3447 2727 3621 2772 trans-

2034 2814 2263 2878 feratur,
2291 2813 2336 2867 si
2373 2811 2568 2867 alicubi
2598 2812 2651 2865 in
2696 2811 2980 2879 scripturis
3020 2809 3164 2864 illius
3212 2808 3413 2863 mentio
3458 2805 3627 2861 fuerit

2036 2915 2270 2977 reperta.
2302 2905 2455 2976 Lynx
2483 2904 2698 2966 dicitur,
2727 2903 2854 2972 quia
2909 2902 2963 2955 i’n
2993 2901 3242 2971 luporum
3274 2912 3471 2970 genere
3515 2914 3616 2951 nu-

2037 3007 2299 3064 meratur,
2332 2996 2504 3051 bestia
2541 2994 2765 3050 maculis
2802 3002 2955 3064 terga
3004 2991 3275 3056 distincta,
3307 2997 3367 3043 ut
3397 2989 3616 3059 pardus,

2039 3090 2134 3145 sed
2164 3088 2353 3143 similis
2383 3087 2527 3159 lupo.
2568 3085 2736 3156 Hujus
2758 3086 2971 3139 urinam
3000 3090 3317 3137 convertere
3349 3094 3411 3135 se
3435 3080 3488 3134 in
3516 3080 3615 3134 du—

2034 3180 2211 3235 ritiam
2246 3178 2438 3248 lapidis
2484 3176 2702 3247 pretiosi
2733 3176 2940 3241 dicunt,
2972 3173 3063 3244 qui
3117 3171 3338 3244 Iigurius
3376 3169 3618 3240 appella-

2036 3280 2126 3326 tur
2154 3288 2167 3325 :
2194 3270 2336 3340 quod
2374 3275 2428 3324 et
2474 3269 2622 3339 ipsos
2651 3266 2836 3339 lynces
2892 3265 3093 3321 sentire
3144 3264 3247 3318 hoc
3296 3262 3632 3317 documento

2032 3363 2310 3433 probatur.
2342 3359 2477 3415 Nam
2500 3367 2742 3430 egestum
2780 3358 3046 3427 liquorem
3068 3354 3269 3419 arenis,
3299 3353 3614 3423 inquanttnn

2032 3453 2322 3525 potuerint,
2365 3460 2677 3523 contegunt,
2726 3449 2925 3504 invidia
2976 3449 3210 3518 quadam
3263 3443 3515 3507 naturali,
3554 3455 3635 3499 ne-

2033 3543 2163 3597 talis
2205 3544 2408 3612 egestio
2459 3548 2702 3595 transeat
2745 3539 2796 3592 in
2847 3553 3003 3593 usum
3058 3537 3374 3592 humanum.
3414 3533 3623 3605 Lyncus

2033 3634 2164 3689 dicit
2199 3631 2406 3688 Plinius
2457 3633 2726 3688 secundus
2767 3639 2919 3687 extra
2955 3644 3123 3685 unum
3176 3643 3281 3683 non
3334 3627 3623 3683 admittere

2032 3726 2222 3782 fetum.
2268 3723 2530 3780 Similiter
2584 3730 2641 3778 et
2682 3723 2783 3777 ista
2824 3721 2998 3776 bestia
3053 3727 3240 3792 typum
3289 3724 3437 3774 tenet
3476 3715 3618 3770 iuvi-

2032 3816 2226 3872 dorum
2279 3814 2555 3870 hominum
2598 3820 2759 3883 atque
2810 3811 3155 3875 dolosorum,
3208 3806 3299 3877 qui
3335 3805 3508 3875 magis
3533 3819 3624 3858 cu-

2032 3908 2188 3979 piunt
2219 3920 2418 3962 nocere
2462 3920 2621 3975 quam
2666 3903 2944 3974 prodesse,
2991 3909 3047 3956 et
3097 3898 3330 3955 terrenis
3356 3895 3623 3966 cupidita-

2035 3999 2179 4055 tibus
2198 3998 2392 4052 intenti
2418 4011 2506 4061 ea,
2540 4009 2659 4064 qute
2688 3991 2961 4063 superﬂua
2987 3989 3090 4045 sibi
3133 3993 3287 4052 sunt,
3331 3993 3387 4041 et
3412 3982 3622 4038 caneris

2033 4087 2291 4158 prodesse
2336 4092 2617 4154 poterant,
2674 4081 2936 4137 inutiliter
2995 4084 3234 4133 servant.
3284 4074 3538 4129 Castores
3589 4086 3621 4124 a

2034 4179 2321 4235 castrando
2344 4178 2471 4232 dicti
2504 4184 2648 4232 sunt.
2682 4173 2814 4227 Nam
2849 4168 3084 4227 testiculi
3122 4182 3312 4223 eorum
3348 4164 3461 4234 apti
3494 4170 3627 4217 sunt

2034 4268 2500 4325 medicaminibus.
2519 4267 2747 4335 Propter
2773 4277 2907 4333 quos
2927 4276 3049 4316 cum
3066 4255 3437 4330 persenserint
3452 4268 3621 4308 vena-

2036 4368 2229 4425 torem,
2261 4358 2364 4429 ipsi
2391 4373 2449 4413 se
2494 4364 2735 4412 castraut
2760 4361 2819 4409 et
2854 4351 3126 4407 morsibus
3160 4349 3303 4403 vires
3337 4360 3465 4401 suas
3500 4359 3621 4399 am-

2032 4461 2245 4524 putant.
2270 4450 2346 4506 De
2364 4450 2559 4520 quibus
2578 4448 2770 4504 Cicero
2802 4445 2856 4500 in
2889 4442 3187 4499 Scauriana
3217 4456 3232 4495 :
3261 4438 3543 4501 Redimam
3568 4453 3627 4491 se

2035 4562 2097 4600 ea
2125 4553 2272 4615 parte
2296 4542 2529 4613 corporis
2560 4558 2579 4594 :
2599 4548 2811 4611 propter
2828 4551 2986 4608 quam
3026 4532 3252 4587 maxime
3288 4536 3623 4601 expetuntur.

2035 4633 2308 4691 Juvenalis
2354 4651 2367 4687 :
2400 4632 2503 4698 Qui
2534 4647 2589 4685 se
2613 4628 2908 4685 eunuchum
2945 4626 3052 4697 ipse
3096 4623 3224 4694 facit
3250 4621 3465 4693 cupiens
3501 4636 3625 4676 eva-

2036 4727 2157 4781 dere
2180 4725 2374 4779 damno
2399 4722 2646 4777 testiculi.
2679 4721 2786 4792 Ipsi
2813 4728 2940 4774 sunt
2983 4727 3039 4773 et
3068 4715 3210 4782 libri,
3250 4714 3343 4785 qui
3376 4714 3539 4768 etiam
3567 4720 3625 4769 et

2035 4814 2237 4886 pontici
2285 4828 2447 4869 canes
2472 4819 2755 4868 vocantur.
2788 4809 2921 4865 Mira
2970 4822 3099 4879 ergo
3139 4815 3223 4861 est
3266 4804 3621 4859 animantium

2036 4905 2396 4977 quorumdam
2411 4903 2695 4975 prudentia
2717 4919 2730 4956 :
2754 4901 2851 4957 sed
2876 4898 3046 4954 multo
3072 4899 3239 4966 magis
3260 4891 3619 4962 quorumdam

2041 4998 2320 5054 hominum
2341 4995 2603 5068 stupenda
2619 5003 2703 5049 est
2722 4992 3011 5057 dementia,
3027 4990 3116 5058 qui
3131 4994 3436 5042 creaturam
3450 4982 3547 5037 Dei
3566 4982 3621 5037 in

2042 5105 2101 5146 se
2125 5090 2395 5146 conditam
2418 5088 2688 5144 aestimant
2712 5086 2964 5141 vitiorum
3012 5096 3132 5138 esse
3162 5075 3627 5133 etiicaciamdnde

2041 5181 2258 5252 quidem
2274 5178 2514 5234 haeretici
2530 5178 2874 5241 exstiterunt,
2890 5173 2981 5245 qui
2996 5169 3247 5243 genitalia
3263 5168 3506 5224 membra
3521 5165 3625 5221 sibi

2044 5276 2477 5340 amputaverunt,
2509 5282 2616 5337 quo
2641 5266 2853 5322 facilius
2892 5277 3111 5319 servare
3144 5266 3365 5331 possent
3389 5257 3627 5313 nubendi

2043 5358 2450 5423 continentiam,
2499 5356 2643 5411 illam
2694 5353 3015 5411 sententiam
3044 5350 3257 5407 Domini
3285 5348 3425 5404 male
3454 5348 3627 5403 inter-

2045 5458 2464 5522 pretantes,qua
2494 5447 2571 5500 ait
2600 5463 2613 5499 :
2645 5445 2779 5500 Sunt
2808 5441 3156 5513 eunuchi,qui
3178 5456 3232 5496 se
3254 5441 3397 5512 ipsos
3421 5447 3626 5494 castra-

2044 5550 2226 5596 verunt
2275 5547 2487 5610 propter
2524 5549 2737 5607 regnum
2765 5533 3009 5587 calorum
3040 5532 3257 5604 (Matth.
3303 5528 3450 5601 nx);
3504 5544 3628 5585 cum

2047 5631 2149 5685 hoc
2178 5629 2347 5699 magis
2372 5624 2774 5695 intelligendum
2805 5622 2877 5676 sit
2898 5621 3169 5691 pertinere
3193 5620 3260 5674 ad
3298 5618 3629 5688 voluptatum

2047 5732 2101 5775 ct
2155 5718 2392 5774 libidinis
2444 5714 2894 5785 amputationem,
2952 5726 3114 5781 quam
3152 5710 3219 5765 ad
3266 5708 3631 5764 membrorum
