4072 6198
427 301 534 361 29.3

1075 294 1136 350 B.
1177 291 1429 348 RABANI
1463 287 1683 348 MAUR!
1719 275 2040 344 ARCHIEP.
2081 279 2394 340 MOGUNT.
2437 277 2720 336 OPERUM
2757 276 2938 334 PARS
2977 276 3042 332 ll.

3586 275 3690 334 ρξι

419 412 665 486 corporis
683 407 1170 466 detruncationem.
1189 405 1348 462 Tales
1375 419 1504 476 ergo
1529 401 1792 458 canonica
1823 405 2008 454 aucto-
2033 400 2087 460 Α
2111 399 2290 486 scunt,
2321 389 2568 486 dominos
2605 403 2734 486 suos
2759 385 3386 486 dil_igunt,dominoru-m
3421 389 3693 486 tecta.de.

423 507 558 561 ritas
612 499 1083 558 excommunicare
1127 507 1184 554 et
1232 497 1298 550 ad
1353 494 1728 568 paenitentiam
1761 491 2006 561 redigere

421 596 701 669 praecepit.
738 593 910 650 Ursus
938 591 1110 646 fertur
1144 590 1343 651 dictus,
1363 587 1507 659 quod
1535 600 1630 641 ore
1663 599 1761 640 suo
1813 582 2008 638 formet

422 692 584 754 fetus,
617 687 771 759 quasi
801 703 973 741 orsus.
1003 684 1135 739 Nam
1162 684 1313 737 aiunt
1337 697 1431 737 eos
1456 679 1716 735 informes
1744 688 2008 748 generare

424 791 644 854 partus,
689 789 744 835 et
773 794 994 836 carnem
1046 777 1336 850 quamdam
1388 774 1558 839 nasci,
1619 787 1781 844 quam
1834 777 2010 825 mater

423 875 710 929 lambendo
746 873 801 928 in
845 869 1088 927 membra
1113 869 1408 939 componit.
1435 866 1588 923 Unde
1617 873 1704 920 est
1739 863 1890 930 illud,
1919 861 2008 918 Sic

425 965 616 1036 format
663 963 844 1032 lingua
874 962 1010 1032 fetus
1050 977 1168 1014 cum
1209 957 1426 1031 protulit
1454 973 1599 1011 ursa.
1631 954 1739 1011 Sed
1778 955 1882 1010 hoc
1911 954 2008 1008 im-
2039 1027 2044 1032 _

425 1057 712 1110 maturitas
741 1065 930 1126 partus
957 1054 1104 1109 facit.
1153 1053 1393 1121 Denique
1429 1051 1704 1105 tricesimo
1731 1048 1818 1104 die
1843 1062 2009 1120 gene-

389 1208 395 1215 ,
427 1155 533 1201 rat.
567 1145 716 1201 Unde
745 1145 1020 1206 evenit,ut
1043 1141 1376 1214 prmcipitata
1416 1137 1721 1196 fecunditas
1751 1137 2012 1191 informes

427 1245 694 1308 procreet.
750 1235 1011 1292 Ursorum
1069 1241 1232 1304 caput
1288 1232 1616 1296 invalidum,
1653 1230 1737 1285 vis
1775 1228 2008 1283 maxima

424 1329 481 1384 in
527 1328 766 1384 brachiis
811 1337 867 1383 et
910 1327 1127 1382 lumbis.
1181 1325 1334 1382 Unde
1394 1323 1666 1378 interdum
1715 1321 1884 1378 erecti
1932 1321 2012 1376 in-

421 1421 643 1476 sistunt.
672 1421 843 1475 Ursus
892 1435 1023 1490 ergo
1071 1417 1364 1488 aliquando
1384 1415 1542 1486 juxta
1572 1415 1888 1486 allegoriam
1939 1413 2012 1468 si-

419 1511 644 1583 gniﬁcat
672 1511 944 1566 diabolum
973 1509 1342 1564 insidiatorem
1374 1507 1554 1579 gregis
1581 1507 1700 1570 Dei,
1722 1505 2012 1575 aliquando

422 1614 602 1660 autem
628 1603 796 1660 duces
818 1619 990 1660 saevos
1009 1611 1066 1658 et
1088 1601 1356 1658 crudeles.
1391 1601 1546 1657 Unde
1572 1600 1626 1654 in
1655 1599 1796 1654 libro
1823 1613 2010 1670 regum

421 1695 686 1764 scriptum
721 1703 804 1750 est
833 1693 894 1767 (1
914 1691 951 1746 l'
983 1692 1110 1763 Reg.
1149 1691 1244 1764 ιι),
1293 1691 1438 1763 quod
1482 1704 1708 1761 pueros,
1758 1688 1850 1759 qui
1898 1687 2010 1742 Eli-

2108 483 2349 544 fendunt,
2378 495 2478 552 pro
2507 479 2738 536 dominis
2761 479 2874 534 suis
2899 476 3060 532 morti
3090 493 3148 534 se
3179 474 3470 546 objiciunt,
3509 475 3694 534 volun-

2107 573 2246 630 tarie
2275 586 2400 628 cum
2433 569 2652 626 domino
2694 568 2762 624 ad
2792 568 3029 639 praedam
3072 578 3318 634 currunt,
3351 584 3549 642 corpus
3595 571 3692 626 do-

2109 663 2240 720 mini
2271 662 2355 718 sui
2401 661 2566 717 etiam
2612 669 2885 714 mortuum
2915 675 3022 716 non
3070 659 3402 730 relinquunt.
3453 659 3685 732 Quorum

2106 760 2384 824 postremo
2415 759 2607 806 natura
2637 758 2741 817 est,
2772 757 2928 805 extra
2957 749 3204 804 homines
3229 764 3350 806 esse
3383 765 3490 805 non
3519 764 3698 822 posse.

2107 849 2166 904 In
2195 849 2420 904 canibus
2443 847 2547 902 duo
2587 852 2716 901 sunt
2738 843 3101 914 exspectanda
3129 861 3142 896 :
3179 852 3273 897 aut
3301 841 3578 910 fortitudo,
3607 854 3701 898 aut

2107 940 2386 996 velocitas.
2415 937 2580 994 Canis
2605 944 2784 991 autem
2811 935 3052 990 diversas
3073 932 3494 1006 signiﬁcationes
3515 934 3695 990 habet.

2109 1032 2243 1088 Nam
2265 1041 2358 1087 aut
2387 1029 2658 1086 diabolum
2687 1028 2772 1083 vel
2800 1027 3066 1094 Judaeum,
3105 1027 3219 1084 sive
3245 1027 3499 1099 gentilem
3528 1043 3700 1099 pepu-

2109 1124 2220 1178 lum
2263 1121 2549 1196 signiﬁcat.
2600 1119 2755 1176 Unde
2803 1118 3076 1190 Propheta
3119 1119 3404 1174 Dominum
3449 1127 3703 1190 precatur

2110 1213 2295 1269 dicens
2327 1213 2380 1266 in
2405 1212 2618 1282 psalmo
2645 1229 2658 1266 :
2686 1211 2831 1265 Erue
2854 1227 2886 1264 a
2917 1213 3120 1280 framea
3151 1211 3384 1264 animam
3425 1228 3618 1278 meam,
3656 1223 3704 1266 et

2109 1305 2174 1360 de
2212 1321 2372 1358 manu
2419 1303 2566 1358 canis
2610 1304 2820 1357 unicam
2857 1318 3026 1356 meam
3058 1299 3231 1374 (Psal.
3287 1301 3437 1374 XXI).
3481 1301 3616 1356 Nam
3650 1304 3702 1358 in

2110 1395 2334 1450 meliore
2358 1403 2513 1464 parte
2559 1395 2712 1450 canis
2757 1395 2994 1466 ponitur,
3022 1403 3082 1450 ut
3123 1393 3179 1448 in
3221 1393 3576 1460 Ecclesiaste,
3612 1395 3701 1450 ubi

2110 1487 2368 1556 scriptum
2417 1493 2500 1542 est
2543 1483 2777 1540 :Melior
2823 1495 2898 1540 est
2948 1485 3092 1540 canis
3126 1485 3266 1540 vivus
3304 1483 3453 1540 leone
3498 1496 3704 1540 mortuo

2113 1576 2311 1647 (Eccle.
2338 1575 2436 1648 XI).
2462 1575 2562 1632 Hic
2595 1575 2808 1632 leonem
2835 1575 3129 1641 diabolum,
3153 1589 3344 1630 canem
3381 1591 3508 1631 vero
3530 1577 3705 1648 genti-

2113 1668 2215 1723 lem
2243 1667 2324 1720 vel
2363 1668 2636 1723 hominem
2661 1677 3006 1738 peccatorem
3029 1667 3401 1738 accipiendum
3425 1677 3576 1738 puto.
3599 1668 3702 1736 Qui

423 1799 586 1838 saaum
607 1755 922 1854 prophetam
947 1782 1265 1848 irridebant,
1282 1781 1388 1835 duo
1415 1779 1526 1835 ursi
1557 1777 1758 1849 egressi
1787 1777 1853 1832 de
1881 1776 2014 1832 silva

2118 1756 2239 1811 ideo
2278 1755 2468 1810 melior
2511 1756 2728 1823 dicitur,
2753 1756 2895 1826 quod
2926 1756 2992 1811 ad
3039 1755 3203 1812 ﬁdem
3247 1766 3302 1813 et
3331 1759 3704 1830 paenitentiam

423 1873 775 1951 comederunt
813 1889 828 1927 :
860 1873 1002 1942 quod
1044 1872 1312 1943 signiﬁcat
1338 1870 1473 1925 duos
1502 1867 1774 1938 principes
1815 1865 2012 1921 Roma-

422 1977 649 2028 norum,
684 1961 1070 2032 Vespasianum
1121 1959 1374 2015 videlicet
1415 1967 1471 2013 et
1513 1957 1716 2022 Titum,
1764 1970 2014 2026 egressos

425 2052 492 2108 de
530 2053 666 2108 saltu
699 2054 938 2124 gentium
982 2051 1245 2106 devorare
1281 2047 1537 2104 Judaicos
1561 2061 1780 2116 pueros,
1804 2045 1895 2114 qui
1940 2045 2014 2100 ir-

424 2143 667 2198 riserunt
713 2142 1050 2196 Salvatorem
1082 2149 1330 2196 n05trum
1356 2138 1410 2192 in
1437 2136 1699 2194 Calvariae
1735 2135 1852 2191 loco
1893 2150 2014 2189 cru-

423 2232 662 2288 ciﬁxum.
687 2232 754 2287 Et
783 2233 978 2288 iterum
1006 2231 1078 2286 ibi
1109 2247 1122 2284 :
1159 2230 1410 2286 Veniebat
1435 2229 1515 2285 leo
1543 2239 1590 2284 et
1619 2246 1774 2285 ursus
1798 2239 1846 2284 et
1867 2227 2016 2282 tolle-

425 2326 510 2379 bat
532 2324 746 2379 arietem
768 2323 832 2379 de
851 2340 1002 2396 grege
1027 2322 1079 2395 (Ι
1101 2322 1228 2394 Reg.
1261 2323 1416 2395 xvn).
1451 2322 1635 2393 Lupus
1665 2319 1854 2377 Graeca
1875 2320 2017 2376 deri-

425 2414 640 2470 vatione
669 2413 722 2468 in
751 2413 990 2484 linguam
1017 2421 1256 2468 nostram
1297 2410 1644 2467 transfertur.
1671 2409 1852 2480 Lupos
1869 2409 2014 2464 enim

428 2504 500 2558 illi
533 2505 716 2574 lycous
744 2503 947 2558 dicunt.
961 2501 1134 2574 Lycos
1157 2513 1336 2557 autem
1358 2500 1546 2556 Grzece
1568 2515 1599 2554 a
1629 2500 1899 2555 morsibus
1924 2515 2018 2570 ap-

425 2593 687 2665 pellatur,
730 2595 824 2664 qui
882 2593 1032 2648 rabie
1062 2592 1374 2663 rapacitatis
1397 2605 1622 2662 quzeque
1666 2590 1872 2645 invenit
1904 2599 2019 2644 tru-

425 2685 590 2739 cidat.
627 2683 729 2738 Alii
774 2683 930 2754 lupos
957 2694 1178 2739 vocatos
1207 2683 1378 2750 aiunt,
1415 2685 1572 2754 quasi
1618 2682 1828 2753 leopos,
1873 2681 2018 2752 quod

423 2776 583 2845 quasi
625 2775 784 2839 leoni,
819 2777 891 2831 ita
927 2777 1000 2831 sit
1046 2775 1123 2834 illi
1159 2777 1331 2832 virtus
1375 2775 1431 2830 in
1475 2775 1702 2846 pedibus
1745 2793 1757 2829 :
1793 2774 1934 2829 unde
1961 2783 2019 2830 et

426 2865 686 2936 quidquid
736 2866 997 2936 presserit
1047 2867 1200 2938 pede,
1235 2881 1345 2920 non
1395 2865 1547 2920 vivit.
1603 2863 1792 2934 Rapax
1836 2871 2020 2918 autem

429 2957 602 3015 bestia
659 2967 715 3014 et
759 2959 971 3014 cruoris
1017 2967 1295 3031 appetens.
1329 2959 1405 3015 De
1454 2974 1564 3030 quo
1607 2957 1796 3014 rustici
1843 2956 2018 3021 aiunt,

433 3064 618 3104 vocem
647 3050 918 3104 hominem
939 3051 1190 3120 perdere,
1225 3050 1270 3106 si
1300 3066 1424 3106 eum
1445 3049 1604 3120 lupus
1629 3049 1782 3120 prior
1801 3048 2016 3104 viderit.

2117 1851 2286 1922 possit
2323 1850 2531 1906 venire.
2556 1850 2694 1906 llinc
2721 1851 2788 1906 de
2804 1848 3005 1908 Iudaeis
3026 1851 3286 1922 scriptum
3315 1860 3399 1907 est
3423 1870 3436 1906 :
3474 1851 3704 1907 Conver-

2114 1955 2296 1998 tuntur
2328 1945 2397 1998 ad
2423 1960 2710 2015 vesperam,
2733 1953 2782 1998 et
2816 1945 3008 2014 famem
3036 1944 3302 2016 patientur
3341 1957 3398 1999 ut
3439 1962 3594 2000 canes
3612 1985 3628 2011 ,
3654 1955 3703 2001 et

2115 2035 2409 2091 circuibunt
2434 2036 2696 2091 civitatem
2720 2034 2894 2106 (Psal.
2928 2034 3103 2106 LVIII).
3131 2034 3307 2091 Canes
3331 2035 3704 2108 intelliguntur

2116 2127 2250 2182 muti
2299 2127 2609 2183 sacerdotes
2639 2127 2720 2182 vel
2763 2127 3028 2198 improbi,
3076 2135 3136 2182 ut
3187 2127 3241 2182 in
3296 2125 3479 2184 Isaia:
3535 2127 3705 2184 Canes

2116 2221 2248 2276 muti
2287 2237 2392 2275 non
2437 2219 2664 2276 valentes
2691 2219 2888 2276 latrare
2917 2219 3054 2290 (lsa.
3103 2220 3238 2290 Lvt).
3287 2218 3486 2288 Canes,
3508 2218 3700 2276 Judaei.

2116 2314 2173 2370 In
2205 2316 2413 2386 psalmo
2446 2330 2462 2369 :
2495 2313 2757 2382 Quoniam
2781 2313 3236 2394 circumdederunt
3260 2331 3341 2369 me
3365 2330 3520 2370 canes
3556 2313 3708 2369 multi

2119 2407 2292 2479 (Psal.
2321 2405 2916 2478 xxi).Canes,populus
2939 2405 3202 2476 gentium,
3222 2417 3282 2463 ut
3303 2407 3357 2462 in
3383 2407 3703 2479 Evangelio:

2121 2497 2247 2554 Non
2265 2507 2340 2553 est
2367 2498 2556 2552 bonum
2585 2513 2790 2552 sumere
2814 2512 3002 2568 panem
3022 2496 3278 2567 ﬁliorum,
3306 2507 3355 2553 et
3387 2499 3592 2552 mittere
3617 2515 3705 2552 ca-

2119 2589 2270 2644 nibus
2302 2588 2516 2662 (Mat’th.
2557 2589 2669 2662 xv).
2713 2588 2912 2658 Canes,
2965 2590 3226 2656 haeretici,
3258 2599 3318 2645 ut
3354 2590 3410 2645 in
3445 2591 3703 2647 Deutero-

2120 2681 2339 2738 nomio:
2375 2681 2498 2736 Non
2519 2681 2714 2751 inferes
2737 2683 2964 2755 pretium
2993 2685 3140 2738 canis
3163 2684 3221 2738 in
3252 2683 3468 2739 domum
3512 2683 3608 2740 Dei
3631 2686 3708 2739 tui

2121 2773 2301 2846 (Deut.
2344 2772 2528 2845 XXIII).
2558 2761 2626 2828 Et
2653 2774 2709 2831 in
2737 2773 2994 2846 Apostolo
3032 2793 3045 2830 :
3087 2774 3270 2831 Videte
3305 2792 3458 2831 canes
3482 2816 3498 2843 ,
3548 2776 3712 2830 uidete

2121 2865 2289 2921 malos
2335 2868 2623 2939 aperarios,
2668 2867 2834 2922 videte
2867 2868 3188 2926 concisiones
3216 2868 3384 2942 (Phil.
3413 2869 3518 2940 ιιι).
3547 2867 3710 2926 Canis

2119 2971 2254 3012 vero
2289 2956 2698 3013 voracissimum
2726 2956 2928 3014 animal
2975 2967 3140 3030 atque
3175 2958 3544 3030 importunum
3585 2971 3711 3014 con-

2123 3047 2299 3104 suevit
2341 3047 2463 3104 illas
2507 3053 2700 3104 domus
2747 3047 3034 3104 latratibus
3080 3046 3388 3115 defendere,
3433 3048 3486 3103 in
3515 3047 3710 3119 quibus

432 3139 585 3199 Unde
630 3149 686 3196 et
713 3141 890 3196 subito
923 3142 1121 3198 taeenti
1174 3141 1394 3209 dicitur,
1423 3141 1576 3213 lupus
1604 3151 1682 3196 est
1721 3142 1777 3195 in
1811 3139 2016 3212 fabula.
2047 3150 2092 3214 ο
2123 3137 2444 3194 edacitatem
2472 3153 2626 3204 suam
2653 3140 2803 3195 novit
2823 3145 3044 3211 accepto
3065 3155 3204 3211 pane
3225 3140 3444 3196 satiare.
3468 3139 3566 3196 His
3592 3155 3712 3195 me-

431 3233 590 3290 Certe
613 3234 657 3289 si
691 3249 750 3290 se
770 3235 1058 3305 praevisum
1081 3235 1333 3299 senserit,
1357 3234 1578 3306 deponit
1600 3233 1898 3290 ferocitatis
1917 3248 2016 3287 au-

430 3328 662 3384 daciam.
691 3328 826 3399 Lupi
857 3336 970 3384 toto
995 3343 1138 3384 anno
1159 3343 1268 3384 non
1289 3327 1525 3399 amplius
1557 3341 1719 3398 quam
1753 3325 1870 3382 dies
1888 3325 2021 3382 duo~

434 3419 609 3474 decim
650 3427 865 3474 coeunt.
895 3418 1118 3474 Famem
1139 3419 1230 3474 diu
1262 3426 1500 3489 portant,
1527 3425 1583 3473 et
1609 3425 1731 3488 post
1760 3415 1914 3487 longa
1937 3416 2020 3487 je-

425 3509 577 3579 junia
641 3510 869 3564 multum
943 3510 1222 3566 devorant.
1283 3509 1462 3580 Lupos
1517 3507 1796 3579 Ethiopia
1851 3507 2022 3579 gignit

433 3601 642 3658 cervice
660 3600 900 3670 jubatos,
931 3610 987 3656 et
1026 3610 1237 3657 tantum
1266 3601 1478 3666 varios,
1524 3609 1586 3657 ut
1620 3600 1830 3655 nullum
1873 3599 2021 3656 colo-

432 3709 547 3750 rem
575 3693 680 3749 illis
711 3694 892 3750 dieant
920 3695 1132 3750 abesse.
1167 3693 1350 3763 Lupus
1399 3708 1528 3764 ergo
1573 3707 1700 3750 raro
1746 3693 2022 3748 invenitur

431 3787 630 3841 bonam
675 3785 1122 3858 signiﬁcationem
1173 3769 1400 3851 habere,
1434 3786 1530 3842 sed
1561 3784 1760 3856 saepius
1801 3792 2022 3840 eontra-

433 3879 590 3932 riam.
619 3877 754 3932 Nam
785 3886 879 3934 aut
907 3877 1181 3933 diabolum
1229 3877 1520 3948 signiﬁcat,
1557 3885 1620 3933 ut
1670 3886 1754 3934 est
1785 3877 1915 3934 illud
1963 3878 2020 3934 in

435 3969 725 4041 Evangelia
753 3987 766 4023 :
796 3968 974 4040 Lupus
1002 3969 1137 4040 rapit
1159 3977 1206 4023 et
1235 3969 1482 4040 dispergit
1509 3985 1626 4023 oves
1677 3967 1872 4038 (Joan.
1920 3967 1974 4040 ι)
2003 3984 2018 4034 ;

435 4071 528 4117 aut
555 4062 836 4118 lnereticos
859 4061 944 4118 vel
967 4060 1181 4118 dolosos
1222 4061 1492 4125 homines,
1521 4060 1587 4118 de
1620 4059 1816 4131 quibus
1847 4059 2024 4116 Domi-

435 4171 537 4209 nus
564 4154 677 4209 ait:
703 4153 963 4208 Attendite
987 4170 1019 4207 a
1047 4151 1198 4223 falsis
1244 4152 1525 4223 prophetis,
1571 4153 1660 4224 qui
1693 4153 1906 4208 ueniunt
1951 4151 2020 4207 ad

434 4261 520 4298 ros
551 4246 606 4298 in
638 4245 954 4300 vestimentis
979 4245 1172 4308 ouium,
1205 4245 1517 4299 intrinsecus
1539 4254 1716 4321 autem
1755 4253 1878 4299 sunt
1911 4244 2022 4314 lupi

439 4352 651 4406 rapaces
675 4335 889 4404 (Matth.
924 4337 1043 4406 vn).
1071 4336 1140 4390 Et
1167 4336 1362 4390 iterum
1397 4352 1410 4390 :
1444 4333 1594 4389 Videt
1617 4334 1794 4405 lupum
1817 4335 2025 4390 venien-

435 4433 620 4488 tem,ct
647 4425 864 4480 dimittit
886 4442 1024 4490 ores,
1047 4435 1095 4480 et
1121 4425 1255 4496 fugit
1280 4425 1464 4498 (Joan.
1488 4425 1566 4496 χ).
1591 4425 1814 4494 Legitur
1840 4434 2019 4481 tamen

2117 3231 2226 3287 rite
2249 3239 2635 3300 comparantur
2667 3228 2967 3302 Judaei,qui
2992 3229 3315 3287 Christianae
3340 3231 3465 3288 ﬁdei
3489 3245 3712 3288 munere

2119 3322 2368 3393 saginati,
2406 3322 2704 3377 Ecclesiam
2727 3322 2820 3378 Dei
2845 3322 3081 3378 clamosa
3103 3323 3490 3394 prtedicatione
3519 3321 3709 3378 defen-

2119 3413 2248 3468 dere
2271 3412 2646 3470 festinabant:
2685 3413 2827 3468 sicut
2853 3411 3022 3468 Paulo
3076 3412 3321 3484 apostolo
3369 3413 3620 3484 contigit,
3651 3420 3713 3467 ut

2119 3504 2212 3573 qui
2257 3513 2384 3560 ante
2417 3502 2519 3558 fuit
2547 3511 2860 3573 persecutor
2907 3503 3200 3560 Christiani
3239 3503 3491 3570 nominis,
3523 3513 3711 3574 postea

2120 3597 2302 3652 divino
2341 3611 2564 3652 munere
2599 3596 2922 3667 jungeretur
2965 3595 3258 3668 Apostolis.
3289 3595 3499 3662 Canes,
3545 3595 3716 3650 homi-

2120 3701 2219 3742 nes
2247 3686 2414 3742 rixosi
2442 3686 2530 3741 vel
2556 3687 2891 3743 detractores
2915 3686 3178 3742 alterutro
3215 3701 3276 3742 se
3299 3675 3608 3742 lacerantes
3653 3696 3711 3740 ut

2121 3778 2178 3834 in
2200 3778 2458 3848 Apostolo
2491 3796 2506 3833 :
2541 3777 2696 3844 Quod
2725 3780 2771 3834 si
2810 3779 3030 3835 invicem
3057 3779 3308 3835 mordetis
3333 3787 3382 3834 et
3410 3779 3709 3843 comedetis,

2120 3871 2288 3927 ridete
2309 3888 2372 3927 ne
2395 3871 2460 3926 ab
2489 3873 2706 3928 invicem
2729 3872 3110 3927 consumamini
3126 3870 3270 3946 (Gal.
3287 3871 3362 3944 ν).
3382 3871 3558 3928 Catuli
3585 3872 3716 3927 abu-

2121 3961 2236 4016 sive
2263 3961 2521 4019 dicuntur
2549 3962 2914 4033 quarumlibet
2937 3963 3236 4019 bestiarum
3265 3962 3382 4018 ﬁlii.
3415 3962 3552 4018 Nam
3581 3977 3711 4033 pro-

2121 4051 2240 4122 prie
2287 4052 2454 4109 catuli
2505 4068 2702 4109 eauum
2756 4063 2904 4119 sunt,
2958 4069 3055 4124 per
3103 4053 3513 4110 diminutionem
3559 4053 3709 4110 dicti.

2123 4141 2334 4213 Lycisci
2380 4159 2512 4200 vero
2539 4143 2793 4200 dicuntur
2821 4144 2905 4216 (ut
2941 4145 3020 4199 ait
3047 4143 3276 4217 Plinius)
3313 4159 3478 4223 canes
3512 4144 3622 4199 nati
3646 4158 3716 4200 ex

2123 4232 2264 4302 lupis
2297 4243 2352 4289 et
2377 4234 2622 4300 canibus,
2663 4249 2786 4289 cum
2837 4235 2979 4290 intra
3009 4249 3068 4290 se
3095 4236 3236 4291 forte
3263 4235 3576 4292 miscentur.
3609 4234 3716 4290 So-

2124 4325 2235 4382 lent
2259 4333 2316 4381 et
2343 4323 2486 4381 Indae
2533 4323 2746 4380 feminae
2793 4339 2956 4382 canes
3001 4335 3161 4382 noctu
3196 4326 3253 4382 in
3300 4326 3455 4383 silvis
3483 4325 3717 4398 alligata:

2126 4414 2338 4471 admitti
2365 4416 2434 4470 ad
2465 4415 2636 4486 tigres
2661 4414 2884 4479 bestias,
2928 4433 2960 4470 a
2986 4416 3183 4486 quibus
3210 4415 3407 4472 insiliri
3457 4423 3514 4470 et
3562 4417 3714 4472 nasci

435 4515 602 4570 Jacob
633 4517 942 4585 patriarcha
989 4512 1046 4572 in
1083 4517 1461 4574 benedictione
1497 4515 1776 4585 Benjamin
1805 4516 1899 4571 lilii
1937 4517 2020 4572 sui
2047 4533 2098 4592 υ
2123 4522 2194 4564 ex
2240 4506 2430 4563 θοάθῐη
2477 4507 2589 4562 rem
2643 4522 2808 4564 calles
2837 4508 2974 4566 adeo
3003 4509 3300 4565 acerrimos
3345 4517 3400 4564 ei
3428 4507 3627 4572 fortes.
3658 4519 3721 4565 ιιι

436 4606 638 4662 divisse
688 4607 762 4660 ita
799 4621 814 4660 :
856 4605 1136 4676 Benjamin
1183 4605 1340 4677 lupus
1387 4621 1557 4677 rapax
1601 4623 1754 4661 mane
1791 4606 2020 4662 comedet

433 4696 694 4767 prwdam,
735 4711 938 4766 vespere
981 4695 1176 4749 dividet
1208 4695 1378 4766 spolia
1421 4695 1578 4760 (Gen.
1609 4695 1782 4765 ms).
1817 4695 2024 4764 Quibus

438 4787 596 4844 dictis
639 4787 910 4858 apostolus
972 4786 1173 4844 Paulus
1221 4787 1574 4860 designatur,
1625 4789 1693 4843 de
1741 4787 2021 4858 Beniamin

436 4881 607 4951 stirpe
652 4879 988 4950 progenitus,
1015 4878 1106 4949 qui
1138 4893 1298 4937 mane
1328 4879 1506 4950 rapuit
1531 4878 1791 4950 praedam,
1824 4878 1878 4935 id
1913 4887 2022 4945 est,

439 4972 492 5028 in
515 4970 826 5041 primordiis
848 4969 1052 5036 ﬁdeles,
1078 4984 1216 5040 quos
1242 4969 1418 5041 potuit
1435 4967 1766 5026 devastavit:
1799 4982 2026 5039 vespere

439 5071 619 5118 autem
647 5061 821 5134 spolia
851 5061 1037 5118 divisit
1067 5079 1082 5114 :
1115 5061 1242 5132 quia
1269 5059 1443 5117 ﬁdelis
1481 5061 1824 5131 postmodum
1847 5059 2025 5118 factus

439 5169 594 5211 saera
615 5155 827 5225 eloquia
855 5153 1198 5212 audientibus
1225 5152 1628 5224 dispensatione
1648 5149 1878 5208 miriﬁca
1911 5150 2026 5208 dis-

437 5247 703 5317 pensavit.
719 5246 882 5302 Canis
899 5261 1096 5302 nomen
1119 5245 1367 5300 Latinum
1383 5243 1626 5300 Gratcam
1645 5243 2024 5316 etymologiam

441 5338 642 5393 habere
669 5340 902 5396 videtur.
945 5338 1132 5396 Graece
1167 5339 1315 5396 enim
1349 5339 1503 5395 cinos
1547 5336 1751 5410 [Kgon]
1781 5338 1979 5395 dicitur
2007 5353 2024 5394 :

442 5425 570 5482 licet
592 5445 717 5484 eum
745 5431 964 5501 quidam
994 5446 1026 5486 a
1056 5445 1256 5487 canore
1281 5429 1511 5487 latratus
1551 5429 1876 5500 appellatum
1904 5429 2025 5486 exi-

443 5520 666 5578 stiment
689 5537 756 5578 eo
793 5525 937 5594 quod
965 5523 1216 5580 insonat:
1247 5525 1373 5582 inde
1403 5531 1462 5580 et
1493 5538 1710 5580 canere.
1747 5521 1891 5579 Nihil
1932 5537 2029 5578 au-

445 5621 553 5668 tem
581 5615 828 5687 sagacius
851 5617 1098 5672 canibus.
1122 5615 1252 5672 Plus
1277 5617 1422 5673 enim
1447 5631 1642 5674 sensus
1677 5615 1891 5672 caeteris
1913 5615 2030 5670 ani-

445 5705 675 5763 malibus
711 5705 930 5763 habent.
960 5705 1204 5778 Namque
1229 5707 1328 5764 soli
1379 5723 1474 5764 sua
1512 5708 1730 5764 nomina
1764 5720 2027 5776 recogno—

2124 4601 2180 4656 in
2228 4600 2510 4671 complexu
2563 4599 2750 4656 leones
2799 4608 3170 4670 prosternant.
3230 4599 3406 4658 Catuli
3451 4615 3584 4674 ergo
3638 4602 3715 4658 si-

2125 4691 2384 4764 gniﬁcant
2427 4691 2674 4762 gentiles.
2725 4689 2881 4748 Unde
2934 4699 3022 4748 est
3077 4690 3130 4746 in
3184 4691 3509 4763 Evangelto,
3573 4695 3718 4764 quod

2126 4783 2541 4856 Syrophmnissa
2588 4781 2821 4850 mulier,
2870 4783 2958 4838 cui
3012 4783 3274 4838 Dominus
3319 4783 3440 4838 ait:
3474 4783 3598 4839 Non
3641 4795 3718 4839 est

2125 4873 2318 4928 bonum
2360 4889 2565 4930 sumere
2600 4890 2788 4945 panem
2830 4873 3064 4943 ﬁliorum
3085 4913 3103 4942 ,
3147 4883 3197 4931 et
3239 4875 3439 4931 mittere
3499 4877 3716 4932 canibus

2132 4961 2367 5038 (Matth.
2421 4962 2558 5037 xv),
2611 4965 2894 5035 respondit
2929 4965 2979 5020 ei
3023 4965 3210 5022 dicens
3257 4983 3272 5020 :
3320 4969 3482 5023 etiam
3529 4967 3719 5024 Domi-

2132 5073 2226 5125 ne,
2271 5073 2395 5113 nam
2433 5065 2483 5112 et
2528 5055 2704 5112 catelli
2745 5057 2906 5114 edunt
2948 5059 3014 5114 de
3073 5060 3225 5115 micis
3271 5077 3391 5131 qua:
3419 5060 3616 5118 cadunt
3651 5062 3718 5118 de

2130 5164 2312 5204 mensa
2359 5147 2692 5203 dominorum
2721 5165 2964 5204 suorum.
3005 5148 3188 5206 Mensa
3220 5150 3421 5222 quippe
3467 5159 3551 5208 est
3580 5151 3720 5207 scri-

2129 5246 2290 5310 plura
2314 5253 2494 5304 sacra,
2521 5253 2642 5308 qua:
2675 5239 2832 5296 nobis
2857 5254 3049 5311 panem
3069 5240 3196 5296 vita:
3221 5241 3526 5308 ministrat,
3564 5244 3720 5301 mica:

2129 5345 2440 5404 puerorum,
2475 5331 2692 5388 interna
2725 5339 2854 5387 sunt
2875 5333 3133 5404 mysteria
3159 5331 3721 5406 Scripturarum,qni-

2130 5422 2233 5479 bus
2264 5420 2548 5478 humilium
2599 5421 2776 5480 solent
2826 5423 2990 5479 corda
3039 5437 3334 5495 puerorum
3375 5423 3546 5482 reﬁci.
3597 5423 3720 5482 Non

2129 5531 2261 5588 ergo
2288 5524 2504 5572 crustas
2527 5555 2543 5581 ,
2587 5513 2684 5572 sed
2713 5515 2884 5572 micas
2926 5515 2994 5571 de
3021 5530 3161 5588 pane
3211 5531 3504 5588 puerorum
3549 5517 3722 5575 edunt

2128 5611 2341 5667 catelli:
2372 5611 2497 5682 quia
2519 5609 2763 5666 conversi
2793 5609 2861 5664 ad
2887 5608 3070 5676 ﬁdem,
3097 5609 3189 5682 qui
3209 5619 3371 5668 erant
3393 5611 3633 5682 despecti
3665 5611 3720 5667 in

2130 5704 2379 5774 gentibus
2409 5716 2516 5756 non
2547 5700 2740 5756 littera:
2792 5699 3136 5771 superﬁciem
3187 5701 3239 5756 in
3271 5700 3493 5772 scriptu:
