4072 6198
336 293 445 349 223

1306 296 1402 359 DE
1442 290 1789 363 um'vnnso
1826 305 2004 363 unm
2044 307 2209 364 χχιι.
2248 340 2320 350 -
2358 309 2486 365 LIB.
2527 309 2659 367 Vill.

3517 321 3624 381 226

338 403 672 506 spiritalium
702 421 947 476 sensum,
977 411 1174 482 quibus
1226 413 1281 468 in
1326 414 1486 471 bonis
1522 416 1733 474 actibus
1771 416 1941 489 profl-
1967 429 2021 487 Α
2046 434 2170 474 cum
2204 420 2313 475 vim
2344 437 2498 477 suam
2544 423 2820 489 transfert,
2854 424 3078 497 decepta
3108 430 3420 501 corripitur.
3464 435 3635 506 Meinr

337 509 470 552 cere
488 497 721 567 valeant,
751 501 1047 573 inquirunt.
1086 503 1282 576 Vulpes
1307 508 1472 577 dicta,
1504 512 1657 580 quasi
1687 512 1928 584 volupes.

340 584 441 641 Est
491 588 636 644 enim
669 590 996 649 volubilibus
1042 596 1308 665 pedibus,
1357 608 1412 654 et
1447 618 1720 673 nunquam
1771 604 1933 659 rectis

338 676 653 745 itineribus,
681 680 776 736 sed
806 684 1066 740 tortuosis
1101 684 1435 745 anfractibus
1463 691 1637 745 currit
1671 711 1684 746 :
1718 692 1934 747 fraudu-

339 765 547 822 lentum
578 770 781 825 animal
812 772 1129 844 insidiisque
1156 774 1450 847 decipiens.
1480 778 1616 834 Nam
1652 781 1776 836 dum
1822 797 1930 835 non

338 857 597 914 habuerit
618 874 801 916 escam
832 862 986 935 ﬁngit
1013 876 1276 932 mortem,
1309 869 1495 939 sicque
1539 872 1931 929 descendentes

336 951 497 1021 quasi
533 952 601 1006 ad
626 953 859 1019 cadaver
885 971 1012 1011 aves
1039 957 1177 1027 rapit
1203 966 1257 1014 et
1287 959 1529 1015 devorat.
1561 961 1759 1032 Vulpes
1784 964 1928 1018 enim

338 1042 575 1112 mystice
623 1043 895 1099 diabolum
943 1046 1186 1102 dolosam
1214 1091 1229 1115 ,
1279 1050 1362 1105 vel
1416 1053 1731 1109 hmreticum
1780 1056 1931 1110 calli-

337 1131 489 1195 dum,
521 1133 636 1188 sive
665 1144 1007 1204 peccatorem
1038 1138 1315 1195 hominem
1349 1140 1635 1213 signiﬁcat.
1680 1144 1834 1200 Unde
1865 1148 1929 1201 de

338 1218 552 1278 Herode
573 1226 837 1282 Dominus
862 1228 938 1281 ait
969 1229 1022 1282 in
1050 1229 1342 1301 Evangelia
1371 1247 1386 1285 :
1427 1232 1509 1287 Ite
1529 1275 1543 1299 ,
1588 1235 1747 1288 dicite
1786 1236 1929 1307 vulpi

337 1313 416 1369 illi
455 1314 607 1387 (Luc.
656 1317 797 1389 xui).
826 1318 895 1373 Et
921 1320 1044 1375 alibi
1086 1339 1097 1373 :
1136 1321 1350 1393 Vulpes,
1385 1326 1588 1395 inquit,
1619 1328 1795 1397 foveas
1833 1329 1930 1382 ha-

336 1406 494 1461 beant
521 1424 539 1461 :
566 1418 614 1462 et
649 1408 883 1464 volucres
905 1410 1018 1465 caeli
1040 1412 1191 1467 nidos
1225 1413 1439 1485 (Matth.
1467 1415 1617 1489 Vill);
1652 1418 1707 1471 in
1757 1418 1928 1489 vulpi-

334 1497 441 1552 bus
473 1498 778 1563 haereticos,
811 1508 865 1554 et
892 1502 946 1556 in
985 1501 1292 1559 volucribus
1343 1505 1464 1559 cmli
1513 1505 1775 1575 malignos
1813 1508 1926 1576 spi-

335 1591 477 1646 ritus
502 1591 831 1662 exprimens,
863 1593 955 1663 qui
982 1593 1034 1648 in
1057 1597 1367 1664 pectoribus
1392 1598 1643 1654 humanis
1669 1599 1771 1654 sibi
1800 1599 1927 1654 lati-

333 1683 463 1738 bula
487 1696 753 1755 quaerunt,
779 1689 868 1741 ubi
892 1690 1264 1760 suggestiones
1286 1706 1413 1744 suas
1446 1706 1732 1762 perversas
1758 1691 1927 1746 inter-

2032 510 2118 566 vel
2148 512 2293 581 quod
2324 512 2396 567 sit
2424 514 2813 569 rotundissimo
2849 517 3116 584 membro,
3162 520 3246 574 vel
3299 524 3442 592 quod
3475 525 3626 583 favos

2032 608 2210 669 petat,
2267 609 2323 657 et
2358 602 2574 658 assidue
2614 603 2774 658 mella
2824 613 3023 674 captet.
3078 602 3250 664 Musio
3301 613 3623 684 appellatus,

2033 693 2176 761 quod
2223 693 2470 749 muribus
2513 694 2741 750 infestus
2787 698 2877 751 sit.
2943 696 3096 754 Hunc
3134 701 3327 772 vulgus
3382 719 3542 763 caum
3590 724 3624 764 a

2032 790 2252 850 captura
2298 792 2474 838 vocat.
2508 784 2614 839 Alii
2657 786 2875 852 dicunt,
2917 788 3061 857 quod
3093 797 3260 857 catat,
3301 792 3360 847 id
3408 804 3513 859 est,
3550 811 3636 850 νι-

2032 874 2174 928 deat.
2216 874 2350 929 Nam
2414 884 2525 930 tam
2576 885 2735 932 acute
2782 880 2990 945 cernit,
3038 889 3105 935 ut
3144 880 3354 953 fulgore
3399 885 3622 946 luminis

2031 973 2209 1019 noctis
2252 967 2502 1021 tenebras
2532 978 2767 1037 superet.
2800 966 2953 1025 Unde
2988 986 3018 1024 a
3043 970 3232 1029 Graeco
3260 975 3407 1030 venit
3445 984 3621 1045 catus,

2032 1054 2204 1119 idest,
2239 1056 2568 1124 ingeniosus.
2596 1058 2833 1113 Venator
2880 1058 3133 1117 Christus
3167 1070 3270 1127 est,
3299 1072 3360 1118 ut
3400 1064 3453 1120 in
3484 1066 3621 1122 Isaia

2031 1148 2324 1202 secundum
2361 1147 2502 1202 LXX
2533 1164 2546 1202 :
2582 1149 2716 1203 Ecce
2754 1151 3191 1220 quemadmodum
3222 1153 3301 1207 leo
3333 1166 3426 1210 aut
3473 1168 3624 1211 catu-

2030 1238 2111 1294 lus
2141 1240 2305 1293 leonis
2342 1240 2396 1294 in
2436 1242 2710 1295 venatione
2751 1259 2908 1310 quam
2953 1247 3092 1314 capit
3138 1244 3275 1316 (Isa.
3334 1247 3515 1319 xxxi);
3548 1248 3623 1302 ita

2031 1330 2209 1383 veniet.
2239 1330 2558 1396 Venatores,
2586 1331 2829 1399 Apostoli
2861 1332 2944 1387 vel
2973 1334 3157 1387 creteri
3209 1336 3618 1404 praedicatores,

2030 1428 2089 1474 ut
2130 1421 2183 1474 in
2213 1420 2447 1476 Jeremia
2488 1440 2500 1475 :
2546 1421 2754 1476 Mittam
2807 1423 2881 1477 eis
2914 1436 3217 1492 venatores,
3264 1437 3310 1481 et
3357 1429 3623 1483 venaban-

2029 1520 2118 1565 tur
2161 1528 2246 1566 eos
2300 1513 2363 1565 de
2410 1513 2552 1566 omni
2609 1522 2783 1567 monte
2840 1512 2984 1584 (Jer.
3032 1516 3181 1587 xvr).
3220 1515 3459 1573 Venator
3508 1519 3624 1573 dia-

2032 1602 2202 1667 bolus,
2245 1604 2297 1657 in
2340 1602 2495 1671 cujus
2548 1604 2719 1674 ﬁgura
2774 1604 3010 1660 Nemrod
3061 1607 3149 1660 ille
3204 1608 3354 1679 gigas
3396 1621 3622 1665 venator

2032 1710 2217 1750 coram
2247 1695 2507 1758 Domino,
2545 1704 2606 1749 ut
2655 1695 2706 1749 in
2765 1693 2959 1750 Genesi
3010 1694 3164 1767 (Cen.
3194 1701 3289 1768 x);
3335 1708 3623 1756 venatores

333 1786 544 1842 serant,
586 1787 640 1833 et
681 1780 988 1836 voluntates
1030 1796 1156 1837 suas
1181 1784 1445 1853 pessimus
1488 1783 1756 1853 expleant.
1790 1785 1921 1839 ltem
1958 1779 1999 1839 Β
2028 1784 2181 1855 pravi
2230 1785 2501 1850 homines,
2542 1793 2601 1839 ut
2638 1785 2693 1839 in
2724 1786 2988 1856 propheta
3022 1804 3035 1839 :
3076 1785 3332 1843 Venantes
3378 1802 3621 1859 ceperunt

333 1872 526 1943 vulpes
576 1872 822 1929 diabolus
866 1873 950 1928 vel
985 1874 1279 1941 dmmones,
1303 1885 1362 1929 ut
1391 1876 1447 1931 in
1501 1876 1752 1945 psalmo:
1795 1874 1925 1930 Tra-

332 1966 527 2018 dentur
556 1967 612 2018 in
642 1982 830 2020 manus
876 1966 1060 2037 gladii,
1107 1976 1283 2035 partes
1311 1966 1543 2037 vulpium
1571 1977 1723 2021 erunt
1750 1960 1922 2039 (Psal.

334 2055 494 2126 uti).
526 2056 594 2110 Et
621 2056 674 2110 in
712 2054 949 2113 Ieremia
997 2072 1012 2111 :
1064 2056 1285 2128 Propter
1336 2069 1562 2113 montem
1619 2057 1751 2113 Sion
1802 2059 1928 2129 quia

332 2148 1068 2220 disperiit(Tltren.v).l’ulpes
1096 2148 1492 2204 ambulaverunt
1520 2151 1573 2203 in
1588 2167 1667 2204 eo.
1707 2149 1923 2218 Vulpes,

334 2240 579 2294 haeretici
608 2240 661 2294 in
693 2239 935 2295 canticis
969 2240 1304 2295 canticorum
1332 2259 1344 2295 :
1371 2241 1554 2310 Capite
1580 2241 1727 2295 nobis
1751 2240 1926 2310 vulpes

332 2329 557 2400 pusillas
584 2331 987 2385 exterminantes
1019 2331 1191 2384 vineas
1215 2328 1391 2402 (Cant.
1417 2330 1574 2401 11),id
1604 2337 1690 2384 est
1707 2371 1721 2394 ,
1743 2329 1927 2400 plebes

334 2423 595 2477 fidelium.
615 2421 683 2476 Et
701 2422 753 2477 in
781 2421 921 2477 libro
945 2420 1193 2477 Judicum
1219 2421 1286 2477 de
1314 2420 1539 2477 Samson
1570 2421 1798 2477 dicitur:
1822 2422 1927 2492 Ap-

330 2513 608 2585 preltcndit
637 2523 893 2568 trecentas
924 2513 1121 2583 vulpes,
1146 2523 1199 2571 et.
1217 2513 1395 2584 ligavit
1415 2511 1623 2583 faculas
1652 2514 1707 2566 in
1742 2512 1925 2567 caudis

332 2621 513 2657 eorum
540 2603 693 2676 (Jud.
723 2602 837 2675 xv).
872 2603 1055 2660 Simia:
1076 2603 1325 2659 Graecum
1354 2618 1553 2658 nomen
1590 2610 1690 2669 est,
1722 2602 1777 2659 id
1819 2612 1921 2668 est,

330 2697 538 2769 pressis
561 2695 805 2752 naribus.
838 2695 993 2752 Unde
1021 2705 1077 2752 et
1113 2697 1300 2752 simias
1332 2696 1582 2761 dicimus,
1614 2698 1758 2766 quod
1799 2711 1927 2766 sup-

333 2789 538 2859 pressis
568 2789 795 2845 naribus
836 2790 977 2856 sint,
1010 2799 1065 2845 et
1107 2789 1245 2846 facie
1275 2788 1441 2857 foeda,
1495 2794 1643 2862 rugis
1695 2790 1928 2860 turpiter

335 2880 701 2937 follicantibus
728 2898 743 2935 :
766 2881 891 2936 licet
918 2890 973 2937 et
998 2881 1325 2952 capellarum
1357 2883 1429 2937 sit
1448 2897 1695 2952 pressum
1724 2882 1927 2937 habere

336 2988 546 3028 nasum.
581 2972 688 3026 Alii
718 2972 903 3028 simias
932 2972 1099 3028 latino
1130 2988 1378 3027 sermone
1401 2982 1627 3028 vocatas
1653 2972 1925 3028 arbitran-

334 3074 418 3119 tur
442 3079 510 3119 eo
554 3064 698 3133 quod
720 3063 887 3118 multa
910 3064 967 3118 in
994 3064 1072 3118 eis
1098 3056 1393 3119 similitudo
1419 3064 1644 3118 rationis
1673 3064 1921 3118 humanm

2030 1894 2131 1943 me,
2155 1877 2307 1948 quasi
2339 1893 2504 1940 avem,
2538 1876 2741 1930 inimici
2766 1878 2868 1930 mei
2881 1878 3044 1948 gratis
3076 1876 3293 1950 (Thren.
3312 1879 3622 1952 ttt).Lamia

2030 1969 2278 2025 diabolus
2316 1967 2402 2023 vel
2444 1970 2738 2034 daemones,
2764 1976 2824 2023 ut
2854 1969 2907 2023 in
2950 1968 3185 2025 Ieremia
3215 1990 3227 2024 :
3252 1971 3359 2027 Sed
3387 1984 3435 2027 et
3461 1972 3625 2027 lamia

2030 2059 2245 2113 nudavit
2271 2057 2582 2121 mamillam,
2611 2068 2658 2112 et
2684 2057 2898 2113 lactavit
2920 2059 3124 2115 catulos
3145 2060 3471 2132 (ThrenJv).
3488 2063 3621 2117 Item

2032 2148 2215 2214 lamia,
2246 2148 2537 2203 luereticus
2562 2148 2642 2201 vel
2672 2148 2900 2218 quilibet
2927 2150 3230 2221 hypocrita,
3262 2158 3320 2205 ut
3341 2151 3507 2206 Isaias
3535 2153 3620 2206 di-

2030 2241 2106 2296 cit
2127 2259 2140 2293 :
2159 2238 2376 2294 Cubavit
2404 2236 2650 2304 lamia,et
2680 2240 2873 2294 invenit
2902 2239 3000 2293 sibi
3023 2240 3387 2314 requiem(lsa.
3407 2241 3619 2313 xxxxv).

2660 2350 2890 2407 CAPUT
2931 2351 2997 2406 ll.

2477 2421 2558 2477 De
2582 2422 2796 2476 minutis
2817 2423 3151 2479 animalibus.

2099 2511 2218 2567 Mus
2256 2512 2509 2584 pusillum
2559 2512 2793 2578 animal,
2848 2510 3096 2569 Graecum
3149 2510 3225 2570 illi
3259 2530 3455 2572 nomen
3485 2526 3615 2574 est:

2026 2603 2288 2675 quidquid
2315 2621 2446 2662 vero
2475 2620 2541 2661 ex
2571 2619 2637 2660 eo
2670 2605 2904 2660 trahitur
2923 2646 2938 2672 ,
2966 2605 3215 2662 Latinum
3246 2607 3365 2663 fuit.
3394 2608 3501 2663 Alii
3527 2609 3612 2664 di-

2026 2707 2158 2752 cunt
2187 2714 2391 2761 mures,
2424 2697 2566 2768 quod
2596 2712 2662 2754 ex
2698 2698 2925 2753 humore
2954 2708 3112 2753 terra:
3145 2710 3456 2754 nascantur.
3483 2700 3618 2756 Nam

2027 2805 2150 2844 mus
2178 2798 2321 2843 terra
2348 2830 2362 2854 ,
2395 2789 2537 2843 unde
2569 2797 2624 2843 et
2648 2788 2863 2844 humus.
2904 2789 2997 2843 His
3036 2790 3090 2843 in
3130 2790 3425 2860 pleuilunio
3460 2790 3621 2858 jecur

2027 2879 2247 2943 crescit,
2269 2878 2672 2948 sicutquaedam
2696 2878 2964 2933 maritima
2993 2888 3278 2948 augentur,
3297 2894 3415 2949 qua:
3429 2896 3619 2938 rursus

2026 2970 2304 3024 minuente
2338 2969 2462 3022 luna
2486 2968 2764 3024 deficiunt.
2794 2969 2965 3025 Sorex
2994 2970 3245 3027 Latinum
3269 2980 3353 3027 est
3375 2987 3439 3028 eo
3471 2975 3616 3044 quod

2028 3062 2183 3115 rodat
2230 3069 2285 3114 et
2318 3059 2371 3113 in
2405 3060 2622 3115 modum
2676 3076 2840 3116 serrae
2876 3061 3153 3131 pnecidat.
3180 3062 3401 3134 Antiqui
3433 3072 3616 3120 autem

332 3156 565 3210 sentitur
595 3172 609 3209 :
641 3155 736 3210 sed
763 3154 958 3210 falsum
978 3146 1081 3211 est.
1115 3156 1170 3210 ln
1194 3156 1582 3212 elementorum
1611 3157 1921 3227 cognitione
1949 3124 1992 3187 Ο
2029 3153 2299 3208 sauricem
2323 3150 2594 3217 dicebant,
2613 3153 2755 3207 siCUl
2779 3163 2833 3208 θῐ
2859 3154 3070 3210 ClOdum
3087 3156 3359 3219 claudum.
3387 3157 3616 3214 Muslela

333 3261 556 3318 sagaces
591 3264 607 3299 :
651 3262 792 3301 nova
818 3246 946 3302 luna
987 3248 1302 3303 exsultant:
1338 3248 1515 3303 media
1555 3258 1610 3303 et
1655 3257 1789 3303 Cava
1828 3249 1925 3303 tri-

334 3347 594 3393 stantur:
630 3335 792 3401 fetus,
842 3353 978 3408 quos
1016 3347 1221 3405 amant,
1250 3348 1376 3393 ante
1421 3352 1479 3394 se
1522 3347 1735 3409 gestant
1770 3354 1785 3393 :
1835 3337 1924 3395 ne;

332 3429 491 3499 glecti
514 3429 665 3484 circa
697 3437 926 3484 matrem
962 3428 1185 3483 haerent.
1216 3429 1419 3484 [larum
1443 3445 1641 3502 genera
1684 3432 1923 3504 quinque

332 3527 478 3573 sunt.
506 3518 587 3574 Ex
612 3519 808 3588 quibus
837 3518 1146 3589 circopetici
1165 3518 1571 3596 [cercopitheci]
1599 3526 1801 3580 caudas
1825 3524 1923 3578 ba-

331 3610 481 3664 bent.
512 3607 683 3664 Simia
710 3609 854 3664 enim
884 3625 1006 3664 cum
1034 3612 1204 3665 cauda
1233 3621 1335 3677 est,
1361 3629 1522 3682 quam
1547 3616 1764 3687 quidam
1799 3632 1924 3671 cru-

334 3716 446 3755 ram
466 3707 686 3755 vorant.
713 3699 929 3771 Spingte
952 3699 1152 3756 villosa
1174 3711 1299 3757 sunt
1320 3705 1509 3771 comis,
1526 3707 1778 3762 mammis
1792 3723 1921 3778 pro~

331 3792 692 3858 minantibus,
744 3791 949 3847 dociles
978 3793 1046 3848 ad
1076 3791 1307 3849 feritatis
1355 3795 1700 3852 oblivionem.
1746 3797 1922 3869 Cyno-

332 3881 545 3951 ccpbali
568 3888 625 3935 et
664 3879 767 3951 ipsi
795 3879 999 3937 similes
1028 3881 1231 3948 simiis,
1267 3885 1362 3938 sed
1412 3883 1551 3940 facie
1603 3886 1654 3940 in
1700 3888 1920 3942 modum

330 3971 505 4035 canis,
530 3971 675 4025 unde
714 3979 770 4026 et
815 3973 1130 4042 nuncupati.
1161 3971 1390 4045 Satyrici
1438 3974 1576 4031 facie
1629 3978 1920 4033 admodum

330 4072 530 4132 grata,
583 4071 639 4115 et
695 4062 1033 4134 gesticulatis
1083 4065 1318 4119 motibus
1376 4067 1622 4136 inquieti.
1686 4067 1924 4124 Callitri‘

332 4170 422 4208 ces
477 4160 594 4207 toto
629 4162 850 4223 aspectu
888 4169 919 4208 a
969 4156 1179 4210 caeteris
1220 4156 1438 4212 distant.
1489 4158 1627 4213 Sunt
1674 4161 1818 4215 enim
1867 4161 1919 4215 in

332 4243 469 4300 facie
499 4243 767 4315 producta
821 4245 1010 4312 barba,
1050 4255 1105 4301 et
1149 4246 1256 4302 lata
1305 4250 1495 4304 cauda.
1531 4249 1716 4305 Simia:
1743 4260 1920 4306 autem

333 4338 558 4393 callidos
594 4346 799 4404 mente,
829 4346 886 4394 et
923 4341 1160 4409 peccatis
1197 4340 1393 4397 fetidos
1444 4344 1692 4398 homines
1720 4344 1924 4414 signiﬁ-

335 4438 477 4483 cant.
514 4428 618 4496 Qui
656 4428 943 4498 aliquando
970 4445 1068 4500 per
1114 4433 1520 4487 conversionem
1556 4442 1610 4488 et
1657 4435 1922 4504 paeniten-

336 4525 461 4579 tiam
492 4524 559 4578 ad
588 4524 873 4595 paciﬁcum
900 4534 1142 4582 nostrum
1161 4528 1589 4594 deducuntur,et
1614 4530 1730 4600 ejus
1755 4540 1921 4601 agunt

333 4615 641 4681 servitium,
674 4615 815 4670 sicut
843 4631 1006 4689 supra
1052 4618 1254 4673 dictum
1300 4628 1385 4674 est
1425 4619 1491 4675 de
1521 4620 1821 4688 elephantis
1866 4631 1920 4675 et

336 4707 534 4771 simiis,
558 4706 654 4776 qui
693 4707 1101 4765 adducebantur
1129 4711 1196 4765 ad
1229 4708 1592 4766 Salomonem.
1638 4711 1920 4787 Euhydros

336 4800 591 4866 bestiola,
617 4815 687 4855 ex
713 4814 779 4855 eo
808 4810 1136 4872 nuncupata,
1168 4802 1312 4871 quod
1360 4802 1413 4855 in
1465 4802 1620 4872 aquis
1650 4815 1919 4871 versetur,

335 4900 387 4945 et
431 4892 671 4946 maxime
716 4891 769 4946 in
809 4890 949 4947 Nilo.
996 4892 1125 4959 Quae
1173 4893 1217 4949 si
1255 4893 1519 4948 invenerit
1564 4894 1919 4953 dormientem

335 4981 689 5047 crocodilum,
714 4981 919 5038 volutat
950 4997 1008 5039 se
1040 4983 1093 5038 in
1122 4983 1231 5037 luto
1253 4985 1503 5053 primum,
1536 4993 1591 5039 et
1622 4986 1791 5040 intrat
1823 5002 1920 5056 per

337 5092 398 5130 os
436 5076 555 5146 ejus
605 5077 657 5131 in
708 5085 979 5142 ventrem,
1010 5087 1066 5131 et
1114 5092 1349 5147 carpens
1403 5078 1584 5134 omnia
1638 5079 1917 5135 interanea

335 5168 472 5238 ejus,
497 5170 576 5224 sic
600 5170 861 5235 moritur;
893 5170 1212 5225 ichneumon
1229 5168 1415 5225 Graece
1437 5178 1657 5227 vocatus
1681 5187 1747 5226 eo
1774 5173 1918 5242 quod

337 5262 502 5316 odore
531 5275 631 5316 suo
658 5268 715 5316 et
742 5259 982 5316 salubria
1025 5262 1268 5316 ciborum
1306 5271 1360 5316 et
1389 5277 1654 5317 venenosa
1686 5265 1919 5332 prodan-

336 5359 439 5407 tur.
487 5352 564 5407 De
609 5367 720 5425 quo
769 5352 1094 5407 Dracontius
1132 5353 1247 5407 ait:
1284 5351 1535 5407 Pt'a'dicit
1573 5353 1765 5408 suilla:
1814 5357 1919 5410 vim

329 5443 692 5513 cujuscunque
722 5441 921 5497 veneni.
954 5439 1153 5497 Suillus
1173 5449 1352 5497 autem
1379 5457 1413 5495 a
1440 5443 1570 5496 setis
1608 5453 1690 5497 est
1715 5460 1921 5500 nuncu-

332 5542 506 5603 patus.
535 5532 637 5588 llic
674 5533 844 5588 etiam
876 5541 1158 5601 serpentes
1189 5533 1511 5602 insequitur.
1541 5534 1641 5600 Qui
1673 5549 1795 5588 cum
1826 5535 1920 5590 ad—

333 5636 515 5680 versus
560 5623 814 5694 aspidem
840 5631 1065 5691 pugnat,
1093 5622 1319 5676 caudam
1353 5621 1538 5692 erigit,
1572 5638 1740 5692 quam
1773 5624 1919 5694 aspis

333 5717 559 5775 maxime
584 5715 788 5787 incipit
807 5715 1099 5770 observare
1125 5714 1279 5783 quasi
1308 5715 1625 5784 minantem,
1656 5716 1723 5771 ad
1753 5730 1918 5786 quam

1950 4487 1998 4545 D

2027 3243 2191 3308 dicta,
2227 3243 2381 3314 quasi
2417 3258 2539 3298 mus
2577 3243 2787 3315 longus.
2847 3244 2983 3299 Nam
3030 3245 3191 3301 telum
3224 3262 3254 3301 a
3284 3247 3618 3319 longitudine

2025 3332 2249 3388 dictum.
2275 3331 2401 3387 Haec
2433 3334 2645 3404 ingenio
2679 3334 2903 3389 subdola
2941 3336 2993 3389 in
3017 3335 3288 3401 domibus,
3316 3336 3404 3391 ubi
3442 3339 3617 3392 nutrit

2025 3422 2235 3479 catulos
2260 3440 2406 3492 suos,
2441 3423 2701 3479 transfert
2744 3433 3023 3495 mutatque
3066 3427 3282 3491 sedem,
3338 3436 3618 3497 serpentes

2023 3514 2185 3569 etiam
2218 3524 2272 3569 et
2299 3529 2479 3569 mures
2510 3515 2873 3584 persequitur.
2913 3517 3028 3571 Duo
3053 3524 3231 3572 autem
3262 3526 3389 3572 sunt
3416 3533 3615 3589 genera

2026 3605 2399 3660 mustelarum.
2441 3606 2684 3661 Alterum
2731 3608 2874 3661 enim
2937 3608 3190 3663 silvestre
3244 3618 3348 3672 est,
3405 3610 3614 3665 distans

2025 3697 2391 3766 magnitudine
2417 3738 2432 3763 ,
2476 3698 2619 3768 quod
2669 3696 2841 3753 Graeci
2872 3699 3063 3754 ictidas
3110 3710 3300 3773 vocant
3336 3720 3347 3752 :
3380 3701 3613 3755 alterum

2025 3785 2077 3840 in
2117 3788 2377 3842 domibus
2412 3788 2690 3842 oberrans.
2742 3786 2901 3843 Falso
2932 3797 3111 3845 autem
3161 3791 3451 3861 opinantur
3473 3832 3488 3857 ,
3519 3792 3615 3862 qui

2024 3878 2209 3933 dicunt
2237 3880 2523 3935 mustelam
2572 3896 2667 3935 ore
2694 3881 2998 3950 concipere,
3028 3898 3158 3936 aure
3184 3881 3457 3939 effundere
3488 3901 3612 3955 par-

2026 3955 2157 4024 tum.
2189 3969 2414 4025 Mustela
2449 3981 2530 4027 est
2563 3970 2694 4025 furti
2729 3970 2922 4041 ﬁgura,
2948 3981 3006 4025 ut
3036 3975 3089 4026 in
3119 3972 3359 4028 Levitico
3388 3976 3613 4029 demon-

2023 4071 2244 4115 stratur.
2304 4061 2467 4132 Talpa
2520 4063 2664 4117 dicta
2696 4104 2711 4128 ,
2756 4064 2899 4133 quod
2949 4064 3020 4117 sit
3069 4065 3323 4119 damnata
3369 4069 3614 4122 caecitate

2023 4161 2280 4223 perpetua
2320 4154 2574 4207 tenebris.
2611 4154 2706 4207 Est
2738 4154 2878 4208 enim
2909 4155 3115 4223 absque
3141 4156 3311 4211 oculis
3345 4197 3360 4223 ,
3395 4173 3610 4229 semper

2027 4253 2226 4296 terram
2265 4241 2419 4306 fodit,
2451 4251 2504 4295 et
2532 4244 2752 4296 humum
2784 4244 2958 4314 egerit
2981 4285 2996 4305 ,
3031 4254 3085 4300 et
3114 4246 3323 4301 radices
3366 4249 3467 4302 sub
3495 4249 3611 4304 fru-

2024 4334 2179 4403 gibus
2231 4335 2483 4387 comedit.
2541 4331 2762 4404 Μ)8ῐί00
2818 4344 2996 4389 autem
3058 4352 3240 4392 mures
3298 4339 3607 4410 signiﬁcant

2027 4426 2272 4480 homines
2300 4426 2590 4496 cupiditate
2635 4436 2849 4481 terrena
2900 4427 3167 4484 inhiantes
3197 4440 3252 4485 et
3277 4427 3512 4501 praedam
3542 4435 3609 4489 de

2024 4519 2199 4573 aliena
2225 4519 2524 4574 substantia
2552 4520 2926 4588 surripientes.
2960 4520 3183 4577 Mustela
3215 4540 3342 4578 vero
3370 4540 3464 4580 eos
3512 4543 3612 4596 per

2026 4610 2251 4682 ﬁguram
2281 4612 2636 4675 demonstrat,
2660 4612 2752 4680 qui
2782 4612 3056 4682 ingenium
3087 4615 3334 4670 naturale
3361 4617 3461 4671 sub
3486 4618 3609 4672 dolo

2024 4703 2244 4757 malitiae
2272 4700 2516 4772 polluunt
2545 4713 2600 4758 et
2627 4712 2796 4757 totam
2844 4707 3008 4758 vitam
3038 4720 3189 4759 suam
3222 4708 3275 4761 in
3305 4707 3513 4763 insidiis
3553 4719 3608 4763 et

2024 4795 2305 4850 fraudibus
2329 4795 2549 4849 ducunt.
2584 4793 2748 4865 Talpa
2782 4811 2909 4865 ergo
2939 4836 2953 4861 ,
2986 4812 3106 4866 qua:
3139 4799 3381 4853 carcitatc
3416 4814 3609 4870 perpe-

2025 4896 2117 4943 tua
2151 4889 2408 4942 damnata
2435 4895 2538 4954 est,
2568 4896 2661 4941 aut
2688 4888 2828 4944 idola
2858 4888 3128 4959 significat
3165 4904 3330 4955 caeca,
3356 4890 3518 4944 surda
3547 4899 3603 4945 et

2028 4988 2177 5034 muta
2209 4997 2222 5033 :
2254 4987 2345 5033 aut
2377 4973 3036 5049 etiamipsosiddlnlatras,
3068 4979 3157 5047 qui
3187 4979 3503 5048 ignorantiae
3550 4992 3605 5036 et

2026 5071 2270 5127 stultitia:
2296 5070 2535 5125 tenebris
2580 5085 2795 5140 semper
2827 5080 3030 5124 errant.
3064 5061 3138 5123 De
3167 5070 3440 5139 quibusin
3468 5071 3609 5129 Isaia

2027 5161 2289 5231 scriptum
2324 5168 2408 5213 est
2453 5175 2467 5212 :
2516 5155 2581 5211 Ut
2630 5158 2858 5213 adoretis
2910 5158 3078 5227 talpas
3116 5168 3163 5211 et
3223 5158 3611 5229 vespertiliones

2029 5250 2165 5321 (lsa.
2198 5248 2259 5320 ll)
2280 5289 2296 5314 ,
2321 5250 2424 5303 hoc
2438 5255 2546 5313 est,
2577 5248 2704 5303 (ιωοί
2736 5262 2906 5302 εωοοε
2930 5246 3129 5300 colant.
3156 5246 3232 5301 De
3260 5248 3455 5318 quibus
3477 5250 3606 5307 alibi

2029 5340 2308 5410 Scriptura
2336 5337 2466 5392 dicit
2495 5355 2508 5390 :
2539 5334 2747 5392 Similes
2764 5328 2876 5390 illis
2904 5336 3058 5404 ﬁant,
3088 5337 3177 5407 qui
3206 5335 3412 5407 faciunt
3441 5356 3528 5402 ea,
3554 5352 3604 5396 et

2022 5447 2198 5486 omnes
2226 5431 2315 5500 qui
2356 5426 2623 5498 conﬁdunt
2668 5430 2725 5483 in
2768 5429 2842 5482 eis
2885 5425 3056 5500 (Psal.
3100 5427 3276 5501 cun).
3302 5429 3412 5486 Aut
3441 5435 3607 5488 ctiam

2022 5532 2305 5588 haereticos
2346 5531 2460 5587 sive
2507 5530 2673 5587 falsos
2718 5530 3059 5587 Christianos
3096 5545 3197 5602 per
3241 5532 3471 5605 ﬁguram
3514 5539 3609 5593 de-

2020 5631 2290 5680 monstrat
2307 5623 2590 5692 :quoniam
2615 5622 2755 5678 sicut
2782 5622 2929 5693 talpa
2958 5623 3165 5694 absque
3190 5625 3365 5681 oculis
3393 5642 3607 5699 semper

2022 5725 2226 5773 terram
2272 5714 2439 5785 fodit,
2468 5723 2522 5772 et
2547 5715 2772 5773 humum
2814 5715 3009 5790 egerit,
3036 5722 3093 5778 et
3122 5716 3335 5795 radices
3360 5720 3462 5776 sub
3487 5719 3604 5776 fru-
