  <div class='ocr_page' id='page_1' title='image "/cluster/home/n/w/nwhite01/storage/ocr_20150623/111/hvd.32044054759766/119.png"; bbox 0 0 4072 6198; ppageno 0'>
   <div class='ocr_carea' id='block_1_1' title="bbox 451 290 553 352">
    <p class='ocr_par' dir='ltr' id='par_1_1' title="bbox 451 290 553 352">
     <span class='ocr_line' id='line_1_1' title="bbox 451 290 553 352; baseline -0.069 0"><span class='ocrx_word' id='word_1_1' title='bbox 451 290 553 352; x_wconf 66' lang='lat'><strong>227</strong></span> 
     </span>
    </p>
   </div>
   <div class='ocr_carea' id='block_1_2' title="bbox 1143 280 2021 344">
    <p class='ocr_par' dir='ltr' id='par_1_2' title="bbox 1143 285 2021 344">
     <span class='ocr_line' id='line_1_2' title="bbox 1143 285 2021 344; baseline -0.003 -1"><span class='ocrx_word' id='word_1_2' title='bbox 1143 290 1200 344; x_wconf 85' lang='grc' dir='ltr'><strong>Β.</strong></span> <span class='ocrx_word' id='word_1_3' title='bbox 1244 288 1494 343; x_wconf 74' lang='grc' dir='ltr'><strong>ΠΑΒΑΝΙ</strong></span> <span class='ocrx_word' id='word_1_4' title='bbox 1531 287 1745 343; x_wconf 78' lang='lat' dir='ltr'><strong>MAUill</strong></span> <span class='ocrx_word' id='word_1_5' title='bbox 1782 285 2021 342; x_wconf 73' lang='lat' dir='ltr'><strong>ARCIIIE</strong></span> 
     </span>
    </p>
   </div>
   <div class='ocr_carea' id='block_1_3' title="bbox 2120 280 3080 344">
    <p class='ocr_par' dir='ltr' id='par_1_3' title="bbox 2139 280 3080 342">
     <span class='ocr_line' id='line_1_3' title="bbox 2139 280 3080 342; baseline -0.005 -3"><span class='ocrx_word' id='word_1_6' title='bbox 2139 283 2448 342; x_wconf 75' lang='lat' dir='ltr'><strong>MOGUNT.</strong></span> <span class='ocrx_word' id='word_1_7' title='bbox 2478 282 2768 340; x_wconf 70' lang='lat' dir='ltr'><strong>OPERUM</strong></span> <span class='ocrx_word' id='word_1_8' title='bbox 2805 280 2981 337; x_wconf 79' lang='lat' dir='ltr'><strong>PARS</strong></span> <span class='ocrx_word' id='word_1_9' title='bbox 3013 280 3080 335; x_wconf 81' lang='lat' dir='ltr'><strong>ll.</strong></span> 
     </span>
    </p>
   </div>
   <div class='ocr_carea' id='block_1_4' title="bbox 3591 282 3697 337">
    <p class='ocr_par' dir='ltr' id='par_1_4' title="bbox 3591 282 3697 337">
     <span class='ocr_line' id='line_1_4' title="bbox 3591 282 3697 337; baseline -0.009 0"><span class='ocrx_word' id='word_1_10' title='bbox 3591 282 3697 337; x_wconf 64' lang='lat'><strong>298</strong></span> 
     </span>
    </p>
   </div>
   <div class='ocr_carea' id='block_1_5' title="bbox 451 396 3698 482">
    <p class='ocr_par' dir='ltr' id='par_1_5' title="bbox 451 396 3698 482">
     <span class='ocr_line' id='line_1_5' title="bbox 451 396 3698 482; baseline -0.003 -17"><span class='ocrx_word' id='word_1_11' title='bbox 451 414 605 482; x_wconf 83' lang='lat' dir='ltr'><strong>gibus</strong></span> <span class='ocrx_word' id='word_1_12' title='bbox 655 406 931 465; x_wconf 89' lang='lat' dir='ltr'><strong>comedit:</strong></span> <span class='ocrx_word' id='word_1_13' title='bbox 964 411 1042 461; x_wconf 89' lang='lat' dir='ltr'><strong>sle</strong></span> <span class='ocrx_word' id='word_1_14' title='bbox 1084 413 1141 461; x_wconf 95' lang='lat' dir='ltr'><strong>et</strong></span> <span class='ocrx_word' id='word_1_15' title='bbox 1192 404 1294 475; x_wconf 85' lang='lat' dir='ltr'><strong>ipsi</strong></span> <span class='ocrx_word' id='word_1_16' title='bbox 1342 419 1482 459; x_wconf 83' lang='lat' dir='ltr'><strong>verae</strong></span> <span class='ocrx_word' id='word_1_17' title='bbox 1534 403 1773 458; x_wconf 80' lang='lat' dir='ltr'><strong>scientiae</strong></span> <span class='ocrx_word' id='word_1_18' title='bbox 1823 401 2023 456; x_wconf 84' lang='lat' dir='ltr'><strong>lumine</strong></span> <span class='ocrx_word' id='word_1_19' title='bbox 2050 406 2097 465; x_wconf 85' lang='grc' dir='ltr'><strong>Α</strong></span> <span class='ocrx_word' id='word_1_20' title='bbox 2124 406 2476 470; x_wconf 71' lang='lat' dir='ltr'><strong>praeceptore,</strong></span> <span class='ocrx_word' id='word_1_21' title='bbox 2504 399 2596 453; x_wconf 88' lang='lat' dir='ltr'><strong>sed</strong></span> <span class='ocrx_word' id='word_1_22' title='bbox 2624 397 2737 452; x_wconf 89' lang='lat' dir='ltr'><strong>sola</strong></span> <span class='ocrx_word' id='word_1_23' title='bbox 2767 405 2960 452; x_wconf 88' lang='lat' dir='ltr'><strong>natura</strong></span> <span class='ocrx_word' id='word_1_24' title='bbox 3003 398 3140 452; x_wconf 90' lang='lat' dir='ltr'><strong>duce</strong></span> <span class='ocrx_word' id='word_1_25' title='bbox 3184 396 3285 451; x_wconf 83' lang='lat' dir='ltr'><strong>sibi</strong></span> <span class='ocrx_word' id='word_1_26' title='bbox 3328 397 3382 451; x_wconf 89' lang='lat' dir='ltr'><strong>in</strong></span> <span class='ocrx_word' id='word_1_27' title='bbox 3425 409 3698 469; x_wconf 86' lang='lat' dir='ltr'><strong>posterum</strong></span> 
     </span>
    </p>
   </div>
   <div class='ocr_carea' id='block_1_6' title="bbox 454 490 2024 572">
    <p class='ocr_par' dir='ltr' id='par_1_6' title="bbox 454 490 2024 572">
     <span class='ocr_line' id='line_1_6' title="bbox 454 490 2024 572; baseline -0.006 -17"><span class='ocrx_word' id='word_1_28' title='bbox 454 501 677 572; x_wconf 92' lang='lat' dir='ltr'><strong>privati,</strong></span> <span class='ocrx_word' id='word_1_29' title='bbox 710 497 939 553; x_wconf 89' lang='lat' dir='ltr'><strong>terrenis</strong></span> <span class='ocrx_word' id='word_1_30' title='bbox 975 496 1183 551; x_wconf 88' lang='lat' dir='ltr'><strong>actibus</strong></span> <span class='ocrx_word' id='word_1_31' title='bbox 1227 494 1582 557; x_wconf 90' lang='lat' dir='ltr'><strong>incumbunt,</strong></span> <span class='ocrx_word' id='word_1_32' title='bbox 1636 500 1693 547; x_wconf 92' lang='lat' dir='ltr'><strong>ct</strong></span> <span class='ocrx_word' id='word_1_33' title='bbox 1745 490 2024 548; x_wconf 86' lang='lat' dir='ltr'><strong>desideriis</strong></span> 
     </span>
    </p>
   </div>
   <div class='ocr_carea' id='block_1_7' title="bbox 454 581 2026 657">
    <p class='ocr_par' dir='ltr' id='par_1_7' title="bbox 454 581 2026 657">
     <span class='ocr_line' id='line_1_7' title="bbox 454 581 2026 657; baseline -0.008 -10"><span class='ocrx_word' id='word_1_34' title='bbox 454 593 654 657; x_wconf 86' lang='lat' dir='ltr'><strong>carnis,</strong></span> <span class='ocrx_word' id='word_1_35' title='bbox 671 602 725 645; x_wconf 88' lang='lat' dir='ltr'><strong>et</strong></span> <span class='ocrx_word' id='word_1_36' title='bbox 740 588 1004 644; x_wconf 87' lang='lat' dir='ltr'><strong>illecebris</strong></span> <span class='ocrx_word' id='word_1_37' title='bbox 1014 585 1344 655; x_wconf 72' lang='lat' dir='ltr'><strong>voluptatum</strong></span> <span class='ocrx_word' id='word_1_38' title='bbox 1358 582 1686 646; x_wconf 80' lang='lat' dir='ltr'><strong>deserviunt,</strong></span> <span class='ocrx_word' id='word_1_39' title='bbox 1713 581 2026 650; x_wconf 85' lang='lat' dir='ltr'><strong>radicesque</strong></span> 
     </span>
    </p>
   </div>
   <div class='ocr_carea' id='block_1_8' title="bbox 453 675 2026 751">
    <p class='ocr_par' dir='ltr' id='par_1_8' title="bbox 453 675 2026 751">
     <span class='ocr_line' id='line_1_8' title="bbox 453 675 2026 751; baseline -0.007 -14"><span class='ocrx_word' id='word_1_40' title='bbox 453 686 713 739; x_wconf 89' lang='lat' dir='ltr'><strong>bonorum</strong></span> <span class='ocrx_word' id='word_1_41' title='bbox 741 695 986 751; x_wconf 83' lang='lat' dir='ltr'><strong>Operum,</strong></span> <span class='ocrx_word' id='word_1_42' title='bbox 1030 679 1085 732; x_wconf 86' lang='lat' dir='ltr'><strong>in</strong></span> <span class='ocrx_word' id='word_1_43' title='bbox 1111 677 1517 747; x_wconf 87' lang='lat' dir='ltr'><strong>quibuscunque</strong></span> <span class='ocrx_word' id='word_1_44' title='bbox 1559 682 1827 742; x_wconf 87' lang='lat' dir='ltr'><strong>possunt,</strong></span> <span class='ocrx_word' id='word_1_45' title='bbox 1865 675 2026 726; x_wconf 81' lang='lat' dir='ltr'><strong>dente</strong></span> 
     </span>
    </p>
   </div>
   <div class='ocr_carea' id='block_1_9' title="bbox 454 760 2026 827">
    <p class='ocr_par' dir='ltr' id='par_1_9' title="bbox 454 760 2026 827">
     <span class='ocr_line' id='line_1_9' title="bbox 454 760 2026 827; baseline -0.008 0"><span class='ocrx_word' id='word_1_46' title='bbox 454 773 668 827; x_wconf 68' lang='lat' dir='ltr'><strong>malitim</strong></span> <span class='ocrx_word' id='word_1_47' title='bbox 712 770 999 826; x_wconf 90' lang='lat' dir='ltr'><strong>corrodere</strong></span> <span class='ocrx_word' id='word_1_48' title='bbox 1052 774 1108 819; x_wconf 91' lang='lat' dir='ltr'><strong>et</strong></span> <span class='ocrx_word' id='word_1_49' title='bbox 1157 765 1472 819; x_wconf 85' lang='lat' dir='ltr'><strong>subvertere</strong></span> <span class='ocrx_word' id='word_1_50' title='bbox 1517 769 1799 817; x_wconf 84' lang='lat' dir='ltr'><strong>conantur.</strong></span> <span class='ocrx_word' id='word_1_51' title='bbox 1849 760 2026 816; x_wconf 81' lang='lat' dir='ltr'><strong>Glires</strong></span> 
     </span>
    </p>
   </div>
   <div class='ocr_carea' id='block_1_10' title="bbox 454 845 2024 926">
    <p class='ocr_par' dir='ltr' id='par_1_10' title="bbox 454 845 2024 926">
     <span class='ocr_line' id='line_1_10' title="bbox 454 845 2024 926; baseline -0.01 -10"><span class='ocrx_word' id='word_1_52' title='bbox 454 862 578 916; x_wconf 84' lang='lat' dir='ltr'><strong>dicti</strong></span> <span class='ocrx_word' id='word_1_53' title='bbox 633 864 788 923; x_wconf 90' lang='lat' dir='ltr'><strong>sunt,</strong></span> <span class='ocrx_word' id='word_1_54' title='bbox 836 856 962 926; x_wconf 88' lang='lat' dir='ltr'><strong>quia</strong></span> <span class='ocrx_word' id='word_1_55' title='bbox 997 856 1225 925; x_wconf 79' lang='lat' dir='ltr'><strong>pingues</strong></span> <span class='ocrx_word' id='word_1_56' title='bbox 1252 866 1347 905; x_wconf 92' lang='lat' dir='ltr'><strong>eos</strong></span> <span class='ocrx_word' id='word_1_57' title='bbox 1399 848 1561 904; x_wconf 85' lang='lat' dir='ltr'><strong>efﬁcit</strong></span> <span class='ocrx_word' id='word_1_58' title='bbox 1596 864 1834 904; x_wconf 86' lang='lat' dir='ltr'><strong>somnus.</strong></span> <span class='ocrx_word' id='word_1_59' title='bbox 1888 845 2024 901; x_wconf 86' lang='lat' dir='ltr'><strong>Nam</strong></span> 
     </span>
    </p>
   </div>
   <div class='ocr_carea' id='block_1_11' title="bbox 452 939 2022 1025">
    <p class='ocr_par' dir='ltr' id='par_1_11' title="bbox 452 939 2022 1025">
     <span class='ocr_line' id='line_1_11' title="bbox 452 939 2022 1025; baseline -0.011 -17"><span class='ocrx_word' id='word_1_60' title='bbox 452 954 676 1025; x_wconf 79' lang='lat' dir='ltr'><strong>gliscere</strong></span> <span class='ocrx_word' id='word_1_61' title='bbox 702 951 927 1006; x_wconf 88' lang='lat' dir='ltr'><strong>dicimus</strong></span> <span class='ocrx_word' id='word_1_62' title='bbox 948 959 1210 1002; x_wconf 85' lang='lat' dir='ltr'><strong>crescere.</strong></span> <span class='ocrx_word' id='word_1_63' title='bbox 1227 943 1414 997; x_wconf 84' lang='lat' dir='ltr'><strong>Hieme</strong></span> <span class='ocrx_word' id='word_1_64' title='bbox 1433 942 1578 996; x_wconf 91' lang='lat' dir='ltr'><strong>enim</strong></span> <span class='ocrx_word' id='word_1_65' title='bbox 1596 950 1703 994; x_wconf 87' lang='lat' dir='ltr'><strong>tota</strong></span> <span class='ocrx_word' id='word_1_66' title='bbox 1730 939 2022 1003; x_wconf 87' lang='lat' dir='ltr'><strong>dormiunt,</strong></span> 
     </span>
    </p>
   </div>
   <div class='ocr_carea' id='block_1_12' title="bbox 452 1028 2026 1107">
    <p class='ocr_par' dir='ltr' id='par_1_12' title="bbox 452 1028 2026 1107">
     <span class='ocr_line' id='line_1_12' title="bbox 452 1028 2026 1107; baseline -0.011 -7"><span class='ocrx_word' id='word_1_67' title='bbox 452 1054 508 1100; x_wconf 90' lang='lat' dir='ltr'><strong>et</strong></span> <span class='ocrx_word' id='word_1_68' title='bbox 536 1040 857 1103; x_wconf 84' lang='lat' dir='ltr'><strong>immobiles,</strong></span> <span class='ocrx_word' id='word_1_69' title='bbox 885 1036 1040 1107; x_wconf 88' lang='lat' dir='ltr'><strong>quasi</strong></span> <span class='ocrx_word' id='word_1_70' title='bbox 1087 1034 1305 1098; x_wconf 89' lang='lat' dir='ltr'><strong>mortui,</strong></span> <span class='ocrx_word' id='word_1_71' title='bbox 1321 1030 1504 1101; x_wconf 88' lang='lat' dir='ltr'><strong>jacent</strong></span> <span class='ocrx_word' id='word_1_72' title='bbox 1534 1049 1545 1084; x_wconf 93' lang='lat'><strong>:</strong></span> <span class='ocrx_word' id='word_1_73' title='bbox 1574 1038 1813 1100; x_wconf 91' lang='lat' dir='ltr'><strong>tempore</strong></span> <span class='ocrx_word' id='word_1_74' title='bbox 1840 1028 2026 1083; x_wconf 83' lang='lat' dir='ltr'><strong>aestivo</strong></span> 
     </span>
    </p>
   </div>
   <div class='ocr_carea' id='block_1_13' title="bbox 454 1118 2025 1196">
    <p class='ocr_par' dir='ltr' id='par_1_13' title="bbox 454 1118 2025 1196">
     <span class='ocr_line' id='line_1_13' title="bbox 454 1118 2025 1196; baseline -0.01 -7"><span class='ocrx_word' id='word_1_75' title='bbox 454 1133 800 1189; x_wconf 87' lang='lat' dir='ltr'><strong>reviviscunt.</strong></span> <span class='ocrx_word' id='word_1_76' title='bbox 833 1128 925 1183; x_wconf 87' lang='lat' dir='ltr'><strong>Isti</strong></span> <span class='ocrx_word' id='word_1_77' title='bbox 969 1140 1097 1196; x_wconf 84' lang='lat' dir='ltr'><strong>ergo</strong></span> <span class='ocrx_word' id='word_1_78' title='bbox 1148 1139 1241 1179; x_wconf 90' lang='lat' dir='ltr'><strong>eos</strong></span> <span class='ocrx_word' id='word_1_79' title='bbox 1288 1120 1594 1192; x_wconf 78' lang='lat' dir='ltr'><strong>signiﬁcare</strong></span> <span class='ocrx_word' id='word_1_80' title='bbox 1626 1129 1894 1189; x_wconf 84' lang='lat' dir='ltr'><strong>possunt,</strong></span> <span class='ocrx_word' id='word_1_81' title='bbox 1934 1118 2025 1187; x_wconf 89' lang='lat' dir='ltr'><strong>qui</strong></span> 
     </span>
    </p>
   </div>
   <div class='ocr_carea' id='block_1_14' title="bbox 454 1207 2027 1293">
    <p class='ocr_par' dir='ltr' id='par_1_14' title="bbox 454 1207 2027 1293">
     <span class='ocr_line' id='line_1_14' title="bbox 454 1207 2027 1293; baseline -0.011 -14"><span class='ocrx_word' id='word_1_82' title='bbox 454 1235 669 1293; x_wconf 77' lang='lat' dir='ltr'><strong>torpore</strong></span> <span class='ocrx_word' id='word_1_83' title='bbox 719 1219 949 1290; x_wconf 65' lang='lat' dir='ltr'><strong>pigritiae</strong></span> <span class='ocrx_word' id='word_1_84' title='bbox 992 1214 1207 1269; x_wconf 91' lang='lat' dir='ltr'><strong>inutiles</strong></span> <span class='ocrx_word' id='word_1_85' title='bbox 1241 1212 1410 1273; x_wconf 90' lang='lat' dir='ltr'><strong>ﬁunt,</strong></span> <span class='ocrx_word' id='word_1_86' title='bbox 1453 1217 1508 1266; x_wconf 89' lang='lat' dir='ltr'><strong>et</strong></span> <span class='ocrx_word' id='word_1_87' title='bbox 1550 1209 1796 1264; x_wconf 82' lang='lat' dir='ltr'><strong>laborare</strong></span> <span class='ocrx_word' id='word_1_88' title='bbox 1825 1207 2027 1262; x_wconf 88' lang='lat' dir='ltr'><strong>utiliter</strong></span> 
     </span>
    </p>
   </div>
   <div class='ocr_carea' id='block_1_15' title="bbox 402 1298 2029 1379">
    <p class='ocr_par' dir='ltr' id='par_1_15' title="bbox 402 1298 2029 1379">
     <span class='ocr_line' id='line_1_15' title="bbox 402 1298 2029 1379; baseline -0.012 -9"><span class='ocrx_word' id='word_1_89' title='bbox 402 1320 409 1324; x_wconf 83' lang='grc'><em>’</em></span> <span class='ocrx_word' id='word_1_90' title='bbox 454 1315 657 1378; x_wconf 90' lang='lat' dir='ltr'><strong>nolunt,</strong></span> <span class='ocrx_word' id='word_1_91' title='bbox 690 1312 755 1365; x_wconf 91' lang='lat' dir='ltr'><strong>de</strong></span> <span class='ocrx_word' id='word_1_92' title='bbox 781 1309 974 1379; x_wconf 88' lang='lat' dir='ltr'><strong>quibus</strong></span> <span class='ocrx_word' id='word_1_93' title='bbox 1003 1305 1258 1373; x_wconf 89' lang='lat' dir='ltr'><strong>scriptum</strong></span> <span class='ocrx_word' id='word_1_94' title='bbox 1278 1312 1359 1357; x_wconf 90' lang='lat' dir='ltr'><strong>est</strong></span> <span class='ocrx_word' id='word_1_95' title='bbox 1393 1319 1406 1355; x_wconf 91' lang='lat'><strong>:</strong></span> <span class='ocrx_word' id='word_1_96' title='bbox 1436 1298 1657 1371; x_wconf 81' lang='lat' dir='ltr'><strong>Propter</strong></span> <span class='ocrx_word' id='word_1_97' title='bbox 1689 1299 1857 1369; x_wconf 71' lang='lat' dir='ltr'><strong>frigus</strong></span> <span class='ocrx_word' id='word_1_98' title='bbox 1883 1300 2029 1369; x_wconf 84' lang='lat' dir='ltr'><strong>piger</strong></span> 
     </span>
    </p>
   </div>
   <div class='ocr_carea' id='block_1_16' title="bbox 453 1389 2029 1462">
    <p class='ocr_par' dir='ltr' id='par_1_16' title="bbox 453 1389 2029 1462">
     <span class='ocr_line' id='line_1_16' title="bbox 453 1389 2029 1462; baseline -0.01 -5"><span class='ocrx_word' id='word_1_99' title='bbox 453 1419 606 1457; x_wconf 86' lang='lat' dir='ltr'><strong>arare</strong></span> <span class='ocrx_word' id='word_1_100' title='bbox 632 1399 793 1455; x_wconf 83' lang='lat' dir='ltr'><strong>noluit</strong></span> <span class='ocrx_word' id='word_1_101' title='bbox 824 1412 842 1449; x_wconf 96' lang='lat'><em>:</em></span> <span class='ocrx_word' id='word_1_102' title='bbox 884 1394 1191 1451; x_wconf 62' lang='lat' dir='ltr'><strong>mendicabit</strong></span> <span class='ocrx_word' id='word_1_103' title='bbox 1221 1409 1341 1462; x_wconf 87' lang='lat' dir='ltr'><strong>ergo</strong></span> <span class='ocrx_word' id='word_1_104' title='bbox 1379 1399 1577 1455; x_wconf 69' lang='lat' dir='ltr'><strong>a‘state,</strong></span> <span class='ocrx_word' id='word_1_105' title='bbox 1608 1400 1655 1444; x_wconf 92' lang='lat' dir='ltr'><strong>et</strong></span> <span class='ocrx_word' id='word_1_106' title='bbox 1685 1407 1787 1443; x_wconf 88' lang='lat' dir='ltr'><strong>non</strong></span> <span class='ocrx_word' id='word_1_107' title='bbox 1816 1389 2029 1443; x_wconf 82' lang='lat' dir='ltr'><strong>dabitur</strong></span> 
     </span>
    </p>
   </div>
   <div class='ocr_carea' id='block_1_17' title="bbox 451 1483 2028 1564">
    <p class='ocr_par' dir='ltr' id='par_1_17' title="bbox 451 1483 2028 1564">
     <span class='ocr_line' id='line_1_17' title="bbox 451 1483 2028 1564; baseline -0.01 -15"><span class='ocrx_word' id='word_1_108' title='bbox 451 1496 499 1549; x_wconf 88' lang='lat' dir='ltr'><strong>ei</strong></span> <span class='ocrx_word' id='word_1_109' title='bbox 533 1490 712 1564; x_wconf 84' lang='lat' dir='ltr'><strong>(Prov.</strong></span> <span class='ocrx_word' id='word_1_110' title='bbox 744 1490 873 1561; x_wconf 82' lang='lat' dir='ltr'><strong>xx);</strong></span> <span class='ocrx_word' id='word_1_111' title='bbox 904 1489 1029 1558; x_wconf 89' lang='lat' dir='ltr'><strong>quia</strong></span> <span class='ocrx_word' id='word_1_112' title='bbox 1057 1486 1148 1556; x_wconf 86' lang='lat' dir='ltr'><strong>qui</strong></span> <span class='ocrx_word' id='word_1_113' title='bbox 1187 1500 1331 1539; x_wconf 89' lang='lat' dir='ltr'><strong>nunc</strong></span> <span class='ocrx_word' id='word_1_114' title='bbox 1365 1483 1572 1539; x_wconf 84' lang='lat' dir='ltr'><strong>otiosus</strong></span> <span class='ocrx_word' id='word_1_115' title='bbox 1612 1490 1849 1551; x_wconf 82' lang='lat' dir='ltr'><strong>tempore</strong></span> <span class='ocrx_word' id='word_1_116' title='bbox 1894 1494 2028 1549; x_wconf 65' lang='lat' dir='ltr'><strong>pras-</strong></span> 
     </span>
    </p>
   </div>
   <div class='ocr_carea' id='block_1_18' title="bbox 451 1570 2028 1650">
    <p class='ocr_par' dir='ltr' id='par_1_18' title="bbox 451 1570 2028 1650">
     <span class='ocr_line' id='line_1_18' title="bbox 451 1570 2028 1650; baseline -0.011 -7"><span class='ocrx_word' id='word_1_117' title='bbox 451 1586 620 1643; x_wconf 87' lang='lat' dir='ltr'><strong>sentis</strong></span> <span class='ocrx_word' id='word_1_118' title='bbox 644 1585 769 1638; x_wconf 75' lang='lat' dir='ltr'><strong>vita:</strong></span> <span class='ocrx_word' id='word_1_119' title='bbox 798 1580 1056 1650; x_wconf 88' lang='lat' dir='ltr'><strong>torpescit</strong></span> <span class='ocrx_word' id='word_1_120' title='bbox 1081 1619 1095 1644; x_wconf 93' lang='lat'><strong>,</strong></span> <span class='ocrx_word' id='word_1_121' title='bbox 1139 1576 1339 1632; x_wconf 76' lang='lat' dir='ltr'><strong>frustra</strong></span> <span class='ocrx_word' id='word_1_122' title='bbox 1369 1577 1422 1630; x_wconf 89' lang='lat' dir='ltr'><strong>in</strong></span> <span class='ocrx_word' id='word_1_123' title='bbox 1453 1575 1537 1630; x_wconf 91' lang='lat' dir='ltr'><strong>die</strong></span> <span class='ocrx_word' id='word_1_124' title='bbox 1553 1572 1742 1642; x_wconf 90' lang='lat' dir='ltr'><strong>judicii</strong></span> <span class='ocrx_word' id='word_1_125' title='bbox 1770 1613 1785 1638; x_wconf 93' lang='lat'><strong>,</strong></span> <span class='ocrx_word' id='word_1_126' title='bbox 1815 1570 2028 1641; x_wconf 88' lang='lat' dir='ltr'><strong>quando</strong></span> 
     </span>
    </p>
   </div>
   <div class='ocr_carea' id='block_1_19' title="bbox 454 1664 2027 1747">
    <p class='ocr_par' dir='ltr' id='par_1_19' title="bbox 454 1664 2027 1747">
     <span class='ocr_line' id='line_1_19' title="bbox 454 1664 2027 1747; baseline -0.01 -14"><span class='ocrx_word' id='word_1_127' title='bbox 454 1686 664 1747; x_wconf 88' lang='lat' dir='ltr'><strong>tempus</strong></span> <span class='ocrx_word' id='word_1_128' title='bbox 694 1683 779 1730; x_wconf 91' lang='lat' dir='ltr'><strong>est</strong></span> <span class='ocrx_word' id='word_1_129' title='bbox 807 1673 999 1728; x_wconf 86' lang='lat' dir='ltr'><strong>messis</strong></span> <span class='ocrx_word' id='word_1_130' title='bbox 1019 1711 1034 1737; x_wconf 93' lang='lat'><strong>,</strong></span> <span class='ocrx_word' id='word_1_131' title='bbox 1079 1668 1403 1726; x_wconf 87' lang='lat' dir='ltr'><strong>mendicabit</strong></span> <span class='ocrx_word' id='word_1_132' title='bbox 1433 1683 1446 1722; x_wconf 91' lang='lat'><strong>:</strong></span> <span class='ocrx_word' id='word_1_133' title='bbox 1475 1667 1599 1737; x_wconf 85' lang='lat' dir='ltr'><strong>quia</strong></span> <span class='ocrx_word' id='word_1_134' title='bbox 1627 1664 1862 1721; x_wconf 84' lang='lat' dir='ltr'><strong>caelestis</strong></span> <span class='ocrx_word' id='word_1_135' title='bbox 1903 1664 2027 1718; x_wconf 59' lang='lat' dir='ltr'><strong>vitae</strong></span> 
     </span>
    </p>
   </div>
   <div class='ocr_carea' id='block_1_20' title="bbox 2123 484 3702 558">
    <p class='ocr_par' dir='ltr' id='par_1_20' title="bbox 2123 484 3702 558">
     <span class='ocr_line' id='line_1_20' title="bbox 2123 484 3702 558; baseline 0.001 -16"><span class='ocrx_word' id='word_1_136' title='bbox 2123 487 2420 555; x_wconf 71' lang='lat' dir='ltr'><strong>praevidere</strong></span> <span class='ocrx_word' id='word_1_137' title='bbox 2444 487 2622 541; x_wconf 90' lang='lat' dir='ltr'><strong>studet</strong></span> <span class='ocrx_word' id='word_1_138' title='bbox 2652 504 2664 540; x_wconf 91' lang='lat'><strong>:</strong></span> <span class='ocrx_word' id='word_1_139' title='bbox 2689 496 2888 556; x_wconf 90' lang='lat' dir='ltr'><strong>quanto</strong></span> <span class='ocrx_word' id='word_1_140' title='bbox 2910 486 3080 556; x_wconf 88' lang='lat' dir='ltr'><strong>magis</strong></span> <span class='ocrx_word' id='word_1_141' title='bbox 3102 484 3188 540; x_wconf 89' lang='lat' dir='ltr'><strong>ille</strong></span> <span class='ocrx_word' id='word_1_142' title='bbox 3222 486 3404 553; x_wconf 91' lang='lat' dir='ltr'><strong>homo,</strong></span> <span class='ocrx_word' id='word_1_143' title='bbox 3437 486 3549 543; x_wconf 88' lang='lat' dir='ltr'><strong>Deo</strong></span> <span class='ocrx_word' id='word_1_144' title='bbox 3568 505 3702 558; x_wconf 75' lang='lat' dir='ltr'><strong>pne-</strong></span> 
     </span>
    </p>
   </div>
   <div class='ocr_carea' id='block_1_21' title="bbox 2122 574 3702 644">
    <p class='ocr_par' dir='ltr' id='par_1_21' title="bbox 2122 574 3702 644">
     <span class='ocr_line' id='line_1_21' title="bbox 2122 574 3702 644; baseline 0.001 -15"><span class='ocrx_word' id='word_1_145' title='bbox 2122 583 2359 644; x_wconf 88' lang='lat' dir='ltr'><strong>ceptore,</strong></span> <span class='ocrx_word' id='word_1_146' title='bbox 2391 583 2446 630; x_wconf 92' lang='lat' dir='ltr'><strong>et</strong></span> <span class='ocrx_word' id='word_1_147' title='bbox 2479 574 2788 630; x_wconf 89' lang='lat' dir='ltr'><strong>doctoribus</strong></span> <span class='ocrx_word' id='word_1_148' title='bbox 2811 575 3244 640; x_wconf 87' lang='lat' dir='ltr'><strong>admonentibus,</strong></span> <span class='ocrx_word' id='word_1_149' title='bbox 3266 574 3426 630; x_wconf 88' lang='lat' dir='ltr'><strong>debet</strong></span> <span class='ocrx_word' id='word_1_150' title='bbox 3450 576 3503 630; x_wconf 92' lang='lat' dir='ltr'><strong>in</strong></span> <span class='ocrx_word' id='word_1_151' title='bbox 3530 592 3702 631; x_wconf 77' lang='lat' dir='ltr'><strong>messe</strong></span> 
     </span>
    </p>
   </div>
   <div class='ocr_carea' id='block_1_22' title="bbox 2125 662 3703 737">
    <p class='ocr_par' dir='ltr' id='par_1_22' title="bbox 2125 662 3703 737">
     <span class='ocr_line' id='line_1_22' title="bbox 2125 662 3703 737; baseline 0.002 -19"><span class='ocrx_word' id='word_1_152' title='bbox 2125 662 2285 732; x_wconf 88' lang='lat' dir='ltr'><strong>hujus</strong></span> <span class='ocrx_word' id='word_1_153' title='bbox 2311 664 2434 719; x_wconf 73' lang='lat' dir='ltr'><strong>vita:</strong></span> <span class='ocrx_word' id='word_1_154' title='bbox 2465 680 2685 734; x_wconf 90' lang='lat' dir='ltr'><strong>operum</strong></span> <span class='ocrx_word' id='word_1_155' title='bbox 2716 664 2968 737; x_wconf 79' lang='lat' dir='ltr'><strong>colligere</strong></span> <span class='ocrx_word' id='word_1_156' title='bbox 2996 663 3201 720; x_wconf 89' lang='lat' dir='ltr'><strong>fructus</strong></span> <span class='ocrx_word' id='word_1_157' title='bbox 3220 705 3235 727; x_wconf 90' lang='lat'><strong>,</strong></span> <span class='ocrx_word' id='word_1_158' title='bbox 3277 674 3333 720; x_wconf 91' lang='lat' dir='ltr'><strong>et</strong></span> <span class='ocrx_word' id='word_1_159' title='bbox 3358 666 3554 721; x_wconf 90' lang='lat' dir='ltr'><strong>horreo</strong></span> <span class='ocrx_word' id='word_1_160' title='bbox 3582 666 3703 721; x_wconf 72' lang='lat' dir='ltr'><strong>vita:</strong></span> 
     </span>
    </p>
   </div>
   <div class='ocr_carea' id='block_1_23' title="bbox 2125 754 3701 827">
    <p class='ocr_par' dir='ltr' id='par_1_23' title="bbox 2125 754 3701 827">
     <span class='ocr_line' id='line_1_23' title="bbox 2125 754 3701 827; baseline 0.002 -19"><span class='ocrx_word' id='word_1_161' title='bbox 2125 755 2436 820; x_wconf 83' lang='lat' dir='ltr'><strong>recondere,</strong></span> <span class='ocrx_word' id='word_1_162' title='bbox 2472 764 2533 810; x_wconf 92' lang='lat' dir='ltr'><strong>ut</strong></span> <span class='ocrx_word' id='word_1_163' title='bbox 2557 755 2751 810; x_wconf 90' lang='lat' dir='ltr'><strong>habeat</strong></span> <span class='ocrx_word' id='word_1_164' title='bbox 2794 755 2849 809; x_wconf 92' lang='lat' dir='ltr'><strong>in</strong></span> <span class='ocrx_word' id='word_1_165' title='bbox 2884 756 2969 810; x_wconf 90' lang='lat' dir='ltr'><strong>die</strong></span> <span class='ocrx_word' id='word_1_166' title='bbox 2997 754 3232 827; x_wconf 82' lang='lat' dir='ltr'><strong>frigoris,</strong></span> <span class='ocrx_word' id='word_1_167' title='bbox 3265 756 3317 810; x_wconf 92' lang='lat' dir='ltr'><strong>id</strong></span> <span class='ocrx_word' id='word_1_168' title='bbox 3343 765 3447 822; x_wconf 89' lang='lat' dir='ltr'><strong>est,</strong></span> <span class='ocrx_word' id='word_1_169' title='bbox 3470 755 3660 826; x_wconf 89' lang='lat' dir='ltr'><strong>judicii</strong></span> <span class='ocrx_word' id='word_1_170' title='bbox 3685 797 3701 823; x_wconf 94' lang='lat'><strong>,</strong></span> 
     </span>
    </p>
   </div>
   <div class='ocr_carea' id='block_1_24' title="bbox 2124 845 3700 915">
    <p class='ocr_par' dir='ltr' id='par_1_24' title="bbox 2124 845 3700 915">
     <span class='ocr_line' id='line_1_24' title="bbox 2124 845 3700 915; baseline 0.004 -19"><span class='ocrx_word' id='word_1_171' title='bbox 2124 860 2227 914; x_wconf 90' lang='lat' dir='ltr'><strong>qua</strong></span> <span class='ocrx_word' id='word_1_172' title='bbox 2257 862 2361 901; x_wconf 93' lang='lat' dir='ltr'><strong>non</strong></span> <span class='ocrx_word' id='word_1_173' title='bbox 2400 854 2580 915; x_wconf 86' lang='lat' dir='ltr'><strong>potest</strong></span> <span class='ocrx_word' id='word_1_174' title='bbox 2617 845 2897 911; x_wconf 89' lang='lat' dir='ltr'><strong>laborare,</strong></span> <span class='ocrx_word' id='word_1_175' title='bbox 2928 846 3069 900; x_wconf 91' lang='lat' dir='ltr'><strong>unde</strong></span> <span class='ocrx_word' id='word_1_176' title='bbox 3097 845 3287 900; x_wconf 84' lang='lat' dir='ltr'><strong>vivat?</strong></span> <span class='ocrx_word' id='word_1_177' title='bbox 3330 846 3700 902; x_wconf 86' lang='lat' dir='ltr'><strong>Formicoleon</strong></span> 
     </span>
    </p>
   </div>
   <div class='ocr_carea' id='block_1_25' title="bbox 2123 936 3705 1011">
    <p class='ocr_par' dir='ltr' id='par_1_25' title="bbox 2123 936 3705 1011">
     <span class='ocr_line' id='line_1_25' title="bbox 2123 936 3705 1011; baseline 0.001 -17"><span class='ocrx_word' id='word_1_178' title='bbox 2123 940 2193 994; x_wconf 90' lang='lat' dir='ltr'><strong>ob</strong></span> <span class='ocrx_word' id='word_1_179' title='bbox 2221 940 2325 994; x_wconf 88' lang='lat' dir='ltr'><strong>hoc</strong></span> <span class='ocrx_word' id='word_1_180' title='bbox 2372 948 2631 1004; x_wconf 85' lang='lat' dir='ltr'><strong>vocatus,</strong></span> <span class='ocrx_word' id='word_1_181' title='bbox 2678 939 2803 1011; x_wconf 89' lang='lat' dir='ltr'><strong>quia</strong></span> <span class='ocrx_word' id='word_1_182' title='bbox 2849 946 2934 994; x_wconf 87' lang='lat' dir='ltr'><strong>est</strong></span> <span class='ocrx_word' id='word_1_183' title='bbox 2984 937 3068 993; x_wconf 91' lang='lat' dir='ltr'><strong>vel</strong></span> <span class='ocrx_word' id='word_1_184' title='bbox 3109 936 3456 993; x_wconf 75' lang='lat' dir='ltr'><strong>formicarum</strong></span> <span class='ocrx_word' id='word_1_185' title='bbox 3484 938 3589 1005; x_wconf 85' lang='lat' dir='ltr'><strong>leo,</strong></span> <span class='ocrx_word' id='word_1_186' title='bbox 3618 949 3705 1004; x_wconf 81' lang='lat' dir='ltr'><strong>vel</strong></span> 
     </span>
    </p>
   </div>
   <div class='ocr_carea' id='block_1_26' title="bbox 2123 1029 3705 1099">
    <p class='ocr_par' dir='ltr' id='par_1_26' title="bbox 2123 1029 3705 1099">
     <span class='ocr_line' id='line_1_26' title="bbox 2123 1029 3705 1099; baseline 0.001 -15"><span class='ocrx_word' id='word_1_187' title='bbox 2123 1037 2271 1084; x_wconf 89' lang='lat' dir='ltr'><strong>certe</strong></span> <span class='ocrx_word' id='word_1_188' title='bbox 2310 1030 2534 1084; x_wconf 84' lang='lat' dir='ltr'><strong>formica</strong></span> <span class='ocrx_word' id='word_1_189' title='bbox 2579 1030 2785 1099; x_wconf 89' lang='lat' dir='ltr'><strong>pariter</strong></span> <span class='ocrx_word' id='word_1_190' title='bbox 2809 1037 2863 1084; x_wconf 89' lang='lat' dir='ltr'><strong>et</strong></span> <span class='ocrx_word' id='word_1_191' title='bbox 2888 1030 2989 1083; x_wconf 92' lang='lat' dir='ltr'><strong>leo.</strong></span> <span class='ocrx_word' id='word_1_192' title='bbox 3022 1029 3118 1084; x_wconf 76' lang='lat' dir='ltr'><strong>Est</strong></span> <span class='ocrx_word' id='word_1_193' title='bbox 3144 1029 3287 1084; x_wconf 90' lang='lat' dir='ltr'><strong>enim</strong></span> <span class='ocrx_word' id='word_1_194' title='bbox 3317 1044 3540 1099; x_wconf 85' lang='lat' dir='ltr'><strong>parvum</strong></span> <span class='ocrx_word' id='word_1_195' title='bbox 3588 1030 3705 1086; x_wconf 88' lang='lat' dir='ltr'><strong>ani-</strong></span> 
     </span>
    </p>
   </div>
   <div class='ocr_carea' id='block_1_27' title="bbox 2124 1117 3706 1190">
    <p class='ocr_par' dir='ltr' id='par_1_27' title="bbox 2124 1117 3706 1190">
     <span class='ocr_line' id='line_1_27' title="bbox 2124 1117 3706 1190; baseline 0.004 -18"><span class='ocrx_word' id='word_1_196' title='bbox 2124 1117 2260 1178; x_wconf 88' lang='lat' dir='ltr'><strong>mal.</strong></span> <span class='ocrx_word' id='word_1_197' title='bbox 2296 1117 2537 1173; x_wconf 75' lang='lat' dir='ltr'><strong>formicis</strong></span> <span class='ocrx_word' id='word_1_198' title='bbox 2585 1119 2719 1173; x_wconf 89' lang='lat' dir='ltr'><strong>satis</strong></span> <span class='ocrx_word' id='word_1_199' title='bbox 2758 1117 3015 1173; x_wconf 87' lang='lat' dir='ltr'><strong>infestum</strong></span> <span class='ocrx_word' id='word_1_200' title='bbox 3043 1157 3059 1183; x_wconf 95' lang='lat'><strong>,</strong></span> <span class='ocrx_word' id='word_1_201' title='bbox 3106 1120 3248 1189; x_wconf 94' lang='lat' dir='ltr'><strong>quod</strong></span> <span class='ocrx_word' id='word_1_202' title='bbox 3281 1133 3340 1172; x_wconf 88' lang='lat' dir='ltr'><strong>se</strong></span> <span class='ocrx_word' id='word_1_203' title='bbox 3389 1119 3442 1174; x_wconf 93' lang='lat' dir='ltr'><strong>in</strong></span> <span class='ocrx_word' id='word_1_204' title='bbox 3485 1120 3706 1190; x_wconf 80' lang='lat' dir='ltr'><strong>pulvere</strong></span> 
     </span>
    </p>
   </div>
   <div class='ocr_carea' id='block_1_28' title="bbox 2126 1206 3701 1279">
    <p class='ocr_par' dir='ltr' id='par_1_28' title="bbox 2126 1206 3701 1279">
     <span class='ocr_line' id='line_1_28' title="bbox 2126 1206 3701 1279; baseline 0.004 -18"><span class='ocrx_word' id='word_1_205' title='bbox 2126 1208 2403 1264; x_wconf 87' lang='lat' dir='ltr'><strong>abscondit</strong></span> <span class='ocrx_word' id='word_1_206' title='bbox 2429 1249 2443 1274; x_wconf 93' lang='lat'><strong>,</strong></span> <span class='ocrx_word' id='word_1_207' title='bbox 2471 1218 2527 1263; x_wconf 87' lang='lat' dir='ltr'><strong>et</strong></span> <span class='ocrx_word' id='word_1_208' title='bbox 2552 1208 2806 1263; x_wconf 81' lang='lat' dir='ltr'><strong>formicas</strong></span> <span class='ocrx_word' id='word_1_209' title='bbox 2832 1206 3101 1269; x_wconf 89' lang='lat' dir='ltr'><strong>frumenta</strong></span> <span class='ocrx_word' id='word_1_210' title='bbox 3132 1215 3403 1279; x_wconf 78' lang='lat' dir='ltr'><strong>gestantes</strong></span> <span class='ocrx_word' id='word_1_211' title='bbox 3428 1209 3701 1267; x_wconf 80' lang='lat' dir='ltr'><strong>interﬁcit.</strong></span> 
     </span>
    </p>
   </div>
   <div class='ocr_carea' id='block_1_29' title="bbox 2124 1297 3700 1369">
    <p class='ocr_par' dir='ltr' id='par_1_29' title="bbox 2124 1297 3700 1369">
     <span class='ocr_line' id='line_1_29' title="bbox 2124 1297 3700 1369; baseline 0.001 -15"><span class='ocrx_word' id='word_1_212' title='bbox 2124 1298 2358 1355; x_wconf 88' lang='lat' dir='ltr'><strong>Proinde</strong></span> <span class='ocrx_word' id='word_1_213' title='bbox 2380 1308 2562 1357; x_wconf 89' lang='lat' dir='ltr'><strong>autem</strong></span> <span class='ocrx_word' id='word_1_214' title='bbox 2593 1299 2678 1355; x_wconf 91' lang='lat' dir='ltr'><strong>leo</strong></span> <span class='ocrx_word' id='word_1_215' title='bbox 2705 1308 2759 1354; x_wconf 90' lang='lat' dir='ltr'><strong>et</strong></span> <span class='ocrx_word' id='word_1_216' title='bbox 2784 1297 3008 1355; x_wconf 82' lang='lat' dir='ltr'><strong>formica</strong></span> <span class='ocrx_word' id='word_1_217' title='bbox 3032 1307 3272 1362; x_wconf 88' lang='lat' dir='ltr'><strong>vocatur,</strong></span> <span class='ocrx_word' id='word_1_218' title='bbox 3296 1300 3420 1369; x_wconf 88' lang='lat' dir='ltr'><strong>quia</strong></span> <span class='ocrx_word' id='word_1_219' title='bbox 3442 1300 3563 1357; x_wconf 89' lang='lat' dir='ltr'><strong>aliis</strong></span> <span class='ocrx_word' id='word_1_220' title='bbox 3579 1303 3700 1356; x_wconf 81' lang='lat' dir='ltr'><strong>ani-</strong></span> 
     </span>
    </p>
   </div>
   <div class='ocr_carea' id='block_1_30' title="bbox 2124 1388 3701 1458">
    <p class='ocr_par' dir='ltr' id='par_1_30' title="bbox 2124 1388 3701 1458">
     <span class='ocr_line' id='line_1_30' title="bbox 2124 1388 3701 1458; baseline 0 -13"><span class='ocrx_word' id='word_1_221' title='bbox 2124 1390 2376 1458; x_wconf 90' lang='lat' dir='ltr'><strong>malibus,</strong></span> <span class='ocrx_word' id='word_1_222' title='bbox 2407 1399 2468 1445; x_wconf 92' lang='lat' dir='ltr'><strong>ut</strong></span> <span class='ocrx_word' id='word_1_223' title='bbox 2491 1390 2713 1446; x_wconf 86' lang='lat' dir='ltr'><strong>formica</strong></span> <span class='ocrx_word' id='word_1_224' title='bbox 2740 1397 2822 1445; x_wconf 89' lang='lat' dir='ltr'><strong>est</strong></span> <span class='ocrx_word' id='word_1_225' title='bbox 2854 1407 2866 1443; x_wconf 93' lang='lat'><strong>:</strong></span> <span class='ocrx_word' id='word_1_226' title='bbox 2893 1388 3134 1444; x_wconf 83' lang='lat' dir='ltr'><strong>formicis</strong></span> <span class='ocrx_word' id='word_1_227' title='bbox 3161 1397 3358 1454; x_wconf 89' lang='lat' dir='ltr'><strong>autem,</strong></span> <span class='ocrx_word' id='word_1_228' title='bbox 3386 1398 3442 1443; x_wconf 92' lang='lat' dir='ltr'><strong>ut</strong></span> <span class='ocrx_word' id='word_1_229' title='bbox 3492 1390 3577 1445; x_wconf 89' lang='lat' dir='ltr'><strong>leo</strong></span> <span class='ocrx_word' id='word_1_230' title='bbox 3601 1400 3701 1446; x_wconf 90' lang='lat' dir='ltr'><strong>est.</strong></span> 
     </span>
    </p>
   </div>
   <div class='ocr_carea' id='block_1_31' title="bbox 2126 1479 3707 1552">
    <p class='ocr_par' dir='ltr' id='par_1_31' title="bbox 2126 1479 3707 1552">
     <span class='ocr_line' id='line_1_31' title="bbox 2126 1479 3707 1552; baseline 0 -17"><span class='ocrx_word' id='word_1_231' title='bbox 2126 1480 2292 1536; x_wconf 72' lang='lat' dir='ltr'><strong>Rana:</strong></span> <span class='ocrx_word' id='word_1_232' title='bbox 2336 1496 2366 1534; x_wconf 88' lang='lat' dir='ltr'><strong>a</strong></span> <span class='ocrx_word' id='word_1_233' title='bbox 2395 1480 2711 1552; x_wconf 76' lang='lat' dir='ltr'><strong>garrulitate</strong></span> <span class='ocrx_word' id='word_1_234' title='bbox 2740 1488 2945 1535; x_wconf 71' lang='lat' dir='ltr'><strong>vocata:</strong></span> <span class='ocrx_word' id='word_1_235' title='bbox 2976 1494 3042 1535; x_wconf 90' lang='lat' dir='ltr'><strong>eo</strong></span> <span class='ocrx_word' id='word_1_236' title='bbox 3077 1479 3221 1551; x_wconf 85' lang='lat' dir='ltr'><strong>quod</strong></span> <span class='ocrx_word' id='word_1_237' title='bbox 3266 1479 3411 1534; x_wconf 87' lang='lat' dir='ltr'><strong>circa</strong></span> <span class='ocrx_word' id='word_1_238' title='bbox 3446 1479 3707 1549; x_wconf 78' lang='lat' dir='ltr'><strong>genitales</strong></span> 
     </span>
    </p>
   </div>
   <div class='ocr_carea' id='block_1_32' title="bbox 2126 1569 3704 1640">
    <p class='ocr_par' dir='ltr' id='par_1_32' title="bbox 2126 1569 3704 1640">
     <span class='ocr_line' id='line_1_32' title="bbox 2126 1569 3704 1640; baseline 0 -16"><span class='ocrx_word' id='word_1_239' title='bbox 2126 1578 2373 1640; x_wconf 89' lang='lat' dir='ltr'><strong>strepunt</strong></span> <span class='ocrx_word' id='word_1_240' title='bbox 2395 1569 2638 1640; x_wconf 89' lang='lat' dir='ltr'><strong>paludes,</strong></span> <span class='ocrx_word' id='word_1_241' title='bbox 2673 1577 2730 1625; x_wconf 90' lang='lat' dir='ltr'><strong>et</strong></span> <span class='ocrx_word' id='word_1_242' title='bbox 2766 1584 2957 1625; x_wconf 90' lang='lat' dir='ltr'><strong>sonum</strong></span> <span class='ocrx_word' id='word_1_243' title='bbox 2987 1570 3134 1624; x_wconf 88' lang='lat' dir='ltr'><strong>vocis</strong></span> <span class='ocrx_word' id='word_1_244' title='bbox 3158 1569 3478 1639; x_wconf 90' lang='lat' dir='ltr'><strong>importunis</strong></span> <span class='ocrx_word' id='word_1_245' title='bbox 3507 1569 3704 1624; x_wconf 57' lang='lat' dir='ltr'><strong>clamo.</strong></span> 
     </span>
    </p>
   </div>
   <div class='ocr_carea' id='block_1_33' title="bbox 2126 1659 3699 1733">
    <p class='ocr_par' dir='ltr' id='par_1_33' title="bbox 2126 1659 3699 1733">
     <span class='ocr_line' id='line_1_33' title="bbox 2126 1659 3699 1733; baseline 0.001 -20"><span class='ocrx_word' id='word_1_246' title='bbox 2126 1659 2276 1714; x_wconf 90' lang='lat' dir='ltr'><strong>ribus</strong></span> <span class='ocrx_word' id='word_1_247' title='bbox 2325 1660 2577 1717; x_wconf 90' lang='lat' dir='ltr'><strong>reddunt.</strong></span> <span class='ocrx_word' id='word_1_248' title='bbox 2646 1659 2812 1715; x_wconf 67' lang='lat' dir='ltr'><strong>flante</strong></span> <span class='ocrx_word' id='word_1_249' title='bbox 2881 1660 3170 1715; x_wconf 63' lang='lat' dir='ltr'><strong>daemones.</strong></span> <span class='ocrx_word' id='word_1_250' title='bbox 3226 1659 3286 1715; x_wconf 88' lang='lat' dir='ltr'><strong>ln</strong></span> <span class='ocrx_word' id='word_1_251' title='bbox 3336 1659 3699 1733; x_wconf 83' lang='lat' dir='ltr'><strong>Apocalypsi:</strong></span> 
     </span>
    </p>
   </div>
   <div class='ocr_carea' id='block_1_34' title="bbox 453 1744 3699 1841">
    <p class='ocr_par' dir='ltr' id='par_1_34' title="bbox 453 1744 3699 1841">
     <span class='ocr_line' id='line_1_34' title="bbox 453 1744 3699 1841; baseline -0.005 -19"><span class='ocrx_word' id='word_1_252' title='bbox 453 1744 702 1841; x_wconf 77' lang='lat' dir='ltr'><strong>gaudium</strong></span> <span class='ocrx_word' id='word_1_253' title='bbox 759 1763 906 1819; x_wconf 89' lang='lat' dir='ltr'><strong>nullo</strong></span> <span class='ocrx_word' id='word_1_254' title='bbox 948 1760 1108 1817; x_wconf 88' lang='lat' dir='ltr'><strong>modo</strong></span> <span class='ocrx_word' id='word_1_255' title='bbox 1157 1776 1278 1815; x_wconf 90' lang='lat' dir='ltr'><strong>cum</strong></span> <span class='ocrx_word' id='word_1_256' title='bbox 1310 1756 1471 1827; x_wconf 84' lang='lat' dir='ltr'><strong>justis</strong></span> <span class='ocrx_word' id='word_1_257' title='bbox 1516 1755 1748 1810; x_wconf 81' lang='lat' dir='ltr'><strong>habebit.</strong></span> <span class='ocrx_word' id='word_1_258' title='bbox 1779 1753 2025 1809; x_wconf 86' lang='lat' dir='ltr'><strong>Hericius</strong></span> <span class='ocrx_word' id='word_1_259' title='bbox 2055 1744 2099 1804; x_wconf 82' lang='grc' dir='ltr'><strong>Β</strong></span> <span class='ocrx_word' id='word_1_260' title='bbox 2137 1747 2257 1802; x_wconf 86' lang='lat' dir='ltr'><strong>Vidi</strong></span> <span class='ocrx_word' id='word_1_261' title='bbox 2278 1749 2343 1804; x_wconf 87' lang='lat' dir='ltr'><strong>de</strong></span> <span class='ocrx_word' id='word_1_262' title='bbox 2366 1750 2716 1841; x_wconf 80' lang='lat' dir='ltr'><strong>oredraconis</strong></span> <span class='ocrx_word' id='word_1_263' title='bbox 2742 1751 2956 1821; x_wconf 88' lang='lat' dir='ltr'><strong>spiritus</strong></span> <span class='ocrx_word' id='word_1_264' title='bbox 2971 1750 3383 1805; x_wconf 87' lang='lat' dir='ltr'><strong>tresimmundos</strong></span> <span class='ocrx_word' id='word_1_265' title='bbox 3409 1752 3465 1806; x_wconf 87' lang='lat' dir='ltr'><strong>in</strong></span> <span class='ocrx_word' id='word_1_266' title='bbox 3487 1754 3699 1806; x_wconf 89' lang='lat' dir='ltr'><strong>modum</strong></span> 
     </span>
    </p>
   </div>
   <div class='ocr_carea' id='block_1_35' title="bbox 451 1843 2025 1926">
    <p class='ocr_par' dir='ltr' id='par_1_35' title="bbox 451 1843 2025 1926">
     <span class='ocr_line' id='line_1_35' title="bbox 451 1843 2025 1926; baseline -0.011 -13"><span class='ocrx_word' id='word_1_267' title='bbox 451 1856 651 1914; x_wconf 88' lang='lat' dir='ltr'><strong>animal</strong></span> <span class='ocrx_word' id='word_1_268' title='bbox 697 1855 865 1926; x_wconf 91' lang='lat' dir='ltr'><strong>spinis</strong></span> <span class='ocrx_word' id='word_1_269' title='bbox 912 1858 1222 1921; x_wconf 80' lang='lat' dir='ltr'><strong>coopertum</strong></span> <span class='ocrx_word' id='word_1_270' title='bbox 1247 1890 1261 1913; x_wconf 92' lang='lat'><strong>,</strong></span> <span class='ocrx_word' id='word_1_271' title='bbox 1313 1847 1457 1919; x_wconf 89' lang='lat' dir='ltr'><strong>quod</strong></span> <span class='ocrx_word' id='word_1_272' title='bbox 1485 1843 1682 1900; x_wconf 79' lang='lat' dir='ltr'><strong>exinde</strong></span> <span class='ocrx_word' id='word_1_273' title='bbox 1707 1843 1903 1898; x_wconf 91' lang='lat' dir='ltr'><strong>dicitur</strong></span> <span class='ocrx_word' id='word_1_274' title='bbox 1929 1857 2025 1896; x_wconf 85' lang='lat' dir='ltr'><strong>no-</strong></span> 
     </span>
    </p>
   </div>
   <div class='ocr_carea' id='block_1_36' title="bbox 454 1930 2025 2013">
    <p class='ocr_par' dir='ltr' id='par_1_36' title="bbox 454 1930 2025 2013">
     <span class='ocr_line' id='line_1_36' title="bbox 454 1930 2025 2013; baseline -0.013 -9"><span class='ocrx_word' id='word_1_275' title='bbox 454 1950 713 2005; x_wconf 83' lang='lat' dir='ltr'><strong>minatum</strong></span> <span class='ocrx_word' id='word_1_276' title='bbox 771 1960 836 2000; x_wconf 86' lang='lat' dir='ltr'><strong>eo</strong></span> <span class='ocrx_word' id='word_1_277' title='bbox 891 1942 1033 2013; x_wconf 90' lang='lat' dir='ltr'><strong>quod</strong></span> <span class='ocrx_word' id='word_1_278' title='bbox 1068 1939 1297 2010; x_wconf 80' lang='lat' dir='ltr'><strong>subrigit</strong></span> <span class='ocrx_word' id='word_1_279' title='bbox 1333 1953 1391 1992; x_wconf 85' lang='lat' dir='ltr'><strong>se</strong></span> <span class='ocrx_word' id='word_1_280' title='bbox 1443 1935 1657 2005; x_wconf 88' lang='lat' dir='ltr'><strong>quando</strong></span> <span class='ocrx_word' id='word_1_281' title='bbox 1701 1930 1870 2002; x_wconf 88' lang='lat' dir='ltr'><strong>spinis</strong></span> <span class='ocrx_word' id='word_1_282' title='bbox 1913 1930 2025 1986; x_wconf 89' lang='lat' dir='ltr'><strong>suis</strong></span> 
     </span>
    </p>
   </div>
   <div class='ocr_carea' id='block_1_37' title="bbox 456 2019 2026 2104">
    <p class='ocr_par' dir='ltr' id='par_1_37' title="bbox 456 2019 2026 2104">
     <span class='ocr_line' id='line_1_37' title="bbox 456 2019 2026 2104; baseline -0.013 -11"><span class='ocrx_word' id='word_1_283' title='bbox 456 2039 745 2101; x_wconf 81' lang='lat' dir='ltr'><strong>clauditur,</strong></span> <span class='ocrx_word' id='word_1_284' title='bbox 774 2033 969 2104; x_wconf 88' lang='lat' dir='ltr'><strong>quibus</strong></span> <span class='ocrx_word' id='word_1_285' title='bbox 1006 2029 1241 2097; x_wconf 85' lang='lat' dir='ltr'><strong>undique</strong></span> <span class='ocrx_word' id='word_1_286' title='bbox 1264 2033 1542 2099; x_wconf 90' lang='lat' dir='ltr'><strong>protectus</strong></span> <span class='ocrx_word' id='word_1_287' title='bbox 1566 2030 1650 2078; x_wconf 89' lang='lat' dir='ltr'><strong>est</strong></span> <span class='ocrx_word' id='word_1_288' title='bbox 1678 2029 1865 2075; x_wconf 89' lang='lat' dir='ltr'><strong>contra</strong></span> <span class='ocrx_word' id='word_1_289' title='bbox 1895 2019 2026 2074; x_wconf 79' lang='lat' dir='ltr'><strong>insi-</strong></span> 
     </span>
    </p>
   </div>
   <div class='ocr_carea' id='block_1_38' title="bbox 452 2110 2023 2189">
    <p class='ocr_par' dir='ltr' id='par_1_38' title="bbox 452 2110 2023 2189">
     <span class='ocr_line' id='line_1_38' title="bbox 452 2110 2023 2189; baseline -0.013 -5"><span class='ocrx_word' id='word_1_290' title='bbox 452 2132 585 2184; x_wconf 86' lang='lat' dir='ltr'><strong>dias.</strong></span> <span class='ocrx_word' id='word_1_291' title='bbox 617 2125 752 2181; x_wconf 85' lang='lat' dir='ltr'><strong>Nam</strong></span> <span class='ocrx_word' id='word_1_292' title='bbox 781 2123 961 2179; x_wconf 87' lang='lat' dir='ltr'><strong>statim</strong></span> <span class='ocrx_word' id='word_1_293' title='bbox 990 2162 1005 2187; x_wconf 98' lang='lat'><strong>,</strong></span> <span class='ocrx_word' id='word_1_294' title='bbox 1038 2128 1098 2175; x_wconf 89' lang='lat' dir='ltr'><strong>ut</strong></span> <span class='ocrx_word' id='word_1_295' title='bbox 1130 2117 1331 2189; x_wconf 82' lang='lat' dir='ltr'><strong>aliquid</strong></span> <span class='ocrx_word' id='word_1_296' title='bbox 1359 2112 1737 2187; x_wconf 66' lang='lat' dir='ltr'><strong>praesenserit,</strong></span> <span class='ocrx_word' id='word_1_297' title='bbox 1791 2110 2023 2180; x_wconf 90' lang='lat' dir='ltr'><strong>primum</strong></span> 
     </span>
    </p>
   </div>
   <div class='ocr_carea' id='block_1_39' title="bbox 449 2203 2027 2290">
    <p class='ocr_par' dir='ltr' id='par_1_39' title="bbox 449 2203 2027 2290">
     <span class='ocr_line' id='line_1_39' title="bbox 449 2203 2027 2290; baseline -0.015 -12"><span class='ocrx_word' id='word_1_298' title='bbox 449 2239 509 2278; x_wconf 92' lang='lat' dir='ltr'><strong>se</strong></span> <span class='ocrx_word' id='word_1_299' title='bbox 537 2220 797 2290; x_wconf 84' lang='lat' dir='ltr'><strong>subrigit,</strong></span> <span class='ocrx_word' id='word_1_300' title='bbox 830 2224 991 2287; x_wconf 88' lang='lat' dir='ltr'><strong>atque</strong></span> <span class='ocrx_word' id='word_1_301' title='bbox 1035 2214 1089 2268; x_wconf 91' lang='lat' dir='ltr'><strong>in</strong></span> <span class='ocrx_word' id='word_1_302' title='bbox 1138 2213 1353 2285; x_wconf 86' lang='lat' dir='ltr'><strong>globum</strong></span> <span class='ocrx_word' id='word_1_303' title='bbox 1401 2219 1712 2271; x_wconf 87' lang='lat' dir='ltr'><strong>conversus,</strong></span> <span class='ocrx_word' id='word_1_304' title='bbox 1753 2203 1809 2258; x_wconf 92' lang='lat' dir='ltr'><strong>in</strong></span> <span class='ocrx_word' id='word_1_305' title='bbox 1840 2216 1941 2283; x_wconf 25' lang='lat' dir='ltr'><strong>sua.</strong></span> <span class='ocrx_word' id='word_1_306' title='bbox 1966 2216 2027 2257; x_wconf 92' lang='lat' dir='ltr'><strong>se</strong></span> 
     </span>
    </p>
   </div>
   <div class='ocr_carea' id='block_1_40' title="bbox 450 2291 2025 2378">
    <p class='ocr_par' dir='ltr' id='par_1_40' title="bbox 450 2291 2025 2378">
     <span class='ocr_line' id='line_1_40' title="bbox 450 2291 2025 2378; baseline -0.015 -10"><span class='ocrx_word' id='word_1_307' title='bbox 450 2329 597 2367; x_wconf 87' lang='lat' dir='ltr'><strong>arma</strong></span> <span class='ocrx_word' id='word_1_308' title='bbox 623 2308 905 2378; x_wconf 84' lang='lat' dir='ltr'><strong>recolligit.</strong></span> <span class='ocrx_word' id='word_1_309' title='bbox 937 2304 1106 2374; x_wconf 80' lang='lat' dir='ltr'><strong>Hujus</strong></span> <span class='ocrx_word' id='word_1_310' title='bbox 1148 2299 1432 2373; x_wconf 88' lang='lat' dir='ltr'><strong>prudentia</strong></span> <span class='ocrx_word' id='word_1_311' title='bbox 1455 2297 1700 2368; x_wconf 62' lang='lat' dir='ltr'><strong>quaedam</strong></span> <span class='ocrx_word' id='word_1_312' title='bbox 1735 2302 1837 2349; x_wconf 89' lang='lat' dir='ltr'><strong>est.</strong></span> <span class='ocrx_word' id='word_1_313' title='bbox 1887 2291 2025 2347; x_wconf 89' lang='lat' dir='ltr'><strong>Nam</strong></span> 
     </span>
    </p>
   </div>
   <div class='ocr_carea' id='block_1_41' title="bbox 450 2384 2027 2460">
    <p class='ocr_par' dir='ltr' id='par_1_41' title="bbox 450 2384 2027 2460">
     <span class='ocr_line' id='line_1_41' title="bbox 450 2384 2027 2460; baseline -0.014 -1"><span class='ocrx_word' id='word_1_314' title='bbox 450 2406 575 2460; x_wconf 92' lang='lat' dir='ltr'><strong>dum</strong></span> <span class='ocrx_word' id='word_1_315' title='bbox 621 2398 913 2456; x_wconf 89' lang='lat' dir='ltr'><strong>absciderit</strong></span> <span class='ocrx_word' id='word_1_316' title='bbox 938 2410 1095 2453; x_wconf 86' lang='lat' dir='ltr'><strong>uvam</strong></span> <span class='ocrx_word' id='word_1_317' title='bbox 1142 2393 1208 2449; x_wconf 91' lang='lat' dir='ltr'><strong>de</strong></span> <span class='ocrx_word' id='word_1_318' title='bbox 1234 2393 1345 2447; x_wconf 86' lang='lat' dir='ltr'><strong>vite</strong></span> <span class='ocrx_word' id='word_1_319' title='bbox 1365 2431 1379 2456; x_wconf 89' lang='lat'><strong>,</strong></span> <span class='ocrx_word' id='word_1_320' title='bbox 1411 2389 1635 2460; x_wconf 88' lang='lat' dir='ltr'><strong>supinus</strong></span> <span class='ocrx_word' id='word_1_321' title='bbox 1670 2400 1788 2443; x_wconf 89' lang='lat' dir='ltr'><strong>sese</strong></span> <span class='ocrx_word' id='word_1_322' title='bbox 1818 2384 2027 2440; x_wconf 88' lang='lat' dir='ltr'><strong>volutat</strong></span> 
     </span>
    </p>
   </div>
   <div class='ocr_carea' id='block_1_42' title="bbox 449 2473 2025 2562">
    <p class='ocr_par' dir='ltr' id='par_1_42' title="bbox 449 2473 2025 2562">
     <span class='ocr_line' id='line_1_42' title="bbox 449 2473 2025 2562; baseline -0.014 -13"><span class='ocrx_word' id='word_1_323' title='bbox 449 2506 610 2562; x_wconf 86' lang='lat' dir='ltr'><strong>super</strong></span> <span class='ocrx_word' id='word_1_324' title='bbox 642 2505 785 2554; x_wconf 89' lang='lat' dir='ltr'><strong>eam,</strong></span> <span class='ocrx_word' id='word_1_325' title='bbox 834 2494 889 2543; x_wconf 92' lang='lat' dir='ltr'><strong>et</strong></span> <span class='ocrx_word' id='word_1_326' title='bbox 908 2486 990 2540; x_wconf 90' lang='lat' dir='ltr'><strong>sic</strong></span> <span class='ocrx_word' id='word_1_327' title='bbox 1032 2498 1150 2539; x_wconf 89' lang='lat' dir='ltr'><strong>eam</strong></span> <span class='ocrx_word' id='word_1_328' title='bbox 1179 2482 1397 2538; x_wconf 76' lang='lat' dir='ltr'><strong>exhibet</strong></span> <span class='ocrx_word' id='word_1_329' title='bbox 1442 2478 1584 2533; x_wconf 90' lang='lat' dir='ltr'><strong>natis</strong></span> <span class='ocrx_word' id='word_1_330' title='bbox 1612 2477 1742 2533; x_wconf 89' lang='lat' dir='ltr'><strong>suis.</strong></span> <span class='ocrx_word' id='word_1_331' title='bbox 1777 2473 2025 2529; x_wconf 83' lang='lat' dir='ltr'><strong>Hericius</strong></span> 
     </span>
    </p>
   </div>
   <div class='ocr_carea' id='block_1_43' title="bbox 450 2568 2025 2653">
    <p class='ocr_par' dir='ltr' id='par_1_43' title="bbox 450 2568 2025 2653">
     <span class='ocr_line' id='line_1_43' title="bbox 450 2568 2025 2653; baseline -0.013 -13"><span class='ocrx_word' id='word_1_332' title='bbox 450 2586 594 2641; x_wconf 89' lang='lat' dir='ltr'><strong>enim</strong></span> <span class='ocrx_word' id='word_1_333' title='bbox 623 2580 847 2653; x_wconf 81' lang='lat' dir='ltr'><strong>mystice</strong></span> <span class='ocrx_word' id='word_1_334' title='bbox 885 2584 1196 2648; x_wconf 89' lang='lat' dir='ltr'><strong>peccatores</strong></span> <span class='ocrx_word' id='word_1_335' title='bbox 1235 2571 1437 2630; x_wconf 88' lang='lat' dir='ltr'><strong>aculeis</strong></span> <span class='ocrx_word' id='word_1_336' title='bbox 1465 2571 1717 2625; x_wconf 87' lang='lat' dir='ltr'><strong>vitiorum</strong></span> <span class='ocrx_word' id='word_1_337' title='bbox 1757 2568 1943 2639; x_wconf 89' lang='lat' dir='ltr'><strong>plenos</strong></span> <span class='ocrx_word' id='word_1_338' title='bbox 1970 2573 2025 2620; x_wconf 92' lang='lat' dir='ltr'><strong>et</strong></span> 
     </span>
    </p>
   </div>
   <div class='ocr_carea' id='block_1_44' title="bbox 452 2657 2027 2742">
    <p class='ocr_par' dir='ltr' id='par_1_44' title="bbox 452 2657 2027 2742">
     <span class='ocr_line' id='line_1_44' title="bbox 452 2657 2027 2742; baseline -0.014 -10"><span class='ocrx_word' id='word_1_339' title='bbox 452 2675 648 2731; x_wconf 87' lang='lat' dir='ltr'><strong>astutia</strong></span> <span class='ocrx_word' id='word_1_340' title='bbox 682 2669 934 2742; x_wconf 75' lang='lat' dir='ltr'><strong>nequitia:</strong></span> <span class='ocrx_word' id='word_1_341' title='bbox 963 2666 1219 2723; x_wconf 83' lang='lat' dir='ltr'><strong>callentes</strong></span> <span class='ocrx_word' id='word_1_342' title='bbox 1254 2663 1543 2735; x_wconf 87' lang='lat' dir='ltr'><strong>signiﬁcat,</strong></span> <span class='ocrx_word' id='word_1_343' title='bbox 1573 2670 1629 2716; x_wconf 90' lang='lat' dir='ltr'><strong>et</strong></span> <span class='ocrx_word' id='word_1_344' title='bbox 1663 2657 1942 2713; x_wconf 80' lang='lat' dir='ltr'><strong>fraudibus</strong></span> <span class='ocrx_word' id='word_1_345' title='bbox 1970 2663 2027 2710; x_wconf 89' lang='lat' dir='ltr'><strong>et</strong></span> 
     </span>
    </p>
   </div>
   <div class='ocr_carea' id='block_1_45' title="bbox 452 2748 2023 2838">
    <p class='ocr_par' dir='ltr' id='par_1_45' title="bbox 452 2748 2023 2838">
     <span class='ocr_line' id='line_1_45' title="bbox 452 2748 2023 2838; baseline -0.013 -16"><span class='ocrx_word' id='word_1_346' title='bbox 452 2766 655 2838; x_wconf 85' lang='lat' dir='ltr'><strong>rapinis</strong></span> <span class='ocrx_word' id='word_1_347' title='bbox 684 2783 697 2818; x_wconf 90' lang='lat'><strong>:</strong></span> <span class='ocrx_word' id='word_1_348' title='bbox 729 2763 821 2835; x_wconf 90' lang='lat' dir='ltr'><strong>qui</strong></span> <span class='ocrx_word' id='word_1_349' title='bbox 864 2776 961 2832; x_wconf 90' lang='lat' dir='ltr'><strong>per</strong></span> <span class='ocrx_word' id='word_1_350' title='bbox 1006 2758 1251 2814; x_wconf 86' lang='lat' dir='ltr'><strong>fraudem</strong></span> <span class='ocrx_word' id='word_1_351' title='bbox 1282 2756 1348 2812; x_wconf 89' lang='lat' dir='ltr'><strong>de</strong></span> <span class='ocrx_word' id='word_1_352' title='bbox 1375 2754 1565 2809; x_wconf 90' lang='lat' dir='ltr'><strong>alienis</strong></span> <span class='ocrx_word' id='word_1_353' title='bbox 1612 2751 1884 2808; x_wconf 88' lang='lat' dir='ltr'><strong>laboribus</strong></span> <span class='ocrx_word' id='word_1_354' title='bbox 1923 2748 2023 2804; x_wconf 90' lang='lat' dir='ltr'><strong>sibi</strong></span> 
     </span>
    </p>
   </div>
   <div class='ocr_carea' id='block_1_46' title="bbox 450 2840 2023 2928">
    <p class='ocr_par' dir='ltr' id='par_1_46' title="bbox 450 2840 2023 2928">
     <span class='ocr_line' id='line_1_46' title="bbox 450 2840 2023 2928; baseline -0.012 -16"><span class='ocrx_word' id='word_1_355' title='bbox 450 2866 660 2928; x_wconf 56' lang='lat' dir='ltr'><strong>pastum</strong></span> <span class='ocrx_word' id='word_1_356' title='bbox 684 2860 948 2925; x_wconf 83' lang='lat' dir='ltr'><strong>quaerunt.</strong></span> <span class='ocrx_word' id='word_1_357' title='bbox 981 2850 1059 2906; x_wconf 89' lang='lat' dir='ltr'><strong>De</strong></span> <span class='ocrx_word' id='word_1_358' title='bbox 1082 2849 1277 2920; x_wconf 90' lang='lat' dir='ltr'><strong>quibus</strong></span> <span class='ocrx_word' id='word_1_359' title='bbox 1306 2847 1564 2915; x_wconf 89' lang='lat' dir='ltr'><strong>scriptum</strong></span> <span class='ocrx_word' id='word_1_360' title='bbox 1590 2851 1672 2898; x_wconf 86' lang='lat' dir='ltr'><strong>est</strong></span> <span class='ocrx_word' id='word_1_361' title='bbox 1703 2861 1716 2895; x_wconf 91' lang='lat'><strong>:</strong></span> <span class='ocrx_word' id='word_1_362' title='bbox 1749 2840 1833 2896; x_wconf 88' lang='lat' dir='ltr'><strong>Ibi</strong></span> <span class='ocrx_word' id='word_1_363' title='bbox 1873 2841 2023 2895; x_wconf 81' lang='lat' dir='ltr'><strong>habet</strong></span> 
     </span>
    </p>
   </div>
   <div class='ocr_carea' id='block_1_47' title="bbox 450 2930 2020 3015">
    <p class='ocr_par' dir='ltr' id='par_1_47' title="bbox 450 2930 2020 3015">
     <span class='ocr_line' id='line_1_47' title="bbox 450 2930 2020 3015; baseline -0.011 -16"><span class='ocrx_word' id='word_1_364' title='bbox 450 2946 649 3015; x_wconf 75' lang='lat' dir='ltr'><strong>foveam</strong></span> <span class='ocrx_word' id='word_1_365' title='bbox 683 2941 947 3005; x_wconf 73' lang='lat' dir='ltr'><strong>&quot;ericius,</strong></span> <span class='ocrx_word' id='word_1_366' title='bbox 978 2949 1027 2994; x_wconf 89' lang='lat' dir='ltr'><strong>et</strong></span> <span class='ocrx_word' id='word_1_367' title='bbox 1068 2936 1268 2992; x_wconf 79' lang='lat' dir='ltr'><strong>catulos</strong></span> <span class='ocrx_word' id='word_1_368' title='bbox 1292 2952 1413 2990; x_wconf 85' lang='lat' dir='ltr'><strong>suos</strong></span> <span class='ocrx_word' id='word_1_369' title='bbox 1439 2935 1597 2989; x_wconf 80' lang='lat' dir='ltr'><strong>nutrit</strong></span> <span class='ocrx_word' id='word_1_370' title='bbox 1637 2931 1769 3004; x_wconf 85' lang='lat' dir='ltr'><strong>(Isa.</strong></span> <span class='ocrx_word' id='word_1_371' title='bbox 1815 2930 2020 3000; x_wconf 72' lang='lat' dir='ltr'><strong>xxxxv).</strong></span> 
     </span>
    </p>
   </div>
   <div class='ocr_carea' id='block_1_48' title="bbox 449 3020 2020 3104">
    <p class='ocr_par' dir='ltr' id='par_1_48' title="bbox 449 3020 2020 3104">
     <span class='ocr_line' id='line_1_48' title="bbox 449 3020 2020 3104; baseline -0.011 -12"><span class='ocrx_word' id='word_1_372' title='bbox 449 3039 580 3092; x_wconf 81' lang='lat' dir='ltr'><strong>item</strong></span> <span class='ocrx_word' id='word_1_373' title='bbox 616 3035 743 3090; x_wconf 92' lang='lat' dir='ltr'><strong>illud</strong></span> <span class='ocrx_word' id='word_1_374' title='bbox 766 3074 781 3101; x_wconf 96' lang='lat'><strong>,</strong></span> <span class='ocrx_word' id='word_1_375' title='bbox 827 3032 967 3104; x_wconf 87' lang='lat' dir='ltr'><strong>quod</strong></span> <span class='ocrx_word' id='word_1_376' title='bbox 999 3031 1053 3085; x_wconf 89' lang='lat' dir='ltr'><strong>in</strong></span> <span class='ocrx_word' id='word_1_377' title='bbox 1080 3028 1288 3101; x_wconf 86' lang='lat' dir='ltr'><strong>psalmo</strong></span> <span class='ocrx_word' id='word_1_378' title='bbox 1315 3027 1574 3097; x_wconf 90' lang='lat' dir='ltr'><strong>scriptum</strong></span> <span class='ocrx_word' id='word_1_379' title='bbox 1596 3032 1715 3080; x_wconf 91' lang='lat' dir='ltr'><strong>est:</strong></span> <span class='ocrx_word' id='word_1_380' title='bbox 1748 3020 1908 3076; x_wconf 84' lang='lat' dir='ltr'><strong>Petra</strong></span> <span class='ocrx_word' id='word_1_381' title='bbox 1938 3037 2020 3075; x_wconf 81' lang='lat' dir='ltr'><strong>rc—</strong></span> 
     </span>
    </p>
   </div>
   <div class='ocr_carea' id='block_1_49' title="bbox 452 3110 2022 3197">
    <p class='ocr_par' dir='ltr' id='par_1_49' title="bbox 452 3110 2022 3197">
     <span class='ocr_line' id='line_1_49' title="bbox 452 3110 2022 3197; baseline -0.011 -16"><span class='ocrx_word' id='word_1_382' title='bbox 452 3127 652 3197; x_wconf 76' lang='lat' dir='ltr'><strong>fugium</strong></span> <span class='ocrx_word' id='word_1_383' title='bbox 669 3121 967 3178; x_wconf 84' lang='lat' dir='ltr'><strong>Herinaciis</strong></span> <span class='ocrx_word' id='word_1_384' title='bbox 991 3117 1106 3192; x_wconf 92' lang='lat' dir='ltr'><strong>(Ps.</strong></span> <span class='ocrx_word' id='word_1_385' title='bbox 1136 3117 1271 3190; x_wconf 86' lang='lat' dir='ltr'><strong>cm).</strong></span> <span class='ocrx_word' id='word_1_386' title='bbox 1296 3116 1616 3172; x_wconf 82' lang='lat' dir='ltr'><strong>Herinacius</strong></span> <span class='ocrx_word' id='word_1_387' title='bbox 1635 3114 1776 3169; x_wconf 91' lang='lat' dir='ltr'><strong>idem</strong></span> <span class='ocrx_word' id='word_1_388' title='bbox 1801 3120 1907 3177; x_wconf 89' lang='lat' dir='ltr'><strong>est,</strong></span> <span class='ocrx_word' id='word_1_389' title='bbox 1930 3110 2022 3181; x_wconf 93' lang='lat' dir='ltr'><strong>qui</strong></span> 
     </span>
    </p>
   </div>
   <div class='ocr_carea' id='block_1_50' title="bbox 448 3201 2023 3279">
    <p class='ocr_par' dir='ltr' id='par_1_50' title="bbox 448 3201 2023 3279">
     <span class='ocr_line' id='line_1_50' title="bbox 448 3201 2023 3279; baseline -0.011 -7"><span class='ocrx_word' id='word_1_390' title='bbox 448 3226 503 3273; x_wconf 88' lang='lat' dir='ltr'><strong>et</strong></span> <span class='ocrx_word' id='word_1_391' title='bbox 539 3214 805 3279; x_wconf 87' lang='lat' dir='ltr'><strong>Hericius,</strong></span> <span class='ocrx_word' id='word_1_392' title='bbox 834 3209 1034 3267; x_wconf 88' lang='lat' dir='ltr'><strong>animal</strong></span> <span class='ocrx_word' id='word_1_393' title='bbox 1060 3208 1278 3264; x_wconf 90' lang='lat' dir='ltr'><strong>omnino</strong></span> <span class='ocrx_word' id='word_1_394' title='bbox 1315 3205 1582 3269; x_wconf 89' lang='lat' dir='ltr'><strong>timidum,</strong></span> <span class='ocrx_word' id='word_1_395' title='bbox 1612 3210 1803 3258; x_wconf 88' lang='lat' dir='ltr'><strong>natura</strong></span> <span class='ocrx_word' id='word_1_396' title='bbox 1839 3201 2023 3272; x_wconf 89' lang='lat' dir='ltr'><strong>provi-</strong></span> 
     </span>
    </p>
   </div>
   <div class='ocr_carea' id='block_1_51' title="bbox 449 3293 2024 3373">
    <p class='ocr_par' dir='ltr' id='par_1_51' title="bbox 449 3293 2024 3373">
     <span class='ocr_line' id='line_1_51' title="bbox 449 3293 2024 3373; baseline -0.011 -10"><span class='ocrx_word' id='word_1_397' title='bbox 449 3309 608 3364; x_wconf 83' lang='lat' dir='ltr'><strong>dente</strong></span> <span class='ocrx_word' id='word_1_398' title='bbox 635 3318 845 3373; x_wconf 91' lang='lat' dir='ltr'><strong>semper</strong></span> <span class='ocrx_word' id='word_1_399' title='bbox 869 3310 1135 3355; x_wconf 87' lang='lat' dir='ltr'><strong>armatum</strong></span> <span class='ocrx_word' id='word_1_400' title='bbox 1159 3339 1174 3365; x_wconf 91' lang='lat'><strong>,</strong></span> <span class='ocrx_word' id='word_1_401' title='bbox 1206 3298 1359 3368; x_wconf 91' lang='lat' dir='ltr'><strong>cujus</strong></span> <span class='ocrx_word' id='word_1_402' title='bbox 1387 3304 1564 3351; x_wconf 89' lang='lat' dir='ltr'><strong>cutem</strong></span> <span class='ocrx_word' id='word_1_403' title='bbox 1602 3293 1833 3349; x_wconf 80' lang='lat' dir='ltr'><strong>invicem</strong></span> <span class='ocrx_word' id='word_1_404' title='bbox 1882 3300 2024 3347; x_wconf 86' lang='lat' dir='ltr'><strong>seta-</strong></span> 
     </span>
    </p>
   </div>
   <div class='ocr_carea' id='block_1_52' title="bbox 449 3382 2020 3457">
    <p class='ocr_par' dir='ltr' id='par_1_52' title="bbox 449 3382 2020 3457">
     <span class='ocr_line' id='line_1_52' title="bbox 449 3382 2020 3457; baseline -0.011 -4"><span class='ocrx_word' id='word_1_405' title='bbox 449 3413 568 3453; x_wconf 91' lang='lat' dir='ltr'><strong>rum</strong></span> <span class='ocrx_word' id='word_1_406' title='bbox 596 3395 757 3450; x_wconf 84' lang='lat' dir='ltr'><strong>sudes</strong></span> <span class='ocrx_word' id='word_1_407' title='bbox 785 3391 1107 3448; x_wconf 74' lang='lat' dir='ltr'><strong>acutissima:</strong></span> <span class='ocrx_word' id='word_1_408' title='bbox 1149 3387 1586 3457; x_wconf 57' lang='lat' dir='ltr'><strong>densisﬁquue</strong></span> <span class='ocrx_word' id='word_1_409' title='bbox 1629 3382 2020 3438; x_wconf 90' lang='lat' dir='ltr'><strong>communiunt.</strong></span> 
     </span>
    </p>
   </div>
   <div class='ocr_carea' id='block_1_53' title="bbox 448 3470 2024 3543">
    <p class='ocr_par' dir='ltr' id='par_1_53' title="bbox 448 3470 2024 3543">
     <span class='ocr_line' id='line_1_53' title="bbox 448 3470 2024 3543; baseline -0.013 0"><span class='ocrx_word' id='word_1_410' title='bbox 448 3488 547 3543; x_wconf 89' lang='lat' dir='ltr'><strong>Cui</strong></span> <span class='ocrx_word' id='word_1_411' title='bbox 590 3495 770 3541; x_wconf 85' lang='lat' dir='ltr'><strong>tamen</strong></span> <span class='ocrx_word' id='word_1_412' title='bbox 808 3497 916 3537; x_wconf 90' lang='lat' dir='ltr'><strong>non</strong></span> <span class='ocrx_word' id='word_1_413' title='bbox 959 3477 1155 3536; x_wconf 85' lang='lat' dir='ltr'><strong>sufﬁcit</strong></span> <span class='ocrx_word' id='word_1_414' title='bbox 1206 3477 1384 3532; x_wconf 87' lang='lat' dir='ltr'><strong>nativa</strong></span> <span class='ocrx_word' id='word_1_415' title='bbox 1424 3474 1692 3539; x_wconf 89' lang='lat' dir='ltr'><strong>munitio,</strong></span> <span class='ocrx_word' id='word_1_416' title='bbox 1724 3470 1925 3527; x_wconf 89' lang='lat' dir='ltr'><strong>scilicet</strong></span> <span class='ocrx_word' id='word_1_417' title='bbox 1955 3484 2024 3524; x_wconf 91' lang='lat' dir='ltr'><strong>ne</strong></span> 
     </span>
    </p>
   </div>
   <div class='ocr_carea' id='block_1_54' title="bbox 450 3563 2023 3649">
    <p class='ocr_par' dir='ltr' id='par_1_54' title="bbox 450 3563 2023 3649">
     <span class='ocr_line' id='line_1_54' title="bbox 450 3563 2023 3649; baseline -0.012 -16"><span class='ocrx_word' id='word_1_418' title='bbox 450 3579 629 3649; x_wconf 88' lang='lat' dir='ltr'><strong>aliqua</strong></span> <span class='ocrx_word' id='word_1_419' title='bbox 667 3574 856 3630; x_wconf 86' lang='lat' dir='ltr'><strong>fraude</strong></span> <span class='ocrx_word' id='word_1_420' title='bbox 877 3572 1049 3643; x_wconf 90' lang='lat' dir='ltr'><strong>possit</strong></span> <span class='ocrx_word' id='word_1_421' title='bbox 1076 3568 1342 3639; x_wconf 90' lang='lat' dir='ltr'><strong>intercipi,</strong></span> <span class='ocrx_word' id='word_1_422' title='bbox 1366 3565 1630 3637; x_wconf 88' lang='lat' dir='ltr'><strong>refugium</strong></span> <span class='ocrx_word' id='word_1_423' title='bbox 1674 3563 1836 3618; x_wconf 87' lang='lat' dir='ltr'><strong>habet</strong></span> <span class='ocrx_word' id='word_1_424' title='bbox 1883 3574 2023 3616; x_wconf 87' lang='lat' dir='ltr'><strong>sem-</strong></span> 
     </span>
    </p>
   </div>
   <div class='ocr_carea' id='block_1_55' title="bbox 447 3651 2022 3741">
    <p class='ocr_par' dir='ltr' id='par_1_55' title="bbox 447 3651 2022 3741">
     <span class='ocr_line' id='line_1_55' title="bbox 447 3651 2022 3741; baseline -0.012 -17"><span class='ocrx_word' id='word_1_425' title='bbox 447 3686 544 3741; x_wconf 90' lang='lat' dir='ltr'><strong>per</strong></span> <span class='ocrx_word' id='word_1_426' title='bbox 570 3669 621 3722; x_wconf 91' lang='lat' dir='ltr'><strong>in</strong></span> <span class='ocrx_word' id='word_1_427' title='bbox 652 3665 817 3721; x_wconf 81' lang='lat' dir='ltr'><strong>saxis.</strong></span> <span class='ocrx_word' id='word_1_428' title='bbox 845 3661 982 3717; x_wconf 86' lang='lat' dir='ltr'><strong>Huic</strong></span> <span class='ocrx_word' id='word_1_429' title='bbox 1009 3665 1375 3729; x_wconf 87' lang='lat' dir='ltr'><strong>competenter</strong></span> <span class='ocrx_word' id='word_1_430' title='bbox 1401 3662 1633 3725; x_wconf 88' lang='lat' dir='ltr'><strong>aptatur,</strong></span> <span class='ocrx_word' id='word_1_431' title='bbox 1659 3653 1752 3724; x_wconf 90' lang='lat' dir='ltr'><strong>qui</strong></span> <span class='ocrx_word' id='word_1_432' title='bbox 1781 3651 2022 3741; x_wconf 83' lang='lat' dir='ltr'><strong>peccatis</strong></span> 
     </span>
    </p>
   </div>
   <div class='ocr_carea' id='block_1_56' title="bbox 448 3741 2024 3826">
    <p class='ocr_par' dir='ltr' id='par_1_56' title="bbox 448 3741 2024 3826">
     <span class='ocr_line' id='line_1_56' title="bbox 448 3741 2024 3826; baseline -0.011 -12"><span class='ocrx_word' id='word_1_433' title='bbox 448 3761 561 3815; x_wconf 89' lang='lat' dir='ltr'><strong>suis</strong></span> <span class='ocrx_word' id='word_1_434' title='bbox 597 3755 863 3826; x_wconf 82' lang='lat' dir='ltr'><strong>hispidus,</strong></span> <span class='ocrx_word' id='word_1_435' title='bbox 887 3751 1067 3806; x_wconf 90' lang='lat' dir='ltr'><strong>futura</strong></span> <span class='ocrx_word' id='word_1_436' title='bbox 1090 3748 1290 3818; x_wconf 90' lang='lat' dir='ltr'><strong>judicia</strong></span> <span class='ocrx_word' id='word_1_437' title='bbox 1320 3755 1566 3803; x_wconf 84' lang='lat' dir='ltr'><strong>metuens</strong></span> <span class='ocrx_word' id='word_1_438' title='bbox 1587 3786 1602 3811; x_wconf 93' lang='lat'><strong>,</strong></span> <span class='ocrx_word' id='word_1_439' title='bbox 1635 3753 1840 3816; x_wconf 87' lang='lat' dir='ltr'><strong>petram</strong></span> <span class='ocrx_word' id='word_1_440' title='bbox 1869 3741 2024 3797; x_wconf 89' lang='lat' dir='ltr'><strong>Chri-</strong></span> 
     </span>
    </p>
   </div>
   <div class='ocr_carea' id='block_1_57' title="bbox 449 3832 2021 3909">
    <p class='ocr_par' dir='ltr' id='par_1_57' title="bbox 449 3832 2021 3909">
     <span class='ocr_line' id='line_1_57' title="bbox 449 3832 2021 3909; baseline -0.011 -5"><span class='ocrx_word' id='word_1_441' title='bbox 449 3858 590 3904; x_wconf 90' lang='lat' dir='ltr'><strong>stum</strong></span> <span class='ocrx_word' id='word_1_442' title='bbox 616 3844 985 3901; x_wconf 89' lang='lat' dir='ltr'><strong>ﬁrmissimum</strong></span> <span class='ocrx_word' id='word_1_443' title='bbox 1010 3840 1251 3896; x_wconf 87' lang='lat' dir='ltr'><strong>noscitur</strong></span> <span class='ocrx_word' id='word_1_444' title='bbox 1277 3836 1541 3909; x_wconf 88' lang='lat' dir='ltr'><strong>refugium</strong></span> <span class='ocrx_word' id='word_1_445' title='bbox 1569 3834 1787 3891; x_wconf 88' lang='lat' dir='ltr'><strong>habere.</strong></span> <span class='ocrx_word' id='word_1_446' title='bbox 1821 3832 2021 3889; x_wconf 87' lang='lat' dir='ltr'><strong>Grillus</strong></span> 
     </span>
    </p>
   </div>
   <div class='ocr_carea' id='block_1_58' title="bbox 449 3928 2021 3995">
    <p class='ocr_par' dir='ltr' id='par_1_58' title="bbox 449 3928 2021 3995">
     <span class='ocr_line' id='line_1_58' title="bbox 449 3928 2021 3995; baseline -0.01 0"><span class='ocrx_word' id='word_1_447' title='bbox 449 3955 642 3995; x_wconf 88' lang='lat' dir='ltr'><strong>nomen</strong></span> <span class='ocrx_word' id='word_1_448' title='bbox 670 3953 700 3991; x_wconf 90' lang='lat' dir='ltr'><strong>a</strong></span> <span class='ocrx_word' id='word_1_449' title='bbox 723 3951 854 3991; x_wconf 92' lang='lat' dir='ltr'><strong>sono</strong></span> <span class='ocrx_word' id='word_1_450' title='bbox 876 3934 1022 3989; x_wconf 88' lang='lat' dir='ltr'><strong>vocis</strong></span> <span class='ocrx_word' id='word_1_451' title='bbox 1041 3933 1219 3988; x_wconf 84' lang='lat' dir='ltr'><strong>habet.</strong></span> <span class='ocrx_word' id='word_1_452' title='bbox 1250 3931 1350 3986; x_wconf 86' lang='lat' dir='ltr'><strong>llic</strong></span> <span class='ocrx_word' id='word_1_453' title='bbox 1377 3939 1519 3985; x_wconf 88' lang='lat' dir='ltr'><strong>retro</strong></span> <span class='ocrx_word' id='word_1_454' title='bbox 1542 3928 1798 3994; x_wconf 89' lang='lat' dir='ltr'><strong>ambulat,</strong></span> <span class='ocrx_word' id='word_1_455' title='bbox 1823 3936 2021 3981; x_wconf 85' lang='lat' dir='ltr'><strong>terram</strong></span> 
     </span>
    </p>
   </div>
   <div class='ocr_carea' id='block_1_59' title="bbox 380 4016 2022 4096">
    <p class='ocr_par' dir='ltr' id='par_1_59' title="bbox 380 4016 2022 4096">
     <span class='ocr_line' id='line_1_59' title="bbox 380 4016 2022 4096; baseline -0.01 -10"><span class='ocrx_word' id='word_1_456' title='bbox 380 4092 385 4096; x_wconf 56' lang='grc'><strong><em>,</em></strong></span> <span class='ocrx_word' id='word_1_457' title='bbox 451 4031 703 4091; x_wconf 90' lang='lat' dir='ltr'><strong>terebrat,</strong></span> <span class='ocrx_word' id='word_1_458' title='bbox 735 4025 927 4083; x_wconf 90' lang='lat' dir='ltr'><strong>stridet</strong></span> <span class='ocrx_word' id='word_1_459' title='bbox 955 4022 1471 4080; x_wconf 68' lang='lat' dir='ltr'><strong>noctibusNenatur</strong></span> <span class='ocrx_word' id='word_1_460' title='bbox 1498 4034 1620 4074; x_wconf 91' lang='lat' dir='ltr'><strong>eum</strong></span> <span class='ocrx_word' id='word_1_461' title='bbox 1661 4016 1884 4074; x_wconf 88' lang='lat' dir='ltr'><strong>formica</strong></span> <span class='ocrx_word' id='word_1_462' title='bbox 1916 4017 2022 4071; x_wconf 90' lang='lat' dir='ltr'><strong>cir-</strong></span> 
     </span>
    </p>
   </div>
   <div class='ocr_carea' id='block_1_60' title="bbox 448 4106 2021 4192">
    <p class='ocr_par' dir='ltr' id='par_1_60' title="bbox 448 4106 2021 4192">
     <span class='ocr_line' id='line_1_60' title="bbox 448 4106 2021 4192; baseline -0.008 -16"><span class='ocrx_word' id='word_1_463' title='bbox 448 4122 734 4192; x_wconf 88' lang='lat' dir='ltr'><strong>cumligata</strong></span> <span class='ocrx_word' id='word_1_464' title='bbox 763 4116 976 4188; x_wconf 88' lang='lat' dir='ltr'><strong>capillo,</strong></span> <span class='ocrx_word' id='word_1_465' title='bbox 1008 4116 1063 4170; x_wconf 92' lang='lat' dir='ltr'><strong>in</strong></span> <span class='ocrx_word' id='word_1_466' title='bbox 1087 4127 1373 4169; x_wconf 85' lang='lat' dir='ltr'><strong>cavernam</strong></span> <span class='ocrx_word' id='word_1_467' title='bbox 1408 4109 1524 4179; x_wconf 90' lang='lat' dir='ltr'><strong>ejus</strong></span> <span class='ocrx_word' id='word_1_468' title='bbox 1550 4109 1814 4180; x_wconf 88' lang='lat' dir='ltr'><strong>conjecta,</strong></span> <span class='ocrx_word' id='word_1_469' title='bbox 1843 4106 2021 4163; x_wconf 83' lang='lat' dir='ltr'><strong>amato</strong></span> 
     </span>
    </p>
   </div>
   <div class='ocr_carea' id='block_1_61' title="bbox 449 4201 2018 4284">
    <p class='ocr_par' dir='ltr' id='par_1_61' title="bbox 449 4201 2018 4284">
     <span class='ocr_line' id='line_1_61' title="bbox 449 4201 2018 4284; baseline -0.008 -16"><span class='ocrx_word' id='word_1_470' title='bbox 449 4215 597 4284; x_wconf 91' lang='lat' dir='ltr'><strong>prius</strong></span> <span class='ocrx_word' id='word_1_471' title='bbox 619 4212 838 4282; x_wconf 85' lang='lat' dir='ltr'><strong>pulvere</strong></span> <span class='ocrx_word' id='word_1_472' title='bbox 863 4250 878 4276; x_wconf 95' lang='lat'><strong>,</strong></span> <span class='ocrx_word' id='word_1_473' title='bbox 910 4223 979 4263; x_wconf 91' lang='lat' dir='ltr'><strong>ne</strong></span> <span class='ocrx_word' id='word_1_474' title='bbox 1007 4223 1065 4263; x_wconf 90' lang='lat' dir='ltr'><strong>se</strong></span> <span class='ocrx_word' id='word_1_475' title='bbox 1094 4204 1389 4263; x_wconf 87' lang='lat' dir='ltr'><strong>abscondat</strong></span> <span class='ocrx_word' id='word_1_476' title='bbox 1436 4222 1447 4257; x_wconf 94' lang='lat'><strong>:</strong></span> <span class='ocrx_word' id='word_1_477' title='bbox 1491 4204 1565 4257; x_wconf 91' lang='lat' dir='ltr'><strong>ita</strong></span> <span class='ocrx_word' id='word_1_478' title='bbox 1604 4201 1841 4257; x_wconf 68' lang='lat' dir='ltr'><strong>formicae</strong></span> <span class='ocrx_word' id='word_1_479' title='bbox 1869 4216 2018 4256; x_wconf 87' lang='lat' dir='ltr'><strong>com-</strong></span> 
     </span>
    </p>
   </div>
   <div class='ocr_carea' id='block_1_62' title="bbox 449 4291 2021 4372">
    <p class='ocr_par' dir='ltr' id='par_1_62' title="bbox 449 4291 2021 4372">
     <span class='ocr_line' id='line_1_62' title="bbox 449 4291 2021 4372; baseline -0.008 -15"><span class='ocrx_word' id='word_1_480' title='bbox 449 4303 696 4372; x_wconf 78' lang='lat' dir='ltr'><strong>plexibus</strong></span> <span class='ocrx_word' id='word_1_481' title='bbox 723 4300 977 4354; x_wconf 88' lang='lat' dir='ltr'><strong>trahitur.</strong></span> <span class='ocrx_word' id='word_1_482' title='bbox 1025 4297 1274 4352; x_wconf 86' lang='lat' dir='ltr'><strong>Formica</strong></span> <span class='ocrx_word' id='word_1_483' title='bbox 1304 4295 1447 4351; x_wconf 87' lang='lat' dir='ltr'><strong>dicta</strong></span> <span class='ocrx_word' id='word_1_484' title='bbox 1474 4294 1542 4348; x_wconf 91' lang='lat' dir='ltr'><strong>ab</strong></span> <span class='ocrx_word' id='word_1_485' title='bbox 1567 4307 1633 4348; x_wconf 91' lang='lat' dir='ltr'><strong>eo</strong></span> <span class='ocrx_word' id='word_1_486' title='bbox 1655 4334 1670 4359; x_wconf 92' lang='lat'><strong>,</strong></span> <span class='ocrx_word' id='word_1_487' title='bbox 1701 4293 1845 4363; x_wconf 92' lang='lat' dir='ltr'><strong>quod</strong></span> <span class='ocrx_word' id='word_1_488' title='bbox 1882 4291 2021 4346; x_wconf 91' lang='lat' dir='ltr'><strong>ferat</strong></span> 
     </span>
    </p>
   </div>
   <div class='ocr_carea' id='block_1_63' title="bbox 452 4384 2018 4460">
    <p class='ocr_par' dir='ltr' id='par_1_63' title="bbox 452 4384 2018 4460">
     <span class='ocr_line' id='line_1_63' title="bbox 452 4384 2018 4460; baseline -0.006 -12"><span class='ocrx_word' id='word_1_489' title='bbox 452 4396 617 4448; x_wconf 82' lang='lat' dir='ltr'><strong>micas</strong></span> <span class='ocrx_word' id='word_1_490' title='bbox 645 4394 828 4457; x_wconf 89' lang='lat' dir='ltr'><strong>farris,</strong></span> <span class='ocrx_word' id='word_1_491' title='bbox 861 4390 1014 4460; x_wconf 88' lang='lat' dir='ltr'><strong>cujus</strong></span> <span class='ocrx_word' id='word_1_492' title='bbox 1040 4388 1259 4444; x_wconf 88' lang='lat' dir='ltr'><strong>solertia</strong></span> <span class='ocrx_word' id='word_1_493' title='bbox 1288 4387 1477 4442; x_wconf 88' lang='lat' dir='ltr'><strong>multa.</strong></span> <span class='ocrx_word' id='word_1_494' title='bbox 1508 4385 1762 4442; x_wconf 89' lang='lat' dir='ltr'><strong>Providet</strong></span> <span class='ocrx_word' id='word_1_495' title='bbox 1790 4384 1933 4441; x_wconf 88' lang='lat' dir='ltr'><strong>enim</strong></span> <span class='ocrx_word' id='word_1_496' title='bbox 1961 4384 2018 4439; x_wconf 88' lang='lat' dir='ltr'><strong>in</strong></span> 
     </span>
    </p>
   </div>
   <div class='ocr_carea' id='block_1_64' title="bbox 450 4476 2014 4552">
    <p class='ocr_par' dir='ltr' id='par_1_64' title="bbox 450 4476 2014 4552">
     <span class='ocr_line' id='line_1_64' title="bbox 450 4476 2014 4552; baseline -0.006 -15"><span class='ocrx_word' id='word_1_497' title='bbox 450 4484 686 4547; x_wconf 81' lang='lat' dir='ltr'><strong>futurum</strong></span> <span class='ocrx_word' id='word_1_498' title='bbox 711 4522 725 4546; x_wconf 92' lang='lat'><strong>,</strong></span> <span class='ocrx_word' id='word_1_499' title='bbox 755 4491 810 4536; x_wconf 89' lang='lat' dir='ltr'><strong>et</strong></span> <span class='ocrx_word' id='word_1_500' title='bbox 837 4488 1103 4552; x_wconf 82' lang='lat' dir='ltr'><strong>praeparat</strong></span> <span class='ocrx_word' id='word_1_501' title='bbox 1128 4486 1316 4535; x_wconf 67' lang='lat' dir='ltr'><strong>testate</strong></span> <span class='ocrx_word' id='word_1_502' title='bbox 1349 4476 1491 4547; x_wconf 90' lang='lat' dir='ltr'><strong>quod</strong></span> <span class='ocrx_word' id='word_1_503' title='bbox 1529 4477 1705 4532; x_wconf 91' lang='lat' dir='ltr'><strong>hieme</strong></span> <span class='ocrx_word' id='word_1_504' title='bbox 1751 4476 2014 4531; x_wconf 88' lang='lat' dir='ltr'><strong>comedat.</strong></span> 
     </span>
    </p>
   </div>
   <div class='ocr_carea' id='block_1_65' title="bbox 452 4564 2013 4639">
    <p class='ocr_par' dir='ltr' id='par_1_65' title="bbox 452 4564 2013 4639">
     <span class='ocr_line' id='line_1_65' title="bbox 452 4564 2013 4639; baseline -0.006 -13"><span class='ocrx_word' id='word_1_505' title='bbox 452 4572 505 4625; x_wconf 80' lang='lat' dir='ltr'><strong>lu</strong></span> <span class='ocrx_word' id='word_1_506' title='bbox 526 4586 700 4625; x_wconf 78' lang='lat' dir='ltr'><strong>messe</strong></span> <span class='ocrx_word' id='word_1_507' title='bbox 728 4579 905 4625; x_wconf 89' lang='lat' dir='ltr'><strong>autem</strong></span> <span class='ocrx_word' id='word_1_508' title='bbox 931 4568 1092 4639; x_wconf 90' lang='lat' dir='ltr'><strong>elegit</strong></span> <span class='ocrx_word' id='word_1_509' title='bbox 1112 4568 1370 4632; x_wconf 91' lang='lat' dir='ltr'><strong>triticum,</strong></span> <span class='ocrx_word' id='word_1_510' title='bbox 1396 4565 1656 4621; x_wconf 89' lang='lat' dir='ltr'><strong>hordeum</strong></span> <span class='ocrx_word' id='word_1_511' title='bbox 1681 4579 1786 4618; x_wconf 90' lang='lat' dir='ltr'><strong>non</strong></span> <span class='ocrx_word' id='word_1_512' title='bbox 1812 4564 2013 4635; x_wconf 88' lang='lat' dir='ltr'><strong>tangit:</strong></span> 
     </span>
    </p>
   </div>
   <div class='ocr_carea' id='block_1_66' title="bbox 448 4651 2018 4731">
    <p class='ocr_par' dir='ltr' id='par_1_66' title="bbox 448 4651 2018 4731">
     <span class='ocr_line' id='line_1_66' title="bbox 448 4651 2018 4731; baseline -0.004 -18"><span class='ocrx_word' id='word_1_513' title='bbox 448 4662 574 4715; x_wconf 84' lang='lat' dir='ltr'><strong>dum</strong></span> <span class='ocrx_word' id='word_1_514' title='bbox 601 4659 735 4731; x_wconf 88' lang='lat' dir='ltr'><strong>pluit</strong></span> <span class='ocrx_word' id='word_1_515' title='bbox 759 4659 809 4713; x_wconf 91' lang='lat' dir='ltr'><strong>ei</strong></span> <span class='ocrx_word' id='word_1_516' title='bbox 836 4673 1001 4729; x_wconf 90' lang='lat' dir='ltr'><strong>super</strong></span> <span class='ocrx_word' id='word_1_517' title='bbox 1027 4657 1380 4722; x_wconf 85' lang='lat' dir='ltr'><strong>frumentum,</strong></span> <span class='ocrx_word' id='word_1_518' title='bbox 1422 4663 1593 4709; x_wconf 90' lang='lat' dir='ltr'><strong>totum</strong></span> <span class='ocrx_word' id='word_1_519' title='bbox 1631 4651 1795 4721; x_wconf 89' lang='lat' dir='ltr'><strong>ejicit.</strong></span> <span class='ocrx_word' id='word_1_520' title='bbox 1823 4652 2018 4708; x_wconf 82' lang='lat' dir='ltr'><strong>Dicun-</strong></span> 
     </span>
    </p>
   </div>
   <div class='ocr_carea' id='block_1_67' title="bbox 450 4745 2019 4821">
    <p class='ocr_par' dir='ltr' id='par_1_67' title="bbox 450 4745 2019 4821">
     <span class='ocr_line' id='line_1_67' title="bbox 450 4745 2019 4821; baseline -0.005 -13"><span class='ocrx_word' id='word_1_521' title='bbox 450 4763 536 4808; x_wconf 92' lang='lat' dir='ltr'><strong>tur</strong></span> <span class='ocrx_word' id='word_1_522' title='bbox 565 4754 617 4807; x_wconf 92' lang='lat' dir='ltr'><strong>in</strong></span> <span class='ocrx_word' id='word_1_523' title='bbox 647 4750 919 4821; x_wconf 65' lang='lat' dir='ltr'><strong>Ethiopia</strong></span> <span class='ocrx_word' id='word_1_524' title='bbox 947 4764 1068 4806; x_wconf 87' lang='lat' dir='ltr'><strong>esse</strong></span> <span class='ocrx_word' id='word_1_525' title='bbox 1095 4749 1331 4804; x_wconf 66' lang='lat' dir='ltr'><strong>formicae</strong></span> <span class='ocrx_word' id='word_1_526' title='bbox 1351 4747 1419 4802; x_wconf 92' lang='lat' dir='ltr'><strong>ad</strong></span> <span class='ocrx_word' id='word_1_527' title='bbox 1446 4745 1676 4802; x_wconf 87' lang='lat' dir='ltr'><strong>formam</strong></span> <span class='ocrx_word' id='word_1_528' title='bbox 1703 4745 1876 4811; x_wconf 88' lang='lat' dir='ltr'><strong>canis,</strong></span> <span class='ocrx_word' id='word_1_529' title='bbox 1898 4759 2019 4814; x_wconf 69' lang='lat' dir='ltr'><strong>qua:</strong></span> 
     </span>
    </p>
   </div>
   <div class='ocr_carea' id='block_1_68' title="bbox 450 4835 2018 4910">
    <p class='ocr_par' dir='ltr' id='par_1_68' title="bbox 450 4835 2018 4910">
     <span class='ocr_line' id='line_1_68' title="bbox 450 4835 2018 4910; baseline -0.004 -13"><span class='ocrx_word' id='word_1_530' title='bbox 450 4858 645 4897; x_wconf 87' lang='lat' dir='ltr'><strong>arenas</strong></span> <span class='ocrx_word' id='word_1_531' title='bbox 679 4855 874 4896; x_wconf 88' lang='lat' dir='ltr'><strong>aureas</strong></span> <span class='ocrx_word' id='word_1_532' title='bbox 905 4840 1129 4910; x_wconf 89' lang='lat' dir='ltr'><strong>pedibus</strong></span> <span class='ocrx_word' id='word_1_533' title='bbox 1162 4846 1378 4905; x_wconf 89' lang='lat' dir='ltr'><strong>eruunt,</strong></span> <span class='ocrx_word' id='word_1_534' title='bbox 1418 4850 1552 4907; x_wconf 87' lang='lat' dir='ltr'><strong>quas</strong></span> <span class='ocrx_word' id='word_1_535' title='bbox 1597 4835 1906 4892; x_wconf 87' lang='lat' dir='ltr'><strong>custodiunt</strong></span> <span class='ocrx_word' id='word_1_536' title='bbox 1950 4850 2018 4891; x_wconf 91' lang='lat' dir='ltr'><strong>ne</strong></span> 
     </span>
    </p>
   </div>
   <div class='ocr_carea' id='block_1_69' title="bbox 446 4929 2014 5006">
    <p class='ocr_par' dir='ltr' id='par_1_69' title="bbox 446 4929 2014 5006">
     <span class='ocr_line' id='line_1_69' title="bbox 446 4929 2014 5006; baseline -0.005 -17"><span class='ocrx_word' id='word_1_537' title='bbox 446 4937 567 5006; x_wconf 88' lang='lat' dir='ltr'><strong>quis</strong></span> <span class='ocrx_word' id='word_1_538' title='bbox 596 4932 823 4996; x_wconf 88' lang='lat' dir='ltr'><strong>auferat,</strong></span> <span class='ocrx_word' id='word_1_539' title='bbox 850 4937 1239 5002; x_wconf 86' lang='lat' dir='ltr'><strong>captantesque</strong></span> <span class='ocrx_word' id='word_1_540' title='bbox 1266 4929 1334 4985; x_wconf 82' lang='lat' dir='ltr'><strong>ad</strong></span> <span class='ocrx_word' id='word_1_541' title='bbox 1374 4941 1562 4983; x_wconf 91' lang='lat' dir='ltr'><strong>necem</strong></span> <span class='ocrx_word' id='word_1_542' title='bbox 1601 4936 2014 4998; x_wconf 87' lang='lat' dir='ltr'><strong>persequuntur.</strong></span> 
     </span>
    </p>
   </div>
   <div class='ocr_carea' id='block_1_70' title="bbox 445 5016 2018 5096">
    <p class='ocr_par' dir='ltr' id='par_1_70' title="bbox 445 5016 2018 5096">
     <span class='ocr_line' id='line_1_70' title="bbox 445 5016 2018 5096; baseline -0.004 -16"><span class='ocrx_word' id='word_1_543' title='bbox 445 5025 605 5080; x_wconf 84' lang='lat' dir='ltr'><strong>Juxta</strong></span> <span class='ocrx_word' id='word_1_544' title='bbox 634 5022 946 5096; x_wconf 87' lang='lat' dir='ltr'><strong>allegoriam</strong></span> <span class='ocrx_word' id='word_1_545' title='bbox 994 5018 1215 5076; x_wconf 87' lang='lat' dir='ltr'><strong>formica</strong></span> <span class='ocrx_word' id='word_1_546' title='bbox 1262 5016 1543 5089; x_wconf 88' lang='lat' dir='ltr'><strong>providum</strong></span> <span class='ocrx_word' id='word_1_547' title='bbox 1584 5017 1855 5073; x_wconf 88' lang='lat' dir='ltr'><strong>hominem</strong></span> <span class='ocrx_word' id='word_1_548' title='bbox 1881 5058 1894 5082; x_wconf 87' lang='lat'><strong>,</strong></span> <span class='ocrx_word' id='word_1_549' title='bbox 1931 5018 2018 5073; x_wconf 89' lang='lat' dir='ltr'><strong>vel</strong></span> 
     </span>
    </p>
   </div>
   <div class='ocr_carea' id='block_1_71' title="bbox 446 5105 2017 5187">
    <p class='ocr_par' dir='ltr' id='par_1_71' title="bbox 446 5105 2017 5187">
     <span class='ocr_line' id='line_1_71' title="bbox 446 5105 2017 5187; baseline -0.004 -18"><span class='ocrx_word' id='word_1_550' title='bbox 446 5116 750 5187; x_wconf 77' lang='lat' dir='ltr'><strong>operarium</strong></span> <span class='ocrx_word' id='word_1_551' title='bbox 799 5113 985 5170; x_wconf 89' lang='lat' dir='ltr'><strong>utilem</strong></span> <span class='ocrx_word' id='word_1_552' title='bbox 1037 5110 1322 5183; x_wconf 88' lang='lat' dir='ltr'><strong>signiﬁcat.</strong></span> <span class='ocrx_word' id='word_1_553' title='bbox 1354 5107 1509 5166; x_wconf 90' lang='lat' dir='ltr'><strong>Unde</strong></span> <span class='ocrx_word' id='word_1_554' title='bbox 1534 5105 1787 5165; x_wconf 90' lang='lat' dir='ltr'><strong>Salomon</strong></span> <span class='ocrx_word' id='word_1_555' title='bbox 1811 5109 1864 5163; x_wconf 90' lang='lat' dir='ltr'><strong>in</strong></span> <span class='ocrx_word' id='word_1_556' title='bbox 1891 5124 2017 5180; x_wconf 87' lang='lat' dir='ltr'><strong>pro-</strong></span> 
     </span>
    </p>
   </div>
   <div class='ocr_carea' id='block_1_72' title="bbox 448 5196 2015 5269">
    <p class='ocr_par' dir='ltr' id='par_1_72' title="bbox 448 5196 2015 5269">
     <span class='ocr_line' id='line_1_72' title="bbox 448 5196 2015 5269; baseline -0.004 -9"><span class='ocrx_word' id='word_1_557' title='bbox 448 5206 649 5262; x_wconf 86' lang='lat' dir='ltr'><strong>verbiis</strong></span> <span class='ocrx_word' id='word_1_558' title='bbox 698 5206 947 5260; x_wconf 88' lang='lat' dir='ltr'><strong>hortatur</strong></span> <span class='ocrx_word' id='word_1_559' title='bbox 972 5243 988 5268; x_wconf 94' lang='lat'><strong>,</strong></span> <span class='ocrx_word' id='word_1_560' title='bbox 1038 5201 1270 5256; x_wconf 88' lang='lat' dir='ltr'><strong>dicens:</strong></span> <span class='ocrx_word' id='word_1_561' title='bbox 1335 5196 1474 5253; x_wconf 85' lang='lat' dir='ltr'><strong>Vade</strong></span> <span class='ocrx_word' id='word_1_562' title='bbox 1535 5198 1605 5253; x_wconf 91' lang='lat' dir='ltr'><strong>ad</strong></span> <span class='ocrx_word' id='word_1_563' title='bbox 1650 5198 1946 5269; x_wconf 77' lang='lat' dir='ltr'><strong>formicam,</strong></span> <span class='ocrx_word' id='word_1_564' title='bbox 1985 5216 2015 5253; x_wconf 92' lang='grc' dir='ltr'>ο</span> 
     </span>
    </p>
   </div>
   <div class='ocr_carea' id='block_1_73' title="bbox 445 5290 2010 5370">
    <p class='ocr_par' dir='ltr' id='par_1_73' title="bbox 445 5290 2010 5370">
     <span class='ocr_line' id='line_1_73' title="bbox 445 5290 2010 5370; baseline -0.005 -17"><span class='ocrx_word' id='word_1_565' title='bbox 445 5301 609 5370; x_wconf 85' lang='lat' dir='ltr'><strong>piger,</strong></span> <span class='ocrx_word' id='word_1_566' title='bbox 632 5307 679 5353; x_wconf 87' lang='lat' dir='ltr'><strong>et</strong></span> <span class='ocrx_word' id='word_1_567' title='bbox 696 5295 967 5352; x_wconf 88' lang='lat' dir='ltr'><strong>considera</strong></span> <span class='ocrx_word' id='word_1_568' title='bbox 990 5295 1099 5349; x_wconf 83' lang='lat' dir='ltr'><strong>vias</strong></span> <span class='ocrx_word' id='word_1_569' title='bbox 1118 5291 1253 5364; x_wconf 86' lang='lat' dir='ltr'><strong>ejus,</strong></span> <span class='ocrx_word' id='word_1_570' title='bbox 1281 5300 1331 5346; x_wconf 88' lang='lat' dir='ltr'><strong>et</strong></span> <span class='ocrx_word' id='word_1_571' title='bbox 1357 5291 1499 5347; x_wconf 89' lang='lat' dir='ltr'><strong>disce</strong></span> <span class='ocrx_word' id='word_1_572' title='bbox 1522 5290 1586 5345; x_wconf 90' lang='lat' dir='ltr'><strong>ab</strong></span> <span class='ocrx_word' id='word_1_573' title='bbox 1605 5307 1668 5345; x_wconf 88' lang='lat' dir='ltr'><strong>ea</strong></span> <span class='ocrx_word' id='word_1_574' title='bbox 1682 5290 2010 5362; x_wconf 78' lang='lat' dir='ltr'><strong>sapientiam.</strong></span> 
     </span>
    </p>
   </div>
   <div class='ocr_carea' id='block_1_74' title="bbox 448 5384 2014 5455">
    <p class='ocr_par' dir='ltr' id='par_1_74' title="bbox 448 5384 2014 5455">
     <span class='ocr_line' id='line_1_74' title="bbox 448 5384 2014 5455; baseline -0.002 -13"><span class='ocrx_word' id='word_1_575' title='bbox 448 5390 579 5454; x_wconf 64' lang='lat' dir='ltr'><strong>Quae</strong></span> <span class='ocrx_word' id='word_1_576' title='bbox 610 5405 728 5443; x_wconf 90' lang='lat' dir='ltr'><strong>cum</strong></span> <span class='ocrx_word' id='word_1_577' title='bbox 757 5404 860 5442; x_wconf 91' lang='lat' dir='ltr'><strong>non</strong></span> <span class='ocrx_word' id='word_1_578' title='bbox 893 5386 1078 5442; x_wconf 83' lang='lat' dir='ltr'><strong>habeat</strong></span> <span class='ocrx_word' id='word_1_579' title='bbox 1108 5384 1293 5440; x_wconf 86' lang='lat' dir='ltr'><strong>ducem</strong></span> <span class='ocrx_word' id='word_1_580' title='bbox 1339 5400 1431 5438; x_wconf 88' lang='lat' dir='ltr'><strong>nec</strong></span> <span class='ocrx_word' id='word_1_581' title='bbox 1485 5393 1873 5455; x_wconf 81' lang='lat' dir='ltr'><strong>prceceptorem,</strong></span> <span class='ocrx_word' id='word_1_582' title='bbox 1922 5399 2014 5439; x_wconf 87' lang='lat' dir='ltr'><strong>nec</strong></span> 
     </span>
    </p>
   </div>
   <div class='ocr_carea' id='block_1_75' title="bbox 444 5473 2015 5551">
    <p class='ocr_par' dir='ltr' id='par_1_75' title="bbox 444 5473 2015 5551">
     <span class='ocr_line' id='line_1_75' title="bbox 444 5473 2015 5551; baseline -0.001 -18"><span class='ocrx_word' id='word_1_583' title='bbox 444 5481 744 5550; x_wconf 81' lang='lat' dir='ltr'><strong>principem,</strong></span> <span class='ocrx_word' id='word_1_584' title='bbox 772 5489 924 5551; x_wconf 89' lang='lat' dir='ltr'><strong>parat</strong></span> <span class='ocrx_word' id='word_1_585' title='bbox 947 5486 1123 5534; x_wconf 73' lang='lat' dir='ltr'><strong>wstate</strong></span> <span class='ocrx_word' id='word_1_586' title='bbox 1168 5478 1341 5533; x_wconf 83' lang='lat' dir='ltr'><strong>cibum</strong></span> <span class='ocrx_word' id='word_1_587' title='bbox 1365 5477 1505 5544; x_wconf 86' lang='lat' dir='ltr'><strong>sibi,</strong></span> <span class='ocrx_word' id='word_1_588' title='bbox 1549 5484 1602 5531; x_wconf 88' lang='lat' dir='ltr'><strong>et</strong></span> <span class='ocrx_word' id='word_1_589' title='bbox 1653 5483 1927 5548; x_wconf 83' lang='lat' dir='ltr'><strong>congregat</strong></span> <span class='ocrx_word' id='word_1_590' title='bbox 1961 5473 2015 5531; x_wconf 85' lang='lat' dir='ltr'><strong>in</strong></span> 
     </span>
    </p>
   </div>
   <div class='ocr_carea' id='block_1_76' title="bbox 446 5569 2015 5644">
    <p class='ocr_par' dir='ltr' id='par_1_76' title="bbox 446 5569 2015 5644">
     <span class='ocr_line' id='line_1_76' title="bbox 446 5569 2015 5644; baseline 0 -20"><span class='ocrx_word' id='word_1_591' title='bbox 446 5587 626 5634; x_wconf 85' lang='lat' dir='ltr'><strong>messe,</strong></span> <span class='ocrx_word' id='word_1_592' title='bbox 645 5572 785 5641; x_wconf 85' lang='lat' dir='ltr'><strong>quod</strong></span> <span class='ocrx_word' id='word_1_593' title='bbox 814 5575 1046 5627; x_wconf 86' lang='lat' dir='ltr'><strong>comedat</strong></span> <span class='ocrx_word' id='word_1_594' title='bbox 1062 5570 1244 5643; x_wconf 77' lang='lat' dir='ltr'><strong>(Prov.</strong></span> <span class='ocrx_word' id='word_1_595' title='bbox 1272 5569 1369 5644; x_wconf 77' lang='lat' dir='ltr'><strong>vr).</strong></span> <span class='ocrx_word' id='word_1_596' title='bbox 1394 5569 1532 5626; x_wconf 81' lang='lat' dir='ltr'><strong>Hinc</strong></span> <span class='ocrx_word' id='word_1_597' title='bbox 1560 5571 1805 5626; x_wconf 89' lang='lat' dir='ltr'><strong>hortatur</strong></span> <span class='ocrx_word' id='word_1_598' title='bbox 1827 5584 2015 5638; x_wconf 87' lang='lat' dir='ltr'><strong>quem-</strong></span> 
     </span>
    </p>
   </div>
   <div class='ocr_carea' id='block_1_77' title="bbox 444 5660 2014 5732">
    <p class='ocr_par' dir='ltr' id='par_1_77' title="bbox 444 5660 2014 5732">
     <span class='ocr_line' id='line_1_77' title="bbox 444 5660 2014 5732; baseline 0.007 -25"><span class='ocrx_word' id='word_1_599' title='bbox 444 5674 547 5727; x_wconf 83' lang='lat' dir='ltr'><strong>que</strong></span> <span class='ocrx_word' id='word_1_600' title='bbox 571 5662 651 5715; x_wconf 87' lang='lat' dir='ltr'><strong>sui</strong></span> <span class='ocrx_word' id='word_1_601' title='bbox 692 5668 876 5716; x_wconf 87' lang='lat' dir='ltr'><strong>curam</strong></span> <span class='ocrx_word' id='word_1_602' title='bbox 916 5677 1075 5732; x_wconf 82' lang='lat' dir='ltr'><strong>agere</strong></span> <span class='ocrx_word' id='word_1_603' title='bbox 1122 5680 1135 5715; x_wconf 92' lang='lat'><strong>:</strong></span> <span class='ocrx_word' id='word_1_604' title='bbox 1182 5671 1236 5716; x_wconf 90' lang='lat' dir='ltr'><strong>ct</strong></span> <span class='ocrx_word' id='word_1_605' title='bbox 1280 5663 1327 5716; x_wconf 91' lang='lat' dir='ltr'><strong>si</strong></span> <span class='ocrx_word' id='word_1_606' title='bbox 1375 5660 1640 5716; x_wconf 88' lang='lat' dir='ltr'><strong>tantillum</strong></span> <span class='ocrx_word' id='word_1_607' title='bbox 1671 5661 1870 5716; x_wconf 88' lang='lat' dir='ltr'><strong>animal</strong></span> <span class='ocrx_word' id='word_1_608' title='bbox 1898 5662 2014 5718; x_wconf 88' lang='lat' dir='ltr'><strong>sine</strong></span> 
     </span>
    </p>
   </div>
   <div class='ocr_carea' id='block_1_78' title="bbox 2125 1838 3705 1912">
    <p class='ocr_par' dir='ltr' id='par_1_78' title="bbox 2125 1838 3705 1912">
     <span class='ocr_line' id='line_1_78' title="bbox 2125 1838 3705 1912; baseline 0.004 -21"><span class='ocrx_word' id='word_1_609' title='bbox 2125 1855 2377 1893; x_wconf 83' lang='lat' dir='ltr'><strong>ranarum</strong></span> <span class='ocrx_word' id='word_1_610' title='bbox 2408 1838 2590 1912; x_wconf 84' lang='lat' dir='ltr'><strong>(Apoc.</strong></span> <span class='ocrx_word' id='word_1_611' title='bbox 2614 1838 2764 1912; x_wconf 77' lang='lat' dir='ltr'><strong>xvr);</strong></span> <span class='ocrx_word' id='word_1_612' title='bbox 2806 1852 2933 1896; x_wconf 90' lang='lat' dir='ltr'><strong>sunt</strong></span> <span class='ocrx_word' id='word_1_613' title='bbox 2956 1849 3135 1895; x_wconf 90' lang='lat' dir='ltr'><strong>autem</strong></span> <span class='ocrx_word' id='word_1_614' title='bbox 3163 1843 3385 1912; x_wconf 88' lang='lat' dir='ltr'><strong>spiritus</strong></span> <span class='ocrx_word' id='word_1_615' title='bbox 3416 1843 3705 1899; x_wconf 73' lang='lat' dir='ltr'><strong>dzemonio-</strong></span> 
     </span>
    </p>
   </div>
   <div class='ocr_carea' id='block_1_79' title="bbox 2124 1929 3704 2001">
    <p class='ocr_par' dir='ltr' id='par_1_79' title="bbox 2124 1929 3704 2001">
     <span class='ocr_line' id='line_1_79' title="bbox 2124 1929 3704 2001; baseline 0.004 -18"><span class='ocrx_word' id='word_1_616' title='bbox 2124 1944 2266 1984; x_wconf 91' lang='lat' dir='ltr'><strong>rum.</strong></span> <span class='ocrx_word' id='word_1_617' title='bbox 2298 1929 2463 1985; x_wconf 79' lang='lat' dir='ltr'><strong>Ranae</strong></span> <span class='ocrx_word' id='word_1_618' title='bbox 2489 1931 2747 1995; x_wconf 83' lang='lat' dir='ltr'><strong>haeretici,</strong></span> <span class='ocrx_word' id='word_1_619' title='bbox 2778 1931 2871 2001; x_wconf 90' lang='lat' dir='ltr'><strong>qui</strong></span> <span class='ocrx_word' id='word_1_620' title='bbox 2905 1931 2961 1986; x_wconf 92' lang='lat' dir='ltr'><strong>in</strong></span> <span class='ocrx_word' id='word_1_621' title='bbox 2993 1945 3148 1987; x_wconf 66' lang='lat' dir='ltr'><strong>caeno</strong></span> <span class='ocrx_word' id='word_1_622' title='bbox 3176 1932 3560 1988; x_wconf 87' lang='lat' dir='ltr'><strong>vilissimorum</strong></span> <span class='ocrx_word' id='word_1_623' title='bbox 3582 1949 3704 1989; x_wconf 91' lang='lat' dir='ltr'><strong>sen-</strong></span> 
     </span>
    </p>
   </div>
   <div class='ocr_carea' id='block_1_80' title="bbox 2125 2021 3703 2094">
    <p class='ocr_par' dir='ltr' id='par_1_80' title="bbox 2125 2021 3703 2094">
     <span class='ocr_line' id='line_1_80' title="bbox 2125 2021 3703 2094; baseline 0.004 -18"><span class='ocrx_word' id='word_1_624' title='bbox 2125 2035 2281 2076; x_wconf 89' lang='lat' dir='ltr'><strong>suum</strong></span> <span class='ocrx_word' id='word_1_625' title='bbox 2306 2032 2726 2088; x_wconf 90' lang='lat' dir='ltr'><strong>commorantes,</strong></span> <span class='ocrx_word' id='word_1_626' title='bbox 2756 2036 2893 2076; x_wconf 87' lang='lat' dir='ltr'><strong>vana</strong></span> <span class='ocrx_word' id='word_1_627' title='bbox 2915 2021 3233 2094; x_wconf 86' lang='lat' dir='ltr'><strong>garrulitate</strong></span> <span class='ocrx_word' id='word_1_628' title='bbox 3253 2022 3454 2079; x_wconf 88' lang='lat' dir='ltr'><strong>latrare</strong></span> <span class='ocrx_word' id='word_1_629' title='bbox 3481 2040 3587 2081; x_wconf 91' lang='lat' dir='ltr'><strong>non</strong></span> <span class='ocrx_word' id='word_1_630' title='bbox 3614 2027 3703 2082; x_wconf 52' lang='lat' dir='ltr'><strong>de»</strong></span> 
     </span>
    </p>
   </div>
   <div class='ocr_carea' id='block_1_81' title="bbox 2124 2112 2958 2186">
    <p class='ocr_par' dir='ltr' id='par_1_81' title="bbox 2124 2112 2958 2186">
     <span class='ocr_line' id='line_1_81' title="bbox 2124 2112 2958 2186; baseline 0.004 -20"><span class='ocrx_word' id='word_1_631' title='bbox 2124 2112 2329 2181; x_wconf 90' lang='lat' dir='ltr'><strong>sinunt,</strong></span> <span class='ocrx_word' id='word_1_632' title='bbox 2357 2121 2417 2168; x_wconf 91' lang='lat' dir='ltr'><strong>ut</strong></span> <span class='ocrx_word' id='word_1_633' title='bbox 2444 2114 2499 2167; x_wconf 90' lang='lat' dir='ltr'><strong>in</strong></span> <span class='ocrx_word' id='word_1_634' title='bbox 2530 2114 2715 2171; x_wconf 81' lang='lat' dir='ltr'><strong>Exodo</strong></span> <span class='ocrx_word' id='word_1_635' title='bbox 2744 2115 2958 2186; x_wconf 86' lang='lat' dir='ltr'><strong>legitur.</strong></span> 
     </span>
    </p>
   </div>
   <div class='ocr_carea' id='block_1_82' title="bbox 2735 2230 3083 2289">
    <p class='ocr_par' dir='ltr' id='par_1_82' title="bbox 2735 2230 3083 2289">
     <span class='ocr_line' id='line_1_82' title="bbox 2735 2230 3083 2289; baseline -0.003 -1"><span class='ocrx_word' id='word_1_636' title='bbox 2735 2230 2963 2289; x_wconf 84' lang='lat' dir='ltr'><strong>CAPUT</strong></span> <span class='ocrx_word' id='word_1_637' title='bbox 2997 2232 3083 2287; x_wconf 89' lang='lat' dir='ltr'><strong>Ill.</strong></span> 
     </span>
    </p>
   </div>
   <div class='ocr_carea' id='block_1_83' title="bbox 2682 2301 3125 2373">
    <p class='ocr_par' dir='ltr' id='par_1_83' title="bbox 2682 2301 3125 2373">
     <span class='ocr_line' id='line_1_83' title="bbox 2682 2301 3125 2373; baseline 0.002 -18"><span class='ocrx_word' id='word_1_638' title='bbox 2682 2301 2759 2355; x_wconf 77' lang='lat' dir='ltr'><strong>lle</strong></span> <span class='ocrx_word' id='word_1_639' title='bbox 2783 2303 3125 2373; x_wconf 85' lang='lat' dir='ltr'><strong>serpentibus.</strong></span> 
     </span>
    </p>
   </div>
   <div class='ocr_carea' id='block_1_84' title="bbox 2193 2390 3699 2466">
    <p class='ocr_par' dir='ltr' id='par_1_84' title="bbox 2193 2390 3699 2466">
     <span class='ocr_line' id='line_1_84' title="bbox 2193 2390 3699 2466; baseline 0.004 -22"><span class='ocrx_word' id='word_1_640' title='bbox 2193 2390 2400 2463; x_wconf 80' lang='lat' dir='ltr'><strong>Anguis</strong></span> <span class='ocrx_word' id='word_1_641' title='bbox 2429 2390 2749 2447; x_wconf 85' lang='lat' dir='ltr'><strong>vocabulum</strong></span> <span class='ocrx_word' id='word_1_642' title='bbox 2777 2431 2793 2458; x_wconf 93' lang='lat'><strong>,</strong></span> <span class='ocrx_word' id='word_1_643' title='bbox 2839 2401 3148 2462; x_wconf 87' lang='lat' dir='ltr'><strong>serpentum</strong></span> <span class='ocrx_word' id='word_1_644' title='bbox 3184 2409 3353 2466; x_wconf 85' lang='lat' dir='ltr'><strong>genus</strong></span> <span class='ocrx_word' id='word_1_645' title='bbox 3380 2436 3396 2462; x_wconf 91' lang='lat'><strong>,</strong></span> <span class='ocrx_word' id='word_1_646' title='bbox 3423 2395 3565 2465; x_wconf 90' lang='lat' dir='ltr'><strong>quod</strong></span> <span class='ocrx_word' id='word_1_647' title='bbox 3596 2394 3699 2465; x_wconf 88' lang='lat' dir='ltr'><strong>pli-</strong></span> 
     </span>
    </p>
   </div>
   <div class='ocr_carea' id='block_1_85' title="bbox 2123 2482 3700 2557">
    <p class='ocr_par' dir='ltr' id='par_1_85' title="bbox 2123 2482 3700 2557">
     <span class='ocr_line' id='line_1_85' title="bbox 2123 2482 3700 2557; baseline 0.002 -20"><span class='ocrx_word' id='word_1_648' title='bbox 2123 2482 2234 2537; x_wconf 89' lang='lat' dir='ltr'><strong>cari</strong></span> <span class='ocrx_word' id='word_1_649' title='bbox 2265 2490 2320 2538; x_wconf 88' lang='lat' dir='ltr'><strong>et</strong></span> <span class='ocrx_word' id='word_1_650' title='bbox 2348 2483 2692 2553; x_wconf 86' lang='lat' dir='ltr'><strong>contorqueri</strong></span> <span class='ocrx_word' id='word_1_651' title='bbox 2736 2490 2915 2553; x_wconf 79' lang='lat' dir='ltr'><strong>potest</strong></span> <span class='ocrx_word' id='word_1_652' title='bbox 2961 2500 2977 2538; x_wconf 90' lang='lat'><strong>:</strong></span> <span class='ocrx_word' id='word_1_653' title='bbox 3027 2491 3084 2539; x_wconf 89' lang='lat' dir='ltr'><strong>et</strong></span> <span class='ocrx_word' id='word_1_654' title='bbox 3118 2484 3241 2540; x_wconf 89' lang='lat' dir='ltr'><strong>inde</strong></span> <span class='ocrx_word' id='word_1_655' title='bbox 3281 2489 3471 2557; x_wconf 76' lang='lat' dir='ltr'><strong>anguis</strong></span> <span class='ocrx_word' id='word_1_656' title='bbox 3499 2527 3513 2552; x_wconf 92' lang='lat'><strong>,</strong></span> <span class='ocrx_word' id='word_1_657' title='bbox 3558 2487 3700 2556; x_wconf 91' lang='lat' dir='ltr'><strong>quod</strong></span> 
     </span>
    </p>
   </div>
   <div class='ocr_carea' id='block_1_86' title="bbox 2124 2572 3700 2649">
    <p class='ocr_par' dir='ltr' id='par_1_86' title="bbox 2124 2572 3700 2649">
     <span class='ocr_line' id='line_1_86' title="bbox 2124 2572 3700 2649; baseline 0.003 -21"><span class='ocrx_word' id='word_1_658' title='bbox 2124 2572 2414 2645; x_wconf 87' lang='lat' dir='ltr'><strong>angulosus</strong></span> <span class='ocrx_word' id='word_1_659' title='bbox 2465 2575 2555 2640; x_wconf 91' lang='lat' dir='ltr'><strong>sit,</strong></span> <span class='ocrx_word' id='word_1_660' title='bbox 2607 2583 2663 2629; x_wconf 89' lang='lat' dir='ltr'><strong>et</strong></span> <span class='ocrx_word' id='word_1_661' title='bbox 2707 2589 2981 2644; x_wconf 90' lang='lat' dir='ltr'><strong>nunquam</strong></span> <span class='ocrx_word' id='word_1_662' title='bbox 3026 2585 3225 2631; x_wconf 92' lang='lat' dir='ltr'><strong>rectus.</strong></span> <span class='ocrx_word' id='word_1_663' title='bbox 3265 2577 3480 2649; x_wconf 86' lang='lat' dir='ltr'><strong>Angues</strong></span> <span class='ocrx_word' id='word_1_664' title='bbox 3521 2587 3700 2633; x_wconf 90' lang='lat' dir='ltr'><strong>autem</strong></span> 
     </span>
    </p>
   </div>
   <div class='ocr_carea' id='block_1_87' title="bbox 2123 2662 3696 2738">
    <p class='ocr_par' dir='ltr' id='par_1_87' title="bbox 2123 2662 3696 2738">
     <span class='ocr_line' id='line_1_87' title="bbox 2123 2662 3696 2738; baseline 0.001 -19"><span class='ocrx_word' id='word_1_665' title='bbox 2123 2664 2263 2735; x_wconf 87' lang='lat' dir='ltr'><strong>apud</strong></span> <span class='ocrx_word' id='word_1_666' title='bbox 2316 2664 2542 2735; x_wconf 85' lang='lat' dir='ltr'><strong>gentiles</strong></span> <span class='ocrx_word' id='word_1_667' title='bbox 2590 2680 2688 2734; x_wconf 92' lang='lat' dir='ltr'><strong>pro</strong></span> <span class='ocrx_word' id='word_1_668' title='bbox 2743 2664 2915 2735; x_wconf 89' lang='lat' dir='ltr'><strong>geniis</strong></span> <span class='ocrx_word' id='word_1_669' title='bbox 2942 2662 3182 2720; x_wconf 90' lang='lat' dir='ltr'><strong>locorum</strong></span> <span class='ocrx_word' id='word_1_670' title='bbox 3225 2666 3396 2721; x_wconf 89' lang='lat' dir='ltr'><strong>habiti</strong></span> <span class='ocrx_word' id='word_1_671' title='bbox 3435 2682 3696 2738; x_wconf 87' lang='lat' dir='ltr'><strong>semper:</strong></span> 
     </span>
    </p>
   </div>
   <div class='ocr_carea' id='block_1_88' title="bbox 2126 2753 3697 2827">
    <p class='ocr_par' dir='ltr' id='par_1_88' title="bbox 2126 2753 3697 2827">
     <span class='ocr_line' id='line_1_88' title="bbox 2126 2753 3697 2827; baseline 0.001 -18"><span class='ocrx_word' id='word_1_672' title='bbox 2126 2754 2267 2810; x_wconf 86' lang='lat' dir='ltr'><strong>unde</strong></span> <span class='ocrx_word' id='word_1_673' title='bbox 2302 2754 2521 2810; x_wconf 86' lang='lat' dir='ltr'><strong>Persius</strong></span> <span class='ocrx_word' id='word_1_674' title='bbox 2554 2773 2565 2809; x_wconf 95' lang='lat'><strong>:</strong></span> <span class='ocrx_word' id='word_1_675' title='bbox 2600 2753 2765 2826; x_wconf 84' lang='lat' dir='ltr'><strong>Pinge</strong></span> <span class='ocrx_word' id='word_1_676' title='bbox 2790 2755 2923 2809; x_wconf 90' lang='lat' dir='ltr'><strong>duos</strong></span> <span class='ocrx_word' id='word_1_677' title='bbox 2952 2771 3145 2826; x_wconf 88' lang='lat' dir='ltr'><strong>angues</strong></span> <span class='ocrx_word' id='word_1_678' title='bbox 3189 2758 3386 2827; x_wconf 86' lang='lat' dir='ltr'><strong>pueris,</strong></span> <span class='ocrx_word' id='word_1_679' title='bbox 3433 2774 3582 2812; x_wconf 89' lang='lat' dir='ltr'><strong>sacer</strong></span> <span class='ocrx_word' id='word_1_680' title='bbox 3622 2765 3697 2812; x_wconf 87' lang='lat' dir='ltr'><strong>est</strong></span> 
     </span>
    </p>
   </div>
   <div class='ocr_carea' id='block_1_89' title="bbox 2124 2846 3694 2916">
    <p class='ocr_par' dir='ltr' id='par_1_89' title="bbox 2124 2846 3694 2916">
     <span class='ocr_line' id='line_1_89' title="bbox 2124 2846 3694 2916; baseline 0.002 -15"><span class='ocrx_word' id='word_1_681' title='bbox 2124 2847 2287 2902; x_wconf 83' lang='lat' dir='ltr'><strong>locus.</strong></span> <span class='ocrx_word' id='word_1_682' title='bbox 2330 2846 2618 2903; x_wconf 86' lang='lat' dir='ltr'><strong>Colubrum</strong></span> <span class='ocrx_word' id='word_1_683' title='bbox 2664 2849 2732 2902; x_wconf 89' lang='lat' dir='ltr'><strong>ab</strong></span> <span class='ocrx_word' id='word_1_684' title='bbox 2759 2862 2826 2901; x_wconf 91' lang='lat' dir='ltr'><strong>eo</strong></span> <span class='ocrx_word' id='word_1_685' title='bbox 2850 2846 3074 2912; x_wconf 87' lang='lat' dir='ltr'><strong>dictum,</strong></span> <span class='ocrx_word' id='word_1_686' title='bbox 3106 2849 3245 2916; x_wconf 91' lang='lat' dir='ltr'><strong>quod</strong></span> <span class='ocrx_word' id='word_1_687' title='bbox 3278 2848 3418 2903; x_wconf 82' lang='lat' dir='ltr'><strong>colat</strong></span> <span class='ocrx_word' id='word_1_688' title='bbox 3456 2849 3694 2915; x_wconf 88' lang='lat' dir='ltr'><strong>umbras,</strong></span> 
     </span>
    </p>
   </div>
   <div class='ocr_carea' id='block_1_90' title="bbox 2124 2936 3691 3009">
    <p class='ocr_par' dir='ltr' id='par_1_90' title="bbox 2124 2936 3691 3009">
     <span class='ocr_line' id='line_1_90' title="bbox 2124 2936 3691 3009; baseline 0.002 -18"><span class='ocrx_word' id='word_1_689' title='bbox 2124 2939 2204 2992; x_wconf 86' lang='lat' dir='ltr'><strong>vel</strong></span> <span class='ocrx_word' id='word_1_690' title='bbox 2229 2939 2369 3009; x_wconf 90' lang='lat' dir='ltr'><strong>quod</strong></span> <span class='ocrx_word' id='word_1_691' title='bbox 2394 2939 2445 2993; x_wconf 92' lang='lat' dir='ltr'><strong>in</strong></span> <span class='ocrx_word' id='word_1_692' title='bbox 2472 2938 2710 2993; x_wconf 91' lang='lat' dir='ltr'><strong>lubricos</strong></span> <span class='ocrx_word' id='word_1_693' title='bbox 2724 2946 2931 2993; x_wconf 90' lang='lat' dir='ltr'><strong>tractus</strong></span> <span class='ocrx_word' id='word_1_694' title='bbox 2949 2936 3175 2993; x_wconf 77' lang='lat' dir='ltr'><strong>flexibus</strong></span> <span class='ocrx_word' id='word_1_695' title='bbox 3200 2938 3433 2995; x_wconf 89' lang='lat' dir='ltr'><strong>sinuosis</strong></span> <span class='ocrx_word' id='word_1_696' title='bbox 3459 2939 3691 2994; x_wconf 89' lang='lat' dir='ltr'><strong>labatur.</strong></span> 
     </span>
    </p>
   </div>
   <div class='ocr_carea' id='block_1_91' title="bbox 2125 3028 3698 3100">
    <p class='ocr_par' dir='ltr' id='par_1_91' title="bbox 2125 3028 3698 3100">
     <span class='ocr_line' id='line_1_91' title="bbox 2125 3028 3698 3100; baseline 0 -14"><span class='ocrx_word' id='word_1_697' title='bbox 2125 3031 2261 3087; x_wconf 80' lang='lat' dir='ltr'><strong>Nam</strong></span> <span class='ocrx_word' id='word_1_698' title='bbox 2282 3031 2548 3087; x_wconf 87' lang='lat' dir='ltr'><strong>lubricum</strong></span> <span class='ocrx_word' id='word_1_699' title='bbox 2577 3030 2776 3086; x_wconf 89' lang='lat' dir='ltr'><strong>dicitur</strong></span> <span class='ocrx_word' id='word_1_700' title='bbox 2798 3069 2813 3095; x_wconf 93' lang='lat'><strong>,</strong></span> <span class='ocrx_word' id='word_1_701' title='bbox 2845 3029 3101 3100; x_wconf 91' lang='lat' dir='ltr'><strong>quidquid</strong></span> <span class='ocrx_word' id='word_1_702' title='bbox 3130 3028 3332 3086; x_wconf 90' lang='lat' dir='ltr'><strong>labitur</strong></span> <span class='ocrx_word' id='word_1_703' title='bbox 3355 3070 3372 3097; x_wconf 93' lang='lat'><strong>,</strong></span> <span class='ocrx_word' id='word_1_704' title='bbox 3395 3031 3522 3086; x_wconf 93' lang='lat' dir='ltr'><strong>dum</strong></span> <span class='ocrx_word' id='word_1_705' title='bbox 3545 3038 3698 3086; x_wconf 85' lang='lat' dir='ltr'><strong>tene-</strong></span> 
     </span>
    </p>
   </div>
   <div class='ocr_carea' id='block_1_92' title="bbox 2049 3087 3696 3192">
    <p class='ocr_par' dir='ltr' id='par_1_92' title="bbox 2049 3087 3696 3192">
     <span class='ocr_line' id='line_1_92' title="bbox 2049 3087 3696 3192; baseline -0.001 -16"><span class='ocrx_word' id='word_1_706' title='bbox 2049 3087 2095 3149; x_wconf 64' lang='grc' dir='ltr'><strong>Ο</strong></span> <span class='ocrx_word' id='word_1_707' title='bbox 2126 3129 2233 3188; x_wconf 91' lang='lat' dir='ltr'><strong>tur,</strong></span> <span class='ocrx_word' id='word_1_708' title='bbox 2262 3128 2321 3175; x_wconf 92' lang='lat' dir='ltr'><strong>ut</strong></span> <span class='ocrx_word' id='word_1_709' title='bbox 2356 3120 2522 3192; x_wconf 90' lang='lat' dir='ltr'><strong>piscis</strong></span> <span class='ocrx_word' id='word_1_710' title='bbox 2552 3126 2607 3174; x_wconf 90' lang='lat' dir='ltr'><strong>et</strong></span> <span class='ocrx_word' id='word_1_711' title='bbox 2656 3087 2896 3189; x_wconf 75' lang='lat' dir='ltr'><strong>serpens.</strong></span> <span class='ocrx_word' id='word_1_712' title='bbox 2938 3087 3186 3174; x_wconf 72' lang='lat' dir='ltr'><strong>cerastes</strong></span> <span class='ocrx_word' id='word_1_713' title='bbox 3219 3087 3440 3188; x_wconf 79' lang='lat' dir='ltr'><strong>serpens</strong></span> <span class='ocrx_word' id='word_1_714' title='bbox 3481 3118 3658 3175; x_wconf 84' lang='lat' dir='ltr'><strong>dictus</strong></span> <span class='ocrx_word' id='word_1_715' title='bbox 3679 3158 3696 3185; x_wconf 85' lang='lat'><strong>,</strong></span> 
     </span>
    </p>
   </div>
   <div class='ocr_carea' id='block_1_93' title="bbox 2120 3209 3693 3281">
    <p class='ocr_par' dir='ltr' id='par_1_93' title="bbox 2120 3209 3693 3281">
     <span class='ocr_line' id='line_1_93' title="bbox 2120 3209 3693 3281; baseline -0.002 -15"><span class='ocrx_word' id='word_1_716' title='bbox 2120 3225 2186 3266; x_wconf 91' lang='lat' dir='ltr'><strong>eo</strong></span> <span class='ocrx_word' id='word_1_717' title='bbox 2233 3213 2379 3281; x_wconf 90' lang='lat' dir='ltr'><strong>quod</strong></span> <span class='ocrx_word' id='word_1_718' title='bbox 2422 3210 2476 3264; x_wconf 94' lang='lat' dir='ltr'><strong>in</strong></span> <span class='ocrx_word' id='word_1_719' title='bbox 2524 3209 2701 3280; x_wconf 89' lang='lat' dir='ltr'><strong>capite</strong></span> <span class='ocrx_word' id='word_1_720' title='bbox 2743 3224 2946 3265; x_wconf 88' lang='lat' dir='ltr'><strong>cornua</strong></span> <span class='ocrx_word' id='word_1_721' title='bbox 2990 3209 3153 3264; x_wconf 86' lang='lat' dir='ltr'><strong>habet</strong></span> <span class='ocrx_word' id='word_1_722' title='bbox 3195 3209 3390 3265; x_wconf 88' lang='lat' dir='ltr'><strong>similia</strong></span> <span class='ocrx_word' id='word_1_723' title='bbox 3442 3209 3693 3264; x_wconf 90' lang='lat' dir='ltr'><strong>arietum.</strong></span> 
     </span>
    </p>
   </div>
   <div class='ocr_carea' id='block_1_94' title="bbox 2110 3297 3692 3370">
    <p class='ocr_par' dir='ltr' id='par_1_94' title="bbox 2110 3297 3692 3370">
     <span class='ocr_line' id='line_1_94' title="bbox 2110 3297 3692 3370; baseline -0.001 -15"><span class='ocrx_word' id='word_1_724' title='bbox 2110 3299 2316 3355; x_wconf 24' lang='lat' dir='ltr'><strong>.Cerata</strong></span> <span class='ocrx_word' id='word_1_725' title='bbox 2344 3300 2504 3370; x_wconf 79' lang='lat' dir='ltr'><strong>graeci</strong></span> <span class='ocrx_word' id='word_1_726' title='bbox 2534 3314 2733 3355; x_wconf 89' lang='lat' dir='ltr'><strong>cornua</strong></span> <span class='ocrx_word' id='word_1_727' title='bbox 2759 3299 2962 3354; x_wconf 90' lang='lat' dir='ltr'><strong>dicunt.</strong></span> <span class='ocrx_word' id='word_1_728' title='bbox 2999 3297 3138 3354; x_wconf 89' lang='lat' dir='ltr'><strong>Sunt</strong></span> <span class='ocrx_word' id='word_1_729' title='bbox 3161 3307 3342 3358; x_wconf 82' lang='lat' dir='ltr'><strong>autem</strong></span> <span class='ocrx_word' id='word_1_730' title='bbox 3370 3298 3444 3355; x_wconf 91' lang='lat' dir='ltr'><strong>illi</strong></span> <span class='ocrx_word' id='word_1_731' title='bbox 3474 3299 3692 3369; x_wconf 88' lang='lat' dir='ltr'><strong>quadri-</strong></span> 
     </span>
    </p>
   </div>
   <div class='ocr_carea' id='block_1_95' title="bbox 2120 3390 3697 3463">
    <p class='ocr_par' dir='ltr' id='par_1_95' title="bbox 2120 3390 3697 3463">
     <span class='ocr_line' id='line_1_95' title="bbox 2120 3390 3697 3463; baseline -0.001 -15"><span class='ocrx_word' id='word_1_732' title='bbox 2120 3394 2333 3463; x_wconf 88' lang='lat' dir='ltr'><strong>gemina</strong></span> <span class='ocrx_word' id='word_1_733' title='bbox 2361 3391 2651 3457; x_wconf 90' lang='lat' dir='ltr'><strong>cornicula,</strong></span> <span class='ocrx_word' id='word_1_734' title='bbox 2693 3405 2919 3461; x_wconf 90' lang='lat' dir='ltr'><strong>quorum</strong></span> <span class='ocrx_word' id='word_1_735' title='bbox 2957 3391 3315 3447; x_wconf 87' lang='lat' dir='ltr'><strong>ostentatione</strong></span> <span class='ocrx_word' id='word_1_736' title='bbox 3362 3390 3525 3447; x_wconf 83' lang='lat' dir='ltr'><strong>veluti</strong></span> <span class='ocrx_word' id='word_1_737' title='bbox 3573 3405 3697 3446; x_wconf 84' lang='lat' dir='ltr'><strong>esca</strong></span> 
     </span>
    </p>
   </div>
   <div class='ocr_carea' id='block_1_96' title="bbox 2121 3479 3695 3559">
    <p class='ocr_par' dir='ltr' id='par_1_96' title="bbox 2121 3479 3695 3559">
     <span class='ocr_line' id='line_1_96' title="bbox 2121 3479 3695 3559; baseline 0 -25"><span class='ocrx_word' id='word_1_738' title='bbox 2121 3480 2261 3536; x_wconf 89' lang='lat' dir='ltr'><strong>illice</strong></span> <span class='ocrx_word' id='word_1_739' title='bbox 2314 3480 2633 3546; x_wconf 87' lang='lat' dir='ltr'><strong>sollicitata,</strong></span> <span class='ocrx_word' id='word_1_740' title='bbox 2686 3479 2937 3535; x_wconf 88' lang='lat' dir='ltr'><strong>animalia</strong></span> <span class='ocrx_word' id='word_1_741' title='bbox 2996 3480 3236 3551; x_wconf 91' lang='lat' dir='ltr'><strong>perimit.</strong></span> <span class='ocrx_word' id='word_1_742' title='bbox 3299 3480 3493 3559; x_wconf 65' lang='lat' dir='ltr'><strong>Totum</strong></span> <span class='ocrx_word' id='word_1_743' title='bbox 3550 3481 3695 3537; x_wconf 89' lang='lat' dir='ltr'><strong>enim</strong></span> 
     </span>
    </p>
   </div>
   <div class='ocr_carea' id='block_1_97' title="bbox 2121 3571 3694 3651">
    <p class='ocr_par' dir='ltr' id='par_1_97' title="bbox 2121 3571 3694 3651">
     <span class='ocr_line' id='line_1_97' title="bbox 2121 3571 3694 3651; baseline -0.003 -22"><span class='ocrx_word' id='word_1_744' title='bbox 2121 3589 2316 3643; x_wconf 89' lang='lat' dir='ltr'><strong>corpus</strong></span> <span class='ocrx_word' id='word_1_745' title='bbox 2356 3574 2486 3645; x_wconf 84' lang='lat' dir='ltr'><strong>tegit</strong></span> <span class='ocrx_word' id='word_1_746' title='bbox 2510 3572 2708 3638; x_wconf 89' lang='lat' dir='ltr'><strong>arenis,</strong></span> <span class='ocrx_word' id='word_1_747' title='bbox 2744 3586 2847 3629; x_wconf 89' lang='lat' dir='ltr'><strong>nec</strong></span> <span class='ocrx_word' id='word_1_748' title='bbox 2877 3571 3044 3651; x_wconf 86' lang='lat' dir='ltr'><strong>ullum</strong></span> <span class='ocrx_word' id='word_1_749' title='bbox 3081 3572 3339 3629; x_wconf 90' lang='lat' dir='ltr'><strong>indicium</strong></span> <span class='ocrx_word' id='word_1_750' title='bbox 3361 3572 3441 3628; x_wconf 90' lang='lat' dir='ltr'><strong>sui</strong></span> <span class='ocrx_word' id='word_1_751' title='bbox 3470 3571 3694 3643; x_wconf 67' lang='lat' dir='ltr'><strong>praebet,</strong></span> 
     </span>
    </p>
   </div>
   <div class='ocr_carea' id='block_1_98' title="bbox 2119 3662 3696 3733">
    <p class='ocr_par' dir='ltr' id='par_1_98' title="bbox 2119 3662 3696 3733">
     <span class='ocr_line' id='line_1_98' title="bbox 2119 3662 3696 3733; baseline -0.002 -14"><span class='ocrx_word' id='word_1_752' title='bbox 2119 3664 2223 3719; x_wconf 90' lang='lat' dir='ltr'><strong>nisi</strong></span> <span class='ocrx_word' id='word_1_753' title='bbox 2251 3679 2317 3719; x_wconf 85' lang='lat' dir='ltr'><strong>ex</strong></span> <span class='ocrx_word' id='word_1_754' title='bbox 2346 3679 2412 3719; x_wconf 89' lang='lat' dir='ltr'><strong>ea</strong></span> <span class='ocrx_word' id='word_1_755' title='bbox 2440 3672 2615 3733; x_wconf 88' lang='lat' dir='ltr'><strong>parte,</strong></span> <span class='ocrx_word' id='word_1_756' title='bbox 2665 3678 2772 3733; x_wconf 90' lang='lat' dir='ltr'><strong>qua</strong></span> <span class='ocrx_word' id='word_1_757' title='bbox 2824 3664 3080 3720; x_wconf 87' lang='lat' dir='ltr'><strong>invitatas</strong></span> <span class='ocrx_word' id='word_1_758' title='bbox 3123 3678 3251 3720; x_wconf 89' lang='lat' dir='ltr'><strong>aves</strong></span> <span class='ocrx_word' id='word_1_759' title='bbox 3307 3662 3392 3719; x_wconf 85' lang='lat' dir='ltr'><strong>vel</strong></span> <span class='ocrx_word' id='word_1_760' title='bbox 3443 3662 3696 3718; x_wconf 87' lang='lat' dir='ltr'><strong>animalia</strong></span> 
     </span>
    </p>
   </div>
   <div class='ocr_carea' id='block_1_99' title="bbox 2120 3753 3693 3825">
    <p class='ocr_par' dir='ltr' id='par_1_99' title="bbox 2120 3753 3693 3825">
     <span class='ocr_line' id='line_1_99' title="bbox 2120 3753 3693 3825; baseline -0.001 -15"><span class='ocrx_word' id='word_1_761' title='bbox 2120 3755 2283 3825; x_wconf 88' lang='lat' dir='ltr'><strong>capit.</strong></span> <span class='ocrx_word' id='word_1_762' title='bbox 2325 3754 2421 3809; x_wconf 85' lang='lat' dir='ltr'><strong>Est</strong></span> <span class='ocrx_word' id='word_1_763' title='bbox 2442 3762 2622 3811; x_wconf 91' lang='lat' dir='ltr'><strong>autem</strong></span> <span class='ocrx_word' id='word_1_764' title='bbox 2654 3753 2927 3810; x_wconf 82' lang='lat' dir='ltr'><strong>ﬂexuosus</strong></span> <span class='ocrx_word' id='word_1_765' title='bbox 2953 3754 3073 3825; x_wconf 91' lang='lat' dir='ltr'><strong>plus</strong></span> <span class='ocrx_word' id='word_1_766' title='bbox 3092 3769 3252 3824; x_wconf 88' lang='lat' dir='ltr'><strong>quam</strong></span> <span class='ocrx_word' id='word_1_767' title='bbox 3279 3753 3369 3808; x_wconf 88' lang='lat' dir='ltr'><strong>alii</strong></span> <span class='ocrx_word' id='word_1_768' title='bbox 3394 3762 3693 3824; x_wconf 87' lang='lat' dir='ltr'><strong>serpentes,</strong></span> 
     </span>
    </p>
   </div>
   <div class='ocr_carea' id='block_1_100' title="bbox 2121 3840 3695 3915">
    <p class='ocr_par' dir='ltr' id='par_1_100' title="bbox 2121 3840 3695 3915">
     <span class='ocr_line' id='line_1_100' title="bbox 2121 3840 3695 3915; baseline -0.003 -16"><span class='ocrx_word' id='word_1_769' title='bbox 2121 3846 2196 3899; x_wconf 91' lang='lat' dir='ltr'><strong>ita</strong></span> <span class='ocrx_word' id='word_1_770' title='bbox 2234 3853 2294 3898; x_wconf 92' lang='lat' dir='ltr'><strong>ut</strong></span> <span class='ocrx_word' id='word_1_771' title='bbox 2334 3844 2541 3915; x_wconf 88' lang='lat' dir='ltr'><strong>spinam</strong></span> <span class='ocrx_word' id='word_1_772' title='bbox 2574 3859 2680 3899; x_wconf 90' lang='lat' dir='ltr'><strong>non</strong></span> <span class='ocrx_word' id='word_1_773' title='bbox 2708 3844 2910 3899; x_wconf 89' lang='lat' dir='ltr'><strong>habere</strong></span> <span class='ocrx_word' id='word_1_774' title='bbox 2934 3842 3198 3899; x_wconf 89' lang='lat' dir='ltr'><strong>videatur.</strong></span> <span class='ocrx_word' id='word_1_775' title='bbox 3227 3840 3441 3899; x_wconf 90' lang='lat' dir='ltr'><strong>Colubri</strong></span> <span class='ocrx_word' id='word_1_776' title='bbox 3470 3843 3612 3896; x_wconf 90' lang='lat' dir='ltr'><strong>enim</strong></span> <span class='ocrx_word' id='word_1_777' title='bbox 3639 3850 3695 3896; x_wconf 88' lang='lat' dir='ltr'><strong>et</strong></span> 
     </span>
    </p>
   </div>
   <div class='ocr_carea' id='block_1_101' title="bbox 2120 3934 3695 4006">
    <p class='ocr_par' dir='ltr' id='par_1_101' title="bbox 2120 3934 3695 4006">
     <span class='ocr_line' id='line_1_101' title="bbox 2120 3934 3695 4006; baseline -0.003 -14"><span class='ocrx_word' id='word_1_778' title='bbox 2120 3944 2344 3992; x_wconf 67' lang='lat' dir='ltr'><strong>ceraste:</strong></span> <span class='ocrx_word' id='word_1_779' title='bbox 2392 3936 2610 3991; x_wconf 88' lang='lat' dir='ltr'><strong>nomine</strong></span> <span class='ocrx_word' id='word_1_780' title='bbox 2644 3935 2891 3991; x_wconf 85' lang='lat' dir='ltr'><strong>diabolus</strong></span> <span class='ocrx_word' id='word_1_781' title='bbox 2913 3934 2997 3991; x_wconf 87' lang='lat' dir='ltr'><strong>vel</strong></span> <span class='ocrx_word' id='word_1_782' title='bbox 3023 3934 3387 3991; x_wconf 84' lang='lat' dir='ltr'><strong>Antichristus</strong></span> <span class='ocrx_word' id='word_1_783' title='bbox 3427 3934 3695 4006; x_wconf 87' lang='lat' dir='ltr'><strong>signiﬁca-</strong></span> 
     </span>
    </p>
   </div>
   <div class='ocr_carea' id='block_1_102' title="bbox 2120 4021 3693 4095">
    <p class='ocr_par' dir='ltr' id='par_1_102' title="bbox 2120 4021 3693 4095">
     <span class='ocr_line' id='line_1_102' title="bbox 2120 4021 3693 4095; baseline 0 -17"><span class='ocrx_word' id='word_1_784' title='bbox 2120 4031 2230 4090; x_wconf 92' lang='lat' dir='ltr'><strong>tur,</strong></span> <span class='ocrx_word' id='word_1_785' title='bbox 2260 4032 2320 4078; x_wconf 94' lang='lat' dir='ltr'><strong>ut</strong></span> <span class='ocrx_word' id='word_1_786' title='bbox 2343 4031 2427 4078; x_wconf 91' lang='lat' dir='ltr'><strong>est</strong></span> <span class='ocrx_word' id='word_1_787' title='bbox 2454 4023 2603 4088; x_wconf 91' lang='lat' dir='ltr'><strong>illud,</strong></span> <span class='ocrx_word' id='word_1_788' title='bbox 2629 4023 2774 4093; x_wconf 88' lang='lat' dir='ltr'><strong>quod</strong></span> <span class='ocrx_word' id='word_1_789' title='bbox 2797 4022 2963 4079; x_wconf 76' lang='lat' dir='ltr'><strong>Iacob</strong></span> <span class='ocrx_word' id='word_1_790' title='bbox 2985 4023 3287 4095; x_wconf 88' lang='lat' dir='ltr'><strong>patriarcha</strong></span> <span class='ocrx_word' id='word_1_791' title='bbox 3328 4024 3393 4079; x_wconf 90' lang='lat' dir='ltr'><strong>de</strong></span> <span class='ocrx_word' id='word_1_792' title='bbox 3438 4024 3553 4077; x_wconf 88' lang='lat' dir='ltr'><strong>Dan</strong></span> <span class='ocrx_word' id='word_1_793' title='bbox 3584 4021 3693 4078; x_wconf 91' lang='lat' dir='ltr'><strong>ﬁlio</strong></span> 
     </span>
    </p>
   </div>
   <div class='ocr_carea' id='block_1_103' title="bbox 2120 4112 3691 4184">
    <p class='ocr_par' dir='ltr' id='par_1_103' title="bbox 2120 4112 3691 4184">
     <span class='ocr_line' id='line_1_103' title="bbox 2120 4112 3691 4184; baseline -0.003 -14"><span class='ocrx_word' id='word_1_794' title='bbox 2120 4129 2216 4171; x_wconf 86' lang='lat' dir='ltr'><strong>suo</strong></span> <span class='ocrx_word' id='word_1_795' title='bbox 2240 4112 2600 4184; x_wconf 87' lang='lat' dir='ltr'><strong>prOphetavit,</strong></span> <span class='ocrx_word' id='word_1_796' title='bbox 2637 4113 2824 4169; x_wconf 87' lang='lat' dir='ltr'><strong>dicens</strong></span> <span class='ocrx_word' id='word_1_797' title='bbox 2853 4130 2866 4167; x_wconf 93' lang='lat'><strong>:</strong></span> <span class='ocrx_word' id='word_1_798' title='bbox 2898 4113 3022 4168; x_wconf 83' lang='lat' dir='ltr'><strong>Fiat</strong></span> <span class='ocrx_word' id='word_1_799' title='bbox 3049 4113 3166 4167; x_wconf 89' lang='lat' dir='ltr'><strong>Dan</strong></span> <span class='ocrx_word' id='word_1_800' title='bbox 3187 4112 3397 4168; x_wconf 83' lang='lat' dir='ltr'><strong>coluber</strong></span> <span class='ocrx_word' id='word_1_801' title='bbox 3419 4114 3475 4168; x_wconf 86' lang='lat' dir='ltr'><strong>in</strong></span> <span class='ocrx_word' id='word_1_802' title='bbox 3504 4112 3587 4166; x_wconf 79' lang='lat' dir='ltr'><strong>via</strong></span> <span class='ocrx_word' id='word_1_803' title='bbox 3606 4152 3621 4177; x_wconf 94' lang='lat'><strong>,</strong></span> <span class='ocrx_word' id='word_1_804' title='bbox 3643 4122 3691 4165; x_wconf 88' lang='lat' dir='ltr'><strong>ct</strong></span> 
     </span>
    </p>
   </div>
   <div class='ocr_carea' id='block_1_104' title="bbox 2119 4204 3692 4277">
    <p class='ocr_par' dir='ltr' id='par_1_104' title="bbox 2119 4204 3692 4277">
     <span class='ocr_line' id='line_1_104' title="bbox 2119 4204 3692 4277; baseline -0.001 -18"><span class='ocrx_word' id='word_1_805' title='bbox 2119 4214 2340 4259; x_wconf 87' lang='lat' dir='ltr'><strong>cerastes</strong></span> <span class='ocrx_word' id='word_1_806' title='bbox 2379 4206 2436 4259; x_wconf 89' lang='lat' dir='ltr'><strong>in</strong></span> <span class='ocrx_word' id='word_1_807' title='bbox 2480 4206 2662 4260; x_wconf 83' lang='lat' dir='ltr'><strong>semita</strong></span> <span class='ocrx_word' id='word_1_808' title='bbox 2703 4204 2944 4260; x_wconf 82' lang='lat' dir='ltr'><strong>mordens</strong></span> <span class='ocrx_word' id='word_1_809' title='bbox 2988 4204 3211 4276; x_wconf 82' lang='lat' dir='ltr'><strong>ungulas</strong></span> <span class='ocrx_word' id='word_1_810' title='bbox 3240 4206 3399 4277; x_wconf 84' lang='lat' dir='ltr'><strong>equi,</strong></span> <span class='ocrx_word' id='word_1_811' title='bbox 3454 4214 3509 4258; x_wconf 91' lang='lat' dir='ltr'><strong>ut</strong></span> <span class='ocrx_word' id='word_1_812' title='bbox 3536 4204 3692 4259; x_wconf 86' lang='lat' dir='ltr'><strong>cadat</strong></span> 
     </span>
    </p>
   </div>
   <div class='ocr_carea' id='block_1_105' title="bbox 2119 4298 3692 4373">
    <p class='ocr_par' dir='ltr' id='par_1_105' title="bbox 2119 4298 3692 4373">
     <span class='ocr_line' id='line_1_105' title="bbox 2119 4298 3692 4373; baseline -0.001 -19"><span class='ocrx_word' id='word_1_813' title='bbox 2119 4316 2363 4354; x_wconf 86' lang='lat' dir='ltr'><strong>ascensor</strong></span> <span class='ocrx_word' id='word_1_814' title='bbox 2393 4300 2508 4371; x_wconf 88' lang='lat' dir='ltr'><strong>ejus</strong></span> <span class='ocrx_word' id='word_1_815' title='bbox 2560 4309 2696 4354; x_wconf 83' lang='lat' dir='ltr'><strong>retro</strong></span> <span class='ocrx_word' id='word_1_816' title='bbox 2738 4298 2891 4372; x_wconf 83' lang='lat' dir='ltr'><strong>(Gen.</strong></span> <span class='ocrx_word' id='word_1_817' title='bbox 2946 4299 3116 4373; x_wconf 81' lang='lat' dir='ltr'><strong>mx).</strong></span> <span class='ocrx_word' id='word_1_818' title='bbox 3173 4298 3293 4356; x_wconf 89' lang='lat' dir='ltr'><strong>Non</strong></span> <span class='ocrx_word' id='word_1_819' title='bbox 3340 4299 3509 4355; x_wconf 90' lang='lat' dir='ltr'><strong>solum</strong></span> <span class='ocrx_word' id='word_1_820' title='bbox 3546 4299 3692 4354; x_wconf 90' lang='lat' dir='ltr'><strong>enim</strong></span> 
     </span>
    </p>
   </div>
   <div class='ocr_carea' id='block_1_106' title="bbox 2119 4393 3686 4459">
    <p class='ocr_par' dir='ltr' id='par_1_106' title="bbox 2119 4393 3686 4459">
     <span class='ocr_line' id='line_1_106' title="bbox 2119 4393 3686 4459; baseline 0.001 -12"><span class='ocrx_word' id='word_1_821' title='bbox 2119 4393 2339 4448; x_wconf 87' lang='lat' dir='ltr'><strong>coluber</strong></span> <span class='ocrx_word' id='word_1_822' title='bbox 2391 4393 2771 4459; x_wconf 88' lang='lat' dir='ltr'><strong>antichristus,</strong></span> <span class='ocrx_word' id='word_1_823' title='bbox 2805 4393 2903 4449; x_wconf 90' lang='lat' dir='ltr'><strong>sed</strong></span> <span class='ocrx_word' id='word_1_824' title='bbox 2932 4395 3097 4449; x_wconf 89' lang='lat' dir='ltr'><strong>etiam</strong></span> <span class='ocrx_word' id='word_1_825' title='bbox 3145 4403 3386 4450; x_wconf 85' lang='lat' dir='ltr'><strong>cerastes</strong></span> <span class='ocrx_word' id='word_1_826' title='bbox 3437 4402 3686 4450; x_wconf 87' lang='lat' dir='ltr'><strong>vocatur.</strong></span> 
     </span>
    </p>
   </div>
   <div class='ocr_carea' id='block_1_107' title="bbox 2123 4483 3695 4560">
    <p class='ocr_par' dir='ltr' id='par_1_107' title="bbox 2123 4483 3695 4560">
     <span class='ocr_line' id='line_1_107' title="bbox 2123 4483 3695 4560; baseline 0.003 -20"><span class='ocrx_word' id='word_1_827' title='bbox 2123 4483 2317 4541; x_wconf 89' lang='lat' dir='ltr'><strong>Cerata</strong></span> <span class='ocrx_word' id='word_1_828' title='bbox 2372 4486 2514 4542; x_wconf 89' lang='lat' dir='ltr'><strong>enim</strong></span> <span class='ocrx_word' id='word_1_829' title='bbox 2559 4486 2745 4543; x_wconf 76' lang='lat' dir='ltr'><strong>Graece</strong></span> <span class='ocrx_word' id='word_1_830' title='bbox 2782 4487 3035 4543; x_wconf 89' lang='lat' dir='ltr'><strong>dicuntur</strong></span> <span class='ocrx_word' id='word_1_831' title='bbox 3084 4503 3285 4544; x_wconf 90' lang='lat' dir='ltr'><strong>cornua</strong></span> <span class='ocrx_word' id='word_1_832' title='bbox 3309 4529 3325 4555; x_wconf 92' lang='lat'><strong>,</strong></span> <span class='ocrx_word' id='word_1_833' title='bbox 3366 4504 3695 4560; x_wconf 86' lang='lat' dir='ltr'><strong>serpensque</strong></span> 
     </span>
    </p>
   </div>
   <div class='ocr_carea' id='block_1_108' title="bbox 2123 4574 3694 4651">
    <p class='ocr_par' dir='ltr' id='par_1_108' title="bbox 2123 4574 3694 4651">
     <span class='ocr_line' id='line_1_108' title="bbox 2123 4574 3694 4651; baseline 0.004 -22"><span class='ocrx_word' id='word_1_834' title='bbox 2123 4574 2214 4630; x_wconf 89' lang='lat' dir='ltr'><strong>hic</strong></span> <span class='ocrx_word' id='word_1_835' title='bbox 2250 4584 2509 4631; x_wconf 84' lang='lat' dir='ltr'><strong>cornutos</strong></span> <span class='ocrx_word' id='word_1_836' title='bbox 2558 4589 2677 4631; x_wconf 90' lang='lat' dir='ltr'><strong>esse</strong></span> <span class='ocrx_word' id='word_1_837' title='bbox 2720 4575 2802 4648; x_wconf 90' lang='lat' dir='ltr'><strong>(ut</strong></span> <span class='ocrx_word' id='word_1_838' title='bbox 2829 4591 2993 4648; x_wconf 90' lang='lat' dir='ltr'><strong>supra</strong></span> <span class='ocrx_word' id='word_1_839' title='bbox 3019 4579 3457 4650; x_wconf 79' lang='lat' dir='ltr'><strong>memoravimus)</strong></span> <span class='ocrx_word' id='word_1_840' title='bbox 3508 4580 3694 4651; x_wconf 83' lang='lat' dir='ltr'><strong>perhi-</strong></span> 
     </span>
    </p>
   </div>
   <div class='ocr_carea' id='block_1_109' title="bbox 2122 4665 3697 4736">
    <p class='ocr_par' dir='ltr' id='par_1_109' title="bbox 2122 4665 3697 4736">
     <span class='ocr_line' id='line_1_109' title="bbox 2122 4665 3697 4736; baseline 0.004 -16"><span class='ocrx_word' id='word_1_841' title='bbox 2122 4665 2280 4721; x_wconf 85' lang='lat' dir='ltr'><strong>betur</strong></span> <span class='ocrx_word' id='word_1_842' title='bbox 2308 4683 2321 4719; x_wconf 91' lang='lat'><strong>:</strong></span> <span class='ocrx_word' id='word_1_843' title='bbox 2347 4679 2447 4736; x_wconf 90' lang='lat' dir='ltr'><strong>per</strong></span> <span class='ocrx_word' id='word_1_844' title='bbox 2469 4680 2628 4736; x_wconf 87' lang='lat' dir='ltr'><strong>quem</strong></span> <span class='ocrx_word' id='word_1_845' title='bbox 2655 4665 2815 4735; x_wconf 89' lang='lat' dir='ltr'><strong>digne</strong></span> <span class='ocrx_word' id='word_1_846' title='bbox 2859 4668 3118 4724; x_wconf 88' lang='lat' dir='ltr'><strong>adventus</strong></span> <span class='ocrx_word' id='word_1_847' title='bbox 3143 4667 3458 4724; x_wconf 82' lang='lat' dir='ltr'><strong>Antichristi</strong></span> <span class='ocrx_word' id='word_1_848' title='bbox 3499 4669 3697 4726; x_wconf 62' lang='lat' dir='ltr'><strong>asseriv</strong></span> 
     </span>
    </p>
   </div>
   <div class='ocr_carea' id='block_1_110' title="bbox 2125 4755 3696 4831">
    <p class='ocr_par' dir='ltr' id='par_1_110' title="bbox 2125 4755 3696 4831">
     <span class='ocr_line' id='line_1_110' title="bbox 2125 4755 3696 4831; baseline 0.006 -24"><span class='ocrx_word' id='word_1_849' title='bbox 2125 4762 2213 4809; x_wconf 91' lang='lat' dir='ltr'><strong>tur</strong></span> <span class='ocrx_word' id='word_1_850' title='bbox 2234 4771 2250 4810; x_wconf 88' lang='lat'><strong>:</strong></span> <span class='ocrx_word' id='word_1_851' title='bbox 2277 4755 2405 4825; x_wconf 89' lang='lat' dir='ltr'><strong>quia</strong></span> <span class='ocrx_word' id='word_1_852' title='bbox 2430 4763 2619 4811; x_wconf 90' lang='lat' dir='ltr'><strong>contra</strong></span> <span class='ocrx_word' id='word_1_853' title='bbox 2638 4757 2804 4812; x_wconf 88' lang='lat' dir='ltr'><strong>vitam</strong></span> <span class='ocrx_word' id='word_1_854' title='bbox 2825 4757 3060 4813; x_wconf 87' lang='lat' dir='ltr'><strong>ﬁdelium</strong></span> <span class='ocrx_word' id='word_1_855' title='bbox 3083 4774 3205 4814; x_wconf 89' lang='lat' dir='ltr'><strong>cum</strong></span> <span class='ocrx_word' id='word_1_856' title='bbox 3226 4775 3409 4816; x_wconf 90' lang='lat' dir='ltr'><strong>morsu</strong></span> <span class='ocrx_word' id='word_1_857' title='bbox 3427 4758 3696 4831; x_wconf 68' lang='lat' dir='ltr'><strong>pestiferae</strong></span> 
     </span>
    </p>
   </div>
   <div class='ocr_carea' id='block_1_111' title="bbox 2121 4844 3693 4922">
    <p class='ocr_par' dir='ltr' id='par_1_111' title="bbox 2121 4844 3693 4922">
     <span class='ocr_line' id='line_1_111' title="bbox 2121 4844 3693 4922; baseline 0.006 -25"><span class='ocrx_word' id='word_1_858' title='bbox 2121 4844 2522 4913; x_wconf 68' lang='lat' dir='ltr'><strong>praedicationis</strong></span> <span class='ocrx_word' id='word_1_859' title='bbox 2546 4847 2846 4902; x_wconf 87' lang='lat' dir='ltr'><strong>armabitur</strong></span> <span class='ocrx_word' id='word_1_860' title='bbox 2890 4849 3054 4904; x_wconf 88' lang='lat' dir='ltr'><strong>etiam</strong></span> <span class='ocrx_word' id='word_1_861' title='bbox 3091 4851 3346 4905; x_wconf 90' lang='lat' dir='ltr'><strong>cornibus</strong></span> <span class='ocrx_word' id='word_1_862' title='bbox 3385 4851 3693 4922; x_wconf 86' lang='lat' dir='ltr'><strong>potestatis.</strong></span> 
     </span>
    </p>
   </div>
   <div class='ocr_carea' id='block_1_112' title="bbox 2122 4935 3693 5011">
    <p class='ocr_par' dir='ltr' id='par_1_112' title="bbox 2122 4935 3693 5011">
     <span class='ocr_line' id='line_1_112' title="bbox 2122 4935 3693 5011; baseline 0.003 -22"><span class='ocrx_word' id='word_1_863' title='bbox 2122 4935 2255 5002; x_wconf 86' lang='lat' dir='ltr'><strong>Quis</strong></span> <span class='ocrx_word' id='word_1_864' title='bbox 2282 4944 2462 4991; x_wconf 89' lang='lat' dir='ltr'><strong>autem</strong></span> <span class='ocrx_word' id='word_1_865' title='bbox 2489 4938 2696 4994; x_wconf 88' lang='lat' dir='ltr'><strong>nesciat</strong></span> <span class='ocrx_word' id='word_1_866' title='bbox 2719 4939 2965 4994; x_wconf 89' lang='lat' dir='ltr'><strong>semitam</strong></span> <span class='ocrx_word' id='word_1_867' title='bbox 2987 4940 3351 5010; x_wconf 88' lang='lat' dir='ltr'><strong>angustiorem</strong></span> <span class='ocrx_word' id='word_1_868' title='bbox 3368 4954 3489 4996; x_wconf 87' lang='lat' dir='ltr'><strong>esse</strong></span> <span class='ocrx_word' id='word_1_869' title='bbox 3533 4955 3693 5011; x_wconf 84' lang='lat' dir='ltr'><strong>quam</strong></span> 
     </span>
    </p>
   </div>
   <div class='ocr_carea' id='block_1_113' title="bbox 2121 5025 3696 5100">
    <p class='ocr_par' dir='ltr' id='par_1_113' title="bbox 2121 5025 3696 5100">
     <span class='ocr_line' id='line_1_113' title="bbox 2121 5025 3696 5100; baseline 0.003 -20"><span class='ocrx_word' id='word_1_870' title='bbox 2121 5025 2307 5080; x_wconf 83' lang='lat' dir='ltr'><strong>viam?</strong></span> <span class='ocrx_word' id='word_1_871' title='bbox 2338 5025 2426 5080; x_wconf 81' lang='lat' dir='ltr'><strong>Fit</strong></span> <span class='ocrx_word' id='word_1_872' title='bbox 2458 5041 2589 5099; x_wconf 86' lang='lat' dir='ltr'><strong>ergo</strong></span> <span class='ocrx_word' id='word_1_873' title='bbox 2634 5027 2843 5082; x_wconf 83' lang='lat' dir='ltr'><strong>coluber</strong></span> <span class='ocrx_word' id='word_1_874' title='bbox 2877 5028 2931 5082; x_wconf 87' lang='lat' dir='ltr'><strong>in</strong></span> <span class='ocrx_word' id='word_1_875' title='bbox 2979 5029 3063 5084; x_wconf 81' lang='lat' dir='ltr'><strong>uia</strong></span> <span class='ocrx_word' id='word_1_876' title='bbox 3086 5043 3107 5083; x_wconf 91' lang='lat'><strong><em>:</em></strong></span> <span class='ocrx_word' id='word_1_877' title='bbox 3133 5030 3259 5099; x_wconf 84' lang='lat' dir='ltr'><strong>quia</strong></span> <span class='ocrx_word' id='word_1_878' title='bbox 3312 5031 3365 5085; x_wconf 91' lang='lat' dir='ltr'><strong>in</strong></span> <span class='ocrx_word' id='word_1_879' title='bbox 3413 5030 3696 5100; x_wconf 71' lang='lat' dir='ltr'><strong>praesentis</strong></span> 
     </span>
    </p>
   </div>
   <div class='ocr_carea' id='block_1_114' title="bbox 2120 5118 3693 5194">
    <p class='ocr_par' dir='ltr' id='par_1_114' title="bbox 2120 5118 3693 5194">
     <span class='ocr_line' id='line_1_114' title="bbox 2120 5118 3693 5194; baseline 0.002 -21"><span class='ocrx_word' id='word_1_880' title='bbox 2120 5118 2246 5174; x_wconf 70' lang='lat' dir='ltr'><strong>vine</strong></span> <span class='ocrx_word' id='word_1_881' title='bbox 2267 5118 2605 5175; x_wconf 89' lang='lat' dir='ltr'><strong>latitudinem</strong></span> <span class='ocrx_word' id='word_1_882' title='bbox 2628 5136 2722 5177; x_wconf 90' lang='lat' dir='ltr'><strong>eos</strong></span> <span class='ocrx_word' id='word_1_883' title='bbox 2742 5120 3019 5177; x_wconf 88' lang='lat' dir='ltr'><strong>ambulare</strong></span> <span class='ocrx_word' id='word_1_884' title='bbox 3044 5130 3331 5193; x_wconf 83' lang='lat' dir='ltr'><strong>provocat,</strong></span> <span class='ocrx_word' id='word_1_885' title='bbox 3353 5122 3549 5194; x_wconf 87' lang='lat' dir='ltr'><strong>quibus</strong></span> <span class='ocrx_word' id='word_1_886' title='bbox 3567 5136 3693 5193; x_wconf 83' lang='lat' dir='ltr'><strong>par-</strong></span> 
     </span>
    </p>
   </div>
   <div class='ocr_carea' id='block_1_115' title="bbox 2121 5210 3695 5282">
    <p class='ocr_par' dir='ltr' id='par_1_115' title="bbox 2121 5210 3695 5282">
     <span class='ocr_line' id='line_1_115' title="bbox 2121 5210 3695 5282; baseline 0.001 -17"><span class='ocrx_word' id='word_1_887' title='bbox 2121 5210 2292 5267; x_wconf 88' lang='lat' dir='ltr'><strong>cendo</strong></span> <span class='ocrx_word' id='word_1_888' title='bbox 2313 5210 2464 5280; x_wconf 88' lang='lat' dir='ltr'><strong>quasi</strong></span> <span class='ocrx_word' id='word_1_889' title='bbox 2487 5211 2763 5266; x_wconf 83' lang='lat' dir='ltr'><strong>blanditur</strong></span> <span class='ocrx_word' id='word_1_890' title='bbox 2797 5226 2812 5265; x_wconf 88' lang='lat'><strong>:</strong></span> <span class='ocrx_word' id='word_1_891' title='bbox 2845 5212 2940 5266; x_wconf 89' lang='lat' dir='ltr'><strong>sed</strong></span> <span class='ocrx_word' id='word_1_892' title='bbox 2977 5213 3033 5266; x_wconf 85' lang='lat' dir='ltr'><strong>in</strong></span> <span class='ocrx_word' id='word_1_893' title='bbox 3056 5213 3139 5266; x_wconf 77' lang='lat' dir='ltr'><strong>sia</strong></span> <span class='ocrx_word' id='word_1_894' title='bbox 3164 5213 3383 5274; x_wconf 85' lang='lat' dir='ltr'><strong>mordet.</strong></span> <span class='ocrx_word' id='word_1_895' title='bbox 3409 5213 3534 5282; x_wconf 89' lang='lat' dir='ltr'><strong>quia</strong></span> <span class='ocrx_word' id='word_1_896' title='bbox 3561 5227 3657 5267; x_wconf 89' lang='lat' dir='ltr'><strong>eos</strong></span> <span class='ocrx_word' id='word_1_897' title='bbox 3676 5250 3695 5278; x_wconf 96' lang='lat'><strong>,</strong></span> 
     </span>
    </p>
   </div>
   <div class='ocr_carea' id='block_1_116' title="bbox 2120 5301 3696 5371">
    <p class='ocr_par' dir='ltr' id='par_1_116' title="bbox 2120 5301 3696 5371">
     <span class='ocr_line' id='line_1_116' title="bbox 2120 5301 3696 5371; baseline 0.001 -15"><span class='ocrx_word' id='word_1_898' title='bbox 2120 5301 2315 5371; x_wconf 84' lang='lat' dir='ltr'><strong>quibus</strong></span> <span class='ocrx_word' id='word_1_899' title='bbox 2340 5301 2645 5356; x_wconf 86' lang='lat' dir='ltr'><strong>libertatem</strong></span> <span class='ocrx_word' id='word_1_900' title='bbox 2673 5302 2883 5368; x_wconf 89' lang='lat' dir='ltr'><strong>tribuit,</strong></span> <span class='ocrx_word' id='word_1_901' title='bbox 2912 5303 3114 5358; x_wconf 88' lang='lat' dir='ltr'><strong>erroris</strong></span> <span class='ocrx_word' id='word_1_902' title='bbox 3140 5304 3226 5356; x_wconf 91' lang='lat' dir='ltr'><strong>sui</strong></span> <span class='ocrx_word' id='word_1_903' title='bbox 3254 5317 3463 5359; x_wconf 80' lang='lat' dir='ltr'><strong>veneno</strong></span> <span class='ocrx_word' id='word_1_904' title='bbox 3496 5316 3696 5358; x_wconf 81' lang='lat' dir='ltr'><strong>consu-</strong></span> 
     </span>
    </p>
   </div>
   <div class='ocr_carea' id='block_1_117' title="bbox 2118 5389 3699 5464">
    <p class='ocr_par' dir='ltr' id='par_1_117' title="bbox 2118 5389 3699 5464">
     <span class='ocr_line' id='line_1_117' title="bbox 2118 5389 3699 5464; baseline 0.002 -19"><span class='ocrx_word' id='word_1_905' title='bbox 2118 5391 2235 5445; x_wconf 87' lang='lat' dir='ltr'><strong>mit.</strong></span> <span class='ocrx_word' id='word_1_906' title='bbox 2266 5389 2353 5445; x_wconf 84' lang='lat' dir='ltr'><strong>Fit</strong></span> <span class='ocrx_word' id='word_1_907' title='bbox 2378 5390 2569 5447; x_wconf 92' lang='lat' dir='ltr'><strong>iterum</strong></span> <span class='ocrx_word' id='word_1_908' title='bbox 2604 5400 2827 5446; x_wconf 86' lang='lat' dir='ltr'><strong>cerastes</strong></span> <span class='ocrx_word' id='word_1_909' title='bbox 2852 5393 2905 5446; x_wconf 90' lang='lat' dir='ltr'><strong>in</strong></span> <span class='ocrx_word' id='word_1_910' title='bbox 2932 5394 3120 5447; x_wconf 81' lang='lat' dir='ltr'><strong>semita</strong></span> <span class='ocrx_word' id='word_1_911' title='bbox 3148 5406 3167 5445; x_wconf 92' lang='lat'><strong>:</strong></span> <span class='ocrx_word' id='word_1_912' title='bbox 3192 5394 3316 5462; x_wconf 88' lang='lat' dir='ltr'><strong>quia</strong></span> <span class='ocrx_word' id='word_1_913' title='bbox 3347 5407 3484 5464; x_wconf 86' lang='lat' dir='ltr'><strong>quos</strong></span> <span class='ocrx_word' id='word_1_914' title='bbox 3512 5392 3699 5448; x_wconf 86' lang='lat' dir='ltr'><strong>ﬁdeles</strong></span> 
     </span>
    </p>
   </div>
   <div class='ocr_carea' id='block_1_118' title="bbox 2120 5483 3698 5557">
    <p class='ocr_par' dir='ltr' id='par_1_118' title="bbox 2120 5483 3698 5557">
     <span class='ocr_line' id='line_1_118' title="bbox 2120 5483 3698 5557; baseline 0.003 -20"><span class='ocrx_word' id='word_1_915' title='bbox 2120 5483 2323 5552; x_wconf 88' lang='lat' dir='ltr'><strong>reperit</strong></span> <span class='ocrx_word' id='word_1_916' title='bbox 2346 5522 2361 5548; x_wconf 88' lang='lat'><strong>,</strong></span> <span class='ocrx_word' id='word_1_917' title='bbox 2392 5494 2447 5538; x_wconf 89' lang='lat' dir='ltr'><strong>et</strong></span> <span class='ocrx_word' id='word_1_918' title='bbox 2471 5499 2591 5539; x_wconf 87' lang='lat' dir='ltr'><strong>sese</strong></span> <span class='ocrx_word' id='word_1_919' title='bbox 2619 5485 2684 5538; x_wconf 91' lang='lat' dir='ltr'><strong>ad</strong></span> <span class='ocrx_word' id='word_1_920' title='bbox 2712 5484 2961 5555; x_wconf 68' lang='lat' dir='ltr'><strong>prrecepti</strong></span> <span class='ocrx_word' id='word_1_921' title='bbox 2983 5485 3221 5541; x_wconf 72' lang='lat' dir='ltr'><strong>caelestis</strong></span> <span class='ocrx_word' id='word_1_922' title='bbox 3248 5494 3473 5557; x_wconf 88' lang='lat' dir='ltr'><strong>angusta</strong></span> <span class='ocrx_word' id='word_1_923' title='bbox 3501 5484 3698 5541; x_wconf 79' lang='lat' dir='ltr'><strong>itinera</strong></span> 
     </span>
    </p>
   </div>
   <div class='ocr_carea' id='block_1_119' title="bbox 2120 5576 3700 5650">
    <p class='ocr_par' dir='ltr' id='par_1_119' title="bbox 2120 5576 3700 5650">
     <span class='ocr_line' id='line_1_119' title="bbox 2120 5576 3700 5650; baseline 0 -20"><span class='ocrx_word' id='word_1_924' title='bbox 2120 5576 2554 5644; x_wconf 83' lang='lat' dir='ltr'><strong>constringentes</strong></span> <span class='ocrx_word' id='word_1_925' title='bbox 2577 5617 2592 5643; x_wconf 93' lang='lat'><strong>,</strong></span> <span class='ocrx_word' id='word_1_926' title='bbox 2640 5593 2746 5632; x_wconf 88' lang='lat' dir='ltr'><strong>non</strong></span> <span class='ocrx_word' id='word_1_927' title='bbox 2777 5577 2947 5632; x_wconf 90' lang='lat' dir='ltr'><strong>solum</strong></span> <span class='ocrx_word' id='word_1_928' title='bbox 2977 5578 3216 5648; x_wconf 89' lang='lat' dir='ltr'><strong>nequitia</strong></span> <span class='ocrx_word' id='word_1_929' title='bbox 3241 5578 3448 5636; x_wconf 74' lang='lat' dir='ltr'><strong>callida:</strong></span> <span class='ocrx_word' id='word_1_930' title='bbox 3472 5591 3700 5650; x_wconf 87' lang='lat' dir='ltr'><strong>persua-</strong></span> 
     </span>
    </p>
   </div>
   <div class='ocr_carea' id='block_1_120' title="bbox 2122 5667 3695 5741">
    <p class='ocr_par' dir='ltr' id='par_1_120' title="bbox 2122 5667 3695 5741">
     <span class='ocr_line' id='line_1_120' title="bbox 2122 5667 3695 5741; baseline 0.001 -19"><span class='ocrx_word' id='word_1_931' title='bbox 2122 5667 2289 5722; x_wconf 91' lang='lat' dir='ltr'><strong>sionis</strong></span> <span class='ocrx_word' id='word_1_932' title='bbox 2314 5668 2566 5738; x_wconf 85' lang='lat' dir='ltr'><strong>impedit;</strong></span> <span class='ocrx_word' id='word_1_933' title='bbox 2600 5669 2692 5724; x_wconf 87' lang='lat' dir='ltr'><strong>sed</strong></span> <span class='ocrx_word' id='word_1_934' title='bbox 2720 5669 2883 5724; x_wconf 88' lang='lat' dir='ltr'><strong>etiam</strong></span> <span class='ocrx_word' id='word_1_935' title='bbox 2920 5679 3125 5727; x_wconf 88' lang='lat' dir='ltr'><strong>terrore</strong></span> <span class='ocrx_word' id='word_1_936' title='bbox 3161 5671 3446 5740; x_wconf 87' lang='lat' dir='ltr'><strong>potestatis</strong></span> <span class='ocrx_word' id='word_1_937' title='bbox 3475 5667 3695 5741; x_wconf 88' lang='lat' dir='ltr'><strong>premit,</strong></span> 
     </span>
    </p>
   </div>
  </div>
