4072 6198
402 332 517 387 ΞΞΞ)

1377 324 1462 378 DE
1504 321 1850 380 UNIVEBSO
1890 321 2070 377 LIBRI
2108 320 2269 377 XXII.
2309 350 2379 364 -ι
2414 324 2539 379 LlB.
2580 326 2710 383 νιιι.

3562 335 3673 391 ⁸150

407 453 466 497 et
494 445 549 496 in
578 438 975 509 persecutionis
997 452 1201 508 angore
1227 445 1349 508 post
1375 436 1636 493 beneﬁcia
1688 435 1827 490 ﬁcta:
1879 434 1995 489 dul-
2020 433 2074 493 Α
2097 445 2127 484 a
2153 432 2376 487 venenis
2406 452 2419 486 :
2448 436 2541 489 sed
2577 435 2696 490 ideo
2726 437 2850 491 huic
2876 437 2941 491 ad
2972 448 3196 493 mortem
3241 441 3537 499 faciendam
3588 462 3673 503 ve-

412 532 623 589 cedinis
648 539 868 585 exercet
894 544 1097 584 cornua
1126 530 1429 598 potestatis.
1453 528 1569 593 Quo
1598 528 1652 581 in
1687 526 1805 582 loco
1825 540 1996 595 equus

409 627 560 679 hunc
594 621 855 676 mundum
905 621 1143 675 insinuat
1169 661 1183 685 ,
1232 619 1325 689 qui
1362 635 1461 690 per
1501 618 1789 673 elationem
1841 631 1997 672 suam

409 717 466 770 in
502 728 668 768 cursu
714 711 1011 766 labentium
1041 720 1340 781 temporum
1377 717 1627 777 spumat,
1655 716 1709 763 et
1734 707 1858 776 quia
1886 706 1998 760 An-

413 804 701 860 tichristus
753 812 998 857 extrema
1051 801 1237 856 mundi
1292 799 1699 871 apprehendere
1762 799 1993 853 nititur:

419 902 669 950 cerastes
694 892 782 947 ille
811 892 935 961 equi
973 890 1202 962 ungulas
1229 891 1477 944 mordere
1515 890 1847 959 perhibetur.
1884 888 1997 943 Un-

413 988 597 1056 gulam
643 987 842 1056 quippe
884 984 1011 1053 equi
1039 983 1284 1038 mordere
1304 988 1390 1036 est
1412 991 1652 1037 extrema
1693 980 1875 1035 seculi
1917 978 1994 1034 fe-

414 1078 607 1131 riendo
658 1076 971 1146 contingere
1019 1093 1032 1129 :
1070 1073 1138 1129 Ut
1191 1075 1347 1127 cadat
1391 1090 1636 1129 ascensor
1668 1075 1781 1144 ejus
1833 1083 1989 1127 retro.

416 1166 688 1222 Ascensor
721 1167 845 1237 equi
883 1175 1005 1230 est,
1050 1166 1295 1237 quisquis
1350 1166 1626 1222 extollitur
1663 1165 1719 1219 in
1763 1163 1995 1234 dignita-

416 1258 561 1314 tibus
602 1258 787 1313 mundi
814 1257 907 1327 qui
943 1264 1092 1312 retro
1140 1256 1335 1312 cadere
1383 1257 1617 1322 dicitur,
1668 1264 1723 1312 et
1776 1270 1881 1310 non
1937 1253 1993 1307 in

413 1344 611 1403 faciem
638 1386 654 1411 ,
693 1347 833 1401 sicut
877 1344 1073 1401 Saulus
1098 1346 1358 1401 cecidisse
1391 1353 1738 1401 memoratur.
1767 1345 1824 1399 ln
1853 1343 1992 1399 facie

412 1437 559 1492 enim
585 1437 785 1492 cadere
807 1447 890 1492 est
919 1436 971 1490 in
999 1437 1100 1492 hac
1123 1437 1233 1491 vita
1266 1452 1390 1491 suas
1414 1450 1853 1505 unumquemque
1881 1434 1993 1489 cul-

417 1542 515 1598 pas
556 1543 885 1598 cognoscere
907 1568 922 1594 ,
974 1543 1175 1598 easque
1218 1528 1528 1599 pmnitendo
1575 1527 1793 1583 deﬂere.
1823 1528 1990 1582 Retro

414 1632 545 1672 vero
567 1658 584 1683 ,
630 1633 737 1687 quo
783 1634 888 1673 non
917 1618 1150 1684 videtur,
1180 1620 1395 1683 cadere,
1425 1628 1504 1674 est
1545 1633 1611 1673 ex
1638 1619 1737 1672 hac
1761 1618 1871 1672 vita
1902 1632 1989 1672 re-

414 1712 575 1775 pente
601 1707 859 1762 decedere
883 1746 900 1772 ,
944 1715 1000 1761 et
1024 1709 1091 1761 ad
1119 1721 1237 1776 qua:
1261 1707 1517 1777 supplicia
1548 1706 1801 1771 ducatur,
1833 1706 1986 1777 igno-

2099 537 2237 577 nena
2270 539 2376 577 non
2405 538 2529 579 esse
2556 528 2882 591 necessaria,
2913 528 3037 596 quia
3074 529 3118 582 si
3166 544 3325 598 quem
3356 533 3535 603 ligarit
3577 552 3673 593 oc-

2097 611 2249 665 cidit.
2298 611 2343 665 A
2383 628 2491 681 quo
2536 628 2638 668 nec
2683 614 2900 685 elephas
2945 623 3095 671 tutus
3146 624 3229 672 est
3291 620 3373 674 sui
3429 627 3672 693 corporis

2097 700 2489 771 magnitudine.
2537 701 2674 757 Nam
2715 704 2861 760 circa
2907 705 3128 761 semitas
3182 707 3524 777 delitescens,
3574 729 3672 783 per

2098 805 2234 860 quas
2293 790 2562 862 elephanti
2626 793 2770 848 soliti
2831 795 3187 865 gradiuntur,
3256 813 3416 852 crura
3483 816 3669 858 eorum

2097 883 2252 937 nodis
2289 883 2481 954 illigat,
2537 899 2601 939 ac
2636 884 2923 942 suﬁ‘ocatos
2985 888 3220 957 perimit.
3277 889 3527 960 Gignitur
3570 907 3668 947 au-

2099 984 2206 1028 tem
2242 975 2294 1029 in
2326 974 2603 1046 Aithiopia
2656 984 2711 1031 et
2759 976 2906 1033 ludia
2959 979 3013 1033 in
3062 980 3179 1049 ipso
3234 980 3484 1038 incendio
3529 983 3673 1055 jugis

2096 1079 2278 1125 astus.
2327 1070 2549 1142 Mystice
2593 1073 2756 1127 draco
2808 1081 2903 1127 aut
2943 1074 3213 1131 diabolum
3259 1077 3547 1149 signiﬁcat,
3580 1089 3675 1137 aut

2095 1161 2374 1218 ministros
2417 1163 2571 1233 ejus,
2618 1165 2702 1220 vel
2748 1166 2913 1220 etiam
2958 1176 3331 1235 persecutores
3377 1170 3671 1240 Ecclesia},

2095 1254 2341 1311 homines
2369 1257 2645 1319 nefandos,
2672 1256 2826 1326 cujus
2850 1259 3164 1330 mysterium
3189 1261 3243 1315 in
3266 1261 3509 1331 pluribus
3536 1264 3671 1323 locis

2095 1342 2391 1415 Scriptura:
2420 1348 2711 1402 invenitur.
2752 1348 2890 1403 Nam
2935 1350 2988 1403 in
3019 1349 3280 1407 Psalterio
3313 1352 3382 1407 de
3412 1353 3515 1410 hoc
3543 1357 3674 1412 scri-

2092 1440 2241 1503 ptum
2278 1443 2389 1499 est,
2444 1443 2500 1490 et
2540 1436 2593 1491 in
2639 1437 2776 1492 libro
2818 1437 2955 1505 Joh,
2993 1455 3094 1496 nec
3132 1442 3322 1497 nonin
3349 1443 3669 1517 Apocalypsi

2091 1522 2338 1583 Joannis.
2368 1528 2610 1598 Denique
2640 1528 2924 1585 Psalmista
2954 1531 3086 1586 dicit
3115 1550 3128 1587 :
3165 1532 3246 1587 Tu
3272 1535 3595 1605 conﬁrmasti
3616 1538 3669 1592 in

2092 1617 2280 1672 uirtute
2307 1628 2397 1675 tua
2425 1636 2590 1685 mare,
2624 1621 2983 1676 contribulasti
3009 1624 3180 1694 capita
3208 1625 3493 1680 draconum
3519 1644 3673 1697 super

2091 1724 2256 1778 aquas
2295 1708 2467 1779 (Psal.
2492 1710 2706 1782 LXXIII).
2743 1710 3098 1768 Conﬁrmavit
3126 1714 3268 1769 enim
3297 1714 3466 1771 Rubri
3502 1718 3670 1771 maris

414 1810 557 1849 rare.
590 1795 657 1849 Et
686 1797 809 1864 quia
838 1794 1022 1851 Iudaea
1066 1795 1269 1850 erroris
1317 1795 1398 1851 sui
1451 1795 1657 1865 laqueis
1687 1804 1840 1865 capta
1890 1812 1989 1866 pro
2017 1800 2063 1859 B
2091 1796 2325 1866 liquidos
2363 1801 2626 1871 abyssos,
2680 1802 2894 1871 quando
2936 1802 2991 1856 in
3035 1802 3243 1859 duobus
3293 1804 3549 1861 lateribus
3593 1808 3672 1862 sic

410 1886 632 1941 Christo
664 1886 1054 1942 Antichristum
1081 1895 1362 1959 exspectat
1390 1907 1403 1942 :
1433 1889 1569 1944 bene
1594 1888 1760 1944 Jacob
1796 1890 1987 1944 eodem

411 1976 531 2031 loco
558 1986 776 2046 repente
797 1976 850 2030 in
874 1977 1163 2034 electorum
1190 1994 1321 2034 voce
1342 1994 1633 2034 conversus
1653 1988 1757 2045 est,
1772 1981 1985 2035 dicens:

413 2068 661 2122 Salutarc
703 2078 850 2124 tuum
877 2072 1184 2141 exspectabo
1210 2111 1225 2136 ,
1273 2070 1491 2124 Domine
1526 2069 1678 2142 (Gen.
1727 2071 1904 2141 xux);
1937 2071 1989 2124 id

409 2168 512 2223 cst,
556 2175 667 2213 non
713 2160 855 2214 sicut
879 2159 1120 2215 inﬁdeles
1142 2160 1533 2217 Antichristum
1554 2202 1568 2225 ,
1602 2161 1695 2216 sed
1724 2176 1867 2223 eum,
1895 2161 1989 2231 qui

412 2251 463 2305 in
493 2250 916 2320 redemptionem
940 2260 1176 2306 nostram
1204 2261 1464 2307 venturus
1482 2261 1585 2317 est,
1607 2267 1793 2306 verum
1828 2252 1989 2306 credo

412 2342 644 2397 ﬁdeliter
672 2341 967 2398 Christum.
1020 2341 1257 2413 Serpens
1304 2353 1485 2399 autem
1520 2359 1713 2398 nomen
1737 2344 1942 2413 accepit
1970 2384 1985 2408 ,

410 2431 534 2498 quia
559 2430 791 2486 occultis
810 2431 1117 2486 accessibus
1142 2431 1341 2501 serpit:
1367 2447 1472 2484 non
1499 2432 1698 2499 apertis
1717 2431 1985 2500 passibus,

410 2526 503 2580 sed
565 2540 912 2595 squamarum
978 2525 1353 2580 minutissimis
1415 2525 1622 2581 nisibus
1683 2525 1838 2594 repit.
1891 2524 1983 2579 Illa

409 2617 625 2673 autem,
674 2624 795 2678 qua:
843 2619 1077 2679 quatuor
1119 2609 1346 2679 pedibus
1390 2610 1669 2675 nituntur,
1722 2610 1862 2663 sicut
1910 2609 1990 2662 la—

409 2697 543 2752 certi
582 2705 640 2750 et
679 2695 989 2762 stelliones,
1025 2712 1134 2751 non
1175 2706 1473 2767 serpentes,
1515 2697 1608 2752 sed
1641 2697 1850 2767 reptilia
1891 2713 1987 2752 no-

410 2786 702 2841 minantur.
735 2785 1025 2858 Serpentes
1055 2797 1233 2843 autem
1269 2789 1477 2858 reptilia
1517 2797 1670 2853 sunt,
1714 2790 1839 2859 quia
1888 2804 1985 2859 pe-

409 2887 559 2935 ctore
604 2886 661 2933 et
703 2888 889 2934 ventre
934 2889 1178 2950 reptant,
1219 2896 1447 2951 quorum
1487 2889 1566 2935 tot
1603 2896 1806 2937 venena
1859 2890 1990 2953 quot

414 2985 649 3040 genera,
710 2978 786 3024 tot
827 2971 1094 3040 pernicies
1138 2982 1269 3041 quot
1326 2972 1572 3042 species,
1627 2982 1705 3027 tot
1772 2973 1986 3028 dolores

409 3069 541 3129 quot
586 3059 795 3114 colores
850 3059 1136 3115 habentur.
1191 3060 1426 3131 Serpens
1478 3069 1657 3116 autem
1714 3061 1985 3116 diabolum

2094 1902 2235 1956 aqua
2277 1887 2447 1943 divisa
2500 1897 2623 1955 est,
2666 1898 2727 1945 ut
2777 1906 2926 1947 mare
2962 1892 3275 1964 navigerum
3327 1894 3431 1949 iter
3469 1894 3673 1952 faceret

2091 1992 2213 2032 esse
2272 1986 2569 2032 terrenum.
2616 1978 2914 2035 Contrivisti
2954 1983 3129 2051 capita
3179 1982 3469 2038 draconum
3516 2002 3674 2056 super

2091 2083 2288 2138 aquas,
2339 2068 2656 2138 mysterium
2689 2070 2984 2139 superioris
3015 2072 3259 2126 miraculi
3295 2073 3547 2128 decenter
3573 2089 3671 2128 ex-

2091 2157 2242 2224 ponit
2275 2175 2287 2209 :
2319 2157 2443 2225 quia
2496 2156 2586 2211 illa
2637 2158 2996 2231 praeﬁguratio
3025 2161 3285 2217 transitus
3310 2163 3477 2218 maris
3501 2163 3669 2218 Rubri

2091 2262 2262 2317 aquas
2286 2248 2458 2302 sancti
2490 2249 2827 2317 baptismatis
2871 2251 3144 2306 indicabat
3166 2292 3180 2318 ,
3226 2253 3316 2307 ubi
3345 2253 3520 2323 capita
3548 2254 3671 2309 dra-

2091 2350 2307 2401 conum,
2351 2337 2405 2392 id
2444 2345 2560 2402 est,
2621 2338 2841 2408 spiritus
2873 2339 3267 2397 immundorum
3306 2343 3674 2413 producuntur

2091 2424 2159 2479 ad
2204 2424 2430 2480 nihilum
2457 2468 2473 2492 ,
2524 2428 2739 2496 quando
2784 2430 2994 2485 animas
3017 2470 3034 2497 ,
3062 2447 3196 2501 quas
3223 2433 3300 2487 illi
3325 2442 3668 2504 peccatorum

2092 2516 2342 2571 sordibus
2377 2518 2699 2588 inquinant,
2750 2519 2872 2575 fons
2907 2520 3162 2577 salutaris
3202 2523 3665 2593 emundatuQuod

2091 2616 2270 2663 autem
2304 2608 2519 2663 additur
2549 2625 2563 2664 :
2593 2609 2671 2664 Tu
2701 2611 2998 2683 corfregisti
3027 2622 3179 2684 caput
3208 2613 3449 2669 draconis
3474 2616 3670 2688 magni,

2092 2705 2145 2751 et
2170 2693 2363 2752 caetera
2393 2696 2613 2772 (Ibid.);
2645 2715 2768 2755 cum
2812 2700 3060 2771 superius
3100 2700 3295 2756 dixerit
3332 2702 3524 2772 plurali
3566 2720 3670 2759 nu-

2092 2804 2262 2852 mero,
2311 2791 2483 2859 capita
2511 2790 2816 2856 draconum,
2847 2790 3152 2863 signiﬁcare
3187 2791 3371 2848 volens
3397 2794 3667 2864 nequitias

2092 2882 2365 2953 spiritales
2399 2901 2412 2937 :
2448 2883 2606 2937 modo
2631 2882 2889 2953 singulari
2921 2898 3145 2939 numero
3184 2885 3334 2954 ponit
3358 2885 3667 2949 draconem,

2097 2980 2158 3026 ut
2185 2971 2359 3041 ipsum
2384 2972 2548 3027 Satan
2578 2973 2818 3028 indicare
2843 2973 3117 3040 videatur,
3147 2975 3240 3044 qui
3269 2984 3529 3045 quantum
3562 2976 3672 3032 for-

2097 3062 2241 3127 tior,
2290 3057 2500 3116 tantum
2552 3063 2824 3133 nequior:
2857 3072 2913 3119 et
2956 3079 3082 3120 cum
3135 3064 3393 3135 singulari
3446 3082 3672 3122 numero

409 3150 711 3221 signiﬁcat,
750 3158 809 3204 ut
845 3158 931 3205 est
972 3151 1098 3205 illud
1128 3152 1184 3207 in
1214 3150 1410 3208 Genesi
1442 3167 1456 3205 :
1491 3151 1711 3223 Serpens
1745 3162 1857 3208 erat
1886 3153 1992 3206 σαι·
2017 3144 2066 3210 C
2096 3155 2334 3225 ponitur,
2382 3156 2523 3211 inter
2563 3156 2830 3228 malignos
2876 3159 3101 3228 Spiritus
3153 3159 3403 3215 habitare
3455 3161 3673 3232 penitus

406 3238 569 3293 lidior
595 3240 797 3295 cunctis
825 3242 1179 3295 animantibus
1216 3252 1370 3296 terra:
1399 3241 1550 3315 (Gen.
1585 3242 1698 3313 m);
1750 3251 1845 3297 aut
1880 3258 1996 3298 ma-

407 3326 614 3385 litiosos
666 3331 914 3387 homines
959 3342 1122 3402 atque
1174 3333 1458 3389 haereticos
1485 3374 1500 3399 ,
1532 3334 1598 3389 de
1622 3335 1818 3403 quibus
1844 3334 1998 3389 Psal-

406 3426 567 3480 mista
599 3426 677 3480 ait
707 3443 722 3479 :
752 3426 1016 3480 Acuerunt
1055 3426 1262 3497 linguas
1297 3443 1423 3481 suas
1451 3467 1466 3492 ,
1513 3427 1645 3481 sicut
1687 3436 1944 3497 serpentes
1973 3439 1992 3478 :

405 3531 655 3569 venenum
699 3516 939 3586 aspiciunt
968 3514 1063 3570 sub
1089 3514 1243 3570 labiis
1271 3532 1449 3570 eorum
1480 3514 1651 3587 (Psal.
1700 3515 1841 3587 xm).
1870 3514 1996 3570 Pul-

406 3605 540 3660 chre
574 3605 662 3661 hic
687 3606 888 3660 malitia
918 3607 1320 3674 haereticorum,
1352 3606 1611 3675 dolusque
1647 3605 1989 3662 describitur.

406 3695 625 3768 Linguae
651 3699 795 3752 enim
820 3697 987 3753 verba
1014 3698 1321 3768 signiﬁcant
1349 3739 1363 3763 ,
1402 3714 1522 3769 quae
1570 3698 1824 3769 nequitia:
1856 3698 1992 3754 coti-

406 3788 507 3844 bus
533 3789 769 3857 expolita
798 3788 1082 3844 vulnerare
1104 3790 1434 3845 contendunt
1453 3791 1613 3846 corda
1642 3790 1986 3861 simplicium.

407 3874 537 3944 Quae
564 3878 760 3933 merito
804 3880 1146 3951 serpentibus
1196 3890 1546 3951 exmquantur
1578 3882 1745 3952 :quia
1781 3897 1989 3937 sermo-

407 3969 568 4024 nibus
615 3970 729 4024 suis
771 3971 921 4025 virus
970 3980 1246 4026 evomunt.
1291 3972 1445 4028 Unde
1481 3972 1658 4028 surdis
1714 3972 1991 4041 aspidibus

408 4068 810 4128 comparantur.
865 4061 981 4116 Tali
1028 4063 1173 4117 enim
1206 4065 1480 4133 proposito
1527 4063 1892 4125 contendunt,
1933 4070 1991 4116 ut

406 4150 702 4217 pertinacia
747 4153 946 4207 mentis
972 4168 1248 4223 nunquam
1281 4154 1449 4209 velint
1490 4170 1522 4209 a
1556 4154 1784 4209 veritate
1833 4168 1987 4222 snpe-

410 4256 464 4292 ra
476 4239 539 4293 ri.
566 4239 699 4295 Item
724 4241 778 4295 in
805 4242 965 4297 aliam
997 4251 1209 4313 partem
1234 4245 1499 4315 serpentis
1529 4243 1851 4312 signiﬁcatio
1876 4252 1988 4298 tra-

406 4331 595 4397 bitur,
651 4343 711 4387 ut
758 4342 845 4389 est
893 4333 1023 4391 illud
1064 4335 1119 4389 in
1169 4336 1460 4407 Evangelio
1504 4354 1517 4388 :
1568 4334 1713 4390 Sicut
1741 4335 1987 4390 exaltabit

411 4421 616 4492 Moyses
648 4434 935 4494 serpentem
985 4426 1040 4480 in
1090 4426 1292 4481 deserto
1334 4443 1352 4481 :
1392 4428 1466 4482 ita
1521 4427 1743 4482 exaltari
1784 4436 1983 4498 oportet

2097 3248 2415 3317 abnegatur.
2445 3247 2790 3305 Confraetum
2817 3260 2901 3305 est
2925 3251 3068 3305 enim
3102 3260 3265 3322 caput
3293 3253 3428 3323 ejus,
3455 3255 3671 3324 quando

2096 3338 2346 3407 superbia
2370 3336 2487 3406 ejus
2515 3339 2582 3395 de
2609 3339 2747 3394 caalo
2769 3337 2939 3408 ejecta
2967 3349 3052 3395 est
3075 3381 3091 3407 ,
3116 3350 3173 3397 et
3199 3342 3434 3397 nativam
3455 3343 3673 3399 clarita-

2098 3435 2205 3483 tem
2231 3428 2465 3484 retinere
2490 3445 2595 3485 non
2621 3430 2842 3495 meruit,
2888 3430 2980 3500 qui
3026 3446 3086 3486 se
3134 3430 3435 3487 voluntaria
3478 3432 3671 3488 obscu-

2096 3519 2256 3573 ritate
2300 3518 2608 3575 maculavit.
2652 3518 2870 3574 Addidit
2921 3535 2935 3573 :
2976 3519 3177 3575 Dedisti
3222 3538 3342 3575 eum
3386 3522 3444 3577 in
3496 3538 3668 3576 escam

2094 3609 2282 3679 papula
2313 3609 2638 3680 Ethiopnm.
2664 3608 2947 3680 EthiOpes
2974 3612 3110 3667 bene
3135 3620 3449 3683 peccatores
3475 3614 3666 3669 adver—

2096 3699 2281 3764 timus,
2312 3700 2400 3769 qui
2431 3708 2554 3754 ante
2578 3700 2798 3755 fuerunt
2826 3701 3109 3757 tenebrosa
3140 3710 3322 3757 mente
3359 3703 3619 3757 teterrimi
3644 3742 3660 3768 ,

2094 3791 2187 3845 sed
2217 3791 2282 3845 ad
2308 3791 2478 3845 Deum
2519 3790 2766 3845 conversi
2797 3806 2920 3846 eum
2944 3800 3204 3861 ceperunt
3233 3808 3412 3848 escam
3443 3792 3664 3856 habere,

2093 3900 2215 3939 eum
2257 3885 2323 3939 de
2350 3885 2467 3955 ejus
2510 3883 2845 3939 detractione
2881 3884 3166 3938 satiantur.
3227 3883 3361 3938 Nam
3403 3884 3668 3953 hodieque

2092 3990 2250 4044 quem
2308 3975 2600 4044 pessimum
2654 3973 2880 4044 intelligi
2931 3972 3204 4038 volumus,
3262 3972 3531 4027 diabolum
3577 3989 3667 4030 no-

2092 4064 2381 4117 minamus.
2412 4062 2671 4118 Omnibus
2698 4062 2841 4115 enim
2865 4060 3036 4129 culpis
3059 4059 3367 4116 exsuﬂlator
3393 4061 3664 4127 admissis,

2090 4152 2256 4206 totius
2288 4161 2477 4207 auctor
2502 4161 2586 4206 est
2606 4151 2825 4215 erroris,
2869 4158 2924 4203 et
2948 4150 3086 4204 sicut
3116 4149 3204 4203 ille
3226 4148 3564 4204 Christianos
3591 4150 3669 4205 in-

2089 4242 2370 4309 sequitur:
2403 4242 2479 4294 ita
2520 4242 2588 4294 ah
2613 4240 2864 4293 omnibus
2897 4238 3217 4293 exsecrabili
3256 4254 3441 4294 errore
3466 4239 3667 4295 discer-

2087 4330 2257 4400 pitur.
2311 4329 2401 4383 Sic
2440 4329 2518 4394 tit,
2562 4338 2621 4382 ut
2654 4329 2743 4397 qui
2773 4328 2995 4399 paganis
3021 4337 3145 4382 ante
3168 4328 3490 4383 venerabilis
3520 4344 3665 4384 nunc

2088 4436 2118 4475 a
2153 4418 2482 4475 Christianis
2533 4419 2929 4474 detractionum
2988 4418 3258 4473 morsibus
3324 4420 3662 4474 corrodatur.

412 4507 607 4565 Filium
636 4492 859 4569 hominis
884 4554 900 4577 ,
953 4523 1011 4569 ut
1062 4515 1232 4571 omnis
1258 4516 1347 4586 qui
1375 4516 1533 4570 credit
1564 4517 1619 4571 in
1645 4492 1829 4581 illum,
1878 4534 1980 4572 non
2005 4492 2061 4554 Β
2087 4510 2213 4566 Sive
2261 4510 2509 4565 conversi
2557 4510 2671 4581 jam
2738 4508 2920 4565 ﬁdeles
2965 4524 3144 4565 escam
3193 4518 3421 4581 possunt
3464 4511 3666 4567 habere

406 4609 578 4665 pereat
603 4640 618 4664 ,
669 4602 762 4656 sed
796 4603 984 4658 habeat
1032 4606 1193 4659 vitam
1242 4614 1488 4662 (sternam
1533 4607 1714 4680 (Joan.
1764 4608 1869 4679 ιιι).
1905 4608 1981 4664 Ibi

408 4687 549 4741 enim
584 4690 853 4761 signiﬁcat
889 4709 1114 4765 serpens
1138 4704 1365 4752 mortem
1412 4697 1611 4753 Christi
1643 4714 1764 4768 quae
1807 4699 1983 4755 salva-

408 4779 485 4832 vit
513 4796 678 4851 genus
707 4785 1021 4853 humanum,
1065 4789 1207 4858 quod
1231 4789 1429 4843 astutia
1464 4792 1730 4859 serpentis
1775 4790 1982 4860 antiqui

411 4872 643 4942 maligna
690 4876 943 4930 suasione
975 4875 1148 4932 salute
1201 4892 1232 4931 a
1277 4878 1552 4934 conditore
1590 4888 1841 4949 percepta
1865 4880 1980 4950 pri-

411 4966 572 5021 vavit.
625 4967 836 5035 Draco,
886 4971 1061 5041 major
1109 4978 1425 5027 cunctorum
1484 4970 1815 5040 serpentium
1868 4970 1981 5024 sive

410 5058 646 5113 omnium
677 5060 1031 5117 animantium
1056 5077 1220 5133 super
1250 5068 1472 5118 terram.
1496 5060 1650 5116 Hunc
1669 5060 1842 5116 Graeci
1865 5060 1985 5115 dra-

411 5156 564 5203 conta
610 5162 828 5206 vocant.
877 5150 1031 5208 Unde
1076 5152 1372 5208 derivatum
1411 5161 1493 5207 est
1528 5152 1582 5206 in
1621 5152 1896 5218 Latinum,
1923 5161 1983 5207 ut

410 5234 570 5291 draco
601 5238 893 5295 dicta-etum
942 5241 1043 5309 Qui
1087 5255 1228 5310 saepe
1263 5242 1331 5296 ab
1363 5241 1633 5312 speluncis
1679 5242 1982 5297 abstractus

409 5327 579 5383 fertur
604 5329 659 5385 in
689 5345 913 5397 aerem,
960 5333 1370 5401 concitaturque
1420 5340 1642 5403 propter
1686 5347 1808 5386 eum
1864 5348 1977 5387 aer.

408 5420 502 5475 Est
543 5429 722 5478 autem
775 5425 1058 5489 cristatus,
1092 5439 1188 5480 ore
1233 5438 1421 5495 parvo,
1455 5432 1510 5478 et
1548 5423 1714 5478 arctis
1744 5422 1938 5478 ﬁstulis
1963 5463 1978 5488 ,

406 5525 502 5579 per
544 5525 683 5582 quas
718 5514 886 5569 trahit
927 5515 1176 5585 spiritum
1201 5557 1216 5579 ,
1268 5523 1324 5571 et
1357 5514 1594 5586 linguam
1623 5516 1814 5570 exerit.
1862 5513 1983 5569 Vim

406 5612 584 5657 autem
614 5618 720 5657 non
750 5604 802 5658 in
832 5606 1100 5670 dentibus,
1132 5608 1227 5662 sed
1258 5607 1311 5660 in
1342 5608 1511 5663 cauda
1553 5607 1743 5673 habet,
1773 5615 1829 5662 et
1872 5623 1985 5662 ver-

408 5691 535 5749 bere
562 5696 741 5763 potius
773 5712 934 5766 quam
975 5698 1113 5753 rictu
1165 5708 1340 5755 nocet.
1382 5698 1636 5755 lnnoxins
1684 5708 1861 5755 autem
1903 5709 1987 5755 est

2086 4603 2356 4659 diabolum
2383 4644 2398 4669 ,
2456 4602 2671 4672 quando
2718 4617 2813 4672 per
2864 4602 3030 4672 ipsius
3074 4603 3505 4659 machinamenta
3551 4613 3665 4659 ten-

2086 4695 2422 4763 tationesque
2481 4692 2792 4763 proﬁciunt.
2860 4691 2982 4762 Ipso
3045 4694 3190 4749 enim
3253 4690 3612 4765 persequente
3646 4735 3661 4757 ,

2084 4794 2351 4858 martyres
2390 4785 2527 4840 ﬁunt
2560 4803 2572 4838 :
2607 4784 2723 4855 ipso
2763 4783 3030 4855 afﬁigenle
3059 4826 3074 4850 ,
3120 4786 3395 4856 patientia:
3441 4799 3665 4840 munere

2086 4888 2433 4934 coronantur.
2488 4876 2825 4946 Quapropter
2882 4876 3080 4933 merito
3151 4868 3396 4931 diabolus
3448 4875 3659 4929 illorum

2085 4983 2209 5022 esea
2247 4966 2468 5032 dicitur,
2517 4980 2654 5036 quos
2699 4964 3102 5036 fatigationibus
3149 4963 3357 5018 crebris
3412 4963 3479 5016 ad
3520 4961 3665 5015 desi—

2085 5060 2233 5114 deria
2272 5059 2461 5113 nociva
2492 5057 2758 5126 perducit.
2795 5057 2954 5127 Aspis
2974 5063 3220 5120 vocatur,
3278 5052 3421 5122 quod
3478 5067 3662 5107 morsu

2084 5164 2292 5204 venena
2337 5148 2598 5202 immittat
2638 5155 2694 5200 et
2730 5153 2966 5216 spargat.
3013 5145 3098 5199 los
3129 5143 3271 5198 enim
3302 5140 3475 5196 Graeci
3500 5156 3663 5196 vene-

2086 5255 2212 5293 num
2259 5245 2497 5292 vocant:
2553 5246 2608 5292 et
2637 5237 2761 5291 inde
2790 5237 2949 5306 aspis,
3001 5234 3142 5303 quod
3174 5248 3355 5288 morsu
3397 5242 3659 5288 venenato

2086 5330 2380 5384 interimat.
2411 5325 2578 5396 Hujus
2599 5326 2811 5381 diversa
2837 5340 3030 5395 genera
3054 5332 3109 5378 et
3143 5323 3370 5394 species,
3402 5329 3458 5378 et
3476 5322 3663 5392 dispar

2085 5420 2307 5475 eifectus
2336 5417 2402 5471 ad
2426 5416 2745 5470 nocendum.
2775 5414 2969 5469 Fertur
2992 5422 3169 5468 autem
3196 5413 3341 5483 aspis
3368 5426 3489 5469 cum
3513 5427 3664 5483 cepe-

2086 5509 2159 5563 rit
2185 5507 2294 5577 pati
2325 5509 2717 5560 incantatorem
2737 5544 2752 5569 ,
2790 5503 2880 5572 qui
2906 5518 3026 5557 eam
3056 5504 3380 5572 quibusdam
3409 5502 3663 5560 carmini-

2087 5600 2187 5654 bus
2215 5596 2444 5667 propriis
2493 5601 2704 5657 evocat,
2744 5602 2805 5647 ut
2849 5608 2967 5648 eam
2994 5592 3317 5649 decaverna
3356 5594 3619 5666 producat
3645 5633 3659 5646 .

2092 5695 2176 5750 illa
2206 5708 2326 5747 eum
2354 5689 2503 5744 exire
2556 5686 2806 5753 noluerit,
2832 5703 2994 5743 unam
3020 5704 3205 5743 aurem
3228 5687 3283 5743 in
3307 5696 3507 5744 terram
3536 5699 3665 5757 pre-
