4072 6198
419 290 516 347 ξω

1111 277 1172 334 Β.
1214 276 1468 333 ΒΑΒΑΝΙ
1504 274 1724 332 MAURI
1762 271 1983 332 ARCHll

2128 272 2739 345 ΜΟΟυΝΤηΟΡΕΚυΜ
2766 271 2945 328 PARS
2981 271 3043 326 ll.

3588 277 3695 338 2ῧέ

414 394 536 459 mit,
560 391 787 447 alteram
812 389 985 446 cauda
1013 389 1233 445 obturat
1261 398 1318 445 et
1338 391 1534 458 operit,
1571 398 1734 459 atque
1777 387 1852 442 ita
1904 400 1995 441 vo-
2023 392 2071 449 Α
2100 394 2206 451 est,
2230 385 2356 442 dum
2386 384 2598 442 occulte
2622 384 2858 456 perimit.
2892 382 3204 449 Basiliscus,
3236 398 3359 441 cum
3387 384 3569 454 palam
3596 400 3687 441 ve-

415 498 506 540 res
526 482 645 538 illas
673 481 909 554 magicas
942 496 1049 534 non
1078 480 1304 535 audiens
1343 496 1450 535 non
1480 480 1593 533 exit
1619 480 1686 535 ad
1716 480 1995 534 incantan-

414 582 543 630 tem.
581 576 655 630 De
682 590 788 643 quo
810 574 941 629 dicit
984 573 1270 629 Psalmista
1296 591 1308 626 :
1351 571 1446 626 Ira
1476 571 1583 626 illis
1608 572 1894 627 secundum
1925 573 1998 626 si-

414 664 760 719 militudinem
783 665 1055 734 serpentis,
1080 664 1214 717 sicut
1238 661 1434 733 aspidis
1458 661 1634 715 surda:
1662 671 1710 716 et
1748 661 1997 716 obturan-

384 777 388 782 '
411 759 476 812 tis
506 774 656 813 aures
687 774 833 821 suas,
860 773 976 827 quae
1004 772 1108 809 non
1129 753 1371 809 exaudiet
1396 769 1568 807 vocem
1593 752 1992 816 incantantium,

410 860 456 902 et
491 849 761 918 veneﬁcia,
788 864 905 918 qua:
938 848 1277 900 incantantur
1299 862 1331 898 a
1375 844 1609 914 sapiente
1638 841 1811 914 ('Psal.
1840 843 1994 914 Lvn).

412 940 528 1006 Quo
556 949 806 1008 serpente
835 938 910 991 ira
935 934 1242 991 .ludaaorum
1268 949 1367 1004 per
1393 931 1798 989 similitudinem
1837 932 1998 987 nimis

408 1033 739 1102 aptissimam
761 1028 1037 1085 dillinitur.
1063 1026 1468 1082 Obstinatorum
1490 1024 1689 1095 quippe
1714 1023 1994 1078 hominum

410 1124 487 1176 ira
518 1120 886 1177 irrevocabilis
930 1126 1013 1174 est
1040 1159 1055 1183 ,
1092 1118 1183 1188 qui
1214 1130 1281 1171 ne
1310 1114 1619 1171 docentium
1657 1112 1997 1185 praedicatio-

408 1226 501 1264 nes
537 1210 849 1275 exaudiant,
892 1215 1188 1279 procurant
1232 1206 1333 1262 sibi
1360 1205 1718 1261 voluntariam
1764 1202 1998 1260 surdita-

408 1311 534 1355 tem.
581 1298 678 1355 Cui
707 1301 847 1355 malo
875 1298 1204 1355 consuetudo
1232 1297 1434 1367 aspidis
1468 1304 1830 1366 comparatur,
1877 1309 1997 1365 qua:

408 1410 472 1447 ne
500 1393 663 1448 verba
695 1391 1021 1446 incantantis
1066 1389 1351 1453 exaudiat,
1378 1400 1613 1457 suasque
1639 1386 1877 1441 latebras
1903 1385 1997 1441 de-

411 1485 694 1554 relinquat,
737 1500 898 1538 unam
945 1498 1130 1537 aurem
1173 1480 1358 1537 caudae
1395 1496 1506 1535 suae
1535 1478 1821 1534 inﬂexione
1857 1478 1994 1534 dici-

407 1587 494 1630 tur
541 1578 817 1640 obturare,
868 1575 1093 1629 alteram
1146 1588 1275 1628 vero
1328 1572 1380 1627 in
1420 1581 1619 1628 terram
1670 1570 1990 1641 deprimere.

404 1665 499 1719 Cui
534 1665 726 1719 merito
751 1664 919 1719 Judaei
946 1662 1243 1732 comparati
1269 1668 1412 1726 sunt,
1434 1660 1550 1730 qui,
1572 1658 1753 1715 cordis
1774 1658 1994 1715 auribus

2101 490 2242 533 neua
2267 476 2603 533 disseminat.
2634 477 2765 543 Leo,
2806 477 2938 533 dum
2973 476 3319 547 persequitur
3346 476 3681 534 innocentes.

2101 566 2297 632 Draco,
2330 581 2456 622 cum
2496 566 2828 640 negligentes
2882 567 3045 637 impia
3095 566 3391 622 voracitate
3439 567 3684 639 deglutit.

2100 656 2300 712 Verum
2345 657 2463 712 ham
2509 657 2691 712 omnia
2727 657 2780 712 in
2811 657 3047 728 glorioso
3092 658 3323 713 adventu
3351 656 3565 713 Domini
3591 672 3690 731 pe-

2098 747 2257 803 dibus
2291 748 2461 818 ipsius
2490 758 2766 821 prostrata
2796 748 3105 820 iacuerunt.
3159 749 3317 807 Solus
3365 767 3513 808 emm
3571 762 3684 810 tam

2098 837 2304 894 ferocia
2345 838 2517 896 valuit
2550 840 2808 905 subdere,
2837 840 2932 910 qui
2960 839 3109 896 Patri
3137 850 3440 897 coaeternus
3471 850 3528 898 et
3556 858 3685 899 con-

2099 928 2473 986 substantialis
2499 933 2797 987 secundum
2838 932 3175 988 divinitatem
3204 934 3466 1004 probatur
3491 936 3685 991 existe-

2098 1032 2177 1073 re.
2225 1017 2353 1074 Hinc
2396 1021 2443 1075 si
2490 1020 2774 1092 diligenter
2825 1031 3133 1079 sanctorum
3178 1032 3389 1094 patrum
3425 1027 3685 1097 pradica-

2099 1107 2244 1164 tione
2279 1118 2603 1175 traCtemus,
2663 1128 2764 1168 nec
2815 1113 2993 1184 aliqua
3053 1116 3381 1171 dementiam
3427 1118 3681 1174 haeretica

2096 1200 2367 1269 pravitate
2415 1202 2697 1257 turbemur
2729 1222 2742 1257 :
2776 1213 2834 1259 et
2868 1205 3048 1260 omnia
3104 1207 3260 1262 nobis
3288 1247 3304 1272 ,
3360 1208 3505 1264 sicut
3536 1210 3680 1265 dicta

2096 1299 2264 1357 sunt,
2295 1291 2540 1347 absoluta
2567 1294 2797 1350 veritate
2823 1297 3169 1351 constabunt.
3203 1295 3431 1367 Scorpio
3480 1300 3681 1354 vermis

2097 1388 2369 1448 terrenus,
2410 1382 2505 1452 qui
2556 1383 2738 1452 potius
2768 1385 3044 1440 vermibus
3083 1393 3320 1456 aptatur.
3351 1386 3564 1441 Animal
3592 1404 3681 1441 ar-

2096 1482 2302 1529 matum
2376 1474 2565 1529 aculeo
2621 1483 2677 1529 et
2734 1491 2801 1531 ex
2852 1491 2918 1531 eo
2971 1476 3162 1532 Graece
3229 1487 3478 1533 vocatum
3546 1487 3630 1535 est
3661 1519 3675 1544 ,

2094 1562 2240 1631 quod
2306 1563 2477 1617 cauda
2524 1563 2698 1636 ﬁgat,
2764 1575 2987 1620 arcuato
3041 1565 3265 1621 vulnere
3324 1582 3530 1624 venena
3581 1569 3682 1624 dif-

2095 1654 2306 1710 fundat.
2372 1656 2657 1726 Proprium
2723 1666 2809 1715 est
2875 1670 3056 1715 autem
3120 1659 3457 1728 scorpionis,
3534 1662 3679 1729 quod

404 1758 702 1821 obturatis,
736 1766 936 1811 sanctas
986 1756 1281 1825 Scripturze
1310 1754 1497 1822 audire
1529 1752 1820 1808 noluerunt
1844 1752 1993 1806 salu-
2024 1760 2071 1818 Β
2099 1762 2291 1802 manus
2327 1746 2561 1817 palmam
2601 1764 2708 1803 non
2756 1747 2936 1805 feriat.
2994 1750 3222 1820 Scorpio
3276 1751 3549 1806 diabolum
3605 1753 3681 1806 si-

404 1849 692 1903 berrinsam
717 1847 1036 1918 iussionem.
1056 1846 1327 1901 Obturare
1355 1847 1498 1902 enim
1529 1861 1559 1900 a
1613 1845 1984 1901 sacerdotibus

403 1947 636 1992 tractum
656 1947 764 2003 est,
798 1938 890 2008 qui
920 1950 1079 1992 aures
1106 1951 1233 1991 suas
1258 1944 1379 1991 ture
1404 1936 1705 2006 replebant,
1737 1951 1805 1991 ne
1834 1950 1985 2005 pere-

404 2031 574 2101 grinis
639 2030 814 2085 verbis
879 2027 1337 2084 intercedentibus
1388 2026 1612 2082 confusa
1674 2026 1982 2081 carminum

408 2122 669 2177 memoria
694 2121 1022 2177 turbaretur.
1052 2120 1214 2190 Dipsa
1232 2134 1404 2190 genus
1426 2118 1649 2188 aspidis,
1672 2118 1762 2189 qni
1792 2115 1984 2174 Latine

405 2211 563 2265 situla
591 2211 985 2281 diciturtquia
1041 2226 1202 2281 quem
1251 2208 1623 2272 momorderit,
1675 2208 1763 2263 siti
1818 2208 1979 2279 perit.

404 2301 664 2373 Hypnalis
693 2318 864 2375 genus
916 2302 1139 2373 aspidis,
1193 2302 1337 2373 quod
1388 2316 1577 2357 somno
1618 2310 1797 2356 necat.
1831 2299 1984 2356 Hanc

400 2393 505 2447 sibi
530 2391 814 2462 Cleopatra
839 2392 1091 2463 apposuit
1112 2401 1167 2446 et
1196 2391 1269 2446 ita
1300 2399 1475 2446 morte
1500 2390 1655 2460 quasi
1680 2405 1869 2447 somno
1895 2406 1984 2446 so-

402 2482 511 2536 luta
532 2493 634 2537 est.
656 2481 1018 2538 Haemorrhois
1043 2482 1187 2551 aspis
1214 2487 1572 2550 nuncupatur,
1591 2478 1733 2550 quod
1758 2480 1982 2551 sangui-

402 2590 525 2629 nem
550 2576 724 2641 sudet,
754 2575 843 2644 qui
884 2574 951 2629 ab
977 2588 1041 2629 eo
1072 2588 1284 2628 morsus
1331 2572 1493 2627 fuerit
1519 2589 1531 2625 :
1566 2572 1641 2625 ita
1663 2574 1724 2626 ut
1751 2571 1984 2628 dissolu-

403 2668 472 2723 tis
494 2669 664 2735 vcnis,
696 2667 955 2738 quidquid
977 2667 1103 2722 vitae
1136 2676 1245 2733 est,
1274 2681 1371 2738 per
1397 2666 1711 2738 sanguinem
1738 2675 1976 2722 evomat.

397 2757 586 2815 Grmce
636 2761 780 2815 enim
838 2760 1059 2831 sanguis
1100 2759 1271 2814 bzcma
1321 2759 1537 2814 dicitur.
1572 2757 1807 2814 Praester
1836 2761 1981 2831 aspis

2086 1837 2311 1907 gnificat
2353 1839 2437 1894 vel
2489 1840 2788 1895 ministros.
2840 1840 2993 1896 Unde
3043 1850 3127 1896 est
3173 1840 3301 1896 illud
3336 1841 3675 1897 Dominicum

2086 1928 2139 1982 in
2178 1928 2467 2000 Evangelia
2509 1948 2522 1984 :
2563 1930 2701 1986 Ecce
2726 1972 2742 1998 ,
2787 1932 3003 2003 inquit,
3049 1933 3171 1988 dedi
3238 1933 3378 1988 vobis
3446 1946 3674 2003 potesta-

2085 2030 2187 2077 tem
2236 2023 2478 2077 calcandi
2530 2040 2688 2094 super
2727 2035 2988 2095 serpentes
3041 2036 3090 2080 et
3141 2026 3437 2096 scorpiones
3488 2038 3535 2080 et
3588 2046 3677 2081 su-

2081 2129 2176 2182 per
2211 2128 2413 2168 omnem
2442 2115 2681 2169 virtutem
2709 2116 2909 2171 inimici
2940 2116 3091 2189 (Luc.
3140 2119 3220 2190 χ.)
3268 2117 3406 2174 Nam
3455 2129 3512 2174 et
3549 2120 3675 2176 alibi

2092 2202 2351 2259 Dominus
2393 2204 2446 2259 in
2473 2205 2766 2276 Evangelia
2804 2208 2881 2261 ait
2907 2225 2921 2260 :
2947 2207 3078 2275 Quis
3117 2210 3254 2263 enim
3294 2222 3367 2265 est
3408 2228 3474 2265 ea:
3511 2214 3673 2276 vobis,

2092 2309 2245 2364 quem
2277 2295 2324 2348 si
2356 2298 2557 2365 petierit
2585 2297 2728 2358 ﬁlius
2760 2315 2889 2354 suus
2922 2316 3131 2370 panem,
3168 2304 3403 2373 nunquid
3446 2303 3673 2374 lapidem

2082 2384 2230 2439 dabit
2267 2386 2389 2441 illi?
2416 2386 2518 2441 Aut
2554 2390 2601 2443 si
2642 2389 2847 2459 petierit
2878 2408 3051 2459 ovum,
3095 2394 3331 2464 nunquid
3370 2396 3597 2466 porriget
3625 2397 3675 2452 ei

2092 2479 2451 2548 scorpionem?
2479 2483 2581 2534 Aut
2622 2481 2669 2536 si
2705 2483 2897 2552 piscem
2942 2486 3089 2554 petit,
3112 2486 3356 2557 nunquid
3383 2497 3674 2559 serpentem

2082 2569 2229 2623 dabit
2259 2569 2381 2624 illi?
2409 2569 2561 2643 (Luc.
2589 2571 2688 2646 xl).
2716 2572 2842 2628 Tria
2881 2583 3006 2630 sunt
3035 2576 3192 2631 nobis
3222 2577 3456 2633 maxime
3485 2594 3675 2635 ncces-

2082 2662 2315 2729 saria,id
2342 2670 2443 2729 cst,
2473 2662 2628 2730 ﬁdes,
2656 2680 2799 2735 spes,
2819 2667 3059 2723 Charitas
3081 2686 3094 2720 :
3119 2668 3273 2734 ﬁdes,
3306 2680 3365 2725 ut
3388 2678 3536 2726 recte
3554 2686 3672 2726 cre-

2082 2754 2313 2810 damus:
2347 2769 2494 2824 spes,
2534 2764 2595 2809 ut
2650 2771 2865 2827 semper
2910 2773 3031 2813 cum
3082 2759 3223 2814 bona
3264 2761 3527 2832 patientia
3572 2761 3671 2819 Dei

398 2865 613 2923 semper
636 2868 729 2909 ore
757 2853 966 2923 patenti
1000 2861 1055 2907 et
1096 2852 1381 2922 vaporanti
1418 2852 1609 2916 currit,
1640 2850 1792 2921 cujus
1818 2861 1977 2923 poeta
2079 2846 2454 2917 prmstolemur
2506 2850 2771 2919 promissa
2809 2869 2821 2905 :
2865 2852 3105 2909 Charitas
3129 2894 3144 2920 ,
3192 2863 3252 2909 ut
3304 2856 3491 2912 sedulo
3542 2873 3666 2914 eum

397 2941 477 2998 sic
538 2942 785 2997 meminit
823 2941 1079 3013 :Oraque
1135 2941 1433 2996 distendens
1481 2942 1664 3012 avidas
1718 2942 1979 3013 fumantia
2079 2937 2368 3008 diligamus
2418 2956 2485 2994 ex
2529 2949 2641 2996 toto
2679 2942 2873 3010 corde,
2916 2951 3025 2999 tota
3057 2955 3262 3013 mente,
3303 2955 3415 3003 tota
3443 2948 3664 3013 virtute,

395 3043 631 3102 pra‘stet‘.
677 3033 778 3089 l-‘lic
811 3050 972 3106 quem
1009 3034 1340 3105 percusserit
1369 3033 1713 3099 distenditur,
1742 3034 1979 3089 euormi-
2078 3036 2135 3082 el
2163 3030 2442 3099 proximos
2480 3040 2719 3098 HOSU‘OS.
2759 3033 2899 3089 Sicut
2934 3036 3314 3107 ηοεωθιίρεοε.
3349 3037 3407 3094 1n
3444 3038 3547 3095 ﬁde
3583 3041 3668 3110 pi-

398 3140 503 3192 que
529 3125 869 3195 corpulentia
899 3133 1143 3181 necatur.
1185 3122 1549 3179 Exuberatum
1578 3124 1722 3179 enim
1747 3123 1977 3195 putredo
2005 3121 2050 3183 C
2082 3119 2188 3175 scis
2222 3120 2489 3192 Signatur,
2533 3123 2587 3177 in
2628 3138 2723 3194 spe
2750 3139 2931 3190 ovum,
2983 3126 3038 3181 in
3076 3128 3343 3185 charitate
3388 3131 3546 3202 panis
3572 3150 3584 3185 :
3613 3143 3672 3189 et

396 3215 662 3284 sequitur.
699 3214 833 3283 Seps
866 3215 1113 3269 tabiﬁcus
1154 3215 1319 3283 aspis,
1347 3215 1439 3284 qui
1470 3215 1596 3269 dum
1628 3216 1982 3272 momorderit

399 3300 692 3370 hominem,
727 3307 907 3360 statim
935 3321 1057 3361 cum
1090 3306 1382 3370 consumit,
1430 3306 1502 3360 ita
1531 3313 1588 3360 ut
1628 3305 1869 3376 liqueﬁat
1896 3316 1982 3361 to-

396 3406 483 3453 tus
503 3399 554 3453 in
573 3413 667 3453 ore
691 3399 976 3470 serpentis.
995 3397 1501 3462 BasiliscusGraece,
1518 3396 1706 3453 Latine
1721 3399 1984 3468 interpre-

396 3496 540 3541 tatur
578 3488 798 3559 regulus
828 3505 911 3555 eo,
945 3490 1089 3560 quod
1121 3504 1215 3544 rex
1244 3490 1574 3559 serpentium
1630 3491 1722 3556 sit,
1757 3491 1893 3546 adeo
1922 3499 1981 3546 ut

395 3594 517 3633 eum
543 3580 788 3636 videntes
823 3580 1068 3653 fugiant:
1106 3582 1233 3651 quia
1276 3580 1475 3637 olfactu
1511 3598 1610 3639 suo
1657 3599 1752 3639 eos
1799 3593 1975 3638 necat.

394 3666 528 3725 Nam
554 3677 610 3725 et
634 3671 909 3725 hominem
951 3671 995 3726 si
1025 3669 1111 3725 vel
1159 3671 1405 3741 aspiciat,
1462 3672 1744 3727 interimit.
1799 3671 1982 3744 Siqui-

400 3762 522 3817 dem
548 3769 603 3816 et
624 3762 741 3833 ejus
771 3770 1049 3832 aspectum
1081 3761 1224 3816 nulla
1256 3762 1371 3817 avis
1394 3761 1579 3817 volans
1603 3762 1768 3817 illtesa
1799 3773 1977 3818 trans-

399 3852 440 3906 it
469 3871 481 3906 :
509 3852 602 3907 sed
630 3867 792 3922 quam
816 3852 1004 3922 procul
1057 3853 1130 3908 sit
1156 3852 1271 3923 ejus
1303 3868 1398 3908 ore
1426 3852 1706 3907 combusta
1749 3854 1977 3909 devora-

402 3952 507 3997 tur.
542 3949 587 3996 Λ
615 3944 861 3999 mustelis
911 3953 1089 3999 tamen
1134 3943 1386 4008 vincitur,
1418 3959 1553 4014 quas
1578 3944 1688 4000 illic
1735 3945 1978 4001 homines

396 4033 632 4089 inferunt
670 4033 937 4098 cavernis,
1000 4034 1053 4089 in
1107 4033 1301 4104 quibus
1341 4033 1624 4089 delitescit.
1673 4034 1858 4105 itaque
1914 4050 1978 4091 ea

394 4128 509 4181 visa
548 4126 703 4197 fugit.
759 4126 930 4195 Quem
961 4127 1050 4182 illa
1106 4128 1453 4200 persequitur
1482 4136 1539 4184 et
1582 4129 1802 4185 occidit.
1833 4128 1979 4184 Nihil

391 4219 535 4271 enim
563 4226 761 4286 parens
791 4218 879 4273 ille
913 4233 1092 4272 rerum
1122 4219 1238 4274 sine
1287 4218 1526 4275 remedio
1550 4220 1851 4275 constituit.
1882 4220 1979 4278 Est

393 4320 577 4364 autem
613 4311 948 4382 longitudine
971 4313 1314 4383 semipedalis
1364 4313 1499 4368 albis
1542 4314 1766 4369 maculis
1809 4313 1978 4369 linea-

394 4412 499 4456 tus.
540 4400 729 4472 Reguli
780 4412 983 4467 autem,
1043 4405 1184 4459 sicut
1231 4405 1559 4475 scorpiones,
1589 4406 1797 4461 arentia
1825 4421 1975 4476 qua:-

2081 3225 2112 3265 e
2137 3213 2413 3269 contrario
2447 3214 2502 3268 in
2541 3214 2716 3285 lapide
2741 3215 2960 3281 duritia,
3001 3217 3055 3273 in
3083 3229 3331 3289 serpente
3355 3221 3668 3287 inﬁdelitas,

2081 3313 2134 3358 et
2172 3304 2226 3357 in
2263 3305 2549 3375 seorpione
2587 3307 2895 3378 desperatio
2933 3311 3274 3380 exprimitur.
3311 3312 3368 3367 ln
3400 3313 3669 3386 baptismo

2082 3391 2215 3449 ﬁdes
2243 3394 2530 3465 accipitur,
2556 3398 2698 3453 unde
2723 3398 2922 3455 vivitur
2952 3401 3006 3455 in
3033 3403 3269 3459 saeculo:
3302 3420 3426 3477 spes
3456 3408 3509 3461 in
3541 3424 3664 3473 ovo,

2080 3486 2206 3555 quia
2235 3486 2288 3540 in
2313 3502 2416 3542 ovo
2462 3489 2699 3543 nondum
2741 3489 2919 3562 pullus
2956 3492 3192 3561 videtur,
3222 3496 3318 3551 sed
3372 3497 3498 3553 hinc
3546 3514 3670 3570 spe-

2080 3584 2233 3632 ratur
2260 3595 2272 3631 :
2307 3577 2542 3635 Charitas
2570 3590 2772 3650 autem,
2801 3585 2927 3653 quia
2967 3594 3138 3642 totum
3168 3588 3337 3644 vincit
3360 3590 3483 3660 pani
3512 3606 3664 3647 com-

2078 3675 2321 3736 paratur.
2364 3670 2562 3741 Vipera
2591 3672 2759 3740 dicta,
2788 3676 2933 3745 quod
2964 3677 3013 3730 vi
3047 3679 3244 3747 pariat.
3281 3677 3418 3735 Nam
3453 3690 3509 3736 et
3537 3699 3663 3737 ven-

2081 3766 2165 3812 ter
2190 3759 2306 3830 ejus
2334 3775 2457 3815 cum
2494 3761 2560 3816 ad
2584 3771 2800 3832 partum
2844 3764 3188 3836 ingemuerit,
3226 3770 3392 3825 catuli
3428 3789 3533 3827 non
3571 3790 3632 3830 ex
3658 3803 3672 3813 -

2079 3858 2387 3919 spectantes
2421 3860 2627 3907 natura:
2661 3854 3005 3921 solutionem,
3048 3861 3284 3916 corrosis
3322 3861 3438 3931 ejus
3481 3864 3666 3920 lateri-

2080 3939 2201 4005 bus,
2239 3942 2291 3996 vi
2340 3953 2631 4013 erumpunt
2669 3961 2793 4001 cum
2838 3950 3026 4005 matris
3076 3952 3317 4007 interitu.
3379 3955 3659 4013 Lucanus:

2087 4028 2290 4100 Viperei
2319 4044 2503 4087 coeunt
2543 4033 2763 4106 abrupto
2796 4054 3011 4108 corpore
3050 4041 3197 4094 nodi.
3236 4042 3430 4099 Fertur
3457 4056 3662 4113 autem,

2079 4125 2221 4192 quod
2276 4125 2549 4181 masculus
2584 4142 2680 4183 ore
2732 4129 2937 4187 inserto
2971 4132 3167 4203 viperae
3197 4151 3379 4192 semen
3415 4151 3656 4211 cxspuat,

2080 4218 2168 4274 illa
2216 4229 2395 4276 autem
2436 4238 2503 4277 ex
2541 4223 2813 4294 voluptate
2859 4225 3096 4283 libidinis
3145 4230 3199 4284 in
3252 4232 3462 4288 rabiem
3504 4250 3659 4291 versa

2076 4318 2237 4379 caput
2265 4310 2431 4366 maris
2466 4327 2560 4367 ore
2588 4322 2806 4384 ceptum
2835 4317 3095 4386 praecidit.
3136 4318 3214 4374 lta
3259 4320 3340 4386 ﬁt,
3373 4330 3431 4377 ut
3460 4340 3661 4395 parens

2078 4409 2309 4472 utraque
2335 4412 2526 4472 pereat
2549 4421 2563 4459 :
2588 4406 2860 4463 masculus
2898 4408 3025 4463 dum
3060 4412 3168 4466 coit
3213 4430 3225 4465 :
3264 4412 3492 4482 fetnina,
3530 4418 3659 4474 dum

391 4507 495 4560 que
542 4499 821 4546 sectantur
874 4503 929 4546 et
959 4501 1242 4563 postquam
1298 4474 1369 4549 ad
1395 4510 1564 4565 aquas
1587 4474 1858 4551 venerint
1883 4497 1979 4567 hy-
2001 4474 2054 4534 Ῑ)
2080 4493 2331 4561 parturit.
2377 4494 2576 4565 Vipera
2619 4497 2884 4569 signiﬁcat
2924 4502 3222 4561 malitiosos
3254 4474 3524 4573 homines,
3554 4525 3659 4566 nec

392 4580 701 4651 drophdbos
735 4591 789 4636 et
837 4582 1190 4654 lymphaticos
1224 4585 1449 4642 faciunt.
1480 4586 1681 4643 Sibilus
1710 4588 1849 4644 idem
1873 4599 1977 4656 est,

392 4673 481 4741 qui
515 4683 569 4725 et
595 4672 814 4743 regulus
842 4692 855 4727 ε
889 4674 1047 4729 sibilo
1090 4676 1234 4731 enim
1264 4678 1465 4733 occidit
1517 4684 1806 4748 antequam
1833 4695 1979 4736 mor-

391 4763 515 4817 deat
547 4763 632 4817 vel
657 4772 869 4818 exurat.
901 4762 1197 4820 Basiliscus
1218 4775 1399 4823 autem
1441 4767 1713 4823 diabolum
1768 4769 1977 4841 signiﬁ-

389 4867 496 4921 cat,
531 4857 625 4928 qui
656 4857 913 4927 nequitiae
943 4873 1053 4913 sum
1108 4873 1318 4937 veneno
1358 4860 1536 4930 palam
1584 4860 1840 4917 interﬁcit
1890 4864 1977 4919 in-

387 4960 613 5004 cautos:
678 4948 772 5003 sed
814 4947 956 5003 idem
996 4957 1303 5020 superatur,
1355 4967 1479 5007 cum
1532 4952 1743 5009 caeteris
1792 4955 1969 5011 noxiis

389 5041 817 5097 animantibusa
846 5041 1019 5097 milite
1066 5042 1267 5099 Christi
1313 5059 1461 5116 spem
1517 5061 1668 5101 suam
1719 5053 1886 5101 totam
1912 5047 2009 5103 in-

394 5133 510 5202 ipso
537 5143 791 5203 ponente,
838 5131 992 5204 cujus
1030 5134 1203 5190 virtus
1232 5150 1422 5193 omnes
1451 5137 1791 5195 adversarias
1814 5148 1969 5211 pote-

392 5231 565 5278 states
614 5231 836 5294 superat
893 5232 1054 5294 atque
1098 5225 1398 5281 conculcet.
1459 5227 1535 5282 De
1592 5228 1697 5283 hoc
1752 5244 1967 5299 quoque

390 5310 660 5383 Propheta
716 5314 770 5371 in
805 5313 1035 5371 Psalmis
1073 5316 1203 5373 dicit
1235 5335 1250 5373 :
1288 5315 1458 5389 Super
1486 5319 1718 5390 aspidem
1747 5329 1794 5373 et
1824 5319 1964 5374 basi-

387 5403 571 5457 liscum
615 5405 909 5461 ambulabis
936 5447 952 5473 ,
994 5418 1042 5462 et
1073 5409 1398 5464 conculcabis
1437 5409 1636 5464 leonem
1677 5422 1724 5464 et
1778 5410 1969 5465 draco-
2004 5469 2011 5474 _

388 5512 501 5550 nem
534 5494 705 5567 (Psal.
739 5496 849 5571 xc).
882 5498 982 5555 Hic
1020 5499 1130 5568 jam
1178 5501 1359 5557 divina
1406 5502 1577 5557 virtus
1603 5501 1926 5571 exprimitur
1954 5541 1970 5564 .

385 5599 508 5654 qua
534 5586 702 5642 tantis
726 5590 888 5645 rebus
917 5592 1264 5650 saevientibus
1296 5594 1599 5665 imperabit.
1629 5593 1765 5649 Nam
1790 5595 1972 5651 omnia

389 5671 493 5734 ista
541 5677 761 5735 nomina
812 5679 1028 5737 diabolo
1070 5694 1433 5753 congruenter
1480 5693 1753 5754 aptantur.
1813 5684 1971 5755 Aspis

2076 4596 2186 4638 non
2215 4583 2516 4654 haereticos,
2547 4588 2637 4657 qui
2664 4603 2867 4645 venena
2897 4594 3149 4663 nequitia:
3187 4596 3328 4651 intra
3356 4614 3412 4654 se
3439 4609 3653 4669 gerunt.

2084 4673 2234 4730 Unde
2266 4675 2504 4735 Joannes
2528 4677 2768 4749 Baptista
2804 4683 2872 4739 ad
2898 4682 3133 4755 Iudaeos,
3170 4690 3262 4760 qui
3301 4691 3371 4747 ad
3409 4707 3533 4749 eum
3560 4695 3658 4749 do-

2078 4766 2190 4823 lose
2220 4770 2521 4837 veniebant,
2561 4773 2697 4829 dixit
2724 4793 2736 4829 :
2762 4771 3046 4849 Progenies
3081 4781 3393 4851 viperarum,
3418 4786 3536 4855 quis
3565 4787 3656 4841 de-

2079 4865 2387 4917 monstravit
2419 4865 2562 4919 vobis
2598 4864 2775 4937 fugere
2809 4870 2874 4923 ab
2906 4870 2990 4925 ira
3025 4876 3278 4929 ventura?
3298 4873 3512 4945 (Matth.
3544 4878 3652 4950 tu.)

2074 4951 2227 5009 Malae
2258 4969 2388 5024 ergo
2424 4956 2637 5013 soboles
2663 4958 2925 5015 malorum
2954 4972 3239 5032 parentum
3264 4966 3506 5023 actiones
3533 4968 3654 5024 imi-

2076 5054 2271 5110 tantes,
2302 5049 2586 5117 progenies
2612 5050 2919 5120 viperarum
2946 5063 3227 5122 vocantur,
3258 5059 3381 5127 quia
3407 5074 3504 5129 per
3525 5060 3649 5125 hoc,

2073 5136 2215 5204 quod
2241 5137 2397 5192 bonis
2429 5139 2687 5206 invident,
2709 5154 2908 5211 eosque
2930 5157 3345 5216 persequuntur,
3368 5151 3509 5220 quod
3531 5151 3652 5221 qui-

2072 5226 2299 5282 busdam
2347 5229 2484 5283 mala
2525 5232 2851 5298 retribuunt,
2913 5236 3054 5304 quod
3101 5236 3345 5294 ltesioncs
3389 5242 3650 5312 proximis

2072 5323 2365 5391 exquirunt
2400 5340 2412 5376 :
2455 5325 2708 5394 quoniam
2738 5326 2791 5379 in
2832 5326 2898 5381 iis
2941 5329 3191 5386 omnibus
3240 5332 3480 5401 priorum
3525 5349 3650 5388 suo-

2075 5428 2195 5467 rum
2245 5413 2541 5468 carnalium
2585 5416 2701 5471 vias
2746 5428 3146 5488 assequuntur,
3194 5423 3349 5491 quasi
3400 5424 3648 5480 venenati

2075 5499 2169 5555 lilii
2219 5501 2286 5556 de
2336 5504 2615 5558 venenatis
2666 5506 2981 5573 parentibus
3029 5509 3140 5564 nati
3182 5519 3325 5566 sunt.
3355 5510 3648 5580 Enhydris,

2074 5591 2293 5647 coluber
2333 5594 2385 5647 in
2417 5609 2554 5664 aqua
2603 5596 2826 5653 vivens:
2864 5594 3035 5653 (ἓνωοί
3078 5600 3222 5653 enim
3269 5600 3651 5671 aquamltydor

2074 5695 2288 5741 vocant.
2313 5684 2523 5756 llydros
2551 5687 2801 5756 aquatilis
2830 5703 3073 5761 serpens,
3107 5705 3136 5745 a
3164 5706 3272 5763 quo
3287 5692 3377 5746 icti
3397 5692 3652 5762 obturge-
