4072 6198
370 368 489 425 253

1333 376 1419 432 ne
1456 373 1805 435 UNlVERSO
1833 375 2012 434 metu
2048 356 2210 432 x’xu.
2248 404 2320 416 --
2352 366 2480 429 us.
2521 372 2650 431 un.
2692 374 2693 377 ‘

3531 376 3640 434 235

370 495 559 545 scunt.
586 484 753 559 Cuius
779 488 1027 543 morbum
1053 487 1271 556 quidam
1294 487 1454 543 beam
1493 488 1678 544 dicunt
1702 502 1793 554 eo,
1817 489 1961 560 quod
1986 492 2038 553 Α
2062 488 2486 545 eommodantes.
2533 486 2591 541 In
2619 462 2877 542 Psalmo‘:
2922 486 3070 543 Sicut
3105 489 3303 559 aspidis
3347 490 3575 559 surdis,
3592 498 3644 549 et

372 578 511 636 ﬁmo
536 578 693 635 bovis
719 577 1068 634 remedietur.
1105 577 1251 632 Ydra
1277 577 1443 633 draco
1481 578 1777 634 multorum
1814 581 1961 652 capi-

378 678 519 735 tum,
543 668 721 741 qualis
748 659 856 722 fuit
877 668 933 723 in
955 662 1135 723 Lerna
1160 667 1352 739 palude
1376 669 1670 740 provincim
1693 670 1956 726 Arcadiae.

374 758 509 816 liae
528 760 722 815 ωηο
759 759 995 815 excedra
1015 759 1231 824 dicitur,
1262 761 1404 829 quod
1438 774 1546 815 uno
1574 774 1714 816 caeso
1744 763 1841 816 tria
1871 778 1963 817 ca-

374 853 493 924 pita
541 850 940 907 excrescebant
971 849 1121 905 :sed
1163 850 1268 905 hoc
1315 848 1619 906 fabulosum
1667 858 1769 907 est.
1824 851 1962 907 Nam

374 949 594 997 cortstat
618 941 811 1012 ydram
855 938 1034 994 locum
1081 937 1247 995 fuisse
1293 949 1630 997 evomentem
1665 958 1836 1014 aquas
1866 957 1964 997 va-

375 1040 591 1087 stantes
610 1031 845 1086 vicinam
877 1031 1157 1086 civitatem
1201 1032 1259 1086 in
1282 1036 1390 1101 (pro
1418 1044 1535 1088 uno
1566 1039 1749 1089 meatu
1779 1033 1964 1091 clauso

374 1124 535 1181 multi
582 1124 958 1194 erumpebant.
1000 1123 1159 1190 Quod
1185 1121 1445 1180 Hercules
1458 1110 1657 1181 videns
1701 1125 1820 1182 loca
1848 1126 1964 1196 ipsa

377 1214 609 1279 exussit,
639 1214 821 1271 etsie
860 1228 1015 1284 aquae
1049 1214 1249 1271 clausit
1286 1206 1516 1273 meatus.
1561 1216 1699 1273 Nam
1726 1219 1859 1289 ydra
1896 1218 1964 1274 ab

374 1320 519 1375 aqua
561 1305 709 1360 dicta
740 1316 842 1361 est.
887 1304 1133 1361 Celidros
1176 1307 1433 1377 serpens,
1472 1308 1658 1380 quiet
1693 1308 1964 1377 cersidros

378 1398 533 1467 quasi
570 1396 798 1467 eerignl,
829 1397 922 1467 qui
960 1404 1015 1452 et
1053 1397 1111 1453 in
1149 1399 1307 1470 aquis
1327 1408 1384 1454 et
1428 1400 1482 1453 in
1512 1400 1675 1455 terris
1700 1408 1961 1456 moratur.

376 1489 517 1545 Nam
542 1489 727 1545 cirson
756 1488 944 1545 dicunt
962 1488 1137 1545 Graeci
1166 1498 1391 1557 terram,
1416 1491 1583 1562 ydros
1607 1507 1827 1562 aquam,
1867 1506 1967 1565 per

375 1596 543 1651 quam
566 1580 790 1647 labitur,
821 1587 1030 1637 terraru-
1054 1580 1265 1638 fumare
1292 1581 1445 1639 facit.
1473 1581 1651 1651 Quam
1678 1582 1759 1639 sic
1786 1578 1966 1640 Macer

376 1672 643 1728 describit
664 1687 679 1725 :
1164 1676 1169 1681 ’
1338 1678 1343 1681 ’

500 1780 607 1846 Seu
638 1789 778 1843 terga
803 1781 1055 1846 exspirant
1077 1783 1346 1846 spumantia
1368 1783 1521 1846 virus.

584 1844 685 1896 Seu
720 1851 869 1895 terra
895 1844 1221 1907 inut-uuae:
1243 1853 1371 1896 teter
1394 1844 1577 1896 labitur
1598 1846 1790 1906 anguis.
1838 1902 1844 1914 ,

374 1947 735 2004 Salamandra
778 1952 991 2015 vocata,
1041 1947 1186 2020 quod
1232 1942 1429 2005 contra
1469 1947 1717 2005 incendia
1763 1944 1960 2005 valeat.

372 2037 545 2108 Cujus
572 2037 714 2092 inter
738 2038 922 2093 omnia
948 2046 1213 2094 venenata
1247 2038 1483 2093 mxima
1511 2039 1594 2095 vis
1622 2047 1724 2094 est.
1764 2037 1969 2102 Ctetera

372 2130 527 2187 etum
551 2128 793 2201 singulos
824 2129 1055 2197 feriunt,
1090 2129 1208 2186 htee
1232 2129 1497 2200 plurimos
1534 2130 1744 2200 pariter
1782 2128 1970 2184 interi-

377 2222 498 2292 mit.
538 2219 674 2275 Nam
701 2220 749 2276 si
780 2221 960 2276 arbori
1007 2221 1309 2292 irrepserit,
1365 2221 1545 2276 omnia
1590 2236 1751 2291 poma
1797 2218 1970 2276 inﬁcit

374 2312 625 2377 venenis,
658 2319 715 2366 et
742 2324 855 2379 eos,
884 2312 981 2382 qui
1007 2311 1257 2379 ederint,
1294 2311 1512 2368 occidit.
1563 2311 1694 2380 Quae
1719 2311 1882 2367 etiam
1918 2310 1966 2365 si

374 2400 469 2455 vel
502 2402 561 2455 in
584 2407 757 2471 puteo
790 2400 956 2466 cadit,
985 2400 1069 2456 vis
1093 2401 1286 2456 reneni
1326 2399 1446 2469 ejus
1473 2406 1725 2471 potantes
1762 2398 1969 2456 interii-

377 2491 477 2546 cit.
506 2490 582 2545 ita
608 2498 800 2546 contra
823 2489 1071 2547 incendia
1097 2505 1404 2562 repugnans
1428 2490 1582 2562 ignes
1611 2492 1723 2547 sola
1753 2493 1965 2548 anima-

379 2581 516 2635 lium
542 2582 861 2654 exstinguit.
899 2580 1051 2637 Vivit
1083 2582 1235 2637 enim
1255 2582 1319 2637 in
1355 2583 1549 2639 mediis
1576 2581 1807 2640 damnis
1851 2585 1968 2641 sine

380 2672 570 2729 dolore
618 2682 675 2728 et
708 2674 1213 2731 consummatione:
1241 2683 1297 2731 et
1334 2690 1440 2731 non
1469 2676 1649 2733 solum
1686 2678 1823 2749 quia
1860 2694 1967 2734 non

380 2766 634 2831 moritur,
679 2766 777 2823 sed
806 2767 1102 2838 exstinguit
1134 2767 1464 2824 incendium.
1514 2768 1583 2824 Et
1626 2772 1687 2824 ut
1731 2769 1970 2826 breviter

374 2859 673 2928 superiora
697 2857 1068 2930 recapitulem,
1111 2873 1337 2930 serpens
1366 2862 1454 2917 est
1479 2860 1725 2917 diabolus
1751 2860 1837 2916 vel
1867 2862 1967 2917 ho~

377 2954 556 3009 mines
603 2954 782 3026 impii,
822 2955 960 3010 utin
986 2954 1278 3027 Evangelio
1311 2973 1329 3013 :
1371 2953 1665 3029 Serpentes,
1699 2957 1966 3029 genimina

377 3046 681 3116 viperarum
729 3044 947 3117 (Πατήρ.
978 3047 1154 3118 xxnt).
1176 3045 1413 3120 Serpens
1453 3046 1703 3104 Christus
1747 3057 1970 3120 prapter

370 3139 739 3211 sapientiam,
758 3138 914 3209 cujus
953 3139 1178 3211 ﬁguram
1205 3153 1441 3211 serpens
1478 3139 1568 3196 ille
1602 3155 1777 3197 aereus
1812 3157 1969 3212 gere—

2063 579 2353 635 obturantis
2376 596 2529 635 aures
2548 596 2673 634 suas
2689 576 2857 650 (Psal.
2889 579 3037 652 uti).
3063 578 3129 635 Et
3153 581 3205 636 in
3227 581 3382 637 aliam
3407 596 3639 654 partem,

2058 678 2120 725 ut
2148 670 2202 725 in
2224 668 2325 725 Job
2345 685 2444 742 pro
2469 671 2669 741 impio:
2696 670 2863 740 Caput
2890 671 3130 740 aspidum
3156 684 3327 743 surget
3354 671 3495 745 (Job.
3525 675 3638 746 xx),

2061 761 2165 815 hoc
2195 769 2296 825 est,
2348 761 2730 831 inspirationes
2771 761 2970 817 diaboli
3000 763 3089 818 vel
3125 764 3449 819 dmmonum.
3481 763 3641 836 ASpis

2062 859 2118 906 et
2143 849 2449 916 basiliscos,
2478 860 2760 921 peccatum
2786 860 2841 907 et
2868 867 3033 908 mors.
3086 853 3145 908 In
3172 853 3391 909 Psalmo
3415 870 3430 911 :
3474 854 3646 927 Super

2063 940 2295 1013 aspidem
2315 950 2364 995 et
2378 940 2680 996 basiliscam
2696 942 3011 1010 ambulabis,
3026 954 3075 998 et
3092 944 3422 999 conculcabis
3444 944 3643 1001 leonem

2060 1041 2112 1087 et
2133 1032 2411 1088 draconem
2435 1032 2607 1103 (Psal.
2631 1032 2745 1105 xc),
2772 1034 2826 1090 id
2859 1042 2962 1101 est,
2997 1036 3269 1092 diabolum
3294 1042 3348 1091 et
3378 1035 3645 1093 antichrio

2066 1131 2227 1179 stum.
2273 1124 2491 1194 Vipera,
2537 1125 2781 1181 diabolus
2826 1125 2911 1182 vel
2963 1128 3196 1184 ministri
3224 1127 3341 1198 ejus
3390 1128 3442 1184 in
3466 1128 3649 1186 Evan-

2065 1216 2245 1287 gelia:
2276 1214 2553 1272 Genimina
2597 1218 2891 1289 viperarum
2937 1218 2958 1292 (
2987 1220 3075 1273 ubi
3107 1221 3283 1293 δια).
3324 1222 3393 1277 Ει
3426 1222 3478 1276 in
3502 1221 3643 1278 Job:

2068 1305 2139 1361 Et
2176 1307 2371 1362 occidet
2419 1322 2535 1362 eum
2577 1307 2758 1380 lingua
2800 1312 2984 1381 viperte
3025 1308 3168 1382 (Job.
3216 1312 3333 1384 xx).
3392 1298 3648 1385 Scorpius

2066 1397 2333 1455 diabolus.
2380 1399 2440 1454 in
2470 1398 2806 1471 Evangelio:
2850 1401 2987 1456 Dedi
3030 1402 3170 1457 vobis
3213 1412 3515 1474 potestatem
3539 1405 3648 1458 cal-

2067 1489 2227 1542 candi
2253 1504 2408 1560 super
2463 1500 2725 1560 serpentes
2743 1502 2790 1546 et
2815 1494 3111 1563 scorpiones
3143 1486 3295 1565 (Luc.
3321 1494 3396 1567 x).
3430 1493 3569 1551 Sunt
3595 1505 3650 1550 et

2069 1579 2175 1634 alia
2225 1581 2561 1650 serpentium
2612 1595 2842 1652 genera,
2890 1590 2953 1637 ut
2996 1584 3304 1650 adinoditae,
3356 1584 3648 1651 elefantim,

2068 1662 2531 1729 camedraeontes'.
2560 1672 2841 1729 Postremo
2869 1682 3103 1744 quantus
3131 1676 3431 1745 nominum,
3465 1686 3647 1735 tantus

2070 1761 2325 1817 mortium
2356 1772 2633 1820 numerus.
2678 1763 2879 1822 Omnes
2909 1774 3089 1820 autem
3134 1776 3420 1838 serpentes
3454 1778 3651 1825 natura

1997 1838 2044 1904 B
2071 1866 2169 1908 sua
2214 1851 2395 1924 frigidi
2444 1862 2592 1920 sunt,
2624 1868 2727 1910 nec
2750 1857 3088 1925 percutiunt,
3141 1858 3485 1930 nisi-quando
3512 1859 3654 1915 cale-

2073 1941 2227 1997 iiunt.
2284 1942 2425 1997 Nam
2464 1945 2680 2014 quando
2726 1954 2851 2000 sunt
2897 1946 3096 2019 frigidi,
3148 1948 3348 2003 nullum
3401 1948 3651 2020 tangunt.

2074 2033 2227 2093 Unde
2260 2043 2316 2091 et
2339 2049 2542 2091 venena
2569 2051 2757 2091 eorum
2786 2038 2906 2107 plus
2937 2039 3024 2094 die
3050 2056 3213 2110 quam
3244 2050 3406 2096 nocte
3434 2050 3652 2098 nocent.

2073 2123 2311 2195 Torpent
2353 2126 2501 2180 enim
2524 2127 2700 2182 noctis
2724 2127 2927 2198 algore.
2960 2128 3030 2183 Et
3053 2130 3268 2195 merito,
3300 2132 3426 2201 quia
3470 2131 3651 2203 frigidi
3686 2204 3695 2209 _

2070 2224 2199 2271 sunt
2241 2226 2507 2274 nocturno
2552 2233 2693 2274 rore.
2743 2217 2811 2273 in
2840 2234 2897 2274 se
2927 2220 3070 2275 enim
3101 2222 3374 2277 adducunt
3410 2226 3655 2295 corporis

2069 2320 2326 2382 vaporem
2357 2310 2549 2382 gelidai
2584 2319 2766 2381 pestes
2800 2322 2856 2367 et
2895 2320 3102 2368 natura:
3147 2311 3374 2385 frigidae.
3408 2312 3563 2372 Unde
3596 2326 3654 2372 et

2069 2396 2254 2455 hieme
2283 2401 2339 2456 in
2378 2402 2548 2457 nodos
2571 2409 2805 2471 torpent,
2841 2410 3035 2458 aestate
3055 2405 3356 2460 solvuntur.
3391 2404 3522 2463 Inde
3549 2416 3652 2474 est,

2066 2491 2223 2564 quod
2243 2491 2369 2547 dum
2396 2491 2700 2562 quicunque
2726 2493 3058 2563 serpentium
3089 2507 3298 2551 veneno
3326 2498 3652 2566 percutitur.

2068 2586 2247 2657 primo
2277 2583 2643 2656 obstupescit,
2675 2593 2729 2641 et
2749 2594 2964 2656 postea,
2992 2584 3085 2642 ubi
3125 2588 3179 2642 in
3210 2587 3303 2643 illo
3334 2589 3656 2645 calefactum

2069 2676 2244 2746 ipsum
2284 2676 2433 2730 vir'us
2470 2676 2760 2741 exarserit,
2811 2685 2994 2731 staum
3027 2678 3303 2734 hominem
3333 2679 3654 2753 exstinguit.

2070 2766 2348 2823 Venenum
2389 2775 2570 2821 autem
2619 2766 2821 2822 dictum
2853 2781 2942 2834 eo,
2991 2769 3139 2839 quod
3162 2785 3260 2841 per
3288 2785 3456 2828 venas
3487 2770 3658 2827 vadit.

2069 2858 2248 2916 Infusa
2295 2860 2441 2915 enim
2473 2861 2657 2931 pestis
2689 2877 2787 2933 per
2818 2858 2991 2919 venas
3031 2865 3376 2937 vegetatione
3415 2868 3659 2939 corporis

2068 2958 2225 3005 aucta
2251 2951 2532 3018 discurrit,
2573 2959 2628 3006 et
2664 2952 2900 3006 animam
2931 2953 3118 3026 exigit.
3174 2954 3327 3011 Unde
3361 2968 3467 3013 non
3494 2968 3659 3030 posse

2066 3054 2337 3096 venenum
2369 3055 2589 3107 nocere,
2622 3042 2724 3097 nisi
2762 3041 2997 3099 hominis
3037 3044 3276 3116 tetigerit
3314 3048 3653 3119 sanguinem.

2068 3129 2320 3186 Lucanus
2360 3146 2373 3183 :
2416 3131 2595 3186 Nomia
2641 3143 2939 3203 serpentum
2997 3144 3075 3190 est
3115 3130 3355 3192 ‘admisto
3402 3140 3658 3211 sanguine

376 3231 492 3298 but,
526 3246 691 3305 quem
726 3230 940 3305 ﬁoyses
970 3228 1025 3288 in
1060 3232 1211 3303 ligno
1245 3233 1544 3303 suspendit,
1572 3231 1725 3302 cujus
1773 3232 1969 3289 intuitu
1997 3217 2041 3283 C
2072 3222 2247 3291 pestis.
2283 3221 2454 3279 Omne
2494 3231 2676 3280 autem
2730 3239 2996 3280 venenum
3048 3224 3300 3299 frigidum
3326 3236 3430 3295 est,
3460 3237 3514 3285 et
3536 3229 3658 3287 ideo

374 3326 633 3398 percussi
657 3340 688 3379 a
716 3324 1060 3398 sementibus
1088 3324 1437 3380 sanabuntur.
1468 3324 1537 3379 Et
1562 3324 1616 3379 in
1644 3324 1967 3395 Evangelio:

377 3416 567 3474 επακ
584 3416 868 3488 prudentes
899 3416 1033 3471 sicut
1070 3425 1331 3487 serpentes
1353 3414 1567 3489 (Matth.
1598 3415 1675 3490 x).
1709 3415 1968 3487 Serpens,

375 3508 629 3565 diabolus
664 3509 721 3563 in
763 3507 960 3564 Genesi
1005 3525 1020 3562 :
1064 3507 1172 3565 Sed
1220 3517 1269 3564 et
1315 3496 1527 3581 serpens
1566 3500 1679 3564 erat
1726 3508 1972 3564 callidior

378 3600 586 3654 cunctis
636 3598 992 3653 animantibus
1020 3639 1035 3665 ,
1087 3614 1221 3670 quas
1275 3598 1471 3670 fecerat
1524 3598 1782 3655 Dominus
1829 3600 1970 3655 Deus

376 3691 536 3765 (Gen.
570 3692 679 3764 ut).
705 3691 879 3763 Caput
905 3692 1197 3762 serpentis,
1226 3693 1399 3763 prima
1427 3693 1634 3763 peccati
1672 3692 1966 3764 suggestio,

372 3782 517 3838 utin
544 3782 776 3839 Genesi:
794 3782 922 3854 Ipsa
943 3791 1169 3837 conteret
1194 3793 1350 3855 caput
1371 3788 1526 3839 tuum
1543 3783 1752 3857 (Ibidz).
1774 3782 1970 3841 Pectus

374 3875 671 3944 serpentis,
703 3883 863 3945 typus
896 3874 1184 3946 superbiae,
1213 3874 1299 3931 vel
1342 3872 1533 3931 tumidi
1603 3877 1786 3934 cordis
1815 3879 1968 3934 mali-

377 3968 476 4032 tia,
504 3977 568 4022 ut
590 3974 683 4023 est
701 3968 869 4024 illud:
896 3966 1071 4039 Supra
1089 3977 1269 4039 pectus
1293 3978 1442 4024 tuum
1471 3971 1730 4042 gradieris
1752 3971 1963 4046 (llud).

378 4056 557 4112 Draco
601 4055 871 4123 diabolus,
916 4064 979 4111 ut
1024 4056 1080 4111 in
1124 4057 1384 4128 psalterio
1413 4076 1426 4112 :
1451 4058 1624 4114 Draco
1658 4063 1774 4126 iste,
1812 4068 1967 4132 quem

377 4146 629 4215 formasti
663 4146 737 4200 ad
765 4145 1094 4201 illudendum
1129 4147 1176 4200 ei
1203 4144 1373 4217 (Psal.
1406 4146 1543 4219 cm).
1595 4148 1662 4202 Et
1689 4146 1814 4204 alibi
1845 4168 1860 4203 :
1886 4144 1967 4201 Ta

375 4237 684 4308 confregisti
715 4247 869 4309 caput
900 4237 1149 4292 draconis
1178 4239 1355 4308 magni
1381 4236 1552 4308 (Psal.
1586 4239 1798 4311 LXXIII).
1829 4234 1965 4293 Dra-

375 4342 561 4392 δοκε,
609 4328 905 4393 damones,
952 4335 1012 4382 ut
1056 4328 1112 4382 iu
1157 4325 1453 4383 Psalterio:
1485 4327 1563 4383 Tu
1605 4329 1967 4384 contribulain

375 4418 559 4487 capita
604 4415 897 4470 draconum
943 4415 1153 4489 (Ibat).
1191 4417 1505 4485 Dracones,"
1524 4419 1793 4489 principes
1833 4432 1963 4491 gen-

378 4513 538 4577 tium,
585 4519 649 4566 ut
699 4510 753 4566 in
796 4512 1097 4582 propheta:
1129 4510 1456 4582 Gloriﬁcabit
1501 4529 1584 4567 me
1625 4513 1786 4567 bestia
1825 4513 1963 4585 agri,

375 4566 635 4655 dracones
671 4610 724 4654 et
758 4566 1074 4656 stratitiones
1118 4601 1252 4673 (lea.
1278 4566 1487 4676 'xun).
1536 4566 1965 4671 Leviathanfid
1994 4566 2045 4629 Β

374 4701 484 4756 est,
513 4706 743 4763 serpens
766 4693 1031 4750 diabolus.
1063 4693 1119 4749 ln
1147 4695 1283 4751 lsaia
1309 4713 1322 4749 :
1354 4695 1419 4749 Et
1450 4696 1678 4751 visitabt't
1710 4696 1966 4750 Dominus

372 4784 433 4837 in
456 4782 634 4853 gladio
669 4799 765 4837 suo
785 4783 922 4837 duro
957 4800 1113 4856 super
1133 4784 1417 4840 Leniat/tan
1448 4797 1731 4859 serpentem
1761 4796 1964 4840 torme-

368 4888 516 4937 m,
555 4881 603 4926 et
649 4872 851 4927 occidet
892 4884 1060 4929 cetum
1098 4876 1189 4944 qui
1228 4884 1307 4930 est
1343 4876 1396 4930 in
1439 4878 1575 4931 mari
1602 4872 1736 4949 (Isa.
1769 4876 1963 4950 xxv").

369 4962 613 5022 Calaber
645 4964 912 5033 diabolus,
950 4966 1019 5021 ut‘
1043 4968 1098 5022 in
1125 4965 1225 5023 Job
1253 4987 1265 5021 :
1292 4967 1363 5022 Et
1402 4969 1767 5024 obstetricante
1805 4985 1965 5023 manu

372 5054 495 5127 ejus
527 5054 746 5109 (dum;
781 5064 856 5109 est
888 5056 1102 5112 coluber
1135 5068 1399 5113 tortuosus
1428 5059 1550 5130 (Job
1580 5059 1754 5132 xxvi),
1779 5059 1833 5113 id
1860 5068 1960 5125 est,

373 5146 649 5201 medicina
708 5145 921 5201 Domini
956 5149 1129 5203 nostri
1175 5147 1302 5204 Jesu
1334 5150 1533 5205 Christi
1577 5150 1850 5221 proiectus
1883 5156 1965 5205 est

373 5235 633 5292 diabolus
676 5235 742 5291 de
789 5236 1045 5292 cordibus
1084 5238 1385 5294 hominum.
1439 5238 1675 5311 Regulus
1722 5239 1967 5295 diabolus

374 5328 463 5384 vel
504 5329 779 5385 demoues
807 5327 934 5383 ﬂatu
974 5330 1317 5401 cogitationis
1349 5331 1512 5387 corda
1545 5330 1825 5386 hominum
1852 5331 1967 5385 vul-

374 5428 655 5486 nerantes,
684 5420 828 5475 utin
850 5419 1124 5477 let-emitr:
1157 5422 1293 5479 Ecce
1330 5439 1422 5494 ego
1462 5406 1664 5478 mittam
1705 5425 1845 5479 vobis
1886 5441 1966 5478 re-

372 5511 547 5583 gulos,
587 5512 777 5584 quibus
822 5528 926 5567 non
964 5523 1045 5567 est
1079 5515 1399 5582 inmutatio,
1440 5525 1490 5571 et
1529 5516 1838 5571 mordebant
1878 5533 1965 5571 vos

374 5603 511 5676 (lar.
538 5605 679 5676 νηὶ).
734 5604 803 5659 Et
837 5604 892 5659 in
922 5605 1375 5664 Deuteronomio:
1403 5608 1468 5663 In
1493 5626 1596 5681 quo
1619 5618 1732 5663 erat
1756 5620 1965 5679 serpens

378 5697 609 5750 adurens
652 5692 835 5763 (Deut.
860 5695 1041 5767 xvm).
1068 5716 1073 5717 ν
1096 5698 1254 5769 Aspis
1280 5699 1480 5755 duritia
1510 5699 1689 5755 cordis
1716 5708 1965 5770 peccato-

377 5804 494 5844 rum
538 5786 745 5844 sanctis
780 5791 1253 5859 prtedtcationibus
1292 5807 1478 5848 aurem
1509 5792 1686 5849 cordis
1724 5808 1827 5847 non
1871 5807 1966 5845 uc-

696 5884 971 5945 Ps'mOL.
1018 5883 1181 5947 CXI.

2070 3312 2271 3379 anima,
2303 3313 2429 3383 quia
2464 3313 2618 3386 ignea
2648 3322 2752 3380 est,
2795 3312 2933 3387 fugit
2976 3330 3247 3373 venenum
3296 3314 3574 3392 frigidum.
3602 3326 3662 3381 In

2070 3405 2408 3461 naturalibus
2454 3406 2613 3463 bonis
2644 3447 2659 3473 ,
2713 3421 2834 3477 qua:
2887 3408 3046 3465 nobis
3093 3418 3149 3466 et
3196 3410 3659 3470 irrationabilibus

2071 3497 2436 3554 animantibus
2485 3498 2729 3555 videmus
2768 3513 2892 3557 esse
2940 3501 3273 3571 communia,
3325 3505 3500 3561 vivaci
3527 3520 3659 3576 qua‘

2069 3588 2193 3642 dam
2236 3602 2429 3644 sensus
2468 3588 2765 3645 subtilitate
2790 3604 3016 3663 serpens
3040 3592 3277 3659 excellit.
3307 3593 3461 3651 Unde
3489 3604 3543 3652 et
3578 3596 3659 3652 lc-

2068 3680 2215 3752 gitur
2240 3681 2294 3736 in
2327 3680 2557 3739 Genesi:
2583 3679 2809 3755 Serpens
2843 3683 3160 3742 autem'erat
3185 3688 3467 3758 sapientior
3493 3690 3659 3744 omni-

2068 3773 2164 3829 bus
2202 3775 2557 3831 animantibus
2603 3785 2756 3832 terra:
2802 3770 2953 3851 (Gen.
2978 3777 3085 3851 ill).
3133 3779 3276 3836 Dicit
3320 3790 3504 3837 autem
3552 3780 3659 3839 Pli-

2068 3865 2210 3931 nius,
2256 3865 2302 3922 si
2353 3867 2610 3934 creditur,
2660 3870 2809 3940 quod
2854 3871 3123 3942 serpentis
3175 3881 3358 3945 caput,
3407 3874 3570 3929 etiam
3613 3876 3658 3931 si

2069 3970 2193 4012 cum
2220 3958 2431 4016 duobus
2460 3961 2695 4019 evaserit
2717 3961 2917 4032 digitis,
2949 3962 3299 4019 nihilominus
3322 3964 3471 4019 vivit.
3504 3964 3658 4022 Unde

2069 4055 2126 4104 ct
2154 4056 2326 4104 totum
2355 4062 2552 4120 corpus
2580 4050 2765 4122 objicit
2787 4067 2885 4122 pro
2911 4052 3090 4122 capite
3114 4051 3350 4108 ferienti.
3373 4054 3657 4125 Auguibus

2067 4138 2338 4196 universis
2383 4141 2549 4198 hebes
2578 4142 2725 4197 visus
2774 4152 2876 4207 est,
2934 4160 3060 4197 raro
3101 4144 3154 4198 in
3193 4145 3479 4201 adversum
3526 4162 3656 4202 con-

2070 4239 2330 4292 tuentur:
2356 4246 2455 4288 nec
2486 4228 2708 4300 frustra,
2739 4250 2862 4289 cum
2905 4234 3090 4292 oculos
3118 4250 3225 4290 non
3257 4235 3311 4290 in
3351 4234 3527 4292 fronte
3555 4238 3656 4293 ha-

2069 4320 2252 4388 beant,
2297 4323 2394 4378 sed
2441 4324 2496 4378 in
2542 4319 2894 4395 tempor‘ibus,
2944 4327 3079 4383 adeo
3126 4336 3187 4381 ut
3229 4329 3390 4385 citius
3435 4330 3658 4387 audiant

2069 4426 2232 4483 quam
2281 4412 2568 4484 aspiciant.
2644 4414 2863 4471 Nullum
2918 4422 3099 4473 autem
3148 4419 3347 4474 animal
3402 4420 3456 4475 in
3508 4430 3655 4478 tanta

2070 4503 2350 4559 celeritate
2392 4504 2629 4577 linguam
2671 4514 2870 4572 movet,
2911 4515 2971 4563 ut
3019 4516 3264 4579 serpens,
3302 4510 3438 4565 adeo
3467 4519 3527 4566 ut
3559 4513 3656 4566 tri-

2070 4594 2267 4665 plicem
2308 4594 2776 4667 linguam‘bahcre
2802 4599 3071 4666 videatur,
3110 4618 3233 4657 cum
3270 4618 3375 4658 una
3411 4604 3499 4659 sit.
3532 4605 3659 4660 Scr-

2071 4684 2321 4757 pentiunr
2358 4687 2498 4743 nuda
2555 4694 2682 4743 sunt
2720 4694 2972 4761 corpora,
3024 4692 3160 4747 adeo
3212 4701 3271 4747 ut
3316 4710 3657 4765 quacumque

2069 4781 2200 4833 eunt
2244 4778 2351 4843 vla,
2410 4777 2635 4834 humore
2683 4765 2967 4851 designent
3011 4783 3257 4855 vestigia.
3309 4782 3655 4854 Serpentium

2070 4869 2294 4942 vestigia
2321 4869 2449 4924 talia
2476 4877 2623 4936 sunt,
2651 4878 2712 4924 ut
2732 4880 2854 4926 cum
2884 4872 3108 4945 pedibus
3134 4887 3322 4928 carere
3346 4872 3652 4936 videantur,

2070 4963 2233 5019 costis
2283 4973 2462 5018 tamen
2513 4972 2569 5019 et
2614 4979 2963 5034 squamarum
3008 4965 3215 5020 nisibus
3258 4972 3473 5035 repunt,
3519 4980 3657 5034 quas

2070 5070 2099 5109 a
2130 5068 2342 5111 summo
2371 5064 2586 5127 gutture
2612 5072 2782 5127 usque
2811 5055 2879 5112 ad
2909 5057 3071 5112 imam
3099 5056 3276 5111 alvum
3307 5056 3466 5127 parili
3492 5057 3653 5112 modo

2067 5146 2359 5218 dispositas
2406 5148 2627 5202 habent.
2679 5146 2935 5217 Squamis
2963 5149 3127 5214 enim,
3166 5148 3321 5218 quasi
3360 5148 3648 5216 unguibus,

2069 5241 2255 5303 costis,
2283 5240 2438 5308 quasi
2474 5236 2743 5304 crdribus,
2773 5226 3102 5316 innituntur.
3132 5236 3288 5295 Unde
3317 5238 3361 5293 si
3393 5239 3446 5293 in
3478 5240 3657 5308 quali-

2069 5329 2161 5383 bet
2211 5328 2454 5396 corporis
2500 5335 2656 5397 parte
2684 5329 2774 5393 (ab
2819 5328 2939 5383 alvo
2993 5343 3164 5397 usque
3213 5328 3279 5383 ad
3322 5338 3483 5398 caput
3541 5331 3653 5386 ictu

2070 5420 2249 5489 aliquo
2274 5419 2579 5485 collidatur,
2603 5420 2795 5475 debilis
2825 5415 3033 5475 reddita
3060 5435 3278 5475 cursum
3303 5422 3507 5478 habere
3542 5438 3649 5479 non

2069 5521 2246 5583 potest
2273 5531 2285 5566 :
2312 5511 2439 5582 quia
2483 5512 2787 5583 ubicunque
2821 5512 2909 5568 ille
2952 5513 3093 5568 ictus
3132 5514 3401 5580 inciderit,
3439 5517 3652 5587 spinam
3698 5579 3707 5586 ε

2071 5603 2249 5670 solvit,
2288 5616 2387 5673 per
2421 5618 2584 5673 quam
2624 5611 2897 5658 costarum
2936 5604 3102 5675 pedes
3146 5612 3200 5660 et
3243 5614 3424 5662 motus
3461 5621 3652 5677 c0rpo-

2071 5697 2147 5752 ris
2176 5696 2493 5767 agebantur.
2521 5694 2813 5766 Serpentes
2837 5704 3017 5752 autem
3046 5696 3140 5752 diu
3160 5696 3343 5753 vivere
3372 5698 3651 5767 dicuntur,

2073 5791 2208 5845 adeo
2234 5799 2314 5858 ut,
2342 5787 2586 5862 deposita
2620 5796 2805 5846 vetere
2854 5790 3060 5858 tunica,
3111 5798 3444 5855 senectutem
3486 5791 3650 5862 depo-

3292 5882 3333 5946 8
