4072 6198
381 345 491 400 $35

1039 333 1102 390 Β.
1141 329 1394 390 RABANI
1429 328 1648 388 MAUR!
1685 322 2004 385 ARCHIEP.

2108 317 2354 382 DGUNT.
2392 317 2680 377 OPERUI
2713 317 2894 374 PARS
2932 316 2994 374 ll.

3540 313 3648 372 256

383 471 532 520 uere,
549 463 712 526 atque
737 451 1089 524 turjuventam
1116 448 1295 505 redire
1322 445 1724 517 perhibeantur.
1745 440 1964 496 Tunica:
1991 431 2040 504 Α
2067 436 2204 496 costi
2229 432 2498 526 peduculi,
2523 432 2748 504 pelices,
2778 429 2984 526 lendix,
3017 437 3230 526 tarmes
3253 425 3648 526 ricinum-usit,

381 560 695 623 serpentum
753 545 962 600 exuvias
1030 548 1445 610 nuncupantur,
1513 551 1580 592 eo
1645 535 1786 606 quod
1859 533 1966 600 his,

2068 528 2264 584 cimex.
2296 523 2707 589 llemieraneus,
2739 521 2941 578 vermis
2968 519 3164 592 capitis
3197 529 3442 575 vocatur.
3491 518 3658 574 [ιιιιιιο

383 607 602 715 quando
651 647 960 705 senescunt,
1018 651 1139 692 sese
1187 607 1414 696 exuunt,
1469 631 1668 702 quibus
1715 627 1868 684 exuti
1916 626 1970 681 in
2069 617 2254 674 brieus
2279 616 2672 715 intestinorum
2687 613 2878 715 dictus,
2908 613 3066 715 quasi
3095 609 3383 715 inminens.
3412 609 3540 680 quia
3571 607 3659 665 la-

385 701 658 804 jitt'entant
713 701 958 784 redeunt.
997 727 1262 782 Dicuntur
1299 723 1442 779 enim
1487 701 1694 776 exuviae
1721 729 1776 775 ct
1811 718 1971 776 indu,-
2072 710 2239 776 bitur,
2265 707 2348 764 vel
2375 706 2520 778 quod
2561 707 2617 762 in
2657 705 2855 804 lumbis
2885 701 3284 804 sit.-lksearidm
3321 704 3460 760 costi
3489 705 3662 774 pedu-

386 825 508 891 vitn,
541 824 672 894 quia
713 830 984 878 exuuntur
1017 827 1072 874 et
1100 817 1415 872 induuntur.
1468 814 1804 886 Pythagoras
1823 811 1970 875 dicit,

394 914 459 970 de
484 913 718 970 medulla
739 911 975 968 hominis
994 908 1216 974 mortui,
1232 923 1353 979 qua:
1377 907 1432 962 in
1461 906 1614 976 spina
1637 911 1739 966 est,
1755 916 1977 973 serpen-

395 1017 502 1062 tem
531 1003 726 1060 ercari.
764 1001 917 1071 Quod
944 1001 1108 1056 etiam
1135 997 1358 1055 Ovidius
1385 997 1440 1052 in
1471 993 1978 1064 Metamorplmseon

395 1096 551 1154 libris
567 1100 956 1151 commemorat
977 1091 1165 1147 dicens
1182 1107 1196 1142 :

523 1209 646 1258 Sunt
663 1206 768 1318 qui,
791 1219 900 1254 cum
925 1209 1089 1253 clauso
1107 1201 1377 1266 putrefacta
1399 1205 1476 1250 est
1493 1199 1632 1262 spina
1653 1195 1898 1262 sepulcro,

525 1269 682 1318 liutar
720 1269 925 1318 credant
942 1267 1177 1316 humanas
1205 1276 1367 1318 angue
1387 1261 1644 1313 medullas.

525 1261 697 1320 Mutari
720 1261 925 1318 credant
942 1261 1177 1316 humanas
1205 1276 1367 1327 angue
1387 1261 1644 1313 medullas.

400 1369 557 1438 Quod
583 1369 630 1426 si
661 1367 918 1434 creditur,
963 1365 1158 1422 merito
1191 1365 1372 1421 evenit
1408 1382 1422 1417 :
1457 1369 1521 1418 ut
1553 1363 1696 1418 sicut
1729 1374 1830 1432 per
1871 1374 1988 1417 ser-

400 1471 618 1532 pentem
655 1473 804 1514 mors
839 1457 1077 1513 hominis
1108 1472 1124 1510 :
1159 1455 1236 1511 ita
1275 1463 1336 1510 et
1379 1451 1617 1509 hominis
1651 1458 1828 1506 morte
1871 1464 1988 1506 ser-

403 1566 560 1624 pens.
588 1549 788 1620 Fertur
805 1555 1007 1613 autem,
1038 1545 1184 1618 quod
1209 1559 1438 1616 serpens
1463 1541 1737 1598 hominem
1779 1539 1986 1595 nudum

409 1659 520 1700 non
553 1641 626 1698 sit
651 1655 820 1699 ausus
856 1639 1196 1711 contingere.
1244 1635 1492 1692 Prudens
1523 1633 1718 1700 lector,
1760 1630 1990 1703 cognitis

401 1733 496 1795 his
533 1731 862 1803 serpentium
905 1728 1196 1801 generibus
1227 1733 1392 1798 atque
1421 1723 1727 1791 eli‘ectibus,
1775 1721 1991 1794 quando

2073 801 2202 865 culi,
2229 815 2444 855 vermes
2469 798 2610 854 cutis
2643 812 2675 852 a
2697 796 2925 868 pedibus
2964 794 3115 850 dicti.
3149 793 3304 850 Unde
3341 801 3398 849 et
3422 795 3663 864 peducu-

2074 891 2178 948 lesi
2217 892 2492 958 dicuntur,
2543 889 2742 960 quibus
2787 885 3038 956 peduculi
3077 885 3140 940 in
3179 900 3407 955 corpore
3435 883 3662 942 eti'erve-

2077 991 2255 1040 seunt.
2299 979 2512 1038 Pelices
2559 995 2693 1036 vero
2733 979 2912 1035 vocati
2965 984 3111 1044 sunt,
3143 977 3289 1046 quod
3329 992 3397 1034 ex
3443 977 3662 1047 pulvere

2079 1075 2254 1146 magis
2299 1073 2632 1128 nutriantur.
2689 1070 2890 1130 Lendix
2939 1068 3122 1134 idem,
3174 1067 3316 1138 quod
3374 1077 3580 1122 tarmus
3629 1081 3661 1120 a

2081 1166 2254 1222 lende.
2280 1164 2514 1220 'l'armus
2536 1161 2738 1218 vermis
2763 1169 2848 1216 est
2865 1159 3025 1215 lardi.
3047 1159 3276 1214 llicinus
3295 1158 3494 1214 vermis
3514 1157 3668 1214 canis

2082 1265 2306 1314 vocatus
2329 1271 2414 1320 eo,
2443 1253 2589 1326 quod
2647 1252 2720 1310 sit
2747 1251 2802 1306 in
2834 1250 3056 1306 auribus
3085 1263 3302 1306 canum.
3321 1247 3498 1306 Cenes
3523 1248 3664 1303 enim

2084 1348 2270 1422 Graece
2296 1346 2450 1404 canis
2475 1352 2578 1401 est.
2631 1342 2760 1401 Usia
2803 1350 2890 1398 est
2929 1339 3132 1398 vermis
3173 1339 3348 1412 porci,
3379 1339 3667 1412 appellata.

2086 1437 2214 1511 quia
2241 1435 2368 1490 urit.
2399 1432 2532 1489 Nam
2559 1431 2650 1487 ubi
2688 1429 3060 1496 momorderit,
3089 1429 3224 1484 adeo
3250 1427 3401 1485 locus
3429 1428 3575 1493 adet,
3613 1437 3667 1481 ut

2089 1529 2164 1586 ibi
2206 1527 2401 1584 vesicae
2452 1525 2605 1582 fiant.
2653 1522 2844 1579 Cimex
2887 1521 3332 1580 de'similitudine
3390 1520 3670 1592 cujusdam

2091 1619 2278 1676 herba
2301 1624 2544 1682 vocatus,
2569 1613 2724 1686 cujus
2747 1611 2994 1669 fmtorem
3022 1611 3203 1667 habet.
3236 1609 3462 1682 Pmprie
3491 1619 3674 1667 autem

2091 1711 2292 1768 vermis
2325 1708 2383 1765 in
2410 1706 2694 1779 putredine
2723 1704 2906 1760 carnis
2929 1702 3192 1758 nascitur.
3224 1699 3393 1759 Tinea
3429 1702 3487 1756 in
3514 1701 3678 1758 vesti-

409 1793 480 1880 de
525 1820 609 1876 eis
622 1793 700 1874 in
740 1793 1038 1890 Scripturis
1073 1815 1243 1888 legas,
1295 1793 1404 1872 non
1444 1823 1497 1870 te
1535 1813 1716 1885 pigeat
1763 1793 1988 1875 tentare,
2022 1805 2069 1866 Β
2095 1803 2335 1890 mentis-,7
2355 1815 2521 1857 eruca
2563 1799 2618 1854 in
2657 1797 2830 1862 olere,
2869 1795 3060 1852 teredo
3095 1794 3151 1849 in
3182 1793 3348 1890 ligno,
3385 1802 3593 1850 tarmes
3623 1794 3677 1890 in

396 1915 458 1971 si
495 1913 714 1984 aliquid-
741 1911 916 1985 possis
968 1910 1025 1966 in
1073 1907 1372 1982 spiritalem
1417 1922 1636 1964 sensum
1683 1904 1808 1962 inde
1854 1903 1997 1960 redi-

409 2020 565 2076 gere.

1022 2090 1249 2149 CAPUT
1299 2090 1389 2146 Π.

1009 2183 1088 2237 De
1122 2182 1398 2237 vermibus.

490 2279 702 2336 Vermis
727 2285 815 2335 est
849 2273 1054 2332 animal
1091 2273 1237 2346 quod
1271 2271 1591 2344 plerumque
1632 2286 1800 2328 carne
1823 2271 2002 2326 Vel'de

359 2391 367 2398 ι
414 2373 562 2445 ligno
581 2371 668 2431 vel
689 2370 757 2426 de
773 2382 1096 2440 quacunque
1119 2381 1182 2422 re
1208 2374 1423 2422 terrena
1446 2364 1562 2424 sine
1581 2363 1691 2420 ullo
1712 2363 2002 2420 concubitu

409 2462 678 2536 gignitur,
720 2461 847 2516 licet
895 2471 1280 2526 nonnunquam
1325 2463 1384 2510 et
1430 2453 1496 2509 de
1541 2454 1659 2509 ovis
1687 2463 2001 2517 nascantur,

395 2537 562 2611 ~sicut
609 2551 844 2622 scorpio.
895 2549 1037 2606 Sunt
1082 2556 1264 2603 autem
1291 2560 1506 2602 vermes
1549 2553 1642 2598 aut
1689 2553 1868 2610 terrae“,
1908 2553 2008 2600 aut

2097 1893 2270 1950 lardo.
2301 1889 2516 1948 Vermis
2541 1904 2648 1944 non
2665 1929 2680 1956 ,
2713 1896 2779 1943 ut
2806 1901 3050 1959 serpens,
3087 1885 3294 1956 apertis
3319 1887 3567 1955 passibus
3596 1886 3678 1944 vel

2095 1997 2444 2057 squamarum
2491 1980 2702 2036 nisibus
2739 1979 2902 2049 repit,
2953 1977 3080 2050 quia
3121 1992 3233 2033 non
3269 1985 3356 2034 est
3390 1976 3470 2034 illi
3513 1977 3681 2048 spinae

2097 2076 2267 2148 rigor,
2313 2080 2374 2130 ut
2421 2071 2650 2136 colubri,
2687 2069 2897 2128 scilicet
2921 2067 2977 2124 in
3027 2068 3292 2124 directum
3350 2067 3554 2124 coreuli
3592 2068 3682 2141 sui

2097 2175 2282 2240 partes
2330 2163 2602 2237 gradatim
2647 2159 2976 2234 porrigenda
3004 2199 3022 2228 ,
3096 2167 3408 2217 contractas
3461 2167 3684 2241 contra.

2101 2257 2302 2322 bendo,
2329 2263 2612 2326 porrectas
2651 2261 2858 2322 motum
2921 2249 3181 2322 explicat,
3219 2249 3406 2322 sicque
3450 2251 3686 2324 agitatus

2100 2348 2422 2422 perlabitur.
2477 2345 2692 2404 Vermis
2718 2354 2902 2401 autem
2931 2343 3157 2416 mystice
3179 2342 3432 2400 Christus
3451 2357 3553 2416 pro
3580 2343 3684 2398 ltu-

2101 2441 2335 2500 utilitate
2361 2440 2624 2511 assumpti
2665 2439 2902 2494 hominis
2929 2437 3154 2509 intelligi
3186 2445 3388 2508 potest,
3415 2446 3478 2492 ut
3503 2445 3590 2492 est.
3613 2436 3683 2492 ii-

2105 2535 2198 2592 lud
2224 2534 2280 2590 in
2300 2533 2512 2594 Psalmo
2537 2549 2551 2587 :
2577 2532 2688 2604 Ego
2722 2548 2838 2587 sum
2884 2531 3070 2588 uertitis
3103 2540 3153 2584 et
3183 2545 3288 2586 non
3323 2529 3480 2584 homo
3509 2525 3684 2600 (Paul.
3722 2511 3735 2521 ”

425 2659 604 2716 aquae,
633 2619 926 2708 aut—aeris,
953 2645 1047 2695 aut
1071 2637 1339 2703 carnium,
1373 2643 1484 2691 aut.
1503 2633 1795 2700 frondium,
1825 2633 2007 2688 autii-
2069 2624 2244 2700 -xxt).
2317 2625 2428 2682 Aut
2477 2623 2737 2680 memoria
2793 2621 2960 2678 animi
3019 2619 3323 2693 peccatoris
3383 2619 3440 2675 in
3489 2619 3686 2674 inferni

421 2747 675 2808 gnarum,
705 2739 802 2786 aut
822 2728 1291 2785 vestimentorum.
1339 2723 1573 2805 Aranea,
1601 2723 1804 2780 vermis
1837 2722 2004 2790 aeris,

419 2827 495 2882 ab
510 2823 664 2890 ,aeris
701 2821 1032 2878 nutrimento
1065 2816 1461 2889 cognominata,
1501 2815 1626 2886 quia
1655 2815 1848 2886 exiguo
1883 2829 2006 2870 cor-

409 2903 558 2990 pore
610 2914 766 2985 longa
813 2911 906 2966 ﬁla
939 2909 1191 2976 deducit,
1234 2917 1290 2965 et
1339 2907 1461 2964 telae
1513 2923 1728 2978 semper
1775 2907 2006 2974 intenta,

427 3021 704 3078 nunquam
743 3004 942 3062 desinit
978 3003 1246 3068 laborare,
1280 3009 1600 3072 perpetuum
1640 2999 1918 3056 sustinens
1951 3000 2010 3055 in

2106 2733 2266 2790 poma
2301 2715 2598 2780 constituti,
2631 2715 2700 2772 de
2731 2729 2840 2786 quo
2869 2713 3134 2784 scriptum
3177 2721 3265 2772 est
3291 2727 3310 2768 :
3361 2711 3563 2768 Verntis
3595 2728 3688 2767 eo-

2108 2828 2226 2866 rum
2269 2826 2376 2866 non
2422 2810 2694 2875 morietur,
2745 2819 2792 2864 et
2845 2807 2978 2879 ignis
3029 2823 3133 2862 non
3160 2807 3522 2877 exstinguetur
3549 2803 3686 2876 (Ian.

2109 2899 2277 2976 Lm).
2301 2899 2513 2957 Aranea
2536 2915 2666 2956 vero
2688 2899 2982 2954 humanam
3011 2896 3358 2969 fragilitatem
3397 2895 3687 2968 signiﬁcat.

2115 2993 2268 3050 Unde
2293 2995 2377 3050 est
2406 2992 2534 3048 illud
2577 2993 2632 3048 in
2653 2988 2906 3047 Psalmo:
2941 2991 3004 3046 Et
3031 2991 3294 3046 tabescere
3329 2989 3520 3061 fecisti,
3555 2989 3688 3044 sicut

426 3113 526 3155 sua
557 3103 675 3152 arte
701 3094 1061 3168 disycndium.
1095 3092 1453 3165 Sanguisuga,
1485 3091 1689 3148 vermis
1733 3091 2006 3162 aquatilis,
2040 3150 2080 3168 ﬂ
2113 3099 2384 3146 araneant,
2411 3083 2646 3139 animum
2674 3082 2791 3154 ejus
2815 3080 2986 3154 (Paul.
3023 3079 3276 3152 xxxviii).
3323 3081 3536 3136 Aranea
3561 3093 3694 3168 vero

427 3150 1120 3260 quodvrsanguinem
1149 3150 1313 3256 angit.
1355 3150 1674 3240 Potantibus
1698 3150 1843 3238 enim
1873 3150 2008 3239 insi;
2037 3150 2082 3214 Ο
2114 3189 2312 3245 corpus
2339 3173 2502 3229 habet
2533 3150 2712 3238 lenne;
2741 3172 2798 3228 in
2819 3150 2964 3226 letra
2983 3185 3090 3226 non
3117 3150 3344 3238 habitat,
3371 3170 3464 3226 sed
3490 3183 3588 3241 per
3611 3167 3696 3223 le-

425 3281 629 3336 diatur.
661 3277 906 3348 Cumque
930 3275 1128 3332 labitur
1155 3274 1422 3339 faucibus,
1453 3273 1537 3329 vel
1561 3273 1653 3330 ubi
1680 3273 1890 3344 uspiam
1921 3272 2018 3330 ad-

418 3372 685 3431 .hznrescit
705 3411 726 3440 ,
771 3371 1088 3444 sanguinem
1120 3370 1334 3434 haurit,
1371 3378 1428 3425 et
1459 3383 1584 3424 cum
1624 3367 1794 3425 nimio
1823 3383 2016 3426 emere

415 3462 728 3528 ..maduerit,
755 3461 978 3526 evomit,
1004 3459 1148 3530 quod
1177 3459 1355 3516 hausit
1391 3475 1404 3512 :
1456 3457 1529 3514 ita
1565 3466 1626 3514 ut
1658 3458 2014 3515 recentiorem

429 3553 612 3610 denuo
657 3557 838 3624 sugat.
885 3549 1212 3616 Cantarida,
1238 3547 1440 3604 vermis
1474 3555 1742 3615 terrenus,
1770 3547 1864 3617 qui
1891 3561 2014 3604 eum

424 3644 682 3719 humano
720 3637 934 3710 corpori
976 3637 1142 3694 fuerit
1176 3636 1504 3708 applicatus,
1547 3636 1731 3692 statim
1785 3635 1870 3694 sui
1921 3637 2014 3692 ad-

433 3731 653 3787 ustione
677 3729 887 3784 vesicas
911 3724 1040 3782 facit
1054 3727 1242 3798 plenas
1257 3727 1504 3782 humore.
1526 3725 1796 3798 Multipes,
1813 3727 2016 3784 vermis

439 3831 712 3886 terrenus,
754 3833 820 3874 ex
859 3816 1208 3874 multitudine
1255 3819 1452 3888 pedum
1485 3825 1728 3882 vocatus,
1758 3817 1849 3888 qui
1880 3831 2016 3873 con-

437 3918 649 3968 tractus
678 3910 733 3965 in
769 3907 982 3982 globum
1029 3906 1404 3980 complicatur,
1445 3908 1689 3966 nascitur
1723 3909 1824 3976 sub
1847 3907 2016 3980 petris

437 4016 507 4058 ex
551 4001 787 4057 humore.
833 4007 890 4057 et
931 4007 1097 4054 terra.
1148 3995 1362 4068 Limax,
1408 3999 1611 4054 vermis
1653 3997 1788 4064 limi,
1816 3997 2016 4065 dictus,

439 4090 589 4162 quod
627 4089 682 4144 in
708 4089 838 4145 limo
864 4087 950 4145 vel
975 4087 1044 4144 de
1077 4087 1209 4144 limo
1237 4096 1510 4144 nascatur.
1543 4085 1698 4145 Unde
1721 4096 1778 4144 et
1799 4089 2017 4146 sordida

436 4195 652 4250 semper
691 4191 747 4236 et
773 4179 1050 4248 immunda
1095 4177 1340 4235 habetur.
1385 4177 1707 4250 Bombyces,
1745 4176 2015 4236 frondium

437 4287 688 4337 vermes,
729 4285 798 4326 ex
842 4267 996 4340 cujus
1034 4276 1250 4326 textura
1287 4267 1666 4342 bombycinum
1711 4269 2012 4327 conficitur.

437 4361 756 4432 Appellatus
799 4369 980 4419 autem
1007 4359 1112 4416 hoc
1147 4359 1366 4416 nomine
1400 4361 1470 4416 ab
1496 4375 1584 4426 eo,
1611 4363 1756 4432 quod
1791 4376 2020 4420 evaeue-

435 4459 558 4515 tur,
604 4448 692 4502 tila
742 4457 1004 4520 generat,
1073 4453 1128 4505 et
1171 4463 1268 4504 aer
1310 4447 1460 4506 solus
1503 4448 1558 4504 in
1606 4463 1672 4506 ea
1717 4458 2014 4508 remaneat.

379 4586 384 4591 .
437 4539 638 4605 Eruca,
677 4539 950 4596 frondium
980 4541 1198 4606 vermis,
1229 4541 1284 4598 in
1310 4539 1432 4600 olus
1457 4540 1544 4597 vel
1574 4539 2016 4613 pampino‘invo—

437 4631 578 4694 luta,
606 4631 675 4685 ab
702 4631 974 4687 erodendo
1015 4631 1178 4688 dicta.
1233 4629 1310 4690 De
1342 4648 1451 4704 quo
1479 4633 1736 4690 meminit
1761 4631 2014 4692 Plautus:

445 4739 466 4772 ι
511 4719 758 4776 Imitatus
791 4736 1023 4792 nequam
1054 4721 1282 4778 bestiam
1309 4731 1362 4778 et
1390 4723 1689 4781 maleﬁcam
1726 4724 2019 4782 involutam

441 4811 496 4868 in
525 4812 776 4885 pampino
801 4812 1060 4884 implicat.
1098 4832 1118 4866 ι
1162 4811 1268 4872 Sed
1297 4815 1436 4870 idem
1461 4830 1564 4872 nec
1589 4816 1825 4884 advolat,
1853 4830 1914 4874 ut
1940 4818 2020 4874 lo-

441 4911 692 4968 custa,ut
714 4903 820 4958 huc
843 4901 1074 4973 illucque
1101 4901 1413 4960 discurrens
1441 4904 1729 4975 semipasta
1753 4907 2016 4962 dimittat:

441 4996 652 5053 scilicet
687 5002 970 5067 permanet
1005 4993 1263 5066 perituris
1297 4993 1564 5067 frugibus,
1599 5004 1655 5052 et
1685 4998 1839 5052 tardo
1869 4997 2022 5069 lapsu

441 5087 611 5159 pigris
630 5087 902 5144 morsibus
927 5087 1178 5142 universa
1203 5085 1490 5142 consumit.
1514 5085 1823 5143 Teredonas
1849 5086 2024 5144 Graeci

441 5191 641 5238 vocant
665 5181 932 5254 lignorum
970 5196 1200 5247 vermes,
1237 5181 1380 5250 quod
1413 5181 1637 5238 terendo
1683 5179 1868 5237 edant.
1915 5180 2026 5238 Hos

442 5288 546 5331 nos
575 5274 856 5330 thermites
895 5275 1125 5330 dicimus
1162 5273 1258 5345 (ita
1293 5275 1436 5330 enim
1472 5273 1613 5344 apud
1643 5273 1866 5330 Latinos
1893 5273 2023 5346 ligni

445 5379 662 5421 vermes
705 5364 986 5436 vocantur)
1040 5379 1176 5435 quos
1229 5372 1472 5435 tempore
1516 5365 1822 5434 importuno
1873 5379 2025 5420 033833

450 5448 674 5509 arbores
689 5455 930 5526 gignunt.
949 5453 994 5508 Τ
997 5455 1141 5518 inea,
1157 5457 1600 5512 vestimentorum
1615 5454 1840 5518 vermis,
1861 5453 2026 5517 dicta,

449 5545 593 5612 (διιυὰ
624 5553 803 5600 teneat
831 5555 886 5600 ct
914 5561 978 5600 eo
1007 5562 1178 5617 usque
1217 5546 1461 5608 insideat,
1497 5560 1604 5614 quo
1635 5545 1841 5600 erodat.
1877 5542 2030 5600 Unde

452 5633 722 5703 pertinax,
763 5636 903 5704 quod
944 5635 996 5690 in
1027 5637 1270 5690 eamdem
1323 5651 1432 5690 rem
1484 5635 1776 5690 identidem
1819 5642 2024 5705 urgeat.

455 5719 679 5778 Vin-mes
707 5725 972 5788 carnium,
1001 5725 1396 5794 hemicraneus,
1429 5725 1741 5792 lumbricus,
1775 5725 2030 5781 ascaridze

2115 3281 2179 3322 ca
2207 3265 2397 3320 altiora
2435 3265 2570 3322 telas
2593 3265 2854 3334 quasdam
2895 3259 3210 3319 tenuissima
3243 3263 3520 3320 viscerum
3545 3263 3696 3337 dige-

2117 3358 2292 3414 stione
2320 3356 2562 3439 contexit
2586 3374 2598 3410 :
2623 3355 2767 3412 sicut
2789 3363 2846 3411 et
2880 3371 2911 3410 a
2949 3355 3270 3426 quibusdam
3304 3355 3578 3412 vermibus
3604 3371 3692 3412 se-

2115 3446 2288 3504 ricum
2317 3447 2516 3504 dicitur
2540 3446 2791 3502 exliliari.
2833 3445 2971 3501 lluic
2993 3461 3126 3517 ergo
3153 3445 3352 3518 exiguo
3377 3446 3697 3517 corpusculo

2117 3548 2266 3596 recte
2315 3538 2560 3596 conversi
2603 3547 2662 3594 et
2707 3536 2889 3593 amicti
2929 3537 3111 3596 anima
3159 3546 3529 3608 comparatur,
3571 3551 3697 3607 quae

2115 3631 2290 3703 longis
2333 3629 2802 3688 observationibus
2830 3628 3130 3700 vigiliisque
3159 3629 3452 3700 fatigatur,
3479 3637 3697 3686 terrena

2117 3726 2398 3791 deserens,
2435 3723 2816 3780 subtilissimas
2843 3721 3187 3792 operationes
3212 3721 3468 3777 virtutum
3515 3721 3698 3777 divino

2119 3816 2312 3872 timore
2338 3811 2634 3870 vivificatas
2655 3811 2839 3870 eliicit.
2866 3811 2994 3868 Post
3015 3812 3133 3868 hrec
3158 3811 3446 3868 revertitur
3471 3811 3542 3867 ad
3568 3810 3700 3866 illud

2118 3921 2230 3962 sure
2251 3903 2633 3976 propositionis
2663 3903 2894 3970 initium,
2923 3917 3042 3974 quae
3061 3901 3188 3958 licet
3214 3902 3547 3972 increpetur,
3571 3900 3702 3958 licet

2117 3993 2358 4062 tabeiiat,
2405 4004 2586 4052 tamen
2611 3995 2901 4066 fragilitate
2927 3993 3252 4050 humanitati
3289 3993 3492 4050 scilicet
3523 3993 3702 4050 diver-

2119 4102 2303 4146 sarum
2350 4087 2616 4144 varietate
2669 4084 3020 4142 confunditur
3081 4085 3493 4164 adversitatum.
3561 4082 3698 4140 item

2119 4193 2319 4236 aranea
2364 4175 2610 4234 fraudem
2634 4176 2835 4234 diaboli
2861 4177 3128 4248 designat,
3154 4186 3215 4233 ut
3255 4179 3309 4233 in
3342 4177 3479 4232 isaia
3504 4193 3518 4230 :
3549 4175 3702 4230 Teios

2119 4287 2330 4327 aranea:
2365 4280 2640 4326 texuerunt
2677 4269 2850 4343 (Paul.
2901 4271 3036 4340 ιιι).
3070 4269 3409 4342 Sanguisuga
3437 4284 3566 4325 vero
3588 4267 3705 4324 dia-

2118 4362 2276 4419 bolus
2304 4369 2406 4418 est.
2440 4361 2595 4419 Unde
2620 4368 2704 4418 est
2729 4360 2861 4416 illud
2890 4359 2944 4415 in
2975 4359 3324 4418 Proverbiis:
3353 4359 3704 4431 Sanguisugre

2121 4454 2240 4509 duo:
2285 4462 2404 4507 sunt
2438 4453 2589 4522 ﬁlim,
2631 4451 2859 4508 dicentes
2899 4467 2920 4504 :
2953 4452 3120 4522 Aﬂ‘er,
3163 4451 3300 4522 afer
3337 4450 3518 4524 (Prov.
3547 4449 3702 4522 xxx).

2126 4543 2334 4600 Diaboli
2379 4559 2510 4615 ergo
2552 4542 2676 4599 inite
2716 4551 2842 4598 sunt
2882 4541 3094 4600 luxuria
3136 4549 3192 4598 et
3234 4541 3481 4608 avaritia,
3507 4541 3707 4612 quibus

2126 4634 2570 4706 sanguinolentus
2637 4634 2810 4690 hostis
2860 4634 3156 4690 humanum
3219 4647 3392 4706 genus
3459 4631 3704 4690 infestat.

2125 4726 2301 4786 Eruea
2329 4725 2577 4783 similiter
2615 4735 2794 4796 potest
2817 4725 3124 4796 signiﬁcare
3147 4725 3440 4793 diabolum,
3465 4725 3558 4796 qui
3584 4740 3708 4797 ger-

2128 4816 2280 4872 mina
2315 4815 2573 4870 virtutum
2622 4815 2674 4870 in
2707 4815 2926 4872 homine
2964 4815 3262 4872 crescentia
3305 4814 3464 4872 malis
3497 4814 3709 4872 suasio-

2130 4905 2290 4962 nibus
2319 4905 2510 4961 rodere
2535 4915 2588 4961 ct
2614 4906 2760 4961 vitiis
2800 4907 2984 4977 pravis
3031 4907 3332 4978 exstirpare
3360 4921 3470 4964 non
3505 4917 3708 4964 cessat.

2125 4995 2184 5051 lu
2215 4995 2517 5068 Scripturis
2559 5011 2692 5069 ergo
2736 4989 2927 5063 sacris,
2955 4997 3047 5054 ubi
3095 4999 3163 5054 de
3195 5000 3338 5055 tinea
3369 5008 3426 5056 et
3467 5000 3714 5071 aerugine

2127 5089 2331 5144 mentio
2370 5087 2450 5153 ﬁt,
2491 5089 2752 5160 mysticus
2794 5089 2848 5144 in
2887 5090 2972 5146 eis
3001 5090 3327 5162 quaerendus
3367 5099 3455 5146 est
3490 5106 3706 5147 sensus.

2126 5179 2262 5235 Nam
2283 5180 2440 5252 juxta
2469 5179 2778 5251 allegoriam
2801 5195 2984 5251 aerugo
3011 5189 3188 5252 potest
3209 5181 3518 5252 signiﬁcem
3549 5197 3707 5238 arro-

2127 5272 2366 5343 gantiam
2409 5279 2572 5340 atque
2607 5269 2947 5340 jactantiam.
2998 5270 3132 5339 Quae
3171 5271 3480 5342 ubicunque
3521 5271 3707 5336 fuerit,

2133 5375 2350 5418 omnem
2375 5361 2624 5416 decorem
2649 5369 2704 5414 et
2720 5361 2888 5414 robur
2916 5362 3178 5414 virtu-tnui
3197 5361 3467 5430 obiuseat,
3487 5377 3553 5418 ac
3575 5362 3698 5417 the-

2133 5463 2352 5506 saurum
2368 5451 2688 5520 spiritalium
2711 5451 2976 5506 donorum
2991 5451 3238 5524 dissipat.
3260 5453 3410 5509 Unde
3432 5455 3702 5524 propin-ta

2136 5539 2298 5599 dicit:
2322 5543 2456 5598 Deus
2482 5544 2704 5612 dissipat
2725 5559 2841 5598 ossa
2859 5546 3127 5599 hominum
3145 5547 3248 5601 sibi
3278 5548 3572 5614 plut-cntum
3596 5564 3618 5601 :
3645 5556 3699 5602 et

2133 5637 2300 5690 omnis
2319 5639 2625 5706 arrogantia
2645 5636 2968 5693 abominatis
2991 5647 3066 5695 est
3087 5639 3227 5709 apud
3255 5639 3420 5696 Deum
3438 5640 3554 5712 (Ps.
3577 5641 3700 5710 tu).

2133 5726 2301 5784 Tinra
2365 5737 2546 5786 autem
2589 5730 2906 5788 intestinum
2945 5735 3139 5788 vitium
3189 5733 3355 5789 animi
3397 5735 3698 5793 signiﬁcat.
