4072 6198
365 345 471 402 εὖτ

1320 335 1410 393 DE
1448 329 1797 392 UNWERSO
1836 325 2016 385 LIBRI
2055 324 2216 381 XXII.
2258 354 2328 366 --
2365 323 2492 378 LIB.
2535 320 2668 380 VIII.

3530 314 3637 372 εδδ

365 465 522 525 Unde
545 460 814 518 Dominus
837 457 915 514 ait
953 457 1008 512 in
1039 451 1324 526 Evangelio
1351 470 1364 506 :
1392 446 1765 508 Thcsaurizate
1808 445 1950 502 vobis
1977 446 2029 504 Α
2055 439 2273 506 feriunt,
2319 444 2675 508 tempestates,
2716 429 3020 526 significare
3067 429 3338 526 videntur.
3391 427 3458 484 Hi
3507 445 3639 526 ρι-ρ-

363 559 639 612 thesauros
679 552 738 607 in
772 548 924 614 calo,
955 548 1046 602 ubi
1080 561 1244 616 neque
1277 558 1455 612 wrugo
1491 557 1656 612 neque-
1686 540 1824 594 tinea
1855 537 1948 592 de-

361 644 600 708 molitur,
661 650 712 696 et
766 639 856 694 ubi
913 638 1057 707 fures
1112 652 1219 690 non
1268 633 1522 703 effodiunt
1571 645 1662 684 nec
1706 628 1953 697 furantur

364 734 699 813 (Μαιιή.γι)έ
727 734 896 790 Tinea
917 746 1068 795 vero,
1085 744 1208 801 quae
1230 736 1408 782 vestes
1431 725 1666 779 latenter
1691 720 1950 785 corrodit,

363 833 614 900 designat
662 827 940 890 invidiam,
968 838 1089 894 qua:
1132 821 1369 877 studium
1400 820 1600 874 bonum
1645 815 1868 879 lacerat,
1898 820 1955 868 et

363 918 827 990 comparationem
877 913 1102 969 unitatis
1129 911 1375 967 demoliri
1413 925 1518 964 non
1555 915 1752 963 cessat.
1783 905 1956 961 Fures

366 1023 603 1078 namque
653 1009 924 1062 daemones
972 1012 1136 1074 atque
1185 1001 1424 1056 hzeretici
1473 1007 1618 1062 sunt,
1654 997 1722 1052 de
1759 995 1957 1066 quibus

369 1099 583 1154 Veritas
611 1098 727 1151 ait:
762 1095 955 1150 Omnes
987 1102 1234 1165 quotquot
1267 1100 1539 1155 venerunt,
1578 1089 1721 1159 fures
1749 1097 1871 1141 sunt
1905 1095 1954 1140 et

363 1191 597 1246 latrones
629 1189 810 1261 (Joan.
845 1190 924 1260 χ).

987 1279 1217 1336 CAPUT
1265 1276 1330 1332 ν.

987 1369 1066 1424 De
1091 1367 1338 1439 piscibus.

439 1463 624 1520 Pisces
654 1462 780 1518 inde
808 1459 960 1526 dicti,
987 1459 1132 1513 unde
1159 1471 1344 1527 pecus,
1378 1471 1408 1510 a
1436 1453 1707 1524 pascendo
1730 1452 1953 1508 scilicet.

367 1556 602 1626 Reptilia
647 1554 902 1610 dicuntur
948 1551 1096 1616 inec,
1148 1563 1269 1619 qu:e
1313 1554 1504 1601 natant
1567 1561 1634 1601 eo
1676 1545 1817 1616 quod
1867 1557 1952 1598 re-

366 1648 556 1718 ptandi
589 1647 825 1701 habeant
856 1643 1092 1713 speciem
1121 1648 1177 1697 et
1204 1647 1452 1694 naturam
1479 1655 1494 1693 :
1519 1635 1780 1707 quamvis»
1801 1649 1860 1690 se
1903 1635 1958 1689 in

367 1735 695 1807 profundum
744 1733 1072 1802 inmergant,
1119 1737 1299 1783 tamen
1348 1727 1403 1781 in
1450 1725 1689 1780 natando
1737 1730 1954 1793 repunt.

2054 531 2172 603 prie
2199 529 2449 586 Simones
2479 527 2849 582 nominantur.
2890 522 2986 578 Est
3010 529 3066 578 et
3094 519 3348 577 delﬁnum
3376 536 3545 592 genus
3583 522 3641 577 iu

2053 623 2175 678 Nilo
2215 623 2377 678 dorso
2422 627 2653 684 serrato,
2701 613 3096 671 crocodilorum
3139 620 3326 668 tenera
3371 612 3640 668 ventriuni

2054 720 2304 769 secantes
2357 710 2694 765 interimunt.
2729 705 2886 760 Porci
2936 703 3130 758 marini
3174 711 3319 767 sunt,
3362 702 3452 772 qui
3481 702 3642 774 vulgo

2055 809 2333 867 vocantur,
2366 809 2426 855 ut
2453 798 2617 854 suilli.
2669 795 2768 864 Qui
2809 795 2935 850 dum
2981 808 3163 850 escam
3207 799 3456 862 quaerunt
3491 806 3645 847 more

2056 895 2187 961 suis,
2236 900 2436 948 terram
2467 891 2568 946 sub
2611 889 2766 959 aquis
2807 887 3034 942 fodiunt.
3081 882 3238 940 Circa
3266 890 3452 952 guttur
3497 883 3644 937 enim

2055 991 2257 1046 habent
2293 988 2407 1043 oris
2450 984 2704 1051 oliicium,
2756 992 2814 1039 et
2859 983 2966 1038 nisi
3022 989 3259 1036 rostrum
3306 979 3488 1034 arenis
3542 979 3646 1034 im-

2059 1089 2336 1151 mergant,
2404 1086 2617 1148 pastum
2683 1090 2791 1128 non
2847 1073 3124 1143 colligunt.
3210 1070 3529 1125 Crocodilus
3610 1084 3644 1124 a

2055 1183 2246 1224 croceo
2271 1167 2450 1222 colore
2490 1166 2685 1221 dictus.
2717 1164 2967 1233 Gignitur
2998 1164 3050 1216 in
3078 1161 3216 1226 Nilo,
3261 1160 3461 1215 animal
3505 1177 3643 1232 qua-

2057 1265 2253 1332 drupes
2320 1262 2374 1316 in
2425 1272 2566 1316 terra
2613 1269 2670 1316 et
2713 1260 2768 1314 in
2815 1261 2971 1329 aquis
3032 1259 3250 1325 valens,
3310 1260 3646 1327 longitudine

2055 1356 2374 1426 plerumque
2417 1354 2606 1425 viginti
2651 1353 2978 1417 cubitorum,
3016 1353 3257 1408 dentium
3299 1361 3355 1407 et
3386 1352 3644 1422 unguium

2057 1448 2392 1502 immanitate
2447 1454 2748 1512 armatum,
2827 1453 3098 1516 tantaeque
3144 1445 3285 1500 cutis
3329 1445 3544 1510 duritia,
3589 1455 3649 1500 ut

2057 1540 2306 1610 quamvis
2349 1538 2572 1595 fortium
2615 1539 2754 1596 ictus
2810 1537 3050 1608 lapidum
3099 1548 3250 1611 tergo
3295 1541 3644 1609 repercutiat.

2056 1631 2226 1687 Nocte
2278 1631 2331 1686 in
2374 1631 2550 1701 aquis,
2597 1631 2684 1686 die
2734 1631 2882 1684 humi
2930 1631 3182 1700 quiescit.
3241 1630 3354 1686 Ova
3400 1633 3453 1686 in
3501 1640 3647 1686 terra

2060 1721 2227 1787 fovet,
2287 1721 2563 1778 masculus
2609 1728 2664 1776 et
2719 1720 2919 1776 femina
2983 1721 3133 1776 vices
3181 1730 3419 1778 servant.
3495 1723 3651 1779 llune

369 1824 527 1883 Unde
555 1833 611 1880 et
635 1822 805 1877 David
833 1821 910 1876 ait
935 1839 950 1874 :
980 1819 1097 1874 Hoc
1129 1834 1274 1873 mare
1296 1832 1544 1887 magnum
1577 1823 1626 1870 et
1649 1815 1959 1884 spatiosum,
1990 1807 2036 1866 Β
2063 1813 2284 1883 quidam
2331 1812 2528 1882 pisces,
2576 1818 2842 1868 serratam
2871 1811 3134 1867 habentes
3181 1813 3420 1879 cristam,
3460 1821 3650 1870 tenera

367 1918 482 1972 illic
524 1914 756 1986 reptilia,
795 1928 1020 1984 quorum
1064 1926 1170 1965 non
1203 1918 1280 1964 est
1321 1922 1570 1962 numerus
1615 1903 1789 1976 (Psal.
1816 1903 1957 1976 CIII).

369 2008 586 2064 Antivia
616 2015 745 2062 sunt
769 2005 1012 2076 quadam
1044 2017 1243 2075 genera
1273 2000 1522 2071 piscium,
1555 1997 1678 2053 inde
1707 1997 1851 2053 dicta
1895 2010 1962 2051 α)

368 2099 516 2169 quod
547 2095 855 2152 ambulandi
903 2094 955 2148 in
987 2093 1148 2149 terris
1178 2105 1359 2150 usum.
1389 2098 1442 2146 et
1471 2087 1691 2143 natandi
1722 2087 1775 2141 in
1808 2085 1964 2155 aquis

372 2190 610 2244 oliicium
639 2188 898 2242 habeant.
935 2183 1057 2239 Anti
1099 2182 1241 2238 enim
1274 2179 1463 2236 Graece
1493 2187 1784 2248 utrumque
1814 2176 1962 2232 ,dici-

373 2293 484 2349 tur,
516 2282 570 2336 id
604 2289 710 2346 est,
742 2278 868 2350 quia
913 2285 969 2331 et
1009 2276 1064 2330 in
1103 2274 1260 2344 aquis
1285 2279 1340 2327 et
1376 2271 1431 2326 in
1473 2271 1636 2325 terris
1665 2270 1872 2332 vivunt,
1906 2276 1966 2323 ut

373 2374 532 2438 iocre,
557 2369 844 2434 crocodili,
877 2365 1245 2439 hippopotami
1260 2405 1278 2432 ,
1298 2365 1402 2420 hoc
1420 2371 1525 2430 est,
1548 2362 1672 2432 equi
1699 2360 1960 2436 fluviales.

375 2469 673 2525 Pecoribus
715 2465 897 2520 autem
945 2472 1001 2520 et
1034 2460 1224 2518 bestiis
1251 2467 1307 2516 et
1335 2456 1646 2514 volatilibus
1675 2463 1833 2510 antea
1866 2455 1967 2510 ho-

375 2561 552 2618 mines
606 2559 827 2615 nomina
879 2557 1272 2628 imposuerunt,
1319 2566 1484 2623 quam
1531 2549 1792 2622 piscibus,
1845 2561 1966 2618 qua:

376 2655 528 2726 prius
579 2653 695 2710 visa
748 2660 808 2706 et
852 2649 1070 2721 cognita
1122 2653 1268 2702 sunt.
1322 2643 1562 2701 Piscium
1605 2655 1739 2696 vero
1778 2647 1966 2710 postea

379 2745 636 2816 paulatim
685 2741 922 2814 cognitis
965 2736 1256 2812 generibus
1301 2735 1522 2790 nomina
1571 2731 1839 2794 instituta,
1875 2737 1971 2784 aut

377 2853 444 2891 ex
496 2833 854 2891 similitudine
907 2829 1272 2892 terrestrium,
1314 2833 1372 2880 ut
1410 2839 1577 2889 ranae,
1616 2831 1672 2879 et
1711 2820 1884 2887 vituli,
1913 2829 1970 2876 et

380 2927 586 2993 leones,
612 2933 669 2981 et
696 2923 837 2995 nigri
875 2919 1090 2985 meruli,
1125 2927 1182 2974 et
1209 2917 1332 2989 pavi
1358 2915 1576 2975 diverso
1599 2913 1780 2970 colore
1807 2912 1970 2968 dorso

380 3027 435 3073 et
461 3017 604 3072 collo
647 3015 804 3086 picti,
842 3023 898 3068 et
937 3010 1080 3066 turdi
1115 3005 1224 3063 albi
1264 3014 1321 3062 et
1357 3005 1513 3069 varii,
1543 3012 1600 3060 et
1631 3012 1826 3060 uetera
1849 3017 1969 3072 qua:

381 3108 484 3163 sibi
523 3107 680 3178 juxta
741 3103 950 3175 Species
1005 3099 1346 3156 terrestrium
1394 3095 1706 3178 animalium
1750 3093 1968 3149 nomina

2063 1907 2336 1962 ventrium
2364 1907 2700 1971 desecantes,
2731 1904 3066 1961 interimunt.
3103 1905 3262 1962 Solus
3289 1923 3354 1962 ex
3399 1908 3650 1964 animali-

2063 1996 2166 2052 bus
2185 1997 2519 2067 superiorem
2545 1995 3060 2052 maxillam-movere
3079 1998 3296 2053 dicitur.
3321 1999 3652 2071 HippOpota-

2064 2102 2187 2144 iuus
2241 2095 2485 2153 vocatus,
2517 2087 2663 2158 quod
2706 2087 2778 2143 sit
2819 2101 2959 2156 equo
2985 2087 3178 2144 similis
3223 2091 3406 2156 dorso,
3433 2091 3564 2162 juba
3595 2101 3654 2147 et

2067 2180 2304 2246 hinnitu,
2335 2187 2512 2235 rostro
2560 2179 2873 2249 resupinato
2902 2195 2932 2234 a
2959 2181 3151 2252 primis
3179 2181 3450 2250 dentibus,
3479 2184 3652 2240 cauda

2065 2280 2330 2336 tortuosa,
2379 2271 2466 2327 die
2515 2271 2569 2326 in
2600 2271 2756 2340 aquis
2802 2283 3194 2340 commoratur,
3232 2284 3393 2330 nocte
3442 2285 3657 2347 segetes

2067 2364 2393 2435 depascitur.
2440 2362 2508 2418 Et
2548 2363 2692 2418 hunc
2734 2361 2886 2418 Nilus
2932 2363 3122 2436 gignit.
3165 2363 3360 2421 Mullus
3409 2375 3654 2436 vocatus,

2068 2455 2211 2526 quod
2262 2453 2442 2511 mollis
2471 2454 2543 2509 sit
2581 2461 2747 2526 atque
2794 2456 3121 2512 tenerrimus
3150 2475 3162 2510 :
3196 2457 3351 2527 cujus
3388 2460 3512 2516 cibo
3541 2469 3656 2514 tra-

2067 2549 2202 2603 dunt
2225 2547 2503 2603 libidinem
2540 2547 2794 2613 inhiberi,
2833 2548 3005 2604 aciem
3045 2549 3225 2604 autem
3251 2551 3530 2607 oculorum
3557 2553 3656 2607 hc-

2069 2642 2243 2698 betari
2275 2661 2286 2696 :
2320 2641 2566 2698 homines
2595 2657 2742 2707 vero,
2795 2643 2994 2712 quibus
3018 2657 3161 2712 saepe
3197 2651 3410 2714 pastus,
3442 2645 3653 2715 piscem

2068 2735 2236 2792 olent.
2269 2735 2462 2792 Mullus
2506 2737 2561 2792 in
2608 2736 2736 2792 vino
2783 2744 3050 2792 necatus:
3087 2737 3164 2801 hi,
3211 2738 3308 2808 qui
3350 2739 3476 2795 inde
3508 2738 3662 2795 bibe-

2070 2830 2200 2897 rint,
2245 2831 2461 2887 tzedium
2501 2831 2612 2886 vini
2667 2830 2887 2886 habent.
2928 2831 3176 2904 Mugillus
3232 2847 3429 2888 nomen
3471 2835 3658 2901 habet,

2070 2922 2213 2991 quod
2244 2921 2314 2976 sit
2361 2920 2586 2975 multum
2631 2920 2804 2992 agilis.
2847 2920 2980 2976 Nam
3028 2923 3119 2976 ubi
3156 2923 3444 2993 dispositas
3472 2940 3661 2980 sense—

2072 3013 2144 3068 rit
2171 3012 2496 3083 piscatorum
2515 3013 2759 3078 insidias,
2794 3013 3077 3070 confestim
3100 3024 3396 3072 retrorsum
3421 3018 3658 3082 rediens,

2077 3103 2150 3157 ita
2191 3103 2424 3159 transilit
2446 3113 2580 3170 rete,
2603 3114 2664 3160 ut
2706 3106 2891 3161 volare
2920 3107 3124 3176 piscem
3165 3107 3370 3163 videas.
3399 3109 3663 3179 Anguillie

382 3176 793 3255 vindicaverunt
833 3211 901 3251 ex
946 3194 1190 3249 moribus
1239 3176 1604 3254 terrestrium,
1637 3194 1698 3242 ut
1726 3201 1890 3242 canes
1917 3185 1972 3240 in
1999 3182 2044 3244 C
2075 3194 2369 3250 similitudo
2416 3196 2606 3266 anguis
2633 3210 2830 3251 nomen
2874 3195 3039 3252 dedit.
3065 3196 3228 3268 Origo
3257 3197 3373 3267 ejus
3414 3176 3660 3254 ex'limo.

383 3290 522 3345 mari
557 3304 586 3342 a
619 3286 850 3344 terrenis
876 3285 1102 3342 canibus
1130 3281 1448 3352 nuncupati,
1479 3279 1621 3349 quod
1654 3276 1968 3334 mordeant:

382 3392 435 3438 et
460 3381 594 3451 lupi,
620 3379 764 3451 quod
790 3378 1035 3449 improba
1064 3374 1360 3432 voracitate
1386 3373 1522 3428 alios
1545 3376 1970 3442 persequantur:

385 3491 416 3528 a
441 3473 643 3537 colore,
676 3481 738 3526 ut
766 3471 1003 3535 umbras,
1032 3469 1158 3539 quia
1206 3466 1389 3523 colore
1421 3464 1660 3520 umbreze
1699 3470 1828 3518 sunt
1867 3477 1882 3513 :
1917 3469 1977 3515 et

385 3564 660 3628 auritalae,
687 3562 816 3632 quia
854 3560 908 3615 in
940 3560 1119 3629 capite
1157 3559 1276 3622 auri
1324 3555 1562 3613 colorem
1607 3553 1880 3609 habeant:
1922 3560 1980 3608 et

384 3654 524 3708 varii
559 3669 590 3707 a
619 3653 905 3720 varietate,
939 3665 1078 3720 quos
1103 3647 1263 3718 vulgo
1297 3654 1501 3701 tructas
1530 3650 1729 3700 vocant
1759 3658 1773 3694 :
1806 3640 1978 3714 ﬁgura

389 3755 447 3801 ut
473 3744 646 3810 orbis,
688 3743 784 3812 qui
822 3742 1084 3798 rotundus
1111 3748 1214 3806 est,
1248 3747 1499 3808 totusque
1538 3736 1592 3790 in
1637 3734 1813 3805 capite
1848 3748 1979 3790 con-

387 3846 522 3894 stat:
548 3845 609 3891 ut
637 3835 803 3900 solea,
823 3833 966 3904 quod
989 3833 1062 3888 sit
1085 3832 1258 3886 instar
1281 3829 1760 3885 calciamentorum
1785 3825 1974 3882 solida:

388 3944 418 3982 a
448 3943 606 3992 sexu,
656 3933 716 3980 ut
750 3923 1047 3988 musculus,
1097 3922 1241 3993 quod
1288 3921 1360 3976 sit
1405 3919 1633 3976 ballenae
1681 3917 1976 3974 masculus.

389 4019 518 4088 Ejus
563 4018 710 4073 enim
756 4017 902 4073 coitu
947 4016 1238 4085 concipere
1278 4014 1396 4069 hinc
1420 4011 1599 4068 bellua
1642 4010 1975 4082 perhibetur.

391 4110 528 4165 Hinc
560 4109 790 4165 musculi
829 4107 1158 4173 coclearum,
1199 4121 1429 4177 quorum
1475 4104 1618 4159 laete
1667 4102 1980 4173 concipiunt

389 4213 608 4262 ostrea;
657 4203 891 4260 Ballenaz
918 4211 1099 4257 autem
1127 4209 1252 4256 sunt
1289 4198 1567 4254 immensa:
1594 4195 1981 4268 magnitudinis

393 4297 610 4362 bestiae,
644 4294 713 4349 ab
731 4294 1026 4350 omittendo
1049 4299 1105 4346 et
1127 4288 1402 4345 fundendo
1422 4301 1594 4358 aquas
1615 4293 1840 4341 vocatae.
1864 4283 1980 4340 Ca:-

401 4387 534 4443 teris
552 4387 698 4442 enim
725 4385 916 4440 bestiis
944 4382 1112 4438 maris
1139 4381 1300 4436 altius
1318 4379 1526 4450 jaciunt
1554 4379 1745 4433 undas.
1776 4375 1980 4430 Ballein

393 4481 542 4536 enim
574 4478 764 4534 Graece
803 4475 1058 4532 emittere
1099 4473 1316 4529 dicitur.
1361 4470 1490 4528 Cete
1531 4470 1709 4534 dicta},
1742 4469 1846 4523 hoc
1873 4477 1978 4533 est,

2077 3282 2232 3340 Unde
2266 3291 2323 3341 et
2346 3286 2563 3355 quando
2595 3287 2825 3356 capitur,
2853 3286 2989 3343 adeo
3014 3287 3152 3342 lentis
3191 3297 3296 3353 est,
3359 3297 3415 3343 ut
3457 3297 3663 3359 quanto

2076 3374 2269 3432 fortius
2301 3377 2586 3447 presseris,
2645 3385 2797 3433 tanto
2849 3379 3010 3434 citius
3038 3379 3303 3434 elabatur.
3338 3379 3541 3435 Ferunt
3568 3396 3665 3435 au-

2079 3477 2186 3523 tem
2221 3466 2457 3524 Orientis
2488 3469 2708 3523 fluvium
2737 3467 2960 3540 Gangen
3008 3472 3271 3542 anguillas
3303 3472 3524 3528 tricenis
3573 3487 3666 3542 pe-

2077 3560 2235 3616 dibus
2287 3559 2526 3631 gignere.
2584 3560 2851 3632 Anguilla:
2894 3563 3023 3618 vino
3064 3571 3304 3619 necata}:
3337 3564 3429 3634 qui
3468 3579 3537 3619 ex
3599 3579 3667 3619 eo

2079 3652 2333 3718 biberint,
2391 3654 2610 3709 tmdium
2637 3654 2748 3710 vini
2769 3654 2991 3711 habent.
3025 3655 3198 3712 Draco
3248 3657 3492 3712 marinus
3536 3673 3669 3713 acu-

2081 3743 2193 3799 leos
2227 3743 2283 3798 in
2317 3744 2556 3801 branciis
2584 3745 2748 3803 habet
2800 3747 2867 3803 ad
2914 3747 3141 3804 caudam
3191 3756 3518 3819 spectantes,
3574 3751 3669 3820 qui

2083 3835 2211 3889 dum
2265 3837 2618 3905 percusserit,
2665 3854 2880 3910 quaqua
2934 3840 3082 3907 ferit,
3115 3857 3384 3896 venenum
3444 3841 3666 3896 fundit:

2081 3925 2224 3980 unde
2273 3933 2329 3981 et
2353 3935 2598 3983 vocatus.
2631 3929 2909 3984 Murenam
2937 3931 3109 3987 Graeci
3152 3931 3426 3986 minanam
3472 3942 3672 3986 vocant

2081 4030 2149 4072 eo
2187 4017 2332 4088 quod
2381 4018 2666 4090 complicet
2715 4035 2774 4075 se
2824 4020 2877 4074 in
2924 4021 3173 4077 circulos.
3222 4008 3375 4077 Hanc
3425 4022 3673 4078 feminini

2083 4113 2295 4160 tantum
2335 4121 2458 4163 esse
2482 4123 2644 4163 sexus
2686 4109 2904 4163 tradunt
2948 4119 3004 4164 et
3030 4112 3314 4181 concipere
3336 4128 3366 4166 a
3394 4122 3668 4182 serpente.

2082 4194 2163 4252 Ob
2189 4196 2244 4251 id
2265 4212 2296 4251 a
2322 4197 2705 4268 piscatoribus,
2736 4207 2991 4268 tanquam
3021 4215 3051 4253 a
3076 4212 3345 4270 serpente,
3397 4204 3553 4259 sibilo
3577 4220 3673 4260 vo-

2083 4294 2240 4342 catur
2273 4296 2332 4343 et
2359 4289 2572 4359 capitur
2606 4305 2620 4342 :
2647 4289 2752 4345 ictu
2779 4298 2960 4345 autem
3006 4289 3164 4347 fustis
3193 4291 3479 4350 difﬁculter
3505 4296 3674 4351 inter-

2089 4379 2294 4434 imitur.
2331 4379 2563 4436 Concbae
2604 4391 2659 4436 et
2691 4382 2926 4438 cochlea:
2977 4383 3078 4438 hac
3123 4400 3190 4440 ex
3243 4400 3409 4442 causa
3449 4397 3672 4456 vocatis,

2090 4470 2216 4540 quia
2243 4469 2526 4526 deficiente
2573 4471 2695 4527 luna
2723 4483 3018 4542 cavantur,
3066 4477 3119 4532 id
3157 4487 3263 4544 est,
3318 4490 3672 4537 evacuantur.

392 4573 463 4627 ob
491 4571 905 4626 immanitatem.
937 4565 1084 4622 Sunt
1111 4565 1255 4620 enim
1286 4563 1525 4634 ingentia
1551 4575 1751 4634 genera
1780 4558 1985 4615 bellua—
2011 4535 2062 4594 D
2089 4557 2342 4615 Omnium
2379 4561 2523 4615 enim
2568 4561 2874 4618 clausorum
2923 4567 3090 4621 maris
3143 4535 3463 4625 animalium
3513 4535 3679 4643 atque

398 4680 539 4730 rum,
583 4672 639 4719 et
684 4661 912 4732 aequalia
968 4658 1235 4714 montium
1283 4670 1511 4726 corpora
1553 4667 1569 4708 :
1613 4651 1790 4722 qualis
1835 4659 1990 4706 cetus

394 4756 610 4826 excepit
638 4753 852 4817 Jonam,
885 4752 1040 4822 cujus
1067 4750 1221 4805 alvus
1255 4755 1417 4802 tanta!
1446 4743 1832 4816 magnitudinis
1867 4741 1985 4806 fuit,

396 4857 454 4903 ut
475 4848 651 4902 instar
670 4844 941 4900 obtineret
970 4841 1187 4909 inferni,
1203 4841 1418 4896 dicente
1437 4837 1696 4909 propheta
1717 4834 1990 4893 :Eraudi-

396 4938 470 4993 sit
497 4953 579 4992 me
601 4936 666 4991 de
689 4945 867 4990 ventre
888 4934 1046 5004 inferi
1091 4931 1237 5004 (Jan.
1309 4930 1395 5004 ii).
1429 4930 1566 5000 Equi
1598 4929 1816 4994 marini,
1843 4927 1987 4998 quod

399 5030 574 5101 prima
621 5037 778 5098 parte
821 5028 947 5098 equi
1003 5034 1150 5092 sunt,
1199 5029 1472 5095 postrema
1514 5023 1796 5078 solvuntur
1825 5021 1878 5075 in
1905 5019 1990 5090 pi-

401 5134 571 5175 scem.
599 5117 775 5174 Bocas
799 5119 1014 5174 discunt
1044 5129 1164 5170 esse
1191 5114 1358 5169 boves
1386 5111 1648 5176 marinos,
1675 5109 1832 5180 quasi
1863 5109 1990 5163 boa-

402 5227 517 5266 cas.
556 5209 782 5267 Czerulei
818 5225 850 5265 a
879 5210 1062 5266 colore
1091 5207 1341 5280 appellati
1369 5224 1382 5260 :
1432 5221 1558 5261 nam
1588 5204 1876 5260 caaruleum
1906 5213 1991 5259 est

402 5303 576 5359 viride
611 5319 736 5358 eum
766 5304 943 5373 nigro,
986 5311 1047 5358 ut
1073 5311 1158 5358 est
1185 5315 1356 5355 mare.
1395 5299 1629 5355 Dellines
1658 5306 1869 5352 certum
1897 5296 1992 5350 ha-

403 5393 537 5449 bent
559 5393 903 5459 vocabulum,
952 5393 1096 5464 quod
1142 5407 1302 5448 voces
1343 5391 1622 5447 hominum
1671 5396 1984 5458 sequantur,

404 5484 488 5539 vel
531 5484 677 5555 quod
732 5484 802 5539 ad
859 5484 1232 5555 symphoniam
1302 5483 1566 5554 gregatim
1639 5479 1985 5536 conveniunt.

407 5570 549 5628 Nihil
580 5573 634 5630 in
661 5573 803 5628 mari
835 5573 1072 5628 velocius
1104 5573 1220 5628 istis
1251 5591 1263 5626 :
1293 5589 1417 5627 nam
1448 5572 1764 5642 plerumque
1793 5569 1992 5624 saliens

409 5673 493 5720 tes
537 5680 710 5722 naves
738 5665 1088 5720 transvolant.
1121 5666 1346 5732 Quando
1369 5674 1551 5719 autem
1593 5662 1898 5734 przeludunt
1937 5660 1992 5714 iu

413 5752 684 5818 ﬂuctibus,
737 5764 795 5811 et
839 5756 1105 5811 undarum
1137 5771 1217 5812 .se
1268 5756 1496 5812 molibus
1535 5753 1671 5810 saltu
1725 5750 1989 5822 praecipiti

2091 4654 2420 4706 concharum
2476 4651 2813 4709 incremento
2867 4654 3008 4711 lunae
3042 4659 3286 4714 membra
3337 4669 3673 4734 turgescunt,

2089 4741 2301 4798 defectu
2340 4753 2692 4800 evacuantur.
2735 4746 2888 4803 Luna
2927 4749 3072 4805 enim
3105 4765 3230 4805 cum
3282 4753 3335 4806 in
3385 4764 3678 4823 augmento

2090 4833 2275 4901 fuerit,
2316 4845 2480 4908 auget
2528 4838 2810 4896 humorem
2849 4859 2862 4894 :
2896 4857 3021 4897 cum
3061 4859 3192 4898 vero
3215 4844 3267 4898 in
3307 4844 3552 4900 defectus
3579 4861 3676 4901 ve-

2090 4927 2253 4992 nerit,
2285 4927 2543 4985 humores
2583 4932 2920 4988 minuuntur.
2969 4932 3082 4991 Hoc
3139 4937 3283 4990 enim
3334 4937 3541 5007 physici
3591 4938 3675 4992 di-

2093 5025 2242 5073 cunt.
2265 5019 2498 5076 Concha:
2512 5031 2690 5077 autem
2706 5025 2890 5094 primae.
2904 5026 3189 5096 positionis
3211 5043 3427 5093 nomen,
3447 5030 3681 5085 cochlea:

2093 5125 2224 5166 vero
2279 5127 2374 5180 per
2424 5111 2834 5169 diminutionem
2873 5117 3029 5185 quasi
3075 5117 3373 5172 conchulae.
3429 5118 3678 5177 Concha-

2095 5220 2214 5258 rum
2245 5205 2412 5259 multa
2444 5220 2642 5274 genera
2684 5216 2830 5273 sunt,
2865 5209 3006 5263 inter
3039 5209 3188 5278 quas
3218 5219 3270 5264 et
3312 5211 3682 5282 margaritife--

2095 5311 2170 5350 τω
2199 5310 2320 5364 qua:
2343 5297 2582 5352 cochleae
2621 5298 2894 5362 dicuntur,
2954 5299 3007 5353 in
3033 5315 3263 5370 quarum
3293 5317 3458 5358 carne
3489 5306 3683 5374 pretio-

2096 5399 2191 5441 sus
2235 5385 2474 5442 calculus
2521 5388 2802 5444 solidatur.
2843 5388 2920 5445 De
2967 5390 3164 5460 quibus
3191 5393 3414 5448 tradunt
3461 5395 3536 5460 hi,
3590 5399 3683 5466 qui

2098 5476 2452 5532 animantium
2514 5479 2784 5549 scripsere
2832 5481 3059 5545 naturis,
3113 5495 3180 5536 eo
3224 5483 3370 5553 quod
3419 5494 3684 5540 nocturno

2100 5576 2341 5638 tempore
2377 5569 2558 5625 littora
2588 5579 2867 5641 appetunt,
2890 5579 2945 5627 et
2983 5587 3049 5628 ex
3087 5573 3294 5629 ctelesti
3319 5590 3441 5630 rore
3471 5592 3686 5648 marga-

2102 5672 2274 5717 rctum
2329 5665 2657 5736 concipiunt.
2712 5665 2864 5722 Unde
2893 5677 2944 5722 et
2975 5668 3144 5723 cteloe
3167 5670 3536 5726 nominantur.
3570 5671 3684 5726 Mu-

2104 5755 2214 5812 rice
2251 5757 2471 5812 cochlea
2497 5766 2582 5814 est
2609 5759 2794 5826 maris,
2835 5759 2976 5815 dicta
3010 5761 3076 5815 ab
3103 5763 3350 5817 acumine
3377 5772 3433 5819 et
3480 5762 3686 5832 asperi-
