4072 6198
390 361 496 420 Ωιι

1364 362 1453 421 DE
1488 361 1840 422 UNWERSO
1875 363 2058 423 LIBRI
2096 367 2262 426 XXII.
2299 399 2371 412 —-
2404 369 2532 426 LIB.
2577 374 2710 433 Vill.

3564 381 3672 442 sic

393 477 531 533 Nam
554 474 681 531 alia;
704 473 984 544 simplices
1003 480 1154 539 sunt,
1183 479 1244 529 ut
1265 471 1530 530 columba:
1557 491 1571 527 :
1606 473 1728 529 alia:
1766 483 1977 541 astuta,
2008 482 2059 543 Α
2087 477 2183 535 bus
2214 492 2289 551 est
2312 493 2332 534 :
2361 492 2411 538 et
2443 484 2506 554 ﬁt
2530 484 2712 554 arbor,
2752 488 2829 542 ita
2859 497 2912 542 ut
2944 489 3148 547 veniant
3190 491 3422 549 volucres
3449 506 3497 551 et
3530 499 3675 555 habi-

392 579 457 626 ut
479 569 671 640 perdix
701 586 716 622 :
750 566 871 621 alia:
894 567 964 621 ad
1006 574 1228 621 manum
1248 579 1307 621 se
1335 564 1654 632 subiiciunt,
1681 573 1741 619 ut
1785 565 1984 637 accipi-

396 674 480 718 ter
506 679 520 715 :
542 660 665 715 aliae
701 658 1081 724 reformidant,
1130 667 1193 714 ut
1218 669 1564 730 garamentes
1594 677 1607 712 :
1636 659 1759 714 alim
1810 660 1986 716 homi-

391 769 531 809 num
550 751 962 808 conversatione
1000 750 1363 817 delectantur,
1390 760 1451 805 ut
1475 751 1710 807 hirundo
1738 770 1752 807 :
1779 752 1900 808 alia!
1920 753 1979 808 in

391 845 629 900 desertis
674 852 944 901 secretam
989 844 1157 900 vitam
1210 843 1458 915 diligunt,
1503 852 1564 913 ut
1617 852 1799 899 turtur
1828 844 1986 901 :aliaa

393 938 513 994 solo
538 936 746 993 semine
771 944 990 1006 reperto
1015 945 1329 1006 pascuntur,
1347 943 1407 990 ut
1427 950 1591 991 anser
1619 954 1633 991 :
1658 936 1776 992 aliae
1795 951 1988 994 carnes

393 1031 565 1086 edunt
588 1038 647 1085 et
666 1028 870 1099 rapinis
897 1028 1205 1093 intendunt,
1239 1035 1299 1081 ut
1328 1027 1521 1083 milvus
1554 1045 1566 1081 :
1600 1028 1717 1084 alia:
1741 1028 1984 1096 incuriae,

396 1119 637 1194 [invisa]
657 1135 777 1190 qua:
798 1127 1021 1174 manent
1046 1119 1100 1173 in
1116 1116 1252 1173 locis
1270 1132 1503 1190 semper.
1517 1115 1650 1174 Alite
1677 1120 1984 1176 adventitiaa

392 1226 518 1280 qua:
546 1210 781 1281 propriis
834 1207 1170 1278 temporibus
1219 1214 1590 1274 revertuntur,
1628 1218 1687 1262 ut
1739 1209 1984 1275 ciconiae,

396 1304 717 1359 hirundines
738 1320 751 1356 :
774 1302 894 1357 alia}
929 1316 1235 1372 congrega,
1278 1300 1330 1356 id
1358 1308 1466 1367 est,
1493 1301 1759 1374 gregatim
1794 1303 1987 1359 volan-

398 1404 503 1458 tes,
543 1402 606 1448 ιιι
635 1393 810 1449 sturni
856 1401 917 1450 et
948 1395 1296 1453 coturnices:
1335 1396 1455 1453 alia!
1485 1396 1757 1470 solivagte,
1795 1398 1848 1452 id
1876 1405 1984 1465 est,

395 1484 655 1541 solitaria:
706 1491 930 1555 propter
1235 1487 1602 1558 deprsedandi,
1658 1497 1721 1544 ιιι
1768 1488 1982 1558 aquilae,

395 1576 709 1647 accipitres,
736 1582 793 1632 et
809 1590 1145 1648 qut-uacuoque
1168 1578 1242 1634 ita
1266 1588 1398 1634 sunt
1422 1597 1437 1634 :
1458 1579 1578 1635 aliae
1597 1580 1820 1637 vocibus
1838 1590 1975 1636 ιιι-ε·

396 1677 552 1740 post,
572 1676 637 1725 ιιι
670 1668 989 1739 hirundines
1017 1687 1030 1723 :
1058 1670 1178 1727 aliae
1202 1680 1397 1728 cannis
1416 1673 1587 1729 edunt
1616 1672 1982 1740 dulcissimos,

397 1772 461 1815 ut
499 1774 711 1832 cygnus
747 1770 804 1815 et
850 1759 1058 1817 merula
1091 1779 1104 1815 :
1133 1761 1253 1817 alite
1289 1762 1453 1821 verba
1513 1771 1571 1818 et
1608 1778 1768 1820 voces
1811 1762 1985 1819 homi-

397 1868 528 1907 num
590 1852 895 1918 imitantur,
936 1859 999 1909 ιιι
1037 1854 1304 1924 psittacus
1334 1864 1391 1911 et
1417 1855 1563 1926 pica.
1593 1855 1734 1912 Sunt
1778 1863 1836 1911 et
1879 1856 1985 1912 alia

395 1945 543 2000 sicut
561 1956 782 2016 genere,
810 1945 887 2000 ita
921 1954 978 2001 et
1000 1946 1242 2004 moribus
1270 1946 1705 2005 innumerabilia.
1731 1948 1867 2004 Nam
1896 1965 1986 2006 vo-

397 2036 609 2092 lucrum
652 2044 786 2107 quot
806 2050 1004 2106 genera
1028 2038 1162 2113 sint,
1203 2036 1449 2094 invenire
1471 2054 1800 2111 quemquam
1828 2055 1989 2110 posse

398 2128 613 2186 dillicile
637 2137 742 2184 est.
768 2127 955 2199 Neque
1004 2129 1151 2185 enim
1173 2129 1359 2191 omnia
1386 2130 1555 2185 Indiae
1587 2138 1642 2186 et
1690 2130 1989 2202 £thiopim

396 2232 495 2278 aut
514 2221 756 2294 Scythia:
795 2217 1009 2278 deserta
1050 2222 1173 2293 quis
1199 2231 1486 2293 penetrare
1508 2224 1730 2294 pcterit,
1766 2225 1859 2296 qui
1894 2240 1990 2282 ea-

399 2329 520 2369 rum
571 2326 747 2385 genus
797 2312 883 2368 vel
934 2310 1273 2368 diderentias
1315 2321 1520 2370 nosset.
1553 2313 1697 2371 Aves
1725 2315 1884 2371 dicta:
1920 2330 1988 2373 eo

395 2408 541 2479 quod
570 2406 691 2462 vias
715 2414 898 2462 certas
919 2420 1025 2461 non
1046 2405 1304 2473 habeant,
1328 2406 1539 2463 scilicet
1562 2421 1664 2477 per
1691 2408 1815 2464 avia
1839 2421 1987 2478 qum-

388 2492 503 2569 que
533 2497 868 2553 discurrunt.
918 2495 1113 2561 Aliter,
1162 2496 1309 2566 quod
1362 2496 1466 2553 alis
1518 2496 1626 2552 alta
1676 2497 1982 2565 intendant,

396 2600 452 2647 et
494 2591 565 2646 ad
588 2589 844 2647 sublimia
893 2588 1121 2661 remigio
1161 2588 1371 2645 alarum
1398 2589 1792 2646 conscendant.
1824 2589 1988 2647 Volu-

395 2699 518 2741 cres
551 2699 586 2739 a
612 2681 867 2738 volando.
910 2679 1047 2736 Nam
1091 2681 1233 2736 unde
1282 2680 1489 2750 volare,
1522 2681 1650 2737 inde
1687 2689 1748 2738 et
1797 2683 1987 2740 ambu-

395 2774 509 2832 lare
554 2774 808 2830 dicimus.
851 2771 980 2829 Vola
1011 2772 1160 2827 enim
1191 2772 1395 2828 dicitur
1438 2772 1618 2829 media
1657 2788 1787 2844 pars
1830 2775 1987 2845 pedis

396 2866 512 2924 sive
548 2882 763 2931 manus,
802 2873 859 2921 et
900 2866 956 2920 in
988 2848 1179 2921 avibus
1200 2864 1321 2921 vola
1367 2879 1496 2936 pars
1535 2865 1714 2922 media
1751 2865 1985 2933 alarum,

396 2974 628 3030 quarum
661 2967 813 3014 motu
842 2957 1022 3029 pinna:
1051 2956 1343 3026 agitantur,
1376 2957 1503 3013 inde
1534 2955 1815 3013 volucres.
1843 2955 1984 3012 Pulli

384 3052 649 3107 dicuntur
694 3050 937 3106 omnium
973 3050 1153 3105 avium
1212 3050 1362 3115 nati,
1415 3048 1510 3106 sed
1555 3058 1615 3106 et
1667 3050 1985 3112 animalium

395 3138 804 3213 quadrupedum
852 3141 987 3207 nati,
1014 3141 1146 3212 pulli
1171 3140 1452 3209 dicuntur,
1484 3148 1543 3197 et
1566 3141 1731 3199 homo
1782 3157 1987 3214 parvus

2087 578 2197 625 teut
2235 572 2293 626 in
2333 574 2496 629 rantis
2539 573 2656 645 ejus
2678 575 2899 649 (Matth.
2954 580 3101 651 ιιιιι).
3130 579 3447 641 Praedicatio
3497 587 3675 646 Evan»
3730 630 3743 643 .

2086 663 2213 736 gelii
2248 664 2470 721 minima
2519 676 2603 723 est
2650 669 2908 727 omnibus
2940 672 3244 745 disciplinis
3273 691 3459 734 coram
3503 683 3677 755 oculis

2091 754 2601 826 sapientium’istius
2623 761 2813 817 mundi
2842 780 2855 817 :
2880 764 2973 820 sed
2992 767 3192 825 crescit
3213 767 3268 823 in
3297 769 3571 840 arborem,
3601 775 3678 831 ita

2088 852 2149 899 ut
2175 844 2424 903 volucres
2471 849 2616 917 cmli,
2664 866 2805 921 quas
2832 852 2917 908 vel
2962 855 3171 912 animas
3215 861 3549 919 credentium
3594 866 3676 920 vel

2086 931 2436 994 fortitudines
2483 938 2579 995 Dei
2632 941 2856 998 servitio
2904 947 3243 1017 mancipatas
3267 952 3474 1009 sentire
3517 955 3681 1012 debe-

2089 1038 2229 1091 mus,
2262 1025 2483 1083 veniant
2502 1036 2562 1084 et
2595 1030 2846 1087 habitent
2894 1034 2950 1090 in
2983 1037 3149 1092 ramis
3177 1039 3313 1109 ejus.
3355 1041 3558 1101 [tomos
3584 1061 3681 1116 pu-

2088 1122 2146 1171 to
2187 1119 2513 1190 evangelicae
2539 1121 2771 1190 arboris,
2824 1141 2949 1196 quae
3000 1128 3069 1185 de
3109 1146 3279 1201 grano
3304 1134 3508 1207 sinapis
3554 1153 3680 1196 cre-

2090 1207 2251 1302 verit,
2293 1210 2603 1302 dogmatum
2630 1229 2754 1271 esse
2775 1217 3140 1289 diversitates,
3180 1223 3234 1278 in
3259 1225 3457 1295 quibus
3484 1246 3678 1302 supra-

2089 1297 2354 1354 dictarum
2405 1300 2687 1359 volnerum
2744 1321 3084 1381 unaquaeque
3154 1315 3466 1384 requiescit.
3537 1297 3711 1379 Aves.

2086 1397 2214 1443 sunt
2241 1389 2534 1447 daemones.
2573 1392 2727 1451 Unde
2764 1405 2820 1452 et
2847 1398 2901 1455 in
2922 1399 3245 1475 Apocalypsi
3276 1409 3530 1467 omnibus
3556 1414 3677 1469 avi-

2087 1478 2189 1545 bus
2214 1480 2415 1536 dicitur
2447 1500 2461 1537 :
2490 1481 2643 1551 Aves,
2678 1502 2796 1558 quia
2840 1488 3025 1546 velatis
3064 1509 3159 1563 per
3186 1497 3417 1553 medium
3465 1501 3707 1569 caelum,

2085 1574 2253 1629 venite
2275 1574 2345 1630 ad
2378 1592 2579 1632 canant
2614 1595 2862 1651 magnam
2884 1582 3001 1651 Dei,
3029 1594 3087 1639 ut
3129 1590 3456 1650 manducetis
3487 1611 3675 1654 carnes

2087 1676 2411 1736 regum,~ete.
2432 1666 2620 1742 (Apoc.
2637 1671 2775 1745 vis).
2804 1673 2873 1729 Et
2898 1676 2951 1731 in
2967 1675 3284 1738 Salomone:
3304 1683 3411 1751 Qui
3430 1676 3680 1744 innititilr

2085 1757 2398 1827 mendacio,
2460 1763 2600 1817 nunc
2667 1766 2837 1835 pascit
2887 1781 3069 1825 ventus
3133 1770 3317 1845 (Prov.
3384 1777 3465 1846 ς).
3528 1780 3697 1837 Μειιιμ

2014 1878 2063 1940 Β
2090 1857 2271 1940 autem
2307 1851 2426 1923 ipse
2454 1854 2703 1924 sequitur
2724 1871 2856 1915 aves
2882 1858 3148 1919 volantes.
3192 1863 3343 1932 Avis,
3399 1865 3674 1929 Salvator.

2092 1939 2245 1997 Unde
2264 1940 2319 1998 in
2343 1941 2445 1999 Job
2494 1944 2563 2001 de
2589 1944 2793 2013 ludam,
2825 1964 2949 2020 quae
2982 1951 3038 2007 in
3077 1968 3203 2010 eum
3228 1959 3522 2035 creditura
3566 1978 3678 2021 non

2080 2043 2225 2102 erat,
2267 2036 2472 2094 dicitur
2536 2040 2681 2113 (Job.
2739 2039 2937 2117 x'xvtn)
2983 2060 2999 2101 :
3038 2044 3190 2103 Viam
3228 2050 3492 2123 ignoravit
3537 2056 3675 2113 avis.

2086 2124 2234 2195 Avis,
2265 2128 2415 2200 plebs
2438 2128 2643 2191 Iudaea.
2675 2131 2735 2189 In
2757 2136 3019 2205 propheta
3049 2155 3063 2192 ε
3093 2137 3267 2195 Facta
3304 2150 3380 2196 est
3412 2141 3548 2201 Sion
3573 2148 3680 2202 sic-

2086 2227 2145 2273 ut
2183 2220 2294 2275 aris
2335 2220 2516 2277 volans
2568 2221 2724 2295 (lsai.
2776 2227 2911 2296 xvi).
2953 2226 3031 2284 De
3077 2229 3184 2285 hac
3237 2230 3395 2301 plebe
3432 2234 3676 2307 figurali-

2088 2317 2173 2367 ter
2199 2310 2253 2367 in
2282 2312 2707 2372 Deutcronomio
2732 2317 3083 2389 praecipitur:
3117 2319 3177 2376 Si
3204 2323 3556 2384 «nudaveris
3582 2346 3679 2400 per

2086 2404 2243 2470 viam,
2274 2416 2325 2460 et
2350 2406 2407 2462 in
2429 2407 2618 2464 arbore
2644 2407 2723 2464 vel
2759 2409 2816 2464 in
2847 2418 2989 2465 terra
3040 2412 3223 2467 nidum
3259 2419 3372 2470 avis
3394 2418 3677 2486 inveneris,

2085 2503 2137 2549 et
2182 2506 2404 2553 matrem
2440 2496 2601 2569 pullis
2642 2498 2726 2555 vel
2759 2499 2872 2556 ovis
2913 2502 3138 2574 desuper
3172 2504 3507 2563 incubantem
3530 2522 3548 2561 :
3571 2526 3679 2565 non

2085 2586 2281 2649 tertebis
2300 2606 2420 2645 eant
2466 2606 2588 2647 cum
2617 2592 2769 2663 ﬁliis,
2809 2595 2900 2649 sed
2944 2595 3092 2651 abire
3135 2598 3374 2669 patieris.
3395 2611 3576 2672 captos
3598 2612 3679 2657 te-

2086 2692 2214 2732 nens
2240 2676 2382 2747 ﬁlios
2422 2677 2603 2752 (Dent.
2650 2681 2809 2753 uti).
2833 2681 2987 2751 Quod
3008 2685 3078 2739 de
3116 2684 3391 2756 Apostolis
3426 2687 3680 2761 intelligi-

2088 2772 2197 2832 tur,
2232 2767 2326 2838 qui
2352 2782 2423 2825 ει
2443 2769 2637 2827 eadem
2659 2770 2814 2841 plebe
2849 2788 2949 2843 per
2976 2772 3252 2831 Christum
3276 2776 3564 2833 Dominum
3590 2795 3678 2835 as-

2084 2858 2288 2928 sumpsi
2316 2866 2462 2927 sunt,
2496 2860 2585 2916 illa
2617 2875 2746 2918 vero
2775 2862 2984 2920 relicta.
3012 2864 3142 2921 Avis
3164 2867 3414 2923 diabolus
3451 2869 3504 2924 in
3529 2868 3631 2926 Job
3659 2887 3676 2925 :

2088 2947 2348 3021 Nunquid
2368 2949 2559 3007 iliades
2593 2952 2643 3006 ei
2664 2954 2820 3024 quasi
2849 2954 2931 3009 avi
2963 2955 2988 3009 7
3036 2953 3183 3028 (Job.
3211 2956 3325 3029 ιιι.)
3370 2956 3676 3030 Aliquando

2087 3055 2219 3097 vero
2251 3042 2499 3099 volucres
2539 3044 2846 3115 significant
2882 3047 3148 3120 malignos
3182 3048 3426 3119 spiritus,
3452 3053 3545 3122 qui
3569 3054 3675 3111 ωι-

2087 3133 2205 3189 lunt
2235 3146 2535 3192 sementem
2581 3137 2636 3194 in
2694 3138 2784 3195 via
2851 3139 3109 3210 positum,
3144 3140 3304 3212 juxta
3357 3145 3673 3215 parabolam

393 3232 591 3302 pullus.
638 3232 910 3289 Recenter
937 3223 1241 3303 igitur'nati
1292 3232 1424 3304 pulli
1478 3247 1546 3289 eo
1592 3234 1739 3303 quod
1766 3233 1978 3305 polluti.

2086 3225 2452 3298 evangelicum
2480 3226 2631 3300 (Luc.
2671 3229 2813 3302 vni).
2873 3230 2973 3286 Via
3018 3246 3149 3304 ergo
3192 3249 3348 3291 mens
3371 3244 3456 3291 est
3484 3238 3683 3294 scdulo.

398 3322 551 3380 Unde
593 3332 653 3378 et
676 3323 846 3379 vestis
895 3322 1071 3394 nigra,
1124 3322 1270 3394 pulla
1323 3323 1469 3379 dicta
1508 3332 1617 3380 est.
1671 3324 1786 3380 Ala:
1830 3334 1981 3393 sunt,

366 3450 369 3453 -
394 3414 450 3469 in
473 3414 669 3484 quibus
721 3426 914 3485 pennae,
942 3428 1042 3485 per
1064 3414 1312 3469 ordinem
1341 3413 1462 3470 lixae
1488 3414 1703 3471 volandi
1724 3415 1986 3472 exhibent

395 3519 571 3560 usum.
606 3505 824 3563 Vocula:
843 3513 1025 3563 autem
1068 3504 1182 3570 alas,
1218 3506 1366 3576 quod
1393 3506 1482 3563 his
1518 3520 1650 3563 aves
1671 3507 1984 3579 complexos

392 3597 539 3653 alant
580 3598 759 3669 pullos
788 3613 851 3653 ac
887 3598 1125 3654 foveant.
1167 3599 1371 3655 Pennas
1392 3614 1425 3654 a
1446 3598 1750 3670 pendentia,
1792 3600 1848 3655 id
1875 3609 1979 3667 est,

390 3690 622 3746 volando
674 3689 875 3746 dicta:
907 3691 1052 3747 unde
1100 3699 1157 3747 et
1208 3692 1470 3762 pendere.
1522 3689 1789 3749 Volucrcs
1830 3693 1981 3750 enim

386 3788 691 3845 parmarum
740 3776 943 3833 auxilio
976 3787 1282 3841 moventur,
1311 3779 1536 3849 quando
1574 3792 1636 3836 se
1684 3781 1796 3837 aeri
1829 3796 1981 3837 man-

389 3867 541 3922 dant.
573 3865 783 3933 Pluma,
831 3868 987 3938 quasi
1018 3868 1242 3938 piluma.
1270 3867 1408 3924 Nam
1446 3871 1592 3927 sicut
1638 3871 1733 3942 pili
1762 3872 1817 3926 in
1844 3886 1981 3941 qua-

386 3957 690 4028 drupedum
734 3972 982 4029 corpore,
1037 3959 1111 4015 ita
1158 3959 1341 4030 pluma
1401 3960 1458 4016 in
1511 3961 1720 4018 avibus.
1782 3960 1980 4019 Avium

388 4062 572 4109 autem
614 4053 834 4108 nomina
861 4052 1028 4108 multa
1052 4067 1083 4107 a
1109 4064 1241 4109 solio
1263 4052 1420 4109 Vocis
1453 4061 1670 4110 constat
1690 4069 1812 4111 esse
1825 4067 1979 4111 com-

390 4143 588 4214 posita,
631 4150 693 4198 ut
723 4156 872 4214 grus,
912 4156 1126 4209 corvus,
1153 4156 1386 4214 cygnus,
1419 4156 1579 4213 pavo,
1610 4144 1830 4211 milvns,
1856 4144 1977 4200 ulu-

390 4234 465 4301 ιιι,
523 4234 770 4299 cuculus,
815 4234 1089 4305 graculus,
1147 4244 1207 4292 et
1263 4245 1481 4292 caetera.
1533 4238 1784 4296 Varictas
1826 4239 1974 4295 enim

387 4325 537 4383 vocis
581 4339 770 4380 eorum
818 4325 1004 4382 docuit
1039 4326 1312 4394 boiues,
1356 4327 1488 4398 quid
1530 4329 1968 4385 nominarentur.

382 4415 652 4472 Yolucres
704 4412 883 4485 angeli
951 4422 1099 4478 sunt,
1159 4414 1302 4470 sicut
1355 4415 1412 4470 in
1465 4414 1567 4474 Job
1611 4432 1712 4489 pro
1763 4418 1975 4491 origine

384 4507 666 4579 sapientia:
690 4506 938 4562 volucres
970 4505 1096 4562 coeli
1124 4507 1280 4563 nidos
1323 4508 1550 4566 habere.
1578 4509 1837 4568 Volucres
1874 4512 1972 4567 ho-

2083 3315 2350 3373 malarum
2388 3317 2780 3390 cogitationum
2805 3332 2989 3377 meatu
3029 3322 3160 3380 trita
3204 3332 3372 3394 atque
3408 3325 3671 3394 arefacta,

2080 3419 2152 3463 nc
2185 3409 2333 3464 verbi
2358 3424 2545 3466 semen
2589 3412 2845 3483 excipere
2864 3429 2930 3469 ac
2950 3416 3257 3487 germinare
3282 3414 3550 3473 suﬂleiat:
3585 3425 3672 3475 at-

2081 3514 2188 3569 que
2243 3500 2366 3557 ideo
2401 3502 2664 3575 quidquid
2715 3503 2845 3559 boni
2892 3505 3116 3562 seminis
3156 3506 3381 3564 viciniai
3407 3508 3531 3567 talis
3572 3511 3672 3566 vin.-

2078 3593 2387 3665 contigerlt,
2421 3595 2587 3665 perit,
2613 3595 2745 3667 quia
2776 3595 3022 3667 improbo
3048 3598 3300 3667 pessimae
3327 3601 3673 3672 cogitationis

2080 3680 2313 3736 transitu
2347 3681 2726 3738 conculcatum
2753 3698 2787 3738 an
2814 3684 3149 3742 daemonibus
3177 3688 3402 3758 rapitur.
3430 3689 3532 3757 Qui
3580 3705 3672 3746 re-

2079 3777 2167 3826 cte
2202 3769 2449 3827 volucres
2476 3772 2620 3836 caeli,
2678 3773 2793 3829 sive
2832 3775 2976 3844 quod
3015 3775 3255 3833 caelestis
3301 3779 3671 3851 spiritalisqnc

2077 3865 2206 3915 sunt
2247 3869 2491 3927 natum,
2538 3861 2654 3917 sive
2699 3863 2841 3933 quod
2874 3879 2973 3935 per
3021 3880 3150 3921 aera
3190 3866 3440 3933 volitant,
3485 3869 3671 3939 appel-

2077 3948 2279 4006 lantur.
2306 3951 2420 4008 Alae
2441 3954 2641 4024 quippe
2668 3954 2721 4009 in
2744 3954 3044 4025 Scripturis
3062 3954 3373 4028 signiﬁcant
3397 3960 3504 4017 duo
3532 3975 3671 4031 prte-

2075 4051 2232 4113 cepta
2278 4044 2584 4114 cbaritatis,
2628 4048 2828 4117 quibus
2874 4050 2943 4105 ad
2993 4050 3217 4107 cteleste
3260 4066 3488 4121 regnum
3538 4069 3670 4109 con—

2076 4134 2374 4200 scenditur,
2410 4137 2528 4193 sive
2555 4137 2662 4193 duo
2693 4145 3038 4204 testamenta,
3073 4140 3216 4195 sicut
3238 4140 3293 4196 in
3323 4141 3534 4199 duabus
3565 4142 3669 4198 alis

2074 4224 2369 4291 Cherubin,
2414 4234 2472 4281 et
2513 4227 2568 4282 in
2613 4227 2900 4284 Ezechiele
2932 4229 3271 4296 animalium,
3303 4246 3427 4302 qum
3457 4233 3668 4290 duabus

2075 4314 2178 4370 alis
2222 4314 2474 4371 volabant
2508 4331 2708 4386 corpus
2771 4332 2954 4384 suum,
3002 4320 3327 4376 ostenditur.
3373 4321 3487 4378 Alte
3546 4338 3663 4389 sex,

2072 4404 2385 4475 praedicatio
2412 4406 2592 4462 divina
2618 4422 2719 4477 per
2744 4416 3037 4480 utrumque
3056 4416 3439 4468 testamentum
3475 4414 3530 4468 in
3560 4414 3667 4471 hoc

2074 4497 2299 4563 mundo,
2353 4497 2532 4568 quiin
2579 4512 2675 4553 sex
2722 4497 2913 4554 diebus
2946 4490 3126 4556 lactus
3165 4509 3267 4565 est,
3316 4504 3661 4560 annuntiata.

385 4600 561 4656 mines
601 4598 840 4670 superbi.
891 4597 952 4654 ln
993 4597 1292 4669 psalterio:
1327 4596 1458 4656 Oves
1494 4610 1544 4656 et
1585 4601 1733 4658 bam
1773 4604 1977 4659 αηίυετ.
2002 4585 2054 4647 D
2079 4589 2137 4645 In
2166 4589 2307 4645 lsaia
2337 4588 2487 4648 :Sea:
2530 4590 2633 4647 alte
2679 4593 2795 4658 uni,
2829 4602 2878 4648 et
2906 4608 2999 4649 sea:
3022 4591 3125 4650 olm
3172 4593 3327 4652 alteri
3372 4596 3515 4668 (lea.
3565 4600 3665 4672 vr).

382 4706 496 4758 sas,
536 4691 752 4761 insuper
786 4698 833 4745 et
862 4706 1062 4761 pecora
1098 4690 1309 4761 campi;
1363 4690 1596 4748 volucres
1619 4692 1754 4760 celi,
1806 4704 1856 4750 et
1892 4694 1974 4766 pi-

380 4795 495 4837 sces
526 4782 693 4835 maris
734 4778 909 4851 (Psal.
936 4778 1080 4852 vm).
1108 4778 1381 4847 Volatilia,
1434 4783 1690 4852 apostoli,
1738 4783 1823 4841 vel
1856 4800 1975 4841 om-

383 4882 483 4924 nes
527 4865 723 4924 sancti.
750 4864 811 4921 In
834 4864 1128 4936 Evangelia
1156 4880 1170 4919 :
1206 4864 1369 4921 Tauri
1393 4868 1497 4922 mei
1536 4876 1584 4922 et
1622 4867 1861 4927 volatilia
1886 4886 1973 4926 oc-

384 4959 498 5013 cisa
536 4963 660 5012 sunt
696 4954 916 5029 (Matth.
966 4953 1133 5025 xxn),
1175 4954 1231 5011 id
1276 4963 1382 5022 est,
1411 4964 1597 5026 patres
1622 4957 1755 5014 Novi
1784 4967 1841 5014 et
1862 4958 1970 5016 Ve-

386 5050 516 5105 teris
561 5046 915 5105 Testamenti.
943 5045 1191 5111 Volatus,
1230 5055 1540 5103 sanctorum
1566 5049 1637 5105 ad
1681 5050 1967 5113 Dominum

388 5134 555 5194 Deum
581 5152 861 5201 ascensus,
880 5135 968 5193 vel
984 5131 1039 5191 in
1062 5133 1364 5205 Scripturis
1384 5135 1711 5195 intellectus.
1737 5139 1795 5195 ln
1816 5139 1967 5211 psal-

388 5231 567 5287 terio:
606 5229 808 5286 Volabo
833 5240 883 5286 et
923 5229 1241 5301 requiescam
1269 5224 1444 5300 (Psal.
1490 5231 1646 5303 xvu).
1677 5232 1824 5291 Aves
1866 5249 1966 5290 att-

390 5329 501 5377 tcm
542 5321 659 5377 sive
694 5320 945 5378 volucres
970 5319 1219 5376 diversas
1258 5316 1688 5390 signiﬁcationes
1745 5323 1965 5381 habent.

384 5411 689 5484 Aliquando
737 5412 886 5468 enim
922 5412 1233 5483 signiﬁcant
1263 5409 1519 5483 Angelos,
1572 5422 1635 5470 ut
1653 5423 1742 5472 est
1792 5414 1963 5472 illud:

386 5505 517 5561 Aves
532 5503 652 5560 eali
671 5505 988 5560 annuntiant
1022 5522 1194 5563 vocem
1220 5509 1337 5580 ejus
1369 5507 1541 5581 (Eccl.
1558 5504 1646 5576 x);
1678 5507 1972 5578 aliquando

386 5608 606 5656 sanctos
658 5596 929 5659 homines,
963 5606 1025 5652 ut
1052 5607 1137 5655 est
1175 5599 1307 5657 illud
1342 5600 1410 5657 de
1442 5613 1617 5672 grano
1648 5598 1859 5670 sinapis
1895 5607 1973 5655 te-

350 5728 351 5731 η
386 5690 725 5757 stintonium,
750 5691 893 5761 quod
922 5690 1196 5746 minimum
1221 5702 1296 5747 est
1315 5691 1524 5764 quidem
1553 5690 1795 5747 omnibus
1814 5691 1973 5747 semi-

389 5782 540 5838 nibus
563 5795 585 5836 :
617 5797 742 5839 sunt
778 5791 956 5839 autem
999 5782 1215 5837 creverit
1243 5823 1258 5852 ,
1305 5782 1480 5855 majus
1520 5782 1761 5839 omnibus
1814 5780 1974 5837 oleri-

2075 4681 2189 4738 Alae
2236 4683 2511 4753 superbia,
2569 4683 2711 4740 sicut
2740 4683 2796 4739 in
2829 4681 2931 4745 Job
2968 4699 3069 4756 pro
3107 4684 3365 4744 bteretico
3420 4688 3662 4747 dicitur:

2075 4771 2212 4828 Cum
2259 4782 2461 4845 tempus
2499 4772 2789 4842 adverterit,
2850 4775 2907 4829 in
2949 4774 3115 4831 altum
3156 4776 3272 4833 alas
3312 4779 3466 4850 erigit
3506 4779 3656 4850 (Job.

2074 4863 2287 4939 ιιιιχ).
2310 4863 2509 4921 Pennas
2532 4881 2749 4937 quoque
2776 4867 3091 4939 signiﬁcant
3115 4866 3427 4941 Scripturas
3448 4885 3655 4932 sacras,

2074 4964 2135 5013 ut
2158 4966 2244 5014 est
2264 4957 2393 5014 illud
2419 4959 2473 5014 in
2499 4958 2713 5017 Psalmo
2744 4979 2760 5016 ς
2790 4959 2989 5018 Pennis
3033 4961 3287 5017 columbrr
3308 4961 3663 5032 deargentatw

2078 5047 2251 5121 (Psal.
2297 5048 2488 5122 ιινιι).
2545 5048 2765 5117 Pennas,
2817 5051 3012 5107 animae
3060 5058 3374 5107 sanctorum
3403 5058 3551 5117 sunt,
3577 5052 3666 5107 vel

2075 5138 2306 5194 virtutes
2325 5154 2535 5195 eorum.
2566 5139 2624 5195 ln
2654 5138 2868 5195 Psalmo
2899 5155 2916 5194 :
2942 5140 3011 5194 Et
3034 5139 3221 5195 volavit
3266 5156 3424 5210 super
3461 5158 3661 5212 pennas

2076 5238 2347 5284 ventorum
2400 5226 2576 5301 (Psal.
2629 5228 2785 5302 χιιι).
2818 5229 2886 5284 Ει
2931 5229 3058 5283 alibi
3091 5246 3104 5283 :
3133 5228 3196 5284 Si
3223 5244 3493 5300 sumpsero
3535 5247 3665 5300 pene

2075 5334 2173 5372 nas
2221 5327 2341 5373 ante
2379 5316 2547 5374 lucem
2576 5315 2750 5392 (Psal.
2799 5319 3082 5389 cxsxvm).
3128 5318 3300 5375 Nidus
3322 5333 3453 5390 ergo
3478 5320 3663 5377 Ecclc-
3685 5362 3713 5382 .

2077 5408 2215 5465 siam
2253 5417 2348 5465 aut
2386 5409 2629 5480 requiem
2658 5418 2971 5466 sanctorum
3022 5410 3291 5481 signiﬁcat
3326 5410 3383 5465 in
3419 5411 3662 5478 excelso,

2075 5509 2137 5556 ut
2159 5512 2245 5556 est.
2268 5500 2398 5558 illud
2424 5501 2479 5556 in
2519 5501 2736 5557 Psalmo
2770 5518 2784 5555 :
2820 5498 3017 5555 Passer
3044 5499 3239 5554 invenit
3269 5501 3371 5555 sibi
3420 5501 3660 5567 domum,

2074 5599 2122 5647 et
2162 5600 2340 5646 turtur
2403 5590 2607 5657 nidum,
2660 5590 2746 5645 ubi
2816 5600 3030 5661 reponat
3098 5589 3270 5661 pullos
3315 5608 3438 5647 suos
3483 5589 3657 5660 (Psal.

2074 5681 2328 5750 unum),
2354 5683 2458 5739 hoc
2475 5692 2577 5748 cst,
2604 5681 2745 5738 lilios
2784 5698 2934 5739 suos.
2960 5683 3135 5739 Aliter
3165 5673 3325 5739 nidus
3359 5685 3499 5740 bona
3537 5690 3669 5740 cutt-

2076 5776 2323 5844 scientia,
2373 5775 2428 5832 in
2471 5792 2579 5849 qua
2633 5776 2900 5836 bonarum
2942 5777 3330 5849 cogitationum
3372 5756 3530 5835 lctus
3580 5779 3663 5833 [υμ-
