4072 6198
401 361 511 421 943

1043 356 1107 413 Β.
1148 350 1404 411 RABANI
1442 348 1662 408 MAUR‘l
1699 346 2021 407 ARCHIEP.
2062 343 2370 404 MOGUNT.
2412 340 2697 401 OPERUM
2734 340 2915 397 PARS
2951 338 3016 396 Il.

3569 339 3677 394 ΞΗ

402 487 600 534 ventur
636 483 798 545 atque
827 474 881 529 iu
906 485 1068 543 opera
1093 470 1399 542 pariuntur,
1457 477 1517 523 ut
1541 476 1727 538 postea
1760 464 1852 520 ﬁlii
1884 479 1970 534 ap-
2012 461 2138 525 Ala
2179 460 2438 516 Dominus
2467 458 2520 512 in
2549 444 2967 513 Deutcronomio
2996 472 3010 510 :
3043 450 3192 509 Sicut
3238 459 3417 523 aquila
3464 457 3684 525 protegit

401 567 673 640 pellantur
697 582 711 618 :
736 572 796 619 ut
817 570 901 618 est
926 562 978 616 in
1006 560 1271 616 Psalterio
1300 573 1316 613 :
1342 556 1472 612 Filii
1498 558 1575 612 tui
1595 558 1732 611 sicut
1769 553 1984 610 novellis

404 657 663 713 olivarum
695 655 747 707 in
774 653 997 707 circuitu
1036 667 1229 705 mensis
1267 659 1374 704 tute
1413 645 1586 720 (Psal.
1633 644 1859 716 cxxvn).
1887 643 1991 700 Ali-

404 746 622 819 quando
665 760 795 800 vero
816 743 945 813 pulli
984 742 1039 797 in
1066 742 1262 796 malam
1284 748 1494 811 partem
1520 738 1904 808 accipiuntur:
1931 744 1991 789 ut

405 847 490 894 est
532 836 663 892 illud
705 836 758 890 in
814 834 1103 889 Salomone
1132 850 1146 888 :
1174 832 1241 886 Et
1279 830 1411 902 pulli
1470 829 1770 902 aquilarum
1831 828 1990 882 devo-

405 938 520 985 rent
566 945 685 983 eum
734 926 916 1000 (Prov.
972 924 1124 997 xxx).
1176 924 1350 980 Ovum
1378 923 1461 995 (ut
1514 921 1735 993 quidam
1778 916 1988 991 volunt)

405 1036 556 1092 spem
623 1020 909 1091 signiﬁcat.
962 1016 1115 1074 Unde
1158 1015 1352 1089 legitur
1413 1015 1469 1069 in
1524 1011 1991 1081 Evangeliozdut

403 1113 521 1183 quis
569 1128 636 1167 ea:
677 1111 819 1166 vobis
859 1111 906 1165 si
934 1110 1134 1180 petierit
1158 1119 1359 1181 patrem
1383 1123 1551 1171 ovum,
1584 1106 1820 1177 nunquid
1865 1120 1991 1174 por-

405 1206 537 1277 riget
572 1204 619 1259 ei
643 1204 967 1273 scorpionem
991 1202 1016 1255 .9
1045 1199 1196 1273 (Luc.
1222 1198 1323 1271 χι.)
1345 1197 1478 1263 Ova,
1514 1198 1890 1252 hzereticorum
1914 1193 1994 1250 di-

406 1297 619 1369 scipuli.
674 1297 730 1351 In
758 1294 860 1351 Job
891 1314 905 1350 :
937 1293 1209 1364 Relinquat
1267 1309 1365 1346 ova
1408 1307 1507 1345 sua
1551 1290 1607 1342 in
1662 1300 1803 1342 terra
1847 1285 1988 1359 (Job.

404 1387 619 1461 usus).
644 1386 778 1441 Item
812 1400 912 1441 ova
944 1382 1259 1454 prmdicatio
1282 1381 1682 1436 htcreticorum.
1713 1377 1770 1432 lu
1807 1375 1944 1432 Isaia
1976 1394 1989 1430 :

410 1480 518 1547 Qui
570 1478 850 1534 comederit
887 1476 951 1530 de
999 1476 1108 1530 ovis
1145 1490 1351 1539 eorum,
1393 1472 1648 1526 morietur
1676 1468 1830 1539 (Isai.
1856 1466 1992 1539 ιιι).

406 1570 569 1639 Pulli,
615 1569 809 1626 sancti.
858 1568 917 1623 lu
961 1566 1175 1622 Psalmo
1208 1584 1221 1620 :
1259 1564 1327 1619 Et
1379 1573 1555 1618 turtur
1607 1562 1811 1627 nidum,
1883 1570 1991 1616 elc.

409 1658 584 1733 (Psal.
627 1658 879 1730 Lxxxnt).
904 1655 1178 1711 Et‘alibi:
1216 1654 1282 1709 Et
1329 1652 1489 1724 pullis
1530 1667 1803 1707 corvorum
1851 1650 1995 1705 invo-

408 1749 648 1804 cantibus
674 1763 792 1803 eum
830 1744 1006 1821 (Psal.
1033 1740 1325 1817 exnvi),'id
1349 1751 1437 1799 est
1483 1742 1671 1797 ﬁdeles
1708 1741 1776 1797 de
1801 1739 1990 1796 inﬁde-

2092 553 2275 609 nidum
2302 551 2704 620 suum,suscepit
2729 565 2816 603 eos
2842 547 3023 621 (Deut.
3052 545 3250 618 χχχιι).
3270 546 3496 615 Aquila,
3539 547 3681 601 divi-

2089 647 2233 703 nitas
2278 645 2400 700 Filii
2428 643 2551 699 :Dei.
2601 643 2660 698 lu
2701 641 2995 697 Salomone
3036 658 3055 693 :
3104 638 3233 693 Tria
3271 649 3392 693 sunt
3446 638 3680 709 diﬁcilia

2089 743 2236 805 mihi,
2288 751 2336 796 et
2372 748 2615 812 quartum
2653 739 2859 811 penitus
2900 738 3109 808 ignoro,
3154 744 3261 791 etc.
3299 734 3484 808 (Prov.
3526 738 3680 807 xxx).

2089 833 2283 903 Aquila
2313 831 2489 888 sancti
2523 831 2579 885 in
2616 827 2719 886 Job
2747 843 2763 883 :
2795 826 3052 898 Nunquid
3090 826 3160 880 ad
3184 835 3501 897 pra-ceptum
3532 836 3680 880 tuum

2090 923 2375 981 elevabitur
2390 921 2588 995 aquila,
2619 930 2668 975 et
2695 908 2753 974 in
2777 918 2959 973 arduis
2987 928 3140 989 ponet
3159 918 3341 971 nidum
3368 917 3507 970 sibi?
3535 916 3678 987 (Job.

2091 1015 2304 1087 XXXIX.)
2355 1015 2423 1070 Et
2466 1015 2522 1069 in
2568 1011 2863 1083 Evangelio
2892 1010 3090 1081 legitur
3118 1026 3137 1063 :
3171 1008 3477 1081 Ubicunque
3524 1009 3680 1078 fuerit

2090 1126 2298 1180 corpus,
2326 1106 2454 1161 illuc
2485 1105 2938 1177 congregabantur
2963 1112 3012 1158 et
3043 1101 3236 1174 aquila
3265 1100 3482 1173 (Matth.
3506 1101 3680 1174 xxtv).

2092 1200 2287 1272 Aquila
2327 1197 2570 1254 diabolus
2597 1196 2682 1252 vel
2723 1194 3110 1250 Antichristus.
3158 1193 3214 1247 1n
3254 1192 3507 1247 Ezechiel
3550 1210 3565 1246 :
3613 1191 3682 1246 Et

2092 1309 2209 1347 ecce
2242 1292 2419 1363 aquila
2448 1308 2556 1346 una
2584 1290 2801 1362 grandis
2829 1289 3045 1363 (Ezecli.
3091 1287 3247 1360 xvn).
3288 1287 3503 1357 Aquila,
3549 1302 3683 1358 gens

2094 1381 2277 1452 impia,
2294 1380 2377 1435 vel
2397 1381 2591 1436 civitas
2618 1380 2671 1435 in
2693 1379 2924 1435 aliorum
2942 1378 3342 1450 deprmdatione
3363 1378 3680 1432 decurrens.

2093 1470 2160 1526 Et
2198 1487 2296 1544 per
2322 1470 2602 1529 Michaeam
2630 1479 2824 1529 contra
2857 1470 3160 1527 Samariam
3191 1471 3389 1526 dicitur
3431 1488 3445 1525 :
3479 1469 3680 1535 Dilata,

2094 1566 2227 1619 sicut
2260 1564 2459 1635 aquila,
2492 1562 2759 1620 calvitium
2789 1573 2939 1618 tuum
2971 1561 3157 1636 (Mich.
3188 1562 3251 1635 ι).
3282 1562 3481 1619 Vultur
3517 1577 3549 1616 a
3591 1575 3686 1616 vo-

2094 1654 2208 1709 latu
2246 1653 2403 1709 tardo
2431 1655 2740 1710 nominatus
2787 1663 3029 1727 putatur.
3075 1654 3445 1726 Magnitudine
3485 1653 3683 1724 quippe

2095 1756 2362 1818 prtepetes
2389 1746 2603 1803 volatus
2621 1762 2731 1803 non
2756 1747 2937 1803 habet.
2970 1745 3174 1801 Harum
3201 1745 3466 1815 quasdam
3496 1745 3682 1801 dicunt
3774 1750 3781 1759 ’

411 1841 555 1897 libus
600 1839 868 1911 gentibus.
902 1837 1038 1892 Pulli
1082 1837 1298 1907 aquila,
1328 1833 1513 1891 ﬁdeles
1537 1834 1592 1888 in
1634 1831 1894 1897 Ecclesia,
1937 1838 1999 1885 ut
2024 1824 2072 1886 B
2099 1839 2387 1895 concubitu
2414 1855 2523 1895 non
2558 1839 2797 1907 misceri,
2843 1847 2902 1895 et
2932 1839 3052 1895 sine
3080 1838 3269 1910 copula
3311 1839 3597 1909 concipere
3629 1845 3686 1892 et

410 1934 467 1986 in
501 1930 602 1988 Job
636 1949 652 1986 :
682 1929 827 1984 Pulli
869 1930 986 2000 ejus
1016 1928 1327 2000 sanguinem
1371 1926 1566 1997 lingent
1612 1924 1754 1998 (Job.
1782 1920 1996 1995 χχχιχ),

412 2024 466 2079 id
515 2030 620 2088 est,
666 2029 1006 2077 sacramenta
1057 2019 1328 2091 passionis
1391 2016 1626 2072 Domini.
1677 2014 1875 2085 Aquila
1930 2014 1999 2070 ab

410 2114 662 2171 acumine
704 2114 986 2172 oculorum
1040 2119 1253 2167 vocata.
1313 2109 1472 2171 Tanti
1533 2108 1680 2163 enim
1727 2105 2001 2161 contuitus

412 2221 536 2264 esse
568 2206 788 2271 dicitur,
821 2211 882 2258 ut
923 2217 1047 2259 cum
1098 2217 1264 2272 super
1299 2198 1469 2255 maria
1512 2196 1774 2253 immobili
1823 2210 1999 2266 penna

411 2300 642 2367 feratur,
672 2312 775 2356 nec
813 2297 1065 2354 humanis
1092 2304 1279 2366 pateat
1329 2293 1627 2359 obtutibus,
1656 2292 1721 2347 de
1743 2298 1891 2346 tanta
1911 2305 2002 2345 su-

411 2390 678 2447 blimitate
705 2387 995 2461 pisciculos
1018 2396 1209 2442 natare
1228 2382 1426 2449 videat,
1448 2397 1512 2438 ac
1535 2381 1788 2437 tormenti
1831 2381 2002 2435 instar

412 2480 751 2537 descendens
778 2487 989 2549 raptam
1023 2477 1256 2547 praedam
1286 2474 1482 2546 pennis
1524 2473 1592 2528 ad
1618 2473 1769 2528 littus
1790 2480 2001 2542 pertra-

415 2573 530 2627 hat.
567 2569 705 2625 Nam
757 2579 813 2625 et
841 2577 1032 2624 contra
1075 2568 1287 2623 radium
1343 2565 1474 2622 solis
1525 2564 1701 2619 fertur
1748 2565 2000 2619 obtutum

414 2674 522 2717 non
551 2659 789 2716 flectere.
823 2658 975 2715 Unde
1007 2666 1064 2713 et
1106 2657 1280 2728 pullos
1330 2671 1457 2712 suos
1489 2670 1669 2726 ungue
1710 2667 2002 2725 suspensos

415 2750 585 2807 radiis
614 2750 749 2807 solis
768 2748 987 2819 objicit:
1011 2759 1067 2804 et
1084 2763 1221 2821 quos
1247 2747 1441 2805 viderit
1464 2745 1795 2803 immobilem
1815 2755 2002 2801 tenere

416 2843 613 2909 aciem,
666 2850 730 2896 ut
758 2842 953 2914 dignos
988 2855 1203 2913 genere,
1265 2847 1554 2895 conservat
1581 2857 1594 2892 :
1623 2837 1671 2893 si
1707 2852 1845 2908 quos
1870 2850 2000 2891 vero

414 2933 692 2991 inﬂectere
715 2934 962 2990 obtutum
990 2932 1146 3003 quasi
1175 2931 1471 3003 degeneres
1499 2927 1704 2999 abiicit.
1750 2927 1808 2982 In
1854 2926 2003 2982 Scri-

415 3037 576 3099 ptura
599 3041 754 3085 sacra
815 3025 1078 3082 vocabulo
1112 3023 1308 3096 aquilae
1328 3022 1617 3094 aliquando
1638 3020 1857 3091 maligni
1886 3019 1999 3090 spi-

416 3121 558 3176 ritus
618 3130 867 3190 raptores
897 3117 1226 3183 animarum,
1274 3114 1563 3186 aliquando
1592 3113 1876 3184 praisentis
1905 3127 2004 3168 ste-

2102 1943 2385 1999 generare,
2435 1938 2703 2000 natosque
2751 1942 2941 1984 earum
2984 1942 3123 2000 pene
3151 1943 3322 1999 usque
3351 1927 3418 1983 ad
3466 1937 3683 1984 centum

2102 2036 2274 2077 annos
2301 2020 2613 2092 procedere.
2663 2020 2921 2079 Vultures
2949 2028 3131 2075 autem
3188 2020 3330 2076 sicut
3354 2027 3410 2075 et
3451 2017 3644 2088 aquilae
3667 2059 3683 2083 ,

2101 2113 2269 2167 etiam
2298 2110 2438 2167 ultra
2486 2113 2659 2168 maria
2693 2111 2956 2168 cadavera
2999 2109 3448 2172 sentiunt:altius
3488 2109 3685 2180 quippe

2101 2202 2367 2269 volantes,
2401 2202 2569 2258 multa
2599 2218 2718 2273 quae
2745 2203 3007 2259 montium
3050 2203 3382 2260 obscuritate
3415 2201 3682 2262 celantur,

2101 2309 2166 2350 ex
2201 2293 2310 2348 alto
2348 2293 2452 2349 illa:
2498 2294 2858 2363 conspiciunt.
2905 2292 3071 2348 Recte
3115 2308 3245 2365 ergo
3286 2291 3549 2348 Mediator
3590 2290 3684 2348 Dei

2102 2397 2158 2442 et
2206 2387 2504 2452 hominum,
2552 2387 2882 2456 Redemptor
2924 2394 3129 2450 uoster,
3179 2385 3410 2442 vulturis
3444 2384 3682 2457 appella-

2104 2479 2250 2533 tione
2278 2477 2546 2549 signatur,
2576 2476 2668 2547 qui
2703 2491 2931 2532 manens
2979 2477 3033 2531 in
3075 2476 3360 2532 altitudine
3386 2475 3686 2531 divinitatis

2102 2587 2214 2627 sua:
2241 2571 2395 2641 quasi
2440 2586 2469 2626 a
2500 2571 2735 2644 quodam
2778 2569 2960 2626 volatu
3005 2570 3221 2626 sublimi
3263 2570 3498 2626 cadaver
3542 2584 3686 2624 tuor-

2103 2662 2329 2718 talitatis
2358 2672 2557 2718 nostra:
2581 2662 2864 2731 conspexit
2891 2662 2947 2716 in
2994 2661 3215 2726 inﬁmis,
3246 2669 3304 2716 et
3330 2675 3453 2717 sese
3480 2662 3549 2715 de
3576 2674 3685 2715 cu:-

2102 2752 2326 2808 lestibus
2354 2753 2420 2808 ad
2471 2753 2575 2808 ima
2621 2753 2893 2808 submisit.
2920 2752 3062 2808 Fieri
3110 2751 3309 2823 quippe
3337 2758 3562 2822 propter
3588 2765 3687 2807 nos

2102 2847 2266 2902 homo
2299 2845 2552 2917 dignatus
2572 2852 2679 2912 est,
2710 2854 2766 2901 et
2792 2845 2920 2899 dum
2963 2852 3236 2900 mortuum
3276 2842 3477 2898 animal
3504 2843 3685 2914 petiit,

2102 2943 2329 2990 mortem
2366 2936 2507 3005 apud
2536 2949 2656 3000 nos,
2686 2935 2779 3004 qui
2808 2935 2949 3005 apud
2978 2950 3038 2990 se
3065 2943 3183 2989 erat
3220 2934 3567 3001 immortalis,
3598 2933 3654 2989 in
3672 2961 3686 2974 -

2100 3028 2268 3084 venit.
2314 3025 2422 3083 Sed
2468 3025 2631 3097 hujus
2675 3026 2906 3082 vulturis
2933 3026 3123 3083 oculus
3155 3026 3258 3082 fuit
3294 3027 3410 3098 ipsa
3455 3025 3688 3083 intentio

2102 3128 2302 3177 nostra:
2330 3120 2922 3191 resurrectionis:quia
2938 3119 3052 3192 ipse
3093 3129 3340 3177 mortuus
3380 3121 3450 3177 ab
3485 3129 3688 3177 αξιοι-ιη

414 3210 523 3268 culi
570 3218 891 3282 potestates,
953 3208 1243 3279 aliquando
1297 3222 1429 3262 vero
1468 3204 1835 3262 subtilissima:
1876 3220 1999 3260 san-
2026 3206 2071 3268 C
2102 3226 2201 3267 nos
2226 3220 2403 3267 mone
2427 3210 2692 3267 liberavit.
2727 3210 2817 3267 Ille
2842 3226 2975 3282 ergo
2993 3210 3232 3282 perﬁdus
3256 3210 3563 3268 Iudaici-um
3591 3225 3689 3282 po-

418 3310 633 3358 etarum
663 3299 1053 3373 itelligentim,
1095 3299 1183 3355 vel
1239 3298 1552 3355 incarnatus
1586 3296 1847 3352 Dominus
1890 3295 1997 3350 ima

415 3393 668 3449 celeriter
693 3391 1048 3457 transvolans,
1077 3394 1133 3446 et
1159 3404 1285 3445 mox
1324 3403 1536 3445 summa
1581 3396 1835 3458 repetens
1866 3385 2005 3442 desi-

402 3493 635 3557 gnatur.
684 3484 1001 3554 Aquilarum
1039 3483 1259 3538 nomine
1288 3481 1632 3537 insidiatores
1661 3479 1884 3551 spiritus
1906 3493 2002 3534 ex-

415 3578 746 3649 primuntur,
785 3575 1021 3631 Jeremia
1046 3582 1364 3639 attestante,
1410 3572 1502 3642 qui
1530 3572 1607 3626 ait
1645 3589 1657 3624 :
1710 3568 2002 3625 Velociores

419 3669 618 3739 fuerint
657 3676 1010 3739 persecutores
1056 3665 1222 3720 nostri
1258 3664 1453 3736 aquilis
1509 3662 1622 3717 caeli
1652 3660 1869 3733 (Tltren.
1897 3658 1998 3731 ιν).

415 3759 627 3831 Aquilae
677 3757 941 3814 vocabulo
978 3764 1221 3827 potestas
1253 3765 1474 3811 terrena
1504 3753 1786 3826 ﬁguratur.
1849 3751 2003 3809 Unde

415 3867 517 3925 per
535 3850 787 3907 Ezechiel
826 3850 1141 3923 prophetam
1158 3850 1355 3905 dicitur
1386 3866 1399 3902 :
1429 3846 1619 3920 Aquila
1648 3846 1863 3918 grandis
1889 3862 2003 3900 ma-

415 3958 643 4014 gnarum
684 3938 913 4007 alarum,
945 3939 1099 4011 longo
1128 3938 1480 3994 membrorum
1509 3934 1864 4006 duclu,plena
1886 3933 2004 4005 plu-

414 4032 517 4087 mis
556 4040 604 4087 et
643 4031 891 4086 varietate
926 4029 1062 4086 venit
1106 4028 1175 4083 ad
1210 4027 1494 4091 Libanum,
1542 4035 1593 4080 et
1637 4023 1757 4079 tulit
1801 4024 2003 4080 medul-

416 4119 526 4175 lam
540 4120 707 4186 cedri,
720 4128 769 4175 et
783 4119 1136 4174 summitatem
1158 4116 1432 4189 frondium
1441 4116 1556 4187 ejus
1579 4114 1763 4170 evulsit
1779 4113 1997 4185 (Ezeclt.

418 4212 543 4283 vn).
572 4211 781 4283 Aquila:
807 4209 1072 4268 vocabulo
1101 4209 1186 4264 vel
1229 4206 1445 4265 subtilis
1485 4214 1799 4263 sanctorum
1847 4204 2005 4260 intel-

417 4302 663 4375 ligentia,
717 4303 804 4359 vel
837 4302 1049 4358 volatus
1092 4300 1384 4357 Dominica:
1424 4298 1775 4355 Ascensionis
1824 4296 2006 4369 expri-

417 4395 606 4450 mitur.
638 4394 792 4451 Unde
814 4394 953 4450 idem
979 4393 1240 4465 propheta
1271 4406 1395 4446 cum
1422 4391 1525 4447 sub
1549 4389 1863 4446 animalium
1888 4401 2003 4458 spe-

418 4484 505 4540 cie
570 4482 951 4555 Evangelistas
1019 4490 1253 4553 quatuor
1295 4497 1356 4538 se
1424 4481 1610 4536 videre
1670 4479 2003 4536 describeret

2101 3303 2259 3376 pulus
2285 3303 2570 3359 mortalem
2604 3302 2741 3359 vidit
2769 3322 2781 3358 :
2813 3304 2907 3359 sed
2942 3304 3085 3375 quod
3114 3311 3292 3360 morte
3318 3319 3416 3359 sua
3443 3311 3689 3359 nostram

2101 3403 2332 3451 mortem
2376 3396 2701 3462 destrueret,
2732 3393 2954 3449 minime
2981 3393 3230 3450 attendit.
3280 3391 3545 3448 Semitam
3589 3392 3693 3465 igi-

2102 3495 2194 3542 tur
2219 3486 2486 3558 ignoravit
2509 3486 2646 3552 avis,
2676 3500 2777 3541 nec
2805 3485 3033 3541 intuitus
3073 3492 3159 3540 est
3195 3483 3382 3541 oculos
3409 3483 3685 3541 vulturis:
3726 3488 3733 3496 ’

2101 3580 2230 3650 quia
2252 3579 2358 3635 etsi
2400 3578 2537 3633 vidit
2581 3592 2730 3641 eum,
2774 3592 2935 3648 quem
2965 3577 3021 3632 in
3068 3584 3247 3632 morte
3286 3576 3476 3644 tenuit,
3505 3576 3691 3632 videre

2103 3669 2297 3734 noluit,
2327 3676 2531 3739 quanta
2564 3668 2687 3722 vitae
2723 3675 2924 3723 nostra:
2948 3667 3119 3739 gloria
3146 3666 3213 3723 de
3239 3665 3363 3737 ejus
3387 3676 3563 3723 morte
3603 3679 3690 3721 sc-

2103 3766 2381 3829 queretur.
2416 3756 2569 3815 Unde
2612 3758 2681 3813 ad
2720 3757 3097 3813 crudelitatem
3128 3772 3342 3829 quoque
3382 3758 3691 3829 persecutio

2103 3849 2330 3915 exarsit,
2383 3849 2549 3907 verba
2594 3848 2718 3903 vita:
2746 3849 3029 3920 percipere
3076 3849 3693 3921 renuit,pra:dicatores

2104 3941 2256 4014 regni
2299 3940 2585 4006 caelorum,
2616 3940 2969 4012 prohibendo,
3016 3941 3305 4008 saeviendo,
3335 3938 3581 3997 feriendo
3607 3954 3695 3996 πιο-
3772 3936 3785 3953 ‘

2103 4032 2258 4104 pulit.
2291 4031 2485 4087 Vultur
2512 4031 3028 4102 peccator'praadam
3057 4031 3127 4088 de
3174 4031 3349 4086 aliena
3387 4039 3564 4087 morte
3605 4045 3694 4088 ra-

2104 4125 2279 4196 piens,
2311 4124 2452 4180 utin
2495 4123 2777 4180 Levitico:
2832 4121 3102 4179 Vulturem
3140 4133 3188 4178 et
3216 4122 3440 4178 similem
3483 4123 3599 4194 ejus
3628 4138 3693 4178 ne

2105 4218 2348 4273 comedas
2378 4214 2564 4287 (Leuit.
2613 4215 2715 4288 XI).
2752 4214 2929 4272 Grues
2957 4215 3024 4272 de
3050 4215 3269 4286 propria
3311 4227 3445 4269 voce
3493 4227 3696 4269 nomen

2107 4314 2473 4378 sumpserunt.
2507 4303 2627 4361 Tali
2680 4303 2824 4360 enim
2862 4311 3149 4361 susurrant
3173 4317 3327 4358 sono.
3371 4300 3468 4357 Ha:
3508 4308 3694 4356 autem

2108 4401 2232 4456 dum
2261 4406 2575 4470 properant,
2606 4412 2769 4454 unam
2797 4406 3098 4468 sequuntur
3125 4396 3314 4452 ordine
3341 4394 3598 4451 litterato.
3616 4394 3696 4451 De

2107 4469 2304 4564 quibus
2350 4491 2603 4547 Lucanus
2647 4509 2661 4544 :
2710 4489 2780 4544 Et
2810 4489 3020 4544 turbata
3067 4488 3200 4559 perit
3225 4485 3474 4558 dispersis
3519 4484 3696 4540 littera
3776 4469 3783 4477 ’

417 4574 638 4647 (Ezech.
670 4573 733 4646 ι),
750 4574 804 4628 in
827 4574 909 4630 eis
928 4573 1031 4630 sibi
1052 4574 1308 4640 hominis,
1335 4572 1526 4637 leonis,
1554 4571 1710 4626 bovis
1727 4577 1784 4626 et
1809 4568 1998 4639 aquilae

2107 4584 2306 4656 pennis.
2344 4581 2570 4637 Excelsa
2597 4589 2780 4637 autem
2804 4588 3017 4650 petunt,
3055 4593 3164 4650 quo
3194 4577 3405 4634 facilius
3442 4576 3690 4642 videant,

417 4667 616 4724 faciem
654 4667 970 4738 apparuisse
1012 4674 1262 4733 testatur,
1320 4673 1575 4739 quartum
1624 4663 1812 4736 procul
1840 4663 2004 4719 dubio

422 4758 625 4815 animal
658 4757 923 4815 Joannem
968 4771 1067 4829 per
1105 4757 1342 4829 aquilam
1372 4756 1613 4826 signans,
1659 4755 1750 4825 qui
1774 4752 2004 4810 volando

420 4860 626 4908 terram
681 4850 962 4907 deseruit:
994 4849 1119 4920 quia
1170 4863 1270 4920 per
1312 4845 1561 4903 subtilem
1593 4845 2003 4916 intelligentiam

419 4945 632 5000 interna
685 4941 946 5014 mysteria
1019 4939 1310 4994 verborum
1388 4936 1621 4992 videndo
1674 4936 1997 5006 penetravit.

376 5018 383 5026 ’
417 5034 746 5090 Cunctarum
767 5032 965 5104 quippe
989 5031 1169 5086 avium
1197 5029 1345 5086 visus
1369 5029 1516 5086 acies
1536 5028 1728 5099 aquilm
1753 5035 1998 5098 superat:

419 5129 496 5184 ita
542 5136 605 5184 ut
643 5128 774 5184 solis
817 5128 984 5183 radiis
1009 5126 1144 5181 ﬁxos
1164 5126 1220 5180 in
1249 5124 1394 5181 nulla
1426 5139 1485 5180 se
1509 5124 1628 5196 ejus
1655 5123 1842 5180 oculos
1867 5122 2002 5179 lucis

420 5236 536 5277 suae
574 5221 952 5277 coruscatione
976 5220 1274 5276 verberans
1297 5217 1536 5274 claudat.
1567 5215 1647 5272 Ad
1672 5224 2001 5287 praeceptum

336 5330 351 5343 '
417 5331 549 5390 ergo
581 5317 676 5374 Dei
707 5317 950 5374 elevatur
1008 5316 1212 5388 aquila,
1270 5315 1397 5371 dum
1442 5313 1776 5384 jussionibus
1806 5310 2004 5366 divinis

420 5410 805 5482 obtemperans
833 5411 886 5465 in
914 5409 1164 5482 supernis
1225 5408 1575 5478 suspenditur
1600 5405 1838 5461 ﬁdelium
1893 5404 2002 5457 vita

421 5516 542 5572 quae
560 5510 613 5557 et
637 5502 688 5556 in
718 5502 902 5557 arduis
929 5503 1114 5557 nidum
1149 5515 1352 5571 ponere
1376 5499 1591 5565 dicitur,
1631 5497 1757 5567 quia
1786 5503 2001 5550 terrena

423 5592 694 5648 desideria
720 5593 1046 5664 despiciens,
1080 5608 1175 5663 spe
1193 5591 1304 5661 jam
1325 5591 1392 5647 de
1413 5590 1725 5646 cmlestihus
1740 5587 1999 5643 nutritur.

424 5678 679 5740 ln'arduis
699 5683 883 5738 nidum
905 5684 1076 5754 penit,
1116 5684 1241 5753 quia
1266 5683 1654 5738 habitationem
1678 5680 1875 5736 mentis
1895 5693 2005 5733 suae

424 5769 480 5825 in
497 5771 700 5845 abiecta
714 5783 766 5831 et
781 5774 964 5831 inﬁma
978 5774 1386 5831 conversatione
1398 5788 1503 5829 non
1516 5771 1830 5829 constravit.
1847 5768 2007 5840 Aqui-

2111 4688 2246 4743 quas
2279 4681 2489 4743 petunt,
2518 4678 2714 4726 terras.
2747 4669 2991 4740 Castigat
3015 4676 3197 4723 autem
3224 4681 3381 4733 voce,
3405 4681 3526 4736 quae
3549 4667 3696 4738 cogit

2110 4774 2324 4830 agmen.
2357 4757 2429 4812 At
2454 4756 2546 4811 ubi
2585 4754 2873 4821 raucessit,
2903 4753 3143 4809 succedit
3166 4752 3293 4807 alia.
3324 4750 3494 4808 Nocte
3512 4758 3695 4807 autem

2110 4849 2367 4905 excubias
2396 4846 2665 4915 dividunt,
2701 4854 2755 4903 et
2795 4846 3044 4901 ordinem
3093 4843 3395 4915 vigiliarum
3422 4856 3521 4912 per
3544 4842 3696 4911 vices

2111 4943 2340 5007 faciunt,
2394 4948 2638 4997 tenentes
2687 4937 2897 5009 lapillos
2945 4937 3223 5007 suspensis
3250 4933 3452 5006 digitis,
3498 4932 3697 5002 quibus

2111 5048 2331 5090 somnos
2359 5039 2599 5088 arceant.
2630 5030 2783 5098 Quod
2823 5029 3122 5086 cavendum
3162 5027 3286 5090 erit,
3329 5025 3570 5081 clamore
3608 5022 3696 5078 in-

2111 5126 2309 5182 dicant.
2343 5123 2581 5179 .Etatem
2624 5123 2677 5177 in
2703 5122 2808 5178 illis
2833 5122 2984 5178 color
3007 5119 3187 5192 prodit
3214 5136 3228 5172 :
3260 5132 3386 5172 nam
3415 5120 3700 5173 senectute

2112 5220 2443 5290 nigrescunt.
2487 5216 2663 5273 Grues
2689 5218 2889 5289 quippe
2937 5216 3057 5271 illos
3091 5211 3398 5285 signiﬁcare
3438 5215 3695 5281 possunt,

2111 5311 2202 5381 qui
2234 5310 2287 5365 in
2318 5307 2583 5365 coenobiis
2627 5307 2985 5363 communiter
3014 5305 3274 5368 viventes,
3323 5301 3486 5357 unius
3513 5308 3697 5354 tamen

2111 5403 2330 5458 ductum
2360 5400 2511 5470 sequi
2542 5415 2646 5455 non
2675 5406 2954 5469 spernunt,
2985 5396 3198 5468 vigilias
3220 5399 3499 5458 exercent,
3519 5399 3576 5447 et
3596 5403 3700 5461 pro

2108 5493 2338 5549 invicem
2363 5491 2574 5547 solliciti
2597 5499 2892 5546 nocturnos
2909 5496 3103 5543 cantus
3124 5488 3177 5541 in
3196 5482 3519 5556 psalmodiis»
3533 5480 3701 5535 edere

2110 5602 2218 5642 non
2241 5598 2432 5654 segnes
2452 5584 2605 5638 ﬁunt.
2638 5580 2792 5638 Unde
2819 5581 3016 5637 dicitur
3041 5597 3057 5634 :
3080 5578 3246 5634 Grues
3272 5593 3378 5632 una
3403 5580 3702 5647 sequuntur

2111 5685 2161 5730 et
2188 5676 2417 5729 litterato
2439 5675 2622 5727 ordine
2644 5671 2840 5727 volant.
2864 5670 3101 5727 Ciconite
3127 5677 3334 5725 vocatae
3356 5683 3391 5722 a
3412 5678 3566 5730 sono,
3590 5676 3702 5731 quo

2113 5768 2401 5838 crepitant,
2451 5767 2604 5837 quasi
2652 5765 2895 5832 cicaniae,
2937 5779 3099 5833 quem
3145 5758 3483 5820 sonumoris
3521 5753 3705 5825 potius
