4072 6198
426 326 542 381 2E3

1394 331 1485 387 DE
1527 329 1873 391 emenso
1911 330 2094 388 unm
2133 314 2295 389 san.
2329 366 2397 375 —
2432 335 2562 392 LIB.
2602 336 2734 393 vui.

3585 340 3721 396 an:

419 457 546 497 esse
573 456 736 512 quam
765 441 933 508 vocis,
960 442 1087 513 quia
1118 456 1239 497 eum
1271 441 1547 513 quatiente
1587 455 1761 501 rostro
1790 444 2008 501 faciunt.
2040 449 2090 509 Α
2115 460 2221 501 non
2250 445 2482 501 evolant.
2526 446 2679 503 Unde
2726 446 2780 502 in
2828 446 2962 503 lsaia
3011 446 3209 521 legitur
3235 469 3247 504 :
3293 450 3359 506 Et
3401 454 3497 506 erit
3529 456 3733 513 cubile-

422 531 521 586 lla:
550 532 693 591 veris
732 533 933 589 nuntia:
962 534 1235 589 societatis
1273 536 1519 599 comites,
1553 537 1882 608 serpentium
1916 539 2013 592 ho-

423 632 539 678 stes
584 622 757 677 maria
805 624 1160 689 transvolant,
1212 623 1266 678 in
1296 625 1481 683 Asiam
1536 627 1760 682 collecto
1800 627 2015 698 agmine

423 721 680 781 pergunt.
703 711 962 767 Cornices
988 713 1153 769 duces
1177 729 1270 770 eas
1290 716 1621 785 praecedunt,
1650 726 1704 772 et
1728 718 1842 787 ipse
1860 718 2014 788 quasi

421 804 700 862 exercitus
734 805 1097 875 prosequitur.
1128 805 1461 866 Eximiaillis
1484 808 1627 863 circa
1657 807 1798 863 ﬁlios
1818 808 2011 879 pietas.

420 896 560 953 Nam
600 898 737 952 adeo
778 905 936 952 natos
963 897 1260 968 impensius
1291 897 1494 965 fovent,
1525 910 1584 953 ut
1613 899 1833 955 assiduo
1857 899 2015 954 incu-

317 1062 330 1070 .
418 988 538 1044 bitu
573 987 783 1070 plumas
816 996 1035 1043 exuant.
1063 986 1333 1056 Quantum
1363 999 1545 1045 autem
1575 998 1788 1061 tempus
1816 990 2017 1060 impen-

426 1077 608 1133 derint
638 1064 705 1132 in.
722 1077 919 1133 fetibus
968 1079 1280 1144 educandis,
1316 1089 1522 1135 tantum
1549 1088 1603 1135 et
1630 1080 1762 1150 ipsa:
1786 1080 2017 1136 invicem

422 1185 455 1223 a
480 1169 641 1239 pullis
663 1170 777 1224 suis
801 1169 1036 1224 aluntur.
1061 1169 1279 1226 Ciconia
1308 1171 1469 1241 igitur
1487 1171 1742 1240 providos
1769 1171 2017 1227 homines

420 1260 699 1332 signiﬁcat
721 1271 778 1316 et
803 1271 991 1317 cautos
1020 1277 1208 1317 servos
1239 1262 1334 1317 Dei
1366 1263 1419 1316 in
1452 1263 1866 1319 conversatione
1895 1279 2011 1329 sua,

424 1349 516 1418 qui
564 1358 966 1420 persequuntur
1009 1359 1311 1420 serpentes,
1338 1359 1390 1407 et
1420 1367 1629 1410 venena
1684 1368 1870 1409 eorum
1916 1368 2017 1423 pro

426 1439 591 1495 nihilo
622 1440 868 1495 ducunt:
899 1441 1026 1510 quia
1059 1442 1321 1513 malignos
1350 1443 1574 1513 spiritus
1611 1459 1734 1500 cum
1777 1459 2014 1500 veneno-

424 1530 500 1583 sis
524 1530 958 1600 suggestionibus
989 1532 1102 1587 suis
1133 1532 1461 1588 insectantes
1487 1534 1557 1589 ad
1606 1534 1834 1589 nihilum
1870 1535 2015 1589 redi-

425 1629 578 1691 gunt.
613 1620 687 1675 De
714 1621 912 1690 quibus
938 1631 993 1676 et
1026 1620 1290 1677 Jeremias
1318 1622 1394 1676 ait
1422 1641 1434 1675 :
1460 1622 1659 1677 Turtur
1698 1634 1746 1678 et
1790 1624 2015 1678 hirundo

426 1720 472 1763 et
498 1710 701 1764 ciconia
730 1721 1076 1781 cognoverunt
1102 1720 1302 1781 tempus
1325 1710 1576 1766 adventus
1606 1714 1689 1767 sui
1711 1712 1845 1784 (Jer.
1873 1714 2013 1788 vni),

2115 535 2425 601 draconum,
2446 545 2493 590 et
2519 551 2715 607 pascua
2736 537 3089 591 struthionum
3117 537 3252 611 (Isa.
3287 541 3495 614 xxxrv).
3518 543 3698 602 Ardea

2113 634 2328 691 vocata,
2353 626 2507 696 quasi
2537 625 2705 681 ardua
2725 666 2741 692 ,
2796 626 2848 682 id
2895 635 2996 693 est,
3042 636 3266 699 propter
3298 629 3436 686 altos
3466 632 3703 690 volatus.

2123 714 2377 771 Lucanus
2400 730 2415 769 :
2436 715 2674 787 quodque
2704 734 2835 771 ausu
2864 716 3040 772 volare
3061 719 3254 785 ardea;
3282 718 3699 780 formidat'enim

2114 804 2338 871 imbres,
2369 814 2424 861 et
2453 821 2615 876 super
2644 807 2814 862 nubes
2842 805 3045 870 evolat,
3075 815 3135 862 ut
3165 809 3431 879 procellas
3474 812 3703 868 nubium

2114 898 2320 954 sentire
2346 914 2456 954 non
2485 898 2656 968 possit
2683 912 2698 951 :
2740 913 2862 953 cum
2893 900 3075 952 autem
3113 897 3275 954 altius
3298 898 3580 967 volaverit,
3622 901 3696 957 si-

2115 989 2338 1060 gniﬁcat
2382 997 2776 1059 tempestatem.
2820 988 2972 1044 Hanc
3016 988 3166 1044 multi
3198 989 3481 1044 Tantalum
3522 992 3698 1046 nomi-

2115 1089 2266 1135 nant.
2310 1079 2435 1136 llaec
2464 1081 2581 1136 avis
2605 1087 2787 1150 potest
2810 1078 3118 1151 signiﬁcare
3147 1080 3354 1137 animas
3381 1081 3696 1148 electorum,

2115 1186 2234 1241 quae
2281 1170 2633 1227 formidantes
2660 1170 3121 1242 perturbationem
3167 1171 3330 1241 hujus
3374 1172 3587 1237 saeculi,
3626 1186 3699 1228 ne

2115 1262 2256 1316 forte
2303 1261 2553 1332 procellis
2596 1262 3065 1332 persecutionum,
3116 1261 3408 1333 instigante
3461 1261 3699 1326 diabolo,

2117 1351 2490 1418 involvantur,
2526 1350 2882 1407 intentionem
2903 1366 3055 1406 suam
3087 1366 3250 1422 super
3282 1352 3461 1406 omnia
3492 1359 3700 1422 tempo~

2115 1441 2325 1512 poralia
2356 1440 2422 1495 ad
2449 1441 2802 1496 serenitatem
2826 1440 3017 1512 patriae
3043 1439 3307 1506 caelestis,
3357 1439 3447 1495 ubi
3481 1440 3705 1495 assidue

2114 1533 2211 1589 Dei
2235 1531 2413 1589 vultus
2441 1533 2799 1605 conspicitur,
2828 1545 3039 1589 mentes
3065 1547 3192 1590 suas
3206 1533 3439 1588 elevant.
3470 1531 3702 1588 thnlx

2114 1626 2327 1681 Arabia:
2346 1624 2479 1690 avis,
2497 1625 2659 1689 dicta,
2680 1625 2824 1694 quod
2846 1624 3081 1680 colorem
3098 1622 3445 1680 waniceum
3471 1623 3696 1679 habeat:

2115 1716 2200 1771 vel
2241 1716 2384 1785 quod
2415 1716 2488 1771 sit
2518 1715 2575 1770 in
2609 1725 2724 1772 toto
2749 1716 2881 1771 orbe
2916 1713 3204 1787 singularis
3228 1723 3284 1770 et
3325 1715 3484 1771 unica
3512 1734 3526 1769 :
3570 1730 3701 1769 nam

423 1800 531 1857 hoc
576 1807 661 1855 est
696 1808 944 1871 tempus,
995 1816 1102 1871 quo
1152 1811 1339 1856 sancta
1389 1801 1631 1858 Ecclesia
1682 1804 1737 1859 in
1780 1805 2012 1860 adventu
2040 1803 2087 1863 B
2112 1807 2322 1865 Arabes
2348 1807 2671 1879 singularem
2695 1808 3000 1878 phoenicem
3025 1815 3221 1863 vocant
3249 1821 3266 1861 :
3298 1807 3415 1862 haec
3435 1806 3706 1878 quingen-

424 1891 728 1946 Salvatoris
761 1890 1136 1960 congreganda
1167 1892 1273 1945 erit
1302 1892 1354 1946 in
1384 1908 1571 1947 unum.
1604 1893 1733 1950 Olor
1761 1895 1876 1951 avis
1904 1905 2009 1962 est,

425 1997 586 2050 quem
619 1981 791 2037 Gnaei
840 1998 1073 2053 cygnum
1101 1983 1386 2053 appellant.
1420 1982 1550 2040 Olor
1577 1994 1757 2042 autem
1801 1986 2009 2054 dictus,

426 2070 571 2141 quod
610 2072 681 2125 sit
713 2080 859 2127 totus
903 2073 1101 2143 plumis
1135 2070 1307 2129 albus.
1340 2073 1526 2131 Nullus
1576 2077 1721 2132 enim
1769 2077 2015 2134 meminit

429 2157 678 2235 cygnum
706 2164 939 2235 nigrum.
992 2162 1122 2220 Olor
1165 2165 1309 2220 enim
1346 2164 1532 2223 Graece
1580 2175 1751 2223 totum
1792 2169 2012 2225 dicitur.

427 2252 645 2324 Cygnus
682 2261 863 2307 autem
913 2268 945 2308 a
984 2254 1230 2310 canendo
1257 2263 1341 2311 est
1388 2252 1708 2328 appellatus,
1759 2273 1825 2313 eo
1871 2258 2013 2328 quod

426 2346 691 2401 carminis
730 2346 1070 2403 dulcedinem
1099 2348 1389 2405 modulatis
1415 2351 1638 2406 vocibus
1665 2349 1860 2407 fundit.
1890 2351 2015 2407 Ideo

430 2446 611 2492 autem
638 2437 881 2493 suaviter
908 2453 1031 2493 eum
1061 2454 1279 2507 canere,
1327 2441 1452 2511 quia
1479 2442 1678 2497 collum
1707 2442 1923 2515 longum
1961 2452 2017 2500 et

430 2526 686 2583 inﬂexum
717 2528 901 2594 habet,
933 2538 986 2584 et
1016 2544 1236 2585 necesse
1260 2538 1341 2585 est
1363 2531 1688 2588 eluctantem
1712 2548 1896 2589 vocem
1919 2548 2018 2605 per

430 2618 647 2688 longum
691 2626 748 2673 et
774 2616 1072 2676 ﬂexuosum
1100 2620 1204 2675 iter
1230 2620 1411 2675 varias
1439 2621 1668 2677 reddere
1695 2622 2019 2679 modulatio-

432 2724 549 2765 nes.
598 2708 795 2765 Fertur
833 2709 888 2764 in
935 2711 1287 2780 hyperboreis
1332 2712 1577 2782 partibus
1603 2712 2018 2783 praecinentibus

432 2799 748 2855 cithartedis
769 2799 946 2856 olores
970 2800 1232 2870 plurimos
1251 2801 1529 2869 advolare,
1556 2811 1787 2874 apteque
1804 2801 1872 2859 ad
1894 2819 2005 2861 mo-

385 2943 396 2952 ,
432 2892 559 2946 dum
573 2892 877 2949 concinere.
894 2893 1082 2949 Olores
1095 2903 1274 2949 autem
1291 2894 1540 2950 Latinum
1557 2910 1750 2951 nomen
1765 2906 1849 2952 est
1864 2913 1878 2950 :
1896 2911 2021 2951 nam

432 2981 621 3038 (ἱππεῦ
649 2984 806 3054 cygni
833 2984 1106 3039 dicuntur.
1134 2984 1332 3061 .Nantre
1366 2999 1495 3040 vero
1529 2985 1630 3042 sibi
1660 2985 1805 3043 hunc
1826 2987 2022 3042 bonam

429 3078 726 3147 prognosin
755 3075 934 3131 facere
961 3075 1164 3143 dicunt,
1197 3076 1337 3133 sicut
1359 3075 1612 3132 IEmilius
1648 3075 1873 3151 [Macer]
1898 3076 1976 3132 ait
2001 3094 2016 3131 :

555 3186 756 3252 gygnus
779 3189 827 3237 in
847 3190 1080 3250 auspiciis
1097 3202 1294 3252 semper
1314 3190 1594 3241 laetissimus
1611 3190 1735 3242 ales.

556 3249 700 3301 ﬁnite
720 3256 889 3313 optant
911 3249 1074 3300 nautae
1098 3249 1285 3314 quisse
1305 3264 1399 3302 non
1416 3255 1600 3315 mergit
1623 3254 1674 3302 in
1699 3252 1870 3304 undas.

431 3356 651 3430 Cygnus
694 3358 923 3414 cervicis
947 3358 1085 3424 altae,
1127 3360 1376 3431 superbia
1404 3360 1743 3431 exprimitur.
1775 3361 2022 3417 Struthio

431 3448 627 3504 Graeco
661 3449 880 3504 nomine
917 3449 1133 3506 dicitur.
1159 3449 1316 3517 Quod
1359 3451 1559 3506 animal
1587 3451 1643 3506 in
1670 3451 2022 3508 similitudine

433 3539 554 3595 avis
591 3553 800 3609 pennas
840 3538 1040 3596 habere
1066 3539 1298 3605 videtur,
1330 3549 1510 3596 tamen
1558 3540 1625 3597 de
1662 3549 1810 3597 terra
1860 3541 2021 3597 altius

435 3645 547 3685 non
574 3629 841 3685 elevatur.
893 3630 1007 3686 Ova
1033 3634 1130 3697 sua
1161 3631 1345 3688 fovere
1372 3631 1619 3703 negligit,
1649 3633 1759 3688 sed‘
1779 3630 2023 3703 proiecta

436 3719 811 3774 tantummodo
856 3717 967 3775 fotu
998 3718 1235 3791 pulveris
1275 3721 1601 3775 animantur.
1625 3718 1731 3775 Per
1759 3720 2021 3776 struthio-

437 3825 563 3864 nem
591 3811 821 3882 mystice
844 3810 1141 3882 hypocrita:
1171 3810 1563 3882 signiﬁcantur.
1588 3809 1749 3867 Unde
1763 3825 1865 3881 per
1890 3808 2024 3866 Pro-

437 3903 657 3972 phetam
698 3902 939 3958 dicitur:
986 3899 1308 3972 Gloriﬁcavit
1339 3917 1422 3956 me
1464 3900 1627 3956 bestia
1666 3902 1801 3971 agri,
1837 3900 2024 3954 draco-

441 4007 530 4045 nes
558 4002 606 4045 et
638 3991 957 4047 struthiones
994 3989 1128 4064 (Isa.
1159 3990 1339 4064 mn).
1375 3990 1515 4058 Quid
1543 3990 1687 4046 enim
1727 3990 2023 4046 draconum

440 4080 684 4147 nomine,
716 4080 820 4136 nisi
856 4081 911 4136 in
940 4090 1128 4151 aperto
1155 4080 1437 4137 malitiosa:
1466 4090 1673 4137 mentes
1705 4081 2024 4153 exprimun-

444 4182 550 4234 tur,
579 4186 701 4241 quae
743 4186 843 4242 per
890 4179 1092 4226 terram
1136 4185 1352 4241 semper
1384 4171 1584 4227 inﬁmis
1611 4172 2026 4242 cogitationibus

445 4265 677 4334 repunt?
718 4262 857 4331 Quid
887 4278 1015 4318 vero
1044 4277 1141 4334 per
1180 4263 1500 4319 struthionis
1528 4263 1847 4319 vocabulum
1867 4304 1881 4327 ,
1920 4263 2025 4319 nisi

444 4352 501 4407 hi
523 4392 542 4417 ,
573 4355 666 4425 qui
691 4367 752 4410 se
795 4354 966 4410 bonos
993 4354 1271 4421 simulant,
1302 4354 1674 4425 designantur,
1704 4355 1796 4424 qui
1826 4354 2028 4409 sancti-

2112 1898 2185 1954 tis
2210 1898 2351 1954 ultra
2378 1899 2537 1953 annis
2563 1898 2774 1964 vivens,
2816 1899 2941 1954 dum
2972 1913 3030 1954 se
3069 1897 3267 1952 viderit
3294 1896 3558 1962 senuisse,
3586 1895 3711 1951 col-

2111 1987 2269 2042 lectis
2318 1995 2622 2042 aromatum
2653 1987 2905 2058 virgultis
2947 2002 3136 2058 rogum
3191 1987 3292 2042 sibi
3344 1985 3584 2049 instruit,
3633 1995 3694 2040 et

2115 2093 2380 2134 conversa
2438 2079 2507 2134 ad
2537 2079 2749 2135 radium
2790 2078 2921 2133 solis
2964 2079 3173 2133 alarum
3211 2077 3401 2148 plausu
3445 2077 3698 2132 volunta-

2112 2171 2255 2227 rium
2284 2170 2386 2227 sibi
2417 2170 2724 2227 incendium
2764 2170 2937 2225 nutrit
2962 2187 2979 2224 :
3023 2170 3210 2240 sicque
3236 2169 3432 2223 iterum
3463 2168 3528 2224 de
3552 2168 3711 2223 eine.

2114 2262 2265 2317 ribus
2289 2261 2403 2317 suis
2430 2260 2681 2331 resurgit.
2707 2259 2833 2315 Haec
2862 2260 3025 2315 etiam
3055 2266 3231 2330 potest
3261 2257 3568 2330 signiﬁcare
3611 2273 3701 2312 re-

2114 2352 2509 2411 surrectionem
2551 2350 2856 2422 iustorum,
2908 2349 3004 2420 qui
3055 2348 3389 2406 aromatibus
3438 2349 3711 2403 virtutum

2116 2444 2355 2501 collectis
2386 2442 2835 2498 instaurationem
2868 2441 3068 2511 prioris
3099 2440 3300 2513 vigoris
3328 2451 3449 2510 post
3472 2448 3703 2495 mortem

2117 2534 2220 2590 sibi
2247 2539 2577 2604 praeparant.
2618 2524 3040 2600 Cinnomolegus
3071 2536 3126 2585 et
3150 2529 3266 2599 ipsa
3308 2528 3521 2585 Arabia:
3550 2528 3701 2593 avis;

2116 2623 2342 2696 proinde
2371 2623 2447 2679 ita
2475 2628 2688 2686 vocata,
2712 2622 2856 2690 quod
2880 2620 2933 2675 in
2962 2619 3195 2676 excelsis
3220 2620 3530 2675 nemoribus
3554 2628 3709 2674 texe‘

2118 2713 2192 2769 rit
2241 2711 2397 2769 nidos
2436 2724 2506 2767 ex
2543 2696 2829 2766 fruticibus
2863 2709 3147 2765 cinnami:
3186 2716 3242 2764 et
3292 2709 3549 2779 quoniam
3594 2723 3704 2763 non

2119 2811 2344 2876 possunt
2372 2800 2445 2857 ibi
2484 2800 2735 2855 homines
2761 2798 3126 2855 conscendere
3170 2807 3391 2869 propter
3428 2813 3711 2853 ramorum

2121 2892 2457 2948 altitudinem
2488 2899 2542 2945 et
2569 2888 2938 2959 fragilitatem,
2966 2887 3183 2943 eosdem
3220 2888 3376 2953 nidos
3414 2887 3724 2958 plumbatis.

2124 2991 2382 3057 appetunt
2422 2980 2640 3053 jaculis,
2673 2995 2738 3036 ac
2766 2980 2845 3036 sic
2875 2980 3126 3036 cinnama
3170 2979 3259 3034 illa
3306 2979 3602 3051 deponunt,
3645 2986 3707 3034 et

2123 3073 2312 3147 pretiis
2362 3071 2712 3143 amplioribus
2759 3067 3000 3125 vendunt
3045 3083 3157 3123 :eo
3198 3070 3340 3138 quod
3389 3068 3705 3124 cinnamum

2043 3150 2088 3214 C
2122 3165 2291 3237 magis
2325 3180 2487 3236 quam
2519 3163 2625 3219 alia
2675 3169 3009 3217 mercatores
3034 3159 3284 3232 probent.
3329 3160 3607 3216 Psittacus
3647 3158 3702 3215 in

2117 3258 2282 3315 Indiae
2307 3257 2579 3313 littoribus
2605 3254 2864 3328 gignitur,
2893 3252 3075 3309 colore
3108 3252 3294 3319 viridi,
3327 3260 3519 3324 torque
3550 3250 3708 3322 puni-

2119 3363 2238 3415 ceo,
2271 3346 2460 3420 grandi
2485 3345 2690 3416 lingua,
2720 3350 2777 3399 et
2802 3342 3017 3399 caeteris
3056 3341 3246 3398 avibus
3285 3342 3516 3397 latiore:
3559 3341 3704 3396 unde

2121 3447 2177 3498 et
2201 3437 2491 3495 articulata
2513 3437 2678 3492 verba
2715 3433 2992 3507 exprimit,
3021 3433 3095 3489 ita
3123 3440 3186 3489 ut
3209 3434 3255 3489 si
3278 3447 3403 3490 eum
3423 3448 3530 3488 non
3554 3431 3707 3503 vide-

2121 3536 2218 3604 ris,
2247 3534 2525 3591 hominem
2546 3532 2694 3603 loqui
2726 3539 2883 3603 putes
2911 3547 2924 3584 :
2957 3545 3025 3585 ex
3054 3536 3249 3584 natura
3275 3533 3455 3582 autem
3481 3522 3704 3587 salutat,

2121 3624 2310 3682 dicens
2336 3641 2349 3678 :
2376 3622 2512 3689 Ave,
2535 3621 2621 3678 vel
2642 3620 2871 3677 Chaire:
2899 3626 3095 3675 caetera
3113 3616 3335 3673 nomina
3358 3613 3705 3671 institutione

2122 3716 2304 3775 discit.
2332 3715 2470 3772 Hinc
2494 3722 2579 3770 est
2602 3712 2732 3769 illud
2761 3730 2777 3768 :

2244 3825 2488 3877 Psittacus
2510 3836 2538 3873 ι
2560 3823 2700 3878 vobis
2717 3821 2926 3883 aliorum
2943 3820 3133 3883 nomina
3150 3787 3331 3869 discam
3353 3829 3370 3868 :

2305 3886 2426 3937 Haec
2447 3898 2539 3948 per
2569 3896 2651 3934 me
2672 3885 2819 3934 didici
2841 3882 3011 3933 dicere
3039 3882 3250 3944 :Ctesar,
3286 3892 3395 3930 ave.

2121 3989 2347 4061 Aleyon,
2371 3985 2545 4059 pelagi
2564 3983 2824 4052 volucris,
2868 3983 3010 4040 dicta
3034 3982 3187 4052 quasi
3212 3979 3327 4035 ales
3354 3990 3611 4041 occanea,
3641 3990 3709 4030 eo

2122 4078 2266 4149 quod
2290 4077 2468 4132 hieme
2492 4075 2547 4130 in
2591 4073 2797 4143 stagnis
2824 4071 3016 4128 oceani
3063 4068 3220 4124 nidos
3247 4066 3397 4132 facit,
3426 4063 3707 4136 pullosque

2123 4169 2326 4234 educit,
2353 4183 2460 4237 qua
2490 4166 2794 4224 excubante
2830 4162 3007 4219 fertur
3052 4166 3273 4216 extento
3303 4171 3523 4226 aequore
3554 4155 3706 4226 pela-

2124 4276 2222 4333 gus
2243 4257 2527 4316 silentibus
2548 4256 2725 4311 ventis
2740 4259 2947 4326 septem
2968 4252 3174 4308 dierum
3201 4247 3591 4320 tranquillitate
3610 4248 3710 4301 nti-

2124 4361 2361 4415 tescere,
2401 4356 2456 4407 et
2501 4346 2619 4418 ejus
2664 4345 2866 4401 fetibus
2901 4341 3196 4400 educandis
3238 4337 3559 4411 obsequium
3588 4337 3706 4407 ipsa

444 4442 574 4499 tatis
598 4444 790 4510 vitam,
812 4443 969 4514 quasi
989 4443 1200 4499 volatus
1218 4456 1472 4514 pennam,
1504 4457 1602 4515 per
1630 4443 1864 4514 speciem
1896 4443 2024 4498 reti-
2049 4492 2103 4553 Β
2125 4458 2306 4500 rerum
2337 4448 2528 4498 natura
2556 4437 2819 4511 praebere.
2847 4432 3205 4492 Onocrotalus
3243 4430 3356 4487 avis
3395 4436 3490 4553 (est
3532 4435 3713 4553 αξξτο

444 4552 451 4553 ,
553 4543 569 4553 .
614 4544 651 4553 κ.
692 4552 703 4553 γ
760 4542 765 4545 λ
814 4552 821 4553 ,
1042 4551 1087 4553 -,
1300 4551 1306 4553 _
1360 4537 1490 4553 .nnl
1563 4536 1613 4553 on
1720 4538 1733 4552 ο
1761 4538 1853 4553 ..η
1924 4551 1933 4553 _
1978 4552 1981 4553 ,
2127 4533 2281 4553 u__._-
2340 4529 2692 4553 --ημησ-..ιρξ
2731 4524 3087 4553 -..ηρ-ΛΑΑΙΛ..
3139 4529 3332 4553 ενιιιιηηο
3441 4535 3568 4553 mnn
3609 4519 3707 4553 inc

442 4543 577 4592 nent
601 4544 658 4592 et
678 4542 778 4607 per
799 4552 964 4609 Opera
992 4551 1099 4591 non
1122 4538 1409 4592 exercent?
1428 4536 1734 4593 Gloriﬁcari
1760 4538 1944 4607 itaque
1967 4552 2026 4594 se
2127 4533 2310 4604 longo,
2334 4532 2499 4603 quam
2520 4529 2696 4587 Graeci
2729 4524 3088 4583 onocrocolon
3139 4529 3354 4579 vocant.
3395 4517 3711 4609 Crocodilus

444 4625 706 4682 Dominus
736 4642 767 4681 a
811 4626 1052 4683 dracone
1088 4626 1171 4681 vel
1215 4627 1519 4682 struthione
1542 4628 1757 4693 asserit,
1803 4627 1931 4699 quia
1975 4634 2032 4683 et

446 4723 632 4784 aperte
662 4716 833 4771 malos
859 4724 914 4771 et
943 4715 1066 4772 ﬁcte
1091 4715 1264 4771 bonos
1290 4715 1607 4787 plerumque
1631 4716 1699 4771 ad
1738 4732 1836 4771 sua
1874 4718 2032 4773 obse-

445 4807 575 4876 quia
608 4821 677 4861 ex
719 4807 911 4862 intima
941 4807 1266 4878 cogitatione
1291 4808 1577 4863 convertit.
1607 4806 1701 4864 Vel
1730 4816 1879 4864 certe
1917 4808 2033 4880 agri

451 4898 623 4953 bestia
675 4897 976 4962 dominum,
1028 4897 1082 4952 id
1130 4904 1238 4961 est,
1281 4896 1549 4953 dracones
1592 4897 2032 4968 struthioncsque

453 4989 776 5060 gloriﬁcent,
824 5003 949 5043 cum
988 4987 1168 5051 ﬁdem,
1197 5002 1317 5057 qua:
1360 4987 1414 5041 in
1461 4986 1553 5042 illo
1579 4996 1681 5050 est,
1709 5002 1794 5054 ea,
1826 5002 1946 5058 quae
1979 4989 2034 5044 in

455 5078 557 5131 hoc
587 5075 789 5131 mundo
813 5077 1012 5131 dudum
1041 5076 1342 5130 membrum
1376 5076 1574 5131 diaboli
1617 5076 1815 5142 fuerat,
1856 5077 2035 5148 genti-

455 5168 581 5221 litas
624 5167 849 5221 eXaltat.
893 5166 1235 5237 Quapropter
1288 5165 1549 5221 malitiam
1606 5167 1899 5223 draconum
1934 5184 2034 5223 no-

454 5258 601 5312 mine
623 5258 937 5326 exprobrat,
960 5265 1017 5311 et
1039 5263 1262 5327 propter
1281 5256 1588 5327 hypocrisin
1612 5255 1868 5312 vocabulo
1890 5266 2035 5312 stru-

456 5349 703 5403 thionum
735 5353 906 5402 notat.
938 5346 1105 5414 Quasi
1146 5346 1292 5402 enim
1331 5361 1536 5418 pennas
1577 5347 1786 5416 accepit
1827 5346 2041 5417 gentili-

456 5449 564 5506 tas,
590 5441 687 5496 sed
715 5440 898 5496 volare
921 5454 1028 5495 non
1049 5439 1240 5510 potuit,
1268 5455 1388 5510 qua:
1424 5446 1480 5493 et
1520 5447 1767 5494 naturam
1814 5438 2041 5494 rationis

465 5532 672 5597 habuit,
699 5541 767 5587 et'
786 5532 1055 5588 actionem
1085 5531 1312 5586 rationis
1351 5532 1635 5602 ignoravit.
1662 5529 1846 5585 Potest
1872 5531 2038 5586 etiam

464 5623 701 5677 struthio
747 5624 1033 5679 haereticos
1071 5623 1154 5677 vel
1198 5623 1548 5694 philosophos
1581 5622 1902 5693 signiﬁcare,
1948 5622 2041 5693 qui

468 5724 592 5767 cum
623 5715 814 5786 [curiis
866 5716 1140 5791 sapientia:
1167 5733 1224 5772 se
1248 5715 1487 5772 exaltare
1507 5715 1714 5781 volunt,
1745 5714 1839 5787 sed
1862 5722 2042 5770 tamen

2128 4638 2296 4697 genus
2323 4620 2560 4687 volatile,
2594 4618 2820 4683 dictum,
2850 4614 3007 4687 quasi
3045 4628 3143 4669 cor
3170 4611 3360 4668 edens.
3388 4607 3714 4679 Vespertilio

2130 4729 2197 4769 ex
2222 4722 2462 4783 tempore
2499 4725 2697 4766 nomen
2749 4702 2958 4777 accepit
3000 4719 3066 4760 eo
3104 4702 3250 4777 quod
3296 4701 3472 4756 lucem
3503 4697 3715 4770 fugiens

2132 4800 2451 4874 crepusculo
2470 4798 2777 4871 vespertino
2799 4791 3173 4857 circumvolat,
3199 4788 3536 4863 praecipitato
3562 4796 3713 4841 motu

2135 4900 2278 4959 acta,
2309 4900 2361 4949 et
2396 4888 2728 4945 tenuissimis
2755 4885 3105 4942 brachiorum,
3135 4878 3394 4937 membris
3416 4890 3674 4946 suspensa
3696 4916 3712 4939 ,

2136 4982 2337 5039 animal
2364 4982 2598 5037 murium
2627 4977 2821 5043 simile,
2848 4993 2956 5032 non
2984 4985 3093 5031 tam
3117 4987 3250 5029 voce
3272 4983 3531 5026 resonans
3549 4982 3713 5037 quam

2137 5076 2370 5131 stridore
2400 5091 2413 5128 :
2463 5072 2643 5142 specie
2670 5084 2886 5141 quoque
2932 5065 3167 5123 volatilis
3204 5061 3365 5119 simul
3392 5068 3447 5116 et
3479 5058 3715 5129 quadru-

2136 5179 2256 5235 pes,
2286 5162 2430 5234 quod
2460 5162 2513 5216 in
2542 5161 2665 5217 aliis
2690 5160 2881 5214 avibus
2912 5157 3135 5228 reperiri
3163 5170 3270 5210 non
3302 5152 3455 5208 solet.
3488 5149 3717 5221 Vesper-

2141 5257 2358 5311 tiliones
2382 5261 2508 5309 sunt
2530 5252 2794 5308 idolorum
2823 5258 3065 5305 monstra
3092 5246 3330 5302 tenebris
3354 5244 3553 5309 dedita,
3582 5243 3714 5297 utin

2138 5349 2277 5403 Isaia
2326 5347 2525 5417 legitur
2566 5363 2578 5399 :
2632 5343 2698 5399 Ut
2745 5341 2974 5398 adoretis
3016 5338 3196 5409 talpas
3240 5348 3288 5393 et
3335 5335 3718 5407 vespertiliones

2142 5437 2277 5511 (lsa.
2309 5435 2393 5507 ιι).
2428 5433 2635 5490 Noctua
2659 5433 2856 5488 dicitur
2884 5445 2983 5500 pro
3019 5445 3084 5486 eo
3133 5429 3276 5499 quod
3303 5435 3460 5483 nocte
3489 5426 3722 5480 volutet

2141 5548 2240 5605 per
2260 5532 2402 5587 diem
2424 5545 2531 5585 non
2560 5528 2730 5601 possit
2749 5525 2942 5591 videri,
2972 5538 3094 5579 nam
3117 5531 3305 5581 exorto
3329 5521 3615 5593 splendore
3637 5535 3721 5575 so-

2145 5625 2211 5680 lis
2235 5623 2382 5677 visus
2428 5620 2572 5677 illius
2614 5618 2918 5673 hebetatur.
2973 5615 3123 5672 llanc
3160 5624 3339 5671 autem
3385 5612 3559 5669 insula
3585 5611 3719 5666 Cre-

2144 5714 2314 5772 tensis
2336 5729 2442 5770 non
2488 5710 2673 5778 habet,
2712 5710 2836 5765 etsi
2865 5709 3042 5764 veniat
3084 5707 3320 5767 aliunde.
3349 5705 3531 5761 statim
3556 5699 3723 5758 morte
