4072 6198
371 255 476 312 ⁸247

1045 242 1108 296 Β.
1145 241 1400 297 ΒΑΒΑΝΙ
1438 240 1654 298 MAUIH
1694 238 1946 295 ARClllE

2052 235 2360 321 LIOGUNT.
2406 232 2690 291 OPERUM
2728 231 2908 288 PARS
2947 231 3012 287 Il.

3539 231 3647 289 2i8

380 380 481 422 tur.
515 363 720 420 Noctua
768 379 798 416 a
848 360 1168 435 quibusdam
1217 359 1414 417 dicitur
1452 373 1648 416 corvus
1687 371 1950 442 marinus.
1984 358 2028 416 Α
2058 350 2278 420 gniﬁcat
2334 350 2588 421 populum
2632 349 2885 420 gentilem
2930 347 2997 401 de
3039 344 3371 442 longinqms-
3400 345 3647 415 partibus

375 455 579 511 Noctua
625 460 805 507 autem
834 465 940 506 non
967 459 1050 505 est
1081 447 1246 504 bubo.
1283 447 1415 501 Nam
1455 447 1597 502 bubo
1641 445 1814 517 maior
1847 454 1950 500 est.

376 546 579 600 Noctua
611 542 876 608 homines,
906 539 1153 595 veritatis
1184 538 1358 593 lucem
1387 537 1673 606 fugientes,
1717 535 1955 590 tenebris

366 637 635 708 obligatos
664 633 952 704 signiﬁcat.
986 631 1137 686 Unde
1168 631 1222 686 in
1250 631 1492 686 Levitico
1521 631 1634 685 haec
1663 629 1778 684 avis
1809 629 1951 684 vesci

365 725 705 794 prohibetur.
739 722 889 778 Bubo
919 738 951 776 a
1000 737 1134 777 sono
1178 721 1326 776 vocis
1353 720 1710 789 compositum
1756 735 1953 776 nomen

371 818 554 883 habet,
587 815 703 870 avis
729 813 932 878 feralis,
957 821 1150 867 onusta
1173 812 1386 881 quidem
1413 811 1630 882 plumis,
1658 810 1751 865 sed
1776 811 1956 882 gravis

369 925 584 980 semper
635 907 850 962 detenta
899 904 1114 979 pigritia
1160 905 1214 958 in
1259 902 1521 974 sepulcris
1555 903 1642 958 die
1686 911 1956 970 noctuque

372 1011 638 1067 versatur,
666 1009 724 1054 et
752 1014 967 1069 semper
989 1013 1332 1054 commorans
1363 997 1415 1051 in
1444 996 1712 1053 cavernis.
1751 995 1826 1050 De
1850 1010 1956 1066 qua

365 1093 590 1148 Ovidius
617 1109 629 1144 :

387 1240 398 1248 ς
491 1205 741 1268 Fmdaque
767 1205 819 1255 ﬁt
841 1204 1054 1268 volucris
1077 1205 1268 1268 venturi
1293 1206 1464 1254 nuntia
1489 1203 1650 1254 hictus
1666 1239 1684 1265 ,

492 1267 700 1330 ignavus
725 1268 874 1330 bubo,
897 1267 1055 1316 dirum
1079 1267 1364 1316 mortalibus
1385 1279 1552 1316 omen.

367 1375 609 1443 Denique
665 1376 807 1443 apud
859 1387 1089 1443 augures
1129 1372 1332 1430 malum
1381 1372 1705 1442 portendere
1757 1370 1950 1427 fertur.

364 1468 513 1523 Βιὼο
541 1466 780 1522 tenebris
807 1476 1154 1536 peccatorum
1183 1465 1392 1522 deditos
1421 1474 1476 1520 et
1518 1465 1692 1520 lucem
1729 1463 1953 1533 iustitiae

364 1559 630 1630 fugientes
653 1559 939 1630 signiﬁcat.
970 1556 1123 1614 Unde
1150 1558 1290 1613 inter
1319 1559 1597 1616 immunda
1623 1558 1876 1614 animalia
1898 1559 1953 1613 in

363 1647 606 1703 Levitico
646 1648 954 1718 deputatur.
1003 1647 1206 1703 Lucina
1261 1648 1379 1704 avis
1408 1649 1533 1706 inde
1562 1663 1755 1705 nomen
1799 1664 1950 1704 sum-

361 1741 485 1809 psit,
519 1739 647 1811 quia
676 1709 838 1796 cantu
868 1755 967 1795 suo
1010 1740 1321 1810 signiﬁcare
1352 1739 1491 1796 solet
1526 1740 1633 1795 diei
1680 1741 1951 1812 surgentis
1983 1709 2026 1769 Β
2052 1717 2276 1812 Elimea}

359 1835 632 1890 exortum,
661 1826 814 1895 quasi
847 1825 1066 1890 lucinia,
1095 1826 1282 1884 eadem
1329 1833 1385 1880 et
1425 1824 1668 1881 acedula.
1722 1825 1798 1880 De
1844 1840 1949 1895 qua

364 1917 551 1973 Cicero
577 1917 632 1971 in
667 1917 1034 1986 Prognosticis
1065 1935 1077 1969 :

493 2033 552 2082 Et
578 2033 840 2083 matutinos
863 2039 1071 2084 exercet
1094 2033 1297 2084 acedula
1321 2039 1507 2084 cantus.

365 2135 493 2190 llzec
536 2133 722 2192 forsan
752 2144 972 2190 sanctos
1014 2136 1397 2204 praedicatores
1439 2137 1616 2208 typiee
1645 2136 1953 2208 signiﬁcare

368 2237 568 2299 potest,
603 2229 692 2298 qui
724 2226 918 2282 futura:
950 2227 1086 2283 lucis
1127 2236 1374 2283 exortum
1417 2229 1771 2299 pronuntiant
1798 2237 1853 2284 et
1883 2230 1951 2284 ad

361 2317 480 2391 ejus
526 2320 814 2376 adventum
876 2320 1058 2374 animo
1119 2319 1364 2390 vigilanti
1425 2320 1704 2375 intendere
1769 2319 1953 2376 ﬁdeles

363 2427 604 2482 quosque
631 2412 1009 2466 exhortantur.
1044 2411 1204 2467 Ulula
1233 2413 1349 2468 avis
1390 2428 1420 2466 a
1468 2413 1684 2481 planctu
1723 2424 1778 2468 et
1805 2413 1950 2468 luctu

363 2504 661 2560 nominata.
693 2503 828 2560 Cum
857 2505 1000 2560 enim
1042 2504 1265 2569 clamat,
1312 2513 1406 2559 aut
1457 2505 1641 2560 ﬂetum
1673 2506 1948 2572 imitatur,

364 2609 455 2657 aut
483 2601 762 2670 gemitum.
809 2601 963 2657 Unde
993 2607 1050 2655 et
1076 2601 1216 2671 apud
1247 2614 1482 2670 augures
1512 2599 1558 2654 si
1599 2585 1947 2666 lamentetur,

364 2691 682 2746 tristitiam:
732 2698 920 2746 tacens
964 2691 1255 2747 ostendere
1294 2689 1468 2745 fertur
1509 2690 1946 2761 prosperitatem.

364 2782 495 2848 Qua:
523 2780 640 2837 avis
691 2780 1000 2852 signiﬁcare
1025 2789 1205 2852 potest
1234 2779 1495 2835 ululatum
1521 2789 1870 2850 peccatorum
1895 2778 1951 2834 in

363 2873 588 2932 inferno.
619 2869 768 2928 Unde
789 2873 1072 2944 propheta,
1101 2873 1317 2943 quando
1343 2871 1403 2926 ﬁt
1424 2872 1624 2928 mentio
1644 2871 1950 2943 Babylonia:

364 2965 716 3021 vastationis:
747 2964 920 3021 Ululce
954 2967 1010 3020 in
1052 2965 1252 3022 wdibus
1279 2966 1395 3036 ejus
1428 2966 1743 3019 commorari
1775 2965 1952 3034 perhi-

363 3057 562 3121 bentur,
595 3056 728 3111 sicut
754 3067 801 3111 et
835 3055 1168 3111 onocrotalus
1189 3066 1236 3110 et
1260 3055 1452 3111 ericius
1478 3055 1614 3128 (Isa.
1641 3054 1786 3128 xm).
1815 3055 1951 3111 Gra-

363 3145 513 3201 culus
541 3162 571 3200 a
600 3146 917 3217 garrulitate
943 3157 1305 3219 nuncupatus,
1339 3164 1444 3203 non
1484 3146 1568 3221 (ut
1601 3149 1820 3218 quidam
1854 3163 1949 3203 vo-

365 3238 502 3310 lunt)
543 3254 644 3309 pro
682 3253 749 3296 eo
780 3237 922 3308 quod
964 3241 1227 3312 gregatim
1255 3239 1460 3305 volent,
1493 3255 1616 3294 cum
1661 3239 1732 3295 sit
1770 3238 1948 3294 mani-

364 3330 555 3386 festum
581 3345 647 3386 ex
681 3345 816 3392 voce
842 3346 934 3386 eos
961 3332 1282 3402 nuncupari.
1314 3330 1410 3386 Est
1439 3331 1584 3386 enim
1632 3329 1951 3402 loquacissi-

363 3439 508 3484 mum
541 3440 730 3495 genus,
764 3432 819 3479 et
846 3425 1067 3479 vocibus
1095 3425 1481 3495 importunum.
1533 3423 1686 3492 Quod
1715 3423 1800 3480 vel
1831 3423 1950 3494 phi—

363 3516 707 3586 losophorum
757 3531 951 3570 vanam
997 3515 1398 3586 loquacitatem,
1445 3515 1528 3571 vel
1571 3516 1952 3572 haereticorum

362 3605 743 3660 verbositatem
781 3605 998 3659 noxiam
1040 3604 1348 3674 signiﬁcare
1377 3611 1572 3674 potest.
1605 3603 1766 3670 Picae,
1796 3605 1951 3675 quasi

360 3694 587 3762 poetice,
623 3693 764 3764 quod
801 3693 965 3748 verba
1005 3693 1060 3748 in
1102 3694 1417 3748 discrimine
1445 3694 1592 3748 vocis
1621 3695 1948 3763 exprimant,

361 3792 419 3837 nt
459 3784 641 3838 homo.
688 3782 791 3840 Per
832 3799 1012 3842 ramos
1053 3784 1199 3842 enim
1259 3783 1512 3840 arborum
1555 3783 1802 3856 pendulce
1851 3785 1952 3838 im-

343 3882 590 3947 portuna
613 3874 934 3943 garrulitate
956 3883 1230 3930 sonantes.
1256 3875 1379 3931 Etsi
1398 3875 1676 3947 linguasin
1702 3889 1953 3936 sermone

363 3972 638 4034 nequeunt
693 3963 995 4034 explicare,
1053 3979 1245 4020 sonum
1297 3973 1475 4020 tamen
1526 3966 1775 4024 humanae
1802 3965 1952 4020 vocis

361 4053 663 4114 imitantur.
701 4056 775 4111 De
809 4072 916 4126 qua
963 4071 1201 4128 congrue
1243 4057 1462 4130 quidam
1491 4058 1567 4112 ait
1590 4055 1902 4130 [Martialis]
1933 4076 1947 4112 :

485 4167 602 4236 Pica
627 4167 803 4236 loquax
831 4173 966 4236 certa
986 4168 1232 4220 dominum
1259 4175 1309 4218 te
1332 4181 1454 4236 voce
1479 4169 1652 4229 saluto,

546 4228 597 4279 Si
621 4228 705 4281 me'
736 4244 831 4278 non
863 4233 1045 4292 videas,
1071 4243 1184 4280 esse
1206 4231 1408 4293 negabis
1427 4244 1588 4282 avem.

288 4364 306 4374 .
364 4331 523 4388 Picus
551 4346 581 4390 a
613 4328 742 4390 Pico
775 4331 995 4388 Saturni
1034 4331 1142 4388 ﬁlio
1173 4348 1370 4387 nomen
1405 4333 1656 4403 sumpsit,
1699 4350 1764 4390 eo
1805 4335 1948 4406 quod

363 4437 424 4478 ea
482 4425 536 4480 in
584 4425 840 4494 auspiciis
882 4425 1152 4480 utebatur.
1203 4424 1338 4480 Nam
1394 4425 1567 4482 fertur
1611 4427 1751 4481 hanc
1795 4442 1949 4482 avem
1978 4431 2028 4491 D

363 4515 630 4586 quoddam
663 4516 862 4570 habere
903 4515 1144 4576 divinum
1176 4515 1265 4571 illo
1295 4516 1515 4581 indicio,
1555 4516 1698 4587 quod
1729 4517 1783 4570 in
1814 4533 1948 4587 qua-

354 4609 574 4672 ‘cunquc
627 4604 823 4662 arbore
878 4605 1254 4673 nidiﬁcaverit,
1309 4607 1518 4662 clavum
1549 4607 1644 4661 'vel
1689 4607 1948 4677 quidquid

365 4693 512 4748 aliud
558 4696 724 4750 ﬁxum
775 4695 865 4752 diu
925 4695 1136 4752 interere
1183 4715 1288 4756 non
1334 4707 1533 4768 potest,
1580 4699 1713 4770 quin
1764 4699 1947 4754 statim

364 4787 601 4853 excidat,
629 4787 718 4844 ubi
755 4803 817 4842 ea
851 4789 1130 4849 insederit.
1174 4789 1281 4846 Sed
1310 4791 1375 4846 de
1424 4792 1528 4846 hoc
1571 4792 1771 4848 sentiat
1801 4793 1946 4862 quis-

363 4897 466 4953 que
498 4879 643 4954 quod
695 4881 845 4936 velit.
877 4881 1012 4936 Nam
1039 4897 1202 4938 sonus
1247 4881 1395 4937 vocis
1421 4882 1538 4954 ejus
1563 4883 1947 4954 loquacitatem

365 4975 743 5032 luereticorum
767 4981 948 5046 potest
978 4972 1308 5044 signiﬁcare,
1351 4973 1432 5030 vel
1461 4975 1906 5046 philosophorum
1936 4995 1947 5030 :

361 5066 502 5132 sicut
531 5066 780 5137 superius
806 5067 871 5122 de
901 5065 1122 5138 graculo
1153 5066 1408 5124 diximus.
1455 5065 1602 5122 Pavo
1644 5083 1839 5124 nomen
1885 5069 1951 5124 de

363 5173 497 5218 sono
537 5160 685 5214 vocis
727 5158 908 5216 habet.
947 5157 1112 5227 Cujus
1158 5173 1287 5218 caro
1315 5169 1422 5216 tam
1456 5161 1589 5216 dura
1616 5170 1720 5228 est,
1762 5171 1822 5216 ut
1850 5177 1948 5231 pu-

366 5251 630 5308 tredinem
673 5251 764 5305 vix
792 5249 1012 5328 sentiat,
1052 5265 1152 5306 nec
1195 5248 1358 5310 facile
1399 5261 1684 5322 coquatur.
1720 5254 1796 5308 De
1843 5270 1949 5325 quo

363 5343 581 5409 quidam
615 5344 694 5402 sic
721 5347 799 5400 ait

488 5433 684 5502 Miseria
706 5437 903 5502 quoties
928 5447 1237 5498 gemmantes
1261 5437 1476 5502 explicJt
1497 5439 1596 5488 alas
1620 5479 1634 5498 ο

547 5493 609 5545 Et
637 5493 774 5558 potes
796 5493 1072 5550 huncusaavo
1098 5493 1484 5565 traderefdura,
1510 5493 1678 5565 coquo.

363 5572 508 5633 Pavo
537 5579 778 5651 quidem,
805 5582 897 5650 qui
931 5581 1209 5640 Salomoni
1245 5602 1275 5639 a
1303 5585 1610 5659 longinquis
1639 5586 1948 5658 regionibus

361 5672 560 5728 ductus
591 5681 698 5736 est,
733 5681 786 5727 et
820 5673 1062 5728 diversos
1097 5674 1306 5730 coleres
1335 5678 1387 5732 in
1431 5679 1623 5746 pennis
1663 5679 1844 5746 habet,
1874 5677 1946 5732 si-

2058 453 2216 496 terrre
2244 442 2311 496 ad
2336 440 2612 496 Christum
2653 440 2982 503 venientem,
3013 437 3104 506 qui
3132 437 3295 491 etiam
3325 435 3443 506 ejus
3471 440 3646 509 gratia

2054 534 2343 592 multarum
2373 534 2632 588 virtutum
2672 542 2870 588 ornatu
2902 529 3230 601 resplendet.
3275 529 3462 586 Callus
3495 549 3522 586 a
3559 549 3648 588 ca-

2053 624 2317 680 stratione
2341 631 2582 680 vocatus.
2617 622 2765 678 inter
2794 631 3019 678 caeteras
3043 621 3190 676 enim
3216 636 3348 690 aves
3381 621 3507 678 huic
3531 624 3648 679 solo

2057 714 2288 770 testiculi
2329 716 2660 770 adimuntur.
2701 712 2924 768 Veteres
2973 711 3117 766 enim
3185 709 3428 768 abscisos
3481 714 3647 784 gallos

2053 805 2345 864 vocabant.
2405 805 2559 860 Sicut
2596 812 2779 860 autem
2811 819 2840 856 a
2892 799 3048 857 leone
3100 800 3288 869 letena,
3339 818 3368 856 a
3414 803 3648 860 dracone

2055 896 2322 960 dracaena,
2363 896 2436 949 ita
2465 911 2496 950 a
2534 895 2674 966 gallo
2718 893 2936 965 gallina.
2966 891 3155 948 Gallus
3187 894 3362 949 virum
3401 905 3646 950 sanctum

2055 995 2148 1040 aut
2173 989 2450 1042 doctorem
2489 985 2861 1056 evangelicum
2908 983 3196 1056 signiﬁcat,
3238 986 3328 1054 qui
3367 988 3467 1041 sub
3517 987 3648 1042 cali-

2054 1077 2178 1148 gine
2217 1077 2374 1132 istius
2405 1076 2590 1131 mundi
2627 1076 2835 1145 positus
2868 1073 3104 1130 futuram
3143 1075 3319 1131 lucem
3348 1077 3472 1132 vitae
3493 1087 3649 1132 arter-

2056 1184 2138 1222 na:
2193 1167 2529 1238 pronuntiat.
2592 1166 2668 1220 De
2723 1181 2830 1237 quo
2856 1182 2955 1237 per
3010 1167 3351 1222 Salomonem
3383 1168 3583 1224 dicitur
3630 1187 3644 1224 :

2055 1253 2240 1310 Gallus
2279 1257 2568 1322 accinctus,
2615 1273 2707 1310 nec
2749 1266 2824 1310 cst
2857 1272 2966 1321 rex,
2999 1257 3088 1329 qui
3133 1257 3335 1310 resistat
3365 1259 3411 1311 ei
3461 1255 3644 1330 (Prov.

2055 1335 2208 1421 axx).
2250 1347 2317 1402 Et
2341 1349 2394 1402 in
2423 1345 2523 1403 Joh
2553 1366 2564 1400 :
2599 1345 2730 1413 Quis
2763 1347 2927 1412 dedit,
2967 1345 3164 1417 inquit,
3194 1346 3334 1417 gallo
3364 1347 3648 1419 intelligen-

2056 1442 2223 1495 tiam?
2252 1440 2396 1512 (Job.
2428 1439 2683 1512 xxxviii.)
2706 1439 2838 1494 item
2867 1440 2922 1492 in
2949 1439 3108 1494 aliam
3134 1449 3340 1510 partem
3367 1438 3536 1509 gallus
3558 1454 3648 1510 po-

2056 1534 2225 1597 nitur,
2263 1542 2322 1587 ut
2347 1541 2430 1588 est
2472 1532 2604 1586 illud
2633 1531 2787 1585 Isaia:
2817 1547 2831 1585 :
2876 1531 3152 1600 Asportari
3191 1540 3238 1584 te
3265 1530 3483 1599 faciant,
3513 1531 3647 1584 sicut

2056 1634 2359 1696 asportatur
2403 1622 2575 1696 gallus
2603 1622 2926 1693 gallinaceus
2963 1621 3099 1693 (Isa.
3131 1622 3290 1692 χιιι).
3333 1606 3540 1678 Gallina
3569 1621 3646 1676 si-

2323 1716 2669 1787 sapientiam,
2723 1715 2836 1770 sive
2884 1723 3129 1769 sanctam
3181 1712 3510 1776 Ecclesiam,
3553 1728 3648 1768 seu

2054 1806 2252 1860 animal
2276 1806 2507 1878 justum,
2535 1815 2593 1859 ut
2620 1813 2706 1859 est
2739 1803 2869 1858 illud
2907 1802 3247 1857 Dominicum
3279 1803 3648 1858 testimonium

2054 1897 2119 1951 ad
2152 1895 2488 1952 Hierusalem
2518 1913 2530 1949 :
2572 1894 2787 1961 Quoties
2816 1894 2954 1950 volui
2981 1912 3296 1966 congregare
3326 1895 3466 1964 ﬁlios
3506 1907 3646 1961 tuos,

2049 1987 2491 2058 quemadmodum
2536 1985 2736 2057 gallina
2797 1995 3074 2056 congregat
3135 1985 3308 2056 pullos
3374 2002 3498 2041 suos
3550 1987 3646 2041 sub

2053 2081 2168 2136 alas
2208 2097 2330 2134 suas
2354 2119 2369 2144 ,
2407 2089 2459 2134 et
2498 2078 2711 2133 noluisti
2741 2076 2955 2149 (Matth.
2994 2075 3175 2150 mn).
3222 2079 3388 2132 Anser
3420 2077 3488 2133 ab
3513 2077 3652 2134 assi-

2051 2171 2256 2226 duitate
2287 2170 2508 2224 natandi
2547 2178 2730 2238 aptum
2770 2185 2967 2228 nomen
3001 2171 3250 2242 sumpsit.
3300 2171 3376 2226 Ex
3409 2187 3516 2242 quo
3562 2186 3649 2241 ge-

2053 2277 2184 2318 nere
2210 2262 2454 2332 qumdam
2501 2277 2772 2334 germana:
2816 2262 3094 2328 dicuntur,
3138 2279 3247 2332 quo
3273 2263 3393 2336 plus
3437 2265 3649 2320 czctcris

2051 2356 2316 2411 nutriant.
2361 2355 2581 2410 Anseris
2611 2370 2809 2410 nomen
2850 2372 2982 2411 anes
3032 2356 3181 2412 dedit
3225 2372 3322 2428 per
3349 2357 3678 2413 derivatio-'

2055 2464 2201 2514 nem,
2234 2448 2317 2503 vel
2348 2449 2414 2504 ad
2459 2448 2894 2508 similitudinem.
2943 2449 3026 2503 vel
3061 2449 3204 2519 quod
3248 2458 3302 2503 et
3350 2451 3519 2522 ipsam
3549 2466 3648 2505 na-

2055 2539 2204 2594 tandi
2247 2540 2609 2614 frequentiam
2653 2540 2871 2596 habeat.
2916 2540 3022 2596 iste
3052 2541 3262 2612 vigilias
3309 2542 3484 2597 noctis
3509 2543 3648 2597 assi-

2051 2630 2262 2687 duitate
2305 2632 2578 2703 clangoris
2606 2641 2856 2688 testatur.
2887 2631 3100 2688 Nullum
3137 2644 3318 2690 autem
3342 2634 3542 2698 animal
3570 2636 3646 2690 ita

2055 2724 2276 2780 odorem
2339 2724 2574 2780 hominis
2618 2725 2824 2790 sentit,
2870 2733 2930 2780 ut
2971 2740 3149 2781 anser.
3188 2725 3342 2782 Unde
3397 2736 3452 2782 et
3494 2727 3647 2782 clan-

2053 2829 2184 2886 gore
2229 2812 2348 2883 ejus
2394 2815 2666 2871 Gallorum
2713 2831 2976 2871 ascensus
3031 2816 3085 2870 in
3139 2817 3403 2887 Capitolio
3461 2817 3647 2888 depre-

2053 2907 2254 2962 hensus
2270 2915 2370 2962 est.
2389 2904 2513 2962 l‘Izec
2536 2906 2791 2976 providos
2827 2908 3075 2963 homines
3099 2917 3156 2963 et
3187 2925 3313 2980 erga
3342 2909 3645 2964 custodiam

2057 3013 2208 3052 suam
2252 2998 2390 3052 bene
2433 2997 2722 3070 vigilantes
2750 2995 3055 3069 signiﬁcare
3093 3006 3289 3068 potest.
3322 2997 3533 3070 Mergus
3573 2998 3647 3054 ab

1980 3069 2026 3133 C
2059 3089 2377 3146 assiduitate
2421 3069 2699 3162 mergendi
2757 3105 2955 3144 nomen
3004 3089 3107 3145 hoc
3157 3097 3286 3144 est:
3335 3069 3460 3161 quia
3504 3105 3648 3160 smpe

2054 3185 2277 3241 dimisso
2316 3186 2494 3255 capite
2537 3185 2591 3241 in
2626 3183 2895 3255 profundo
2935 3199 3193 3240 aurarum
3220 3185 3373 3256 signa
3420 3185 3520 3241 sub
3545 3183 3648 3240 ﬁu-

2053 3277 2229 3333 ctibus
2273 3277 2554 3348 colligunt,
2597 3285 2654 3332 et
2681 3277 3045 3348 praevidentcs
3086 3278 3321 3348 mquoris
3353 3288 3645 3349 tempesta-

2053 3377 2164 3426 tem
2193 3385 2317 3426 cum
2345 3370 2586 3426 clamore
2609 3369 2678 3424 ad
2725 3369 2909 3426 littora
2937 3370 3186 3426 tendunt.
3229 3369 3445 3442 Mergus
3479 3371 3646 3425 homo

2053 3461 2384 3527 luxuriosus,
2416 3459 2623 3516 libidini
2651 3460 2835 3515 carnis
2861 3475 3075 3531 semper
3102 3461 3342 3516 intentus
3374 3479 3388 3514 :
3419 3462 3560 3534 quod
3589 3461 3642 3515 in

2052 3552 2297 3608 chitico
2324 3553 2746 3608 demonstratur.
2793 3551 2979 3607 Fulica
3006 3562 3288 3608 mansueta
3317 3552 3435 3607 avis
3462 3559 3517 3608 et
3563 3553 3646 3606 ni-

2053 3659 2148 3715 gra
2183 3652 2288 3712 est,
2333 3644 2481 3702 artati
2526 3644 2744 3714 quidem
2784 3645 3023 3714 parvior,
3071 3645 3167 3702 sed
3209 3647 3455 3715 corporis
3501 3660 3646 3700 com-

2054 3734 2325 3804 positione
2371 3733 2716 3803 consimilis,_
2745 3750 2867 3806 quae
2897 3735 2952 3789 in
3008 3735 3220 3807 stagnis
3251 3735 3645 3792 delectabiliter

2054 3832 2438 3888 commoratur.
2483 3825 2580 3880 Est
2605 3835 2786 3881 autem
2822 3826 2940 3881 avis
2966 3827 3295 3896 stagnensis,
3335 3827 3540 3882 habens
3565 3827 3644 3880 ni-

2055 3918 2181 3972 dum
2213 3917 2267 3973 in
2308 3917 2486 3974 medio
2527 3933 2700 3987 aqum,
2732 3915 2817 3972 vel
2858 3917 2912 3972 in
2955 3918 3148 3988 petris,
3175 3933 3312 3989 quas
3353 3932 3507 3986 aqua:
3533 3917 3641 3972 cir-

2055 4007 2330 4075 cumdant,
2359 4008 2739 4078 maritimaque
2767 4023 2982 4080 semper
3015 4009 3313 4070 delectatur
3350 4008 3640 4081 profundo,

2055 4113 2176 4168 quas
2219 4099 2346 4154 dum
2375 4108 2748 4168 tempestatem
2775 4101 3130 4170 persenserit,
3155 4095 3376 4172 fugiens
3403 4102 3458 4156 in
3502 4101 3642 4157 vado

2055 4190 2211 4248 ludit.
2246 4189 2370 4246 Haec
2423 4191 2492 4246 ad
2538 4193 3077 4260 baptizandos~bene
3121 4193 3398 4260 refertur,
3445 4193 3538 4264 qui
3583 4194 3640 4249 in

2054 4282 2414 4340 sacratissimi
2456 4282 2621 4339 fontis
2669 4285 2842 4353 gratia
2877 4293 3247 4354 perseverant.
3303 4284 3455 4344 Unde
3505 4285 3643 4342 scri-

2055 4381 2206 4443 ptum
2231 4381 2314 4430 est
2339 4390 2354 4427 :
2381 4373 2581 4430 Fulie'e
2604 4374 2794 4431 domus
2825 4376 2930 4430 dux
2955 4383 3057 4441 est,
3087 4391 3276 4432 eorum
3315 4374 3522 4430 scilicet
3543 4373 3640 4445 qui

2055 4467 2296 4522 omnium
2321 4465 2752 4526 Christianorum
2780 4482 2934 4525 sacer
2973 4468 3094 4524 fons
3122 4468 3230 4524 dux
3259 4477 3362 4534 est,
3391 4467 3517 4524 dum
3543 4480 3641 4522 eos

2058 4559 2127 4616 ad
2153 4557 2413 4616 caelorum
2445 4573 2612 4631 regna
2654 4562 2920 4630 perducit.
2973 4561 3171 4618 Turtur
3213 4562 3280 4618 de
3307 4575 3440 4620 voce
3479 4574 3641 4616 voca-

2057 4659 2164 4715 tur,
2215 4652 2332 4706 avis
2371 4652 2588 4722 pudica.
2635 4661 2693 4709 et
2735 4667 2950 4723 semper
2991 4653 3047 4710 in
3093 4655 3361 4710 montium
3399 4652 3546 4723 iugis
3583 4658 3642 4707 et

2054 4743 2109 4798 in
2137 4742 2369 4798 desertis
2394 4744 2772 4801 solitudinibus
2798 4761 3162 4802 commorans.
3189 4746 3353 4801 Tecta
3380 4745 3524 4801 enim
3547 4744 3642 4800 ho-

2056 4834 2262 4890 minum
2295 4842 2351 4889 et
2398 4837 2865 4892 conversationem
2909 4836 3048 4907 fugit
3089 4844 3146 4891 et
3188 4843 3558 4891 commoratur
3581 4833 3638 4891 in

2059 4923 2227 4978 silvis.
2266 4923 2430 4992 Cujus
2458 4939 2489 4978 e
2513 4926 2788 4982 contrario
2829 4926 3078 4982 columba
3119 4925 3351 4996 h03pitia
3398 4926 3639 4982 humana

2056 5013 2250 5085 diligit,
2282 5014 2564 5070 domorum
2596 5016 2793 5071 blanda
2821 5031 3038 5087 semper
3072 5014 3389 5071 habitatrix.
3435 5014 3640 5070 Turtur

2055 5121 2252 5175 corpus
2280 5106 2480 5162 Christi
2511 5109 2800 5180 signiﬁcat,
2827 5110 2970 5179 quod
2998 5108 3238 5164 Ecclesia
3280 5117 3382 5175 est,
3415 5116 3640 5179 propter

2054 5198 2291 5268 gentium
2334 5200 2677 5259 varietatem.
2708 5200 2775 5255 de
2805 5216 2914 5271 quo
2957 5201 3220 5271 scriptum
3261 5209 3346 5256 est
3386 5218 3400 5254 :
3462 5198 3638 5264 Oscam

2055 5286 2288 5355 pulchra
2330 5299 2449 5342 sunt
2477 5306 2621 5360 gena:
2649 5300 2753 5343 tute
2796 5290 2931 5344 sicut
2972 5290 3236 5345 turturis!
3271 5289 3448 5362 (Cant.
3475 5287 3538 5361 ι.)
3571 5286 3640 5342 Et

2053 5378 2106 5432 in
2143 5378 2359 5434 Psalmo
2391 5399 2404 5432 :
2446 5381 2642 5435 Turtur
2677 5381 3051 5448 nidum...,ubi
3069 5390 3278 5450 reponat
3318 5378 3488 5450 pullos
3513 5393 3640 5434 suos

2051 5467 2225 5541 (Psal.
2277 5474 2528 5544 LX!XIII).
2560 5472 2833 5527 Columbze
2863 5473 3042 5538 dictas,
3091 5472 3234 5543 quod
3267 5487 3455 5528 earum
3498 5467 3638 5524 colla

2051 5564 2118 5619 ad
2157 5563 2396 5633 singulas
2421 5566 2804 5621 conversiones
2828 5566 3039 5621 colores
3065 5575 3294 5630 mutent,
3323 5579 3451 5620 aves
3481 5577 3636 5619 man-

2050 5665 2247 5725 suetae,
2311 5668 2364 5713 et
2406 5659 2681 5714 hominum
2723 5659 3066 5716 multitudine
3113 5666 3526 5724 conversantes,
3569 5671 3635 5712 ac
