4072 6198
264 324 379 383 3-59

1242 311 1333 369 DE
1370 307 1720 371 UNWEBSO
1752 306 1932 365 LIBRI
1966 306 2132 365 XXII.
2172 339 2242 351 --
2278 306 2410 365 LlB.
2454 306 2588 364 νιιι.

3444 313 3552 374 250

267 443 398 498 sine
426 436 555 495 felle
578 454 597 493 :
643 447 784 511 quas
800 430 1016 507 antiqui
1056 429 1310 486 venerias
1334 427 1759 502 nuncupabant.
1803 439 1870 482 eo
1897 431 1950 491 Α
1974 426 2108 499 Eam
2148 434 2309 482 terra:
2358 425 2812 497 propinquantem
2850 425 3113 497 accipiter
3145 425 3337 487 videns
3365 430 3503 501 rapit
3538 448 3552 486 :

268 532 427 605 quod
462 530 621 588 nidos
668 526 1046 597 frequentant,
1077 530 1135 578 et
1170 521 1362 579 osculo
1406 535 1653 580 amorem
1690 518 1878 577 conci-

270 625 458 696 piunt.
482 617 748 676 Columba
797 615 962 672 Deus.
1011 612 1072 667 In
1102 609 1345 679 Ieremia
1374 628 1394 667 :
1434 609 1483 667 Α
1526 609 1668 679 facie
1714 606 1879 679 gladii

273 713 540 770 columbae
568 708 925 783 unusquisque
950 704 1023 761 ad
1046 702 1299 777 populum
1338 717 1492 782 suum
1535 698 1879 765 convertetur,

274 815 330 859 et
357 801 576 873 singuli.
598 800 670 854 ad
708 780 910 855 terrain
960 811 1113 851 suam
1147 793 1350 867 fugient
1377 780 1520 865 (Jer.
1572 786 1743 862 XLVI).
1772 786 1881 843 Co-

279 894 472 949 lumba
514 891 752 965 Spiritus
792 894 1036 945 sanctus.
1101 884 1162 942 In
1214 881 1511 957 Evangelio
1566 898 1580 934 :
1635 878 1706 935 Et
1753 877 1881 935 vidit

278 983 546 1054 Spiritum
590 979 689 1035 Dei
715 976 1133 1041 descendentem,
1176 973 1317 1029 sicut
1358 969 1674 1036 columbam,
1724 983 1884 1039 super

276 1071 438 1125 illum
468 1065 804 1141 (Μαιιιωιι).
823 1064 1083 1123 Columba
1113 1061 1357 1121 Ecclesia
1376 1072 1602 1138 propter
1625 1057 1884 1129 simplici-

284 1173 463 1218 tatem
487 1160 690 1216 cordis.
717 1158 777 1213 in
807 1157 1049 1216 Canticis
1077 1155 1419 1213 canticorum
1445 1168 1461 1211 :
1492 1151 1747 1209 Columba
1772 1166 1885 1223 spe-

282 1255 456 1321 ciosa,
486 1268 618 1311 auro
642 1251 956 1323 gemmisque
975 1248 1244 1320 percincta
1273 1242 1452 1319 (Cant.
1482 1242 1569 1317 ιι).
1606 1242 1882 1299 Columbae

284 1345 542 1417 apostoli.
565 1343 624 1401 ιιι
647 1342 827 1399 lsaia:
862 1339 967 1417 Qui
996 1349 1120 1396 sunt
1152 1339 1261 1405 isti,
1287 1338 1459 1410 quiut
1482 1337 1643 1392 nubes
1671 1334 1878 1405 uolant,

285 1448 342 1494 et
368 1438 520 1510 quasi
564 1435 821 1491 columba:
847 1434 916 1488 ad
954 1432 1212 1503 fenestras
1246 1449 1374 1488 suos
1400 1432 1424 1485 .9
1447 1429 1583 1506 (lsa.
1623 1428 1740 1503 ιιι.)
1781 1428 1885 1485 Co-

286 1528 476 1587 lumba
492 1528 685 1583 Judmi.
702 1526 764 1583 ln
789 1524 1093 1596 Sophonia:
1135 1521 1242 1592 Var,
1262 1522 1597 1595 provocatria:
1618 1520 1880 1587 columba,

287 1638 399 1679 non
431 1620 629 1677 auditdt
658 1635 832 1674 vocem
857 1616 1118 1691 (Sophos.
1147 1615 1252 1690 ιιι).
1291 1614 1552 1672 Columba
1581 1616 1727 1673 enim
1755 1616 1885 1671 sim-

283 1713 590 1789 plicitatem
634 1711 835 1767 mentis
864 1709 1164 1785 .signiﬁcat.
1214 1709 1331 1765 Duo
1356 1706 1491 1780 pulli
1513 1705 1884 1764 columbarum

1980 533 2044 577 ac
2080 529 2364 593 propterea
2410 534 2548 574 cura
2586 527 2673 574 est
2704 516 2993 584 universis,
3032 520 3226 575 ducem
3265 520 3561 591 sollicitare

1979 610 2193 685 generis
2220 610 2450 677 externi,
2480 618 3001 687 perquemcaveant
3023 611 3199 681 prima
3222 612 3558 670 discrimina.

1980 702 2142 760 Cibos
2178 702 2520 776 gratissimos
2556 702 2761 757 habent
2785 703 2992 758 semina
3013 718 3362 760 venenorum.
3388 704 3562 773 Quam

1981 791 2052 849 ob
2092 806 2311 849 causam
2360 806 2454 848 eas
2502 800 2716 848 veteres
2742 792 2887 848 vesci
2917 792 3316 851 interdixerint.
3372 794 3565 852 Solum

1982 882 2127 948 enim
2149 883 2255 939 hoc
2278 881 2504 949 animal,
2529 882 2674 938 sicut
2711 889 2768 938 et
2813 884 2999 949 homo,
3027 884 3287 939 caducum
3312 885 3564 941 morbum

1981 975 2208 1049 patitur.
2239 973 2560 1031 Coturnices
2594 989 2714 1045 qua:
2743 975 2797 1029 in
2823 989 2918 1030 esu
2954 974 3187 1031 ﬁliorum
3217 975 3383 1032 Israel
3426 976 3569 1032 datae

1982 1077 2133 1133 sunt,
2160 1065 2297 1139 legis
2324 1065 2598 1122 historica:
2626 1067 2710 1140 (ut
2730 1066 2950 1136 quidam
2977 1066 3186 1140 volunt)
3216 1066 3443 1141 ﬁguram
3471 1068 3570 1125 ha-

1983 1161 2118 1219 bent
2146 1177 2162 1216 :
2187 1160 2256 1216 de
2277 1175 2388 1231 quo
2413 1159 2605 1229 legitur
2632 1161 2688 1215 in
2726 1159 2931 1215 Exodo.
2960 1157 3219 1216 Passeres
3259 1168 3388 1215 sunt.
3414 1160 3567 1215 vola-

1984 1254 2104 1309 tilia
2125 1268 2157 1308 a
2181 1253 2453 1324 parvitate
2487 1260 2676 1309 vocata
2711 1270 2726 1307 :
2754 1253 2899 1308 unde
2917 1259 2976 1307 et
2999 1252 3180 1323 pusilli
3208 1261 3265 1308 et
3282 1255 3458 1325 parvi.
3488 1255 3568 1312 De

1981 1362 2094 1418 quo
2117 1348 2172 1403 in
2189 1346 2406 1402 Psalmo
2422 1346 2683 1415 scriptum
2698 1354 2813 1401 est:
2832 1343 3227 1400 Passerinvenit
3240 1345 3342 1400 sibi
3354 1346 3569 1401 domum

1982 1437 2161 1513 (Paul.
2191 1438 2445 1510 unum).
2477 1439 2546 1495 Et
2565 1436 2691 1493 alibi
2724 1456 2738 1492 :
2766 1436 2918 1492 Sicut
2946 1454 3127 1509 passer
3148 1440 3334 1491 unicus
3356 1438 3409 1491 in
3433 1438 3568 1492 α’άὶ-

1982 1528 2107 1600 ﬁciu
2137 1526 2311 1601 (Psal.
2334 1527 2430 1601 et).
2472 1527 2541 1582 Et
2563 1527 2617 1582 in
2637 1526 2793 1581 aliam
2809 1536 3021 1598 partem
3048 1528 3102 1581 in
3119 1526 3357 1583 Psalmo:
3379 1526 3573 1582 Trans-

1985 1624 2156 1694 migra
2183 1622 2240 1679 in
2252 1631 2481 1677 mentem
2496 1622 2633 1676 sicut
2652 1637 2841 1695 passer
2867 1619 3041 1692 (Psal.
3069 1619 3148 1691 ιι).
3172 1621 3304 1679 item
3323 1637 3574 1692 passeres

1985 1713 2188 1775 sanat.
2262 1713 2322 1768 In
2375 1712 2640 1770 Psalterio
2680 1726 2698 1767 :
2753 1710 2876 1765 Illic
2927 1728 3163 1781 passeres
3230 1711 3574 1782 nidi/icabunt

285 1806 604 1877 exprimat
634 1802 832 1875 duplex
860 1800 1197 1872 poenitentia:
1221 1799 1541 1855 lamenﬂun-
1578 1797 1731 1854 Unde
1747 1796 1881 1870 legi-
1907 1792 1957 1853 Β
1981 1805 2158 1879 (Psal.
2186 1802 2329 1876 cui).
2361 1805 2560 1863 Passer
2586 1810 2674 1860 est
2698 1803 2867 1859 nimia
2901 1802 3191 1860 velocitate
3229 1803 3572 1870 celerrimus,

290 1906 382 1952 tur
406 1896 463 1950 in
490 1893 733 1950 Levitieo
761 1911 776 1946 :
835 1891 895 1947 Si
934 1900 1111 1945 autem
1142 1906 1248 1945 non
1284 1888 1509 1944 ualuerit
1540 1905 1730 1943 rnauus
1762 1888 1881 1958 ejus

289 1989 486 2058 offerre
512 2002 691 2056 pecus,
718 1985 904 2055 σπίναι
936 1982 1015 2037 vel
1035 1983 1173 2037 duos
1199 1991 1429 2037 turtures
1456 1980 1532 2036 vel
1555 1980 1689 2036 duos
1708 1980 1884 2051 pullos

290 2079 655 2134 columbarum
682 2076 873 2149 (Leuit.
904 2075 982 2147 ν).
1010 2072 1305 2131 Palumbes
1330 2072 1448 2127 avis
1474 2080 1625 2128 casta
1662 2087 1732 2127 ex
1768 2086 1886 2128 mo-

1980 1897 2077 1969 qui
2098 1897 2153 1954 in
2177 1897 2329 1955 silvis
2356 1896 2605 1953 habitare
2645 1909 2754 1951 non
2788 1894 3035 1964 patitur:
3064 1894 3160 1950 sed
3205 1893 3426 1949 domum
3469 1894 3572 1950 sibi

1982 1990 2038 2048 in
2054 1990 2324 2061 parietum
2353 1987 2712 2045 foraminibus
2738 1987 3108 2044 desideranter
3128 1986 3390 2056 exquirit,
3410 2001 3575 2056 quam

1980 2083 2113 2139 dum
2144 2080 2434 2146 invenerit,
2464 2079 2635 2135 nimio
2678 2078 2874 2150 gaudio
2900 2077 3057 2133 laetus
3090 2077 3346 2142 exsultat,
3372 2077 3468 2147 qui
3513 2091 3576 2133 se

291 2169 448 2223 ribus
470 2165 794 2238 appellatur.
824 2163 969 2235 quoa
996 2177 1180 2221 comes
1210 2163 1283 2218 ⁸η
1317 2161 1603 2219 εθθιίίίηίεο
1630 2160 1769 2215 Nam
1810 2160 1888 2215 ἀί·
1980 2177 2321 2235 diversarum
2358 2174 2754 2231 adversitatum
2784 2172 3013 2228 ulterius
3040 2178 3230 2242 patere
3256 2183 3362 2225 non
3401 2167 3577 2222 credit

291 2260 439 2314 citur
481 2256 660 2327 quod,
706 2256 908 2311 amisso
947 2253 1220 2329 corporali
1271 2252 1583 2317 consortio,
1638 2250 1888 2307 solitaria

290 2351 535 2414 incedat,
564 2363 664 2404 nec
690 2346 965 2403 carnalem
997 2345 1245 2421 capulum
1272 2344 1415 2401 ultra
1439 2345 1705 2414 requirat.
1749 2342 1888 2399 Tur-

295 2455 387 2500 tur
409 2444 556 2501 enim
583 2453 767 2516 typum
794 2452 943 2499 tenet
982 2451 1186 2500 sancta:
1224 2441 1484 2498 Ecclesia:
1529 2441 1694 2515 (sicut
1722 2455 1888 2512 supra

292 2535 860 2608 diximus),quoniam
897 2543 1101 2606 praeter
1148 2533 1356 2589 Christi
1403 2532 1617 2589 Domini
1665 2532 1890 2589 alterius

293 2628 475 2684 nescit
496 2629 702 2684 habere
732 2627 1089 2683 consortium.
1117 2624 1384 2681 Similiter
1406 2631 1465 2679 et
1488 2623 1738 2680 columba
1768 2622 1890 2696 Spi-

291 2721 466 2777 ritum
491 2728 742 2776 sanctum
767 2727 862 2774 aut
886 2718 1188 2774 Ecclesiam
1214 2717 1507 2791 signiﬁcat,
1536 2718 1604 2773 de
1627 2732 1734 2786 qua
1755 2715 1891 2772 seri-

296 2822 454 2885 pturn
499 2822 627 2885 est;
662 2811 783 2866 Una
827 2822 901 2866 est
939 2811 1182 2866 columba
1222 2827 1358 2877 mea,
1390 2827 1499 2865 una
1542 2809 1733 2865 dilecta
1774 2826 1891 2865 mea

294 2905 481 2979 (Cant.
516 2904 614 2977 vi).
640 2904 709 2960 Et
735 2907 952 2975 iterum,
981 2902 1201 2971 Peunw,
1224 2902 1420 2973 inquit,
1447 2901 1702 2957 columba:
1737 2901 1893 2957 dear-

297 3008 527 3070 φςηιωω
554 2993 731 3069 (Ρωι.
759 2993 933 3067 cxvn)
968 3012 983 3049 :
1012 2996 1144 3065 quia
1193 2993 1561 3050 innocentiam
1588 2991 1755 3049 habet
1794 3006 1893 3048 eo-

294 3091 521 3154 lmnba,
570 3097 626 3145 et
672 3088 873 3145 divinis
923 3087 1152 3157 eloquiis
1208 3095 1466 3157 argenteo
1516 3086 1755 3143 candore
1800 3099 1891 3141 re-

1982 2272 2219 2328 insidiis.
2270 2270 2385 2326 Sic.
2413 2269 2596 2326 anima
2638 2265 2972 2336 jucundatur
3029 2265 3157 2321 dum
3211 2263 3266 2319 in
3312 2260 3573 2318 calorum

1984 2376 2156 2434 regno
2190 2359 2527 2418 mansionem
2575 2372 2730 2414 suam
2764 2355 2997 2415 senserit
3029 2368 3150 2409 esse
3186 2359 3571 2423 praeparatam.

1986 2452 2120 2509 Item
2140 2462 2390 2522 passeres
2409 2449 2503 2514 illi,
2522 2449 2693 2521 quiin
2719 2447 3102 2504 emendatione
3123 2444 3322 2514 leprosi
3339 2444 3395 2500 in
3417 2441 3578 2499 Levi-

1986 2544 2100 2601 tico
2127 2543 2308 2600 οϐ’θηί
2323 2541 2462 2613 iussi
2480 2553 2631 2609 sunt,
2660 2548 3061 2597 sacramentum
3087 2537 3356 2609 passionis
3370 2535 3578 2592 Christi

1988 2634 2046 2690 in
2071 2648 2179 2704 quo
2203 2632 2498 2691 asordibus
2514 2639 2861 2703 peccatorum
2888 2630 3235 2694 mundamur,
3271 2628 3575 2699 designant.

1990 2726 2145 2794 Quod
2170 2726 2410 2782 ostendit
2435 2724 2635 2781 Paulus
2662 2724 2850 2780 dicens
2876 2736 2893 2777 :
2938 2721 3247 2792 Quicunque
3289 2721 3345 2774 in
3367 2717 3577 2774 Christo

1991 2819 2243 2891 baptizati
2267 2834 2472 2889 sumus,
2496 2817 2553 2872 in
2565 2824 2731 2871 morte
2743 2815 2906 2887 ipsius
2922 2813 3173 2884 baptizali
3193 2827 3375 2866 sumus
3393 2809 3573 2882 (Rom.

1991 2911 2091 2984 vr).
2121 2911 2179 2966 ιιι
2223 2910 2328 2967 hoc
2363 2909 2512 2964 enim
2545 2908 2735 2963 vivens
2757 2921 2945 2978 passer
2971 2912 3025 2959 et
3052 2892 3257 2976 lignum
3295 2901 3578 2958 cedrimim

1993 3002 2341 3060 etcoecinnm
2355 3009 2555 3057 tortum
2570 3007 2623 3056 et
2643 3000 2911 3071 hyssopus
2927 2996 3206 3067 tinguitur.
3222 2993 3416 3051 Omnia
3429 2993 3578 3049 enim

1994 3096 2113 3151 hmo
2134 3083 2668 3163 comprehenduntur
2693 3090 2749 3146 in
2815 3086 3015 3143 virtute
3042 3085 3406 3156 baptismatis,
3434 3085 3580 3155 quod

293 3182 568 3253 splendet.
606 3180 740 3235 Item
790 3180 848 3237 in
894 3154 1052 3237 aliain
1094 3154 1306 3249 partem
1357 3177 1605 3233 columba
1651 3176 1886 3249 ponitur,

1995 3186 2232 3243 diximus
2271 3183 2566 3240 Dominicae
2588 3196 2711 3238 esse
2747 3180 3019 3253 passionis
3050 3177 3282 3249 ﬁguram
3308 3176 3581 3247 signiﬁca-

296 3282 361 3328 nt
395 3280 484 3329 est
515 3272 645 3327 illud
684 3270 824 3327 Osee
852 3288 866 3329 :
903 3269 1160 3342 Ephraim
1180 3267 1423 3324 columba
1447 3271 1560 3323 sine
1585 3285 1765 3335 sensu,
1790 3284 1894 3323 non

297 3365 499 3420 habens
524 3380 616 3423 cor
644 3361 792 3436 (Ose.
835 3364 959 3433 vn).
988 3360 1225 3419 Rursum
1249 3368 1431 3417 turtur
1458 3357 1724 3429 Spiritum
1769 3373 1895 3413 san-

297 3463 474 3519 ctum,
506 3462 603 3508 aut
626 3453 806 3508 virum
828 3457 1100 3515 sanctum,
1141 3458 1236 3505 aut
1278 3446 1692 3519 intelligentiam
1734 3446 1896 3519 spiri—

301 3546 469 3600 talem
499 3544 769 3613 designat,
799 3549 861 3596 ut
890 3552 978 3597 est
1004 3540 1132 3596 illud
1164 3540 1219 3596 in
1244 3539 1488 3597 Cattticis
1514 3538 1890 3595 canticorum:

312 3635 429 3692 νοτ
479 3637 701 3691 turturis
748 3637 803 3689 in
832 3645 974 3691 terra
1026 3644 1205 3689 nostra
1238 3633 1427 3689 audita
1477 3641 1554 3686 est
1594 3629 1771 3703 (Cant.
1807 3630 1892 3705 ιι).

302 3728 417 3785 Sed
450 3736 580 3784 tunc
605 3726 855 3783 columba
895 3725 1133 3795 Spiritus
1158 3731 1386 3783 sanctus
1412 3724 1635 3790 dicitur,
1677 3722 1896 3793 quando

303 3821 607 3891 Scriptura:
644 3833 820 3875 sacra:
857 3816 1146 3877 manifesta
1171 3815 1424 3871 dissertio
1454 3822 1541 3871 est
1571 3832 1584 3868 :
1611 3822 1741 3869 tunc
1765 3828 1897 3869 vero

307 3922 492 3970 mrtnr
525 3911 763 3982 Spiritus
805 3918 1029 3966 sancuis
1057 3907 1391 3981 intelligitur,
1434 3922 1560 3964 eum
1601 3906 1898 3977 Scriptura:

302 4005 436 4061 altis
460 4015 626 4076 atque
661 4003 912 4059 obscuris
952 3999 1237 4071 mysteriis,
1264 3996 1565 4055 elevantur.
1590 3997 1792 4057 Perdix
1830 3997 1898 4053 de

303 4111 446 4154 voce
489 4110 686 4153 nomen
736 4095 924 4160 habet,
976 4091 1093 4148 avis
1139 4091 1323 4147 dolosa
1372 4098 1534 4160 atque
1594 4089 1893 4147 immunda.

306 4189 450 4247 Nam
487 4187 762 4243 masculus
800 4186 855 4243 in
896 4182 1198 4241 masculum
1235 4182 1489 4254 insurgit,
1536 4188 1592 4236 et
1625 4179 1899 4236 oblivisci-

308 4289 403 4336 tur
426 4294 618 4335 sexum
643 4277 811 4335 libido
848 4289 1110 4347 prazceps.
1145 4273 1295 4329 Adeo
1369 4282 1425 4329 et
1451 4271 1813 4337 fraudulenta,
1834 4278 1900 4325 ut

1996 3279 2327 3349 nonamque.
2375 3276 2483 3333 Sed
2536 3275 2726 3331 vivens
2763 3285 2973 3344 passer,
3015 3284 3175 3341 quem
3218 3269 3274 3325 in
3318 3267 3580 3339 unigeniti

1995 3371 2307 3427 necessarie
2351 3369 2631 3429 divinitate
2668 3364 2983 3437 accipimus,
3026 3366 3083 3419 in
3128 3362 3386 3434 sanguine
3415 3362 3582 3416 etiam

1996 3462 2087 3517 hic
2109 3460 2277 3518 occisi
2304 3459 2539 3531 passeris
2564 3466 2619 3513 et
2646 3469 2788 3527 aqua
2810 3455 3094 3524 tinguitur,
3121 3452 3173 3508 ld
3195 3462 3298 3517 est,
3322 3451 3376 3507 in
3407 3449 3579 3521 gratia

1996 3550 2338 3622 baptismatis
2362 3568 2375 3604 :
2404 3548 2533 3619 quia
2562 3562 2671 3603 non
2698 3548 2756 3602 in
2783 3546 3019 3601 hominis
3044 3544 3314 3615 passione,
3345 3542 3442 3597 sed
3483 3540 3579 3595 Dei

1996 3651 2054 3701 et
2106 3642 2341 3698 hominis
2392 3640 2736 3711 baptizatur.‘
2809 3638 3015 3694 Deinde
3081 3643 3202 3706 post
3244 3636 3349 3689 hoc
3395 3633 3583 3689 vivens

1995 3752 2186 3808 passer
2218 3736 2272 3790 in
2297 3749 2513 3807 agrum,
2554 3740 2616 3789 ut
2659 3732 2822 3797 volet,
2873 3730 3180 3786 dimittitur.
3208 3729 3351 3798 Ergo
3383 3727 3584 3795 impas-

2000 3827 2173 3884 sibilis
2217 3825 2494 3893 divinitas,
2541 3832 2597 3879 et
2618 3821 2994 3893 inseparabilis
3022 3828 3143 3876 erat
3186 3833 3219 3873 a
3244 3833 3430 3881 carne,
3459 3831 3583 3887 qua:

1997 3935 2156 3992 passa
2182 3929 2291 3975 est.
2342 3917 2498 3975 Unde
2532 3924 2591 3972 et
2628 3913 3006 3985 inseparabilis
3031 3913 3086 3967 in
3114 3910 3380 3981 sanguine
3407 3909 3585 3979 bapti-

1999 4014 2154 4065 zatur
2181 4027 2195 4063 :
2226 4018 2287 4067 ut
2310 4007 2655 4080 impassibilis
2672 4007 2791 4061 viva
2821 4006 2874 4060 in
2902 4018 3092 4076 agrum
3124 4001 3340 4057 avolet:
3370 4000 3437 4057 ad
3457 3998 3582 4054 lati-

1998 4101 2240 4159 tudinem
2290 4100 2542 4155 videlicet
2599 4095 3076 4167 contemplationis
3129 4091 3419 4155 emittitur,
3472 4096 3584 4158 quo

1999 4193 2150 4251 illum
2181 4192 2489 4247 dimittente
2512 4196 2704 4245 nostro
2717 4185 2967 4241 videlicet
2988 4182 3287 4245 intellectu.
3303 4181 3403 4239 sub
3418 4178 3582 4249 huius

1999 4284 2143 4339 enim
2163 4279 2616 4351 contemplatione
2644 4284 2874 4335 tenetur.
2916 4273 3014 4331 Est
3036 4281 3094 4328 et
3123 4270 3228 4327 alia
3252 4267 3492 4339 passeris
3514 4267 3589 4322 si-

307 4370 540 4426 alterius
558 4384 663 4425 ova
686 4368 948 4437 diripiens
975 4362 1197 4421 foveat:
1230 4363 1327 4421 sed
1350 4362 1502 4421 fraus
1531 4361 1767 4419 fructum
1789 4376 1897 4419 non
2001 4374 2293 4447 εηίίίεειίο,
2322 4382 2384 4427 ιιι
2425 4383 2593 4439 supra
2636 4368 2894 4425 animum
2932 4363 3087 4422 unde
3114 4361 3313 4432 ιοςίιυι-
3344 4376 3358 4413 ε
3395 4357 3592 4414 Tum-

309 4460 498 4519 habet.
532 4458 774 4529 Denique
800 4458 929 4515 dum
952 4455 1082 4527 pulli
1122 4455 1357 4526 propriae
1384 4468 1574 4511 vocem
1614 4453 1888 4525 genitricis

2002 4468 2173 4537 migra
2220 4465 2278 4521 in
2319 4471 2545 4519 montem
2579 4461 2713 4527 sicut
2758 4473 2940 4529 passer
2967 4453 3143 4528 (Prol.
3174 4453 3252 4525 ιι).
3298 4451 3590 4511 Passerum

308 4516 603 4617 audierint,
637 4516 874 4609 naturali
904 4516 1141 4620 quodam
1177 4516 1437 4605 itistinctu
1467 4516 1775 4617 lianc:qnm
1817 4544 1898 4601 ἰο-
1927 4516 1977 4576 D
2004 4516 2824 4630 ;;;§;3"§1.,}Q,m.gene£a.
2845 4549 2951 4607 Alii
2970 4516 3297 4621 gaudent'ad
3323 4542 3591 4598 foramina

308 4655 438 4713 vel,
477 4643 810 4714 relinquunt,
852 4650 908 4697 et
933 4642 1004 4699 ad
1036 4640 1306 4706 eamdem,
1340 4654 1460 4710 (ιυω
1487 4639 1693 4709 εθηυίι,
1716 4654 1899 4697 ι’θνθτ·
2005 4652 2294 4723 parietum.
2354 4646 2457 4709 Alii
2480 4645 2650 4703 valles
2698 4643 2942 4701 roscidas
2990 4639 3316 4711 requirunt:
3349 4631 3593 4693 nonnulli

311 4747 528 4794 ιιωιυΐ·
560 4735 756 4791 Ρετάίι
782 4748 913 4805 θιέο
953 4732 1225 4803 538mm:at
1265 4730 1561 4797 ἀίθυοιιιων
1586 4732 1654 4791 d0
1694 4746 1804 4802 (ὶυο
1844 4731 1899 4787 in
2008 4752 2222 4800 montes
2244 4747 2503 4811 appetunt
2538 4736 2866 4808 squalentes.
2901 4733 3009 4791 Sed
3035 4733 3102 4789 de
3130 4730 3235 4787 illis
3271 4742 3416 4785 nunc
3439 4724 3590 4789 dicit,

306 4829 554 4887 Ieremia
583 4828 843 4897 scriptum
870 4835 955 4882 est
998 4841 1015 4881 :
1049 4823 1252 4880 Perdix
1278 4826 1417 4896 [ovet
1462 4842 1587 4896 qua:
1610 4840 1714 4880 non
1750 4840 1888 4895 pepe-

2004 4834 2101 4907 qui
2130 4834 2200 4891 ad
2244 4829 2651 4887 altlssimaloca
2695 4835 2962 4884 terrarum
2999 4821 3271 4878 levissima
3317 4817 3594 4907 voluntate

311 4926 416 4979 rit:
434 4923 567 4994 facit
586 4922 794 4977 divitias
816 4937 941 4975 suas
954 4918 1430 4990 noncumjudicio.
1461 4916 1532 4972 In
1552 4916 1772 4971 dimidio
1790 4916 1904 4970 die-
2010 4903 2317 4998 ιῖερίυηιιιιι,
2353 4932 2413 4979 ιιι
2430 4924 2517 4979 his
2544 4920 2742 4977 merito
2769 4917 2975 4975 similes
2997 4914 3357 4974 mstimentur,
3387 4907 3479 4977 qui
3522 4903 3593 4959 ad

310 5033 435 5072 tum
457 5030 677 5070 suorum
697 5012 1018 5084 derelinquat
1045 5028 1134 5066 cas
1151 5011 1286 5082 (Jer.
1308 5008 1468 5083 xvn).
1485 5008 1577 5064 Sic
1589 5016 1644 5063 et
1656 5006 1888 5064 diabolus

2008 4997 2371 5092 aequissimas
2390 5014 2802 5090 praedicationes
2826 5012 3046 5066 levitate
3074 5000 3432 5062 ineonstantis
3478 4997 3596 5052 ani-
3651 5002 3661 5011 ‘

310 5125 415 5183 PG?
427 5110 703 5182 ρτίιιοὶρεε
723 5109 1101 5166 haeream“!!!
1122 5105 1472 5179 congregavit
1497 5104 1746 5176 P0911108.
1767 5118 1905 5176 quos
2012 5112 2087 5169 ιιιί
2100 5090 2531 5167 transferuntur.
2564 5105 2700 5163 Nam
2719 5106 2773 5161 in
2796 5103 3010 5159 Psalmo
3038 5096 3303 5165 Propheta
3326 5092 3402 5146 ita
3428 5090 3593 5147 dicit:

316 5182 429 5261 non
472 5205 705 5275 peperit,
742 5212 797 5259 et
825 5204 1174 5274 deceptorum
1201 5200 1305 5257 sibi
1332 5198 1730 5255 multitudinem
1766 5214 1888 5254 con-

2014 5203 2218 5261 Similis
2269 5202 2440 5272 factus
2494 5215 2613 5255 sunt
2657 5195 2917 5268 pellicuno
2961 5192 3018 5247 in
3064 5184 3349 5244 solitudine
3381 5196 3400 5235 :
3424 5182 3598 5254 factus

316 5296 570 5363 sociavit,
586 5310 725 5368 quos
742 5303 930 5368 postea
946 5294 1168 5360 dimisit,
1195 5302 1253 5349 et
1274 5291 1517 5347 omnium
1537 5288 1744 5360 judicio
1773 5289 1888 5346 stul-

2015 5314 2134 5355 sum
2183 5297 2317 5351 sicut
2341 5293 2646 5365 nycticoraa:
2672 5290 2730 5345 in
2753 5283 3043 5368 domicilio.
3080 5278 3310 5351 Vigilaoi
3330 5286 3397 5345 ,οε
3417 5276 3597 5368 factus

320 5391 567 5447 tissimus
602 5364 727 5445 esse
742 5364 1150 5459 comprobatur.
1183 5385 1502 5443 Coturnices
1538 5399 1570 5439 a
1607 5400 1742 5441 sono
1765 5386 1911 5442 vocis
2015 5406 2130 5446 cum
2166 5389 2304 5443 sicut
2337 5364 2520 5455 posset
2550 5383 2739 5438 unicus
2780 5379 2835 5435 in
2883 5364 3111 5444 wdiﬁcio
3137 5368 3312 5445 (Psal.
3359 5366 3459 5440 Ct).
3494 5364 3603 5459 Per

316 5484 494 5540 dictas
515 5487 758 5547 constat,
779 5455 916 5551 quas
952 5479 1128 5536 Graeci
1149 5486 1371 5551 ortygas
1397 5485 1620 5543 vocant,
1666 5491 1732 5533 eo
1762 5492 1888 5549 quor

1988 5486 2133 5541 'hmc
2173 5479 2391 5536 nomina
2439 5474 2720 5530 volucrum
2751 5470 2835 5542 (ut
2868 5463 3127 5537 arbitror)
3180 5462 3395 5518 diversa
3443 5455 3603 5551 nobis

319 5578 449 5633 vise
478 5576 683 5634 fuerint
713 5546 951 5648 primum
993 5575 1047 5630 in
1093 5546 1315 5647 Ortygia
1347 5572 1542 5628 insula.
1580 5570 1707 5626 Haec
1748 5546 1912 5626 adve-
2011 5570 2389 5647 pmoitentium
2448 5578 2647 5639 genera
2692 5560 3055 5618 declarantur.
3098 5552 3404 5648 Pellicanus
3453 5546 3602 5625 enim

321 5670 505 5729 niendi
524 5643 745 5728 habent
764 5677 1029 5745 tempora.
1054 5643 1215 5731 Nam,
1239 5643 1432 5729 aestate
1459 5664 1703 5736 depulsa,
1734 5665 1906 5720 maria
2013 5643 2133 5723 avis
2176 5661 2429 5737 Egyptia
2466 5667 2572 5723 est,
2608 5653 2833 5715 ciconiis
2876 5647 3121 5720 corporis
3145 5643 3453 5745 granditate
3477 5653 3609 5697 con-

323 5771 682 5822 transmeant.
706 5733 1085 5833 Ortygometra
1108 5760 1321 5827 dicitur,
1342 5773 1465 5832 qua:
1489 5733 1708 5832 gregem
1738 5756 1904 5814 ducit.
2015 5757 2233 5823 similis,
2471 5746 2704 5806 naturali
2749 5743 2924 5803 macie
2969 5754 3184 5813 semper
3231 5733 3426 5792 allecto
3470 5736 3597 5786 est:
