4072 6198
466 315 568 398 est

1137 332 1200 388 B.
1239 327 1490 387 RABAN]
1530 324 1747 385 MAURI
1790 323 2107 383 ARCHIEP.
2148 320 2459 383 MOGUNT.
2501 323 2785 384 OPERUM
2822 325 3001 383 PARS
3038 327 3105 383 ll.

3616 332 3730 390 252

466 458 719 530 quoniam
747 454 767 525 )
791 451 933 507 sicut
972 426 1269 521 piiysiaiagi
1323 444 1528 517 volunt)
1582 450 1736 500 tenso
1786 440 2040 496 intestino
2067 442 2115 501 Α
2145 439 2440 530 impetitur,
2468 456 2571 499 nec
2595 456 2831 513 unquam
2856 441 3039 513 praeda
3065 450 3167 499 est.
3208 441 3381 499 Maria
3404 445 3724 517 transvolat,

464 562 561 618 per
620 544 851 607 viscera,
905 537 1165 611 quidquid
1212 538 1459 591 escarum
1509 534 1726 605 accipit,
1782 532 1901 589 sine
1947 531 2047 586 ali-

464 651 569 708 qua
598 633 911 690 decactiane
948 626 1421 685 transmittit.Hinc
1448 624 1502 680 lit
1523 665 1538 691 ,
1562 635 1622 680 ut
1650 624 1807 692 adipe
1827 622 2046 695 proprio

466 729 690 784 minime
736 726 1018 789 farciatur,
1065 721 1190 793 quia
1241 719 1561 790 parvissima
1610 717 1854 773 ciborum
1882 729 2045 771 succo

466 819 711 875 reﬁcitur
736 835 750 871 :
775 831 895 887 quae
924 830 1028 869 non
1056 811 1318 882 gregatim
1362 819 1421 864 ut
1450 817 1658 864 cmterae
1697 821 1825 862 aves
1877 804 2043 871 volat,

467 912 560 966 sed
582 907 934 964 delectatione
947 919 1005 960 se
1021 900 1262 959 solitaria
1284 900 1616 957 consolatur.
1655 898 1855 953 Eorum
1878 911 2046 951 unum

469 1014 638 1070 genus
688 996 885 1052 dicitur
932 1008 1072 1057 esse,
1121 991 1264 1062 quod
1310 989 1515 1062 stagnis
1571 984 2048 1043 inhabitatzaliud

471 1090 634 1163 (sicut
662 1087 865 1143 dictum
897 1084 1002 1154 est)
1034 1082 1176 1154 quod
1219 1082 1274 1136 in
1299 1080 1527 1137 desertis
1551 1078 1685 1141 locis
1715 1077 2048 1146 secretisque

468 1188 736 1236 versatur.
790 1177 896 1232 Per
932 1177 1035 1230 hac
1087 1174 1250 1245 igitur
1276 1172 1455 1227 avium
1485 1183 1653 1240 genus
1686 1167 2048 1239 pulcherrime

465 1269 845 1342 signiﬁcantur
894 1266 1150 1330 eremiue,
1203 1263 1295 1335 qui
1343 1262 1622 1317 hominum
1663 1262 1938 1315 consortio
1955 1257 2050 1314 de-

468 1360 678 1425 relicta,
739 1358 932 1413 timore
975 1353 1211 1420 Domini,
1254 1361 1460 1409 remota
1514 1366 1573 1406 se
1619 1348 1906 1405 alllictione
1941 1348 2051 1403 dis-

469 1452 733 1507 cruciant.
770 1449 1067 1520 Sequitur:
1103 1444 1295 1500 Factus
1338 1459 1455 1500 sum
1502 1444 1636 1498 sicut
1673 1442 1976 1513 nycticoraa'
1995 1442 2050 1495 in

473 1541 759 1596 domicilio.
787 1539 943 1593 Aliud
989 1553 1159 1610 genus
1194 1534 1557 1591 intraducitur
1584 1531 1913 1604 pmnitentis.
1945 1529 2052 1602 Ny—

471 1633 713 1689 cticorax
738 1630 926 1687 Graeco
951 1627 1213 1684 vocabula
1230 1626 1434 1682 dicitur
1452 1624 1630 1680 noctis
1651 1635 2050 1693 corvusgquem

469 1726 688 1793 quidam
725 1724 1014 1787 bubonem,
1057 1720 1272 1791 quidam
1301 1726 1555 1773 noctuam
1600 1730 1721 1771 esse
1764 1714 2045 1770 dixerunt:

2148 529 2327 600 ibique
2355 530 2534 588 hieme
2558 538 2942 587 commoratur.
2971 531 3212 587 Hiruuda
3240 542 3423 589 autem
3448 538 3729 605 poeniten-

2146 622 2281 677 tium
2324 637 2423 693 pro
2468 624 2707 694 peccatis
2736 624 2849 679 suis
2887 631 3071 696 typum
3117 632 3288 691 tenet,
3345 641 3466 696 qua:
3495 628 3734 684 stridore

2143 712 2293 768 vocis
2338 711 2605 785 ploratum
2636 713 2809 786 magis
2839 730 2999 784 quam
3026 714 3316 771 meladiam
3338 727 3516 784 sonat,
3547 728 3603 774 et
3628 735 3731 790 pro

2145 812 2308 860 cantu
2336 804 2565 876 gemitus
2590 804 2752 860 edere
2784 805 2937 870 solet,
2986 806 3129 862 sicut
3171 815 3228 862 et
3272 808 3541 865 columba.
3574 810 3734 868 Unde

2146 893 2408 950 Ezechias
2431 895 2484 950 in
2511 896 2758 951 oratione
2778 911 2873 950 sua
2897 897 2975 951 ait
2992 911 3008 950 :
3024 894 3172 951 Sicut
3199 897 3376 969 pullus
3402 900 3729 969 hirundinis,

2145 984 2222 1040 sic
2269 984 2548 1039 clamabo:
2587 985 2877 1041 meditabar
2930 996 2986 1042 ut
3032 988 3271 1044 columba
3311 990 3446 1063 (Isa.
3482 995 3730 1065 xxxvut).

2147 1073 2426 1147 Lacrymis
2454 1092 2583 1148 ergo
2610 1078 2723 1133 suis
2745 1079 3018 1149 paenitens
3034 1082 3293 1151 pascitur,
3316 1091 3373 1139 et
3397 1085 3465 1139 ad
3495 1101 3734 1157 superna

2149 1185 2246 1225 cor
2272 1170 2492 1227 elevans
2522 1169 2761 1228 celestis
2782 1173 2888 1229 cibi
2913 1174 3170 1243 pabulum
3194 1177 3297 1233 sibi
3324 1180 3537 1248 quaerit.
3579 1181 3736 1238 Unde

2149 1270 2203 1316 et
2229 1260 2501 1333 Propheta
2544 1263 2660 1317 ait:
2687 1259 2927 1319 Fuerunt
2955 1265 3088 1320 mihi
3119 1266 3367 1338 lacryma:
3394 1287 3524 1325 mea:
3569 1288 3733 1342 panes

2149 1350 2235 1406 die
2258 1367 2320 1406 ac
2344 1347 2510 1418 nocte,
2539 1350 2667 1407 dum
2696 1351 2892 1408 dicitur
2912 1353 3039 1409 mihi
3071 1357 3304 1427 quotidie
3326 1371 3345 1410 :
3365 1357 3468 1413 Ubi
3489 1370 3563 1415 est
3591 1361 3738 1418 Deus

2150 1452 2272 1499 tuus
2301 1441 2475 1516 (Psal.
2508 1444 2656 1516 xu)?
2676 1444 2743 1500 Et
2762 1445 2980 1511 iterum,
3007 1445 3152 1502 Sicut
3180 1448 3428 1516 cinerem,
3464 1450 3737 1522 inquiens,

2150 1535 2536 1591 manducabam
2563 1552 2750 1607 panem
2777 1553 2948 1591 meum
2974 1550 2995 1590 :
3018 1547 3067 1592 et
3093 1548 3271 1609 potum
3300 1556 3420 1595 cum
3447 1541 3572 1612 ﬂetu
3599 1553 3735 1597 tem-

2151 1627 2401 1699 perabant
2447 1644 2479 1681 a
2527 1626 2664 1697 facie
2686 1627 2782 1683 ira:
2808 1636 2855 1683 el
2900 1628 3277 1700 indignationis
3305 1640 3445 1697 tute;
3483 1634 3606 1703 quia
3635 1633 3745 1689 ele-

2152 1730 2282 1774 vans
2313 1717 2496 1773 elisisti
2521 1734 2604 1773 me
2635 1715 2807 1791 (Psal.
2831 1717 2926 1792 c1).
2970 1717 3210 1790 Upupam
3237 1719 3412 1777 Grazci
3448 1722 3741 1794 appellant,

471 1814 562 1869 alii
591 1813 760 1884 magis
786 1826 948 1867 corvo
996 1808 1366 1881 magnitudine
1390 1814 1448 1862 et
1485 1805 1667 1862 colare
1690 1802 2049 1870 consimilem,
2077 1797 2127 1858 B
2151 1821 2218 1864 eo
2237 1807 2379 1879 quod
2407 1814 2647 1863 stercora
2663 1808 2899 1862 humana
2915 1809 3242 1875 considerat,
3259 1818 3315 1866 et
3345 1810 3532 1866 fatenti
3558 1828 3748 1883 pasca-

466 1918 631 1974 quem
675 1900 980 1972 specialiter
1019 1900 1073 1954 in
1131 1898 1275 1954 Asia:
1320 1897 1569 1970 partibus
1609 1894 1839 1950 inveniri
1890 1908 2052 1965 posse

473 2005 760 2053 testantur.
793 1995 954 2050 istum
990 1993 1131 2048 sicut
1174 1991 1281 2046 diei
1308 1987 1486 2061 fulgor
1506 1987 1811 2053 abscondit,
1856 1986 1930 2041 ita
1952 1986 2050 2041 ad-

472 2095 667 2141 ventus
724 2084 897 2141 nactis
952 2083 1199 2154 producit
1241 2099 1255 2135 :
1296 2088 1354 2136 et
1393 2088 1583 2136 contra
1634 2077 2054 2135 consuetudines

479 2176 659 2231 avium
684 2182 810 2231 tunc
837 2174 1011 2245 magis
1037 2173 1262 2246 vigilare
1291 2181 1347 2228 et
1393 2186 1551 2227 escas
1573 2185 1821 2240 qumrere
1845 2169 2052 2238 incipit,

469 2268 689 2338 quando
717 2283 776 2324 se
799 2268 853 2322 in
876 2281 1125 2338 soporem
1159 2265 1458 2321 animantia
1476 2274 1675 2320 cuncta
1703 2269 2054 2334 componunt.

472 2359 551 2415 ita
588 2368 644 2414 et
690 2359 961 2429 ptenitens
985 2358 1088 2412 iste
1118 2367 1384 2412 nocturno
1421 2364 1664 2426 tempore
1685 2369 1840 2410 escas
1862 2354 2058 2409 anima:

472 2449 702 2505 sollicita
728 2449 1043 2504 curiositate
1075 2447 1362 2517 perquirit,
1409 2447 1566 2502 modo
1596 2444 1906 2515 psalmodia:
1924 2459 2056 2515 ope-

474 2556 593 2598 ram
618 2536 814 2605 danda,
846 2541 1005 2594 modo
1029 2539 1400 2608 eleemosynas
1434 2538 1704 2603 faciendo,
1738 2538 1899 2592 modo
1933 2553 2056 2592 car-

472 2645 630 2688 ceres
665 2630 877 2685 occulte
916 2629 1183 2683 visitando
1237 2627 1408 2683 solum
1467 2629 1634 2682 Deum
1688 2627 1809 2681 vult
1859 2627 2060 2682 habere

475 2720 693 2789 testem,
734 2722 823 2776 cui
862 2720 1034 2792 caliga
1063 2719 1299 2774 noctium
1352 2734 1459 2772 non
1485 2716 1625 2773 tollit
1655 2725 1954 2786 aspectum.
1993 2716 2062 2772 Et

477 2821 626 2880 nota,
648 2812 774 2883 quia
810 2812 951 2868 sicut
993 2811 1289 2883 pellicanus
1314 2810 1563 2883 designat
1591 2809 1876 2865 eremitam
1896 2817 2061 2879 atque

482 2902 808 2968 solitarium,
838 2903 911 2957 ita
943 2903 1256 2974 nycticorax
1287 2900 1437 2956 illum
1468 2899 1729 2967 dedarat,
1758 2900 1853 2970 qui
1894 2915 1954 2955 se
1968 2900 2062 2955 do-

479 2994 683 3059 micilio
700 2995 940 3050 retinens
965 3009 994 3049 a
1016 2994 1231 3065 publica
1253 2993 1460 3049 visione
1477 3000 1717 3048 remotus
1738 2999 1843 3049 est.
1873 2991 2062 3048 Potest

2150 1907 2239 1955 tur
2258 1898 2425 1964 fumo,
2443 1900 2557 1954 avis
2569 1899 2939 1970 spurcissima,
2954 1901 3137 1957 cristis
3155 1903 3493 1959 exstantibus
3512 1904 3743 1976 galeata,

2150 2006 2366 2063 semper
2394 1992 2448 2047 in
2479 1988 2739 2063 sepulcris
2758 2002 2814 2047 et
2840 1993 3076 2049 humano
3109 2003 3351 2051 stercore
3372 2012 3738 2054 commorans.

2153 2082 2282 2139 limo
2306 2084 2421 2139 avis
2449 2083 2740 2140 sceleratas
2767 2095 3165 2158 ctpeccatores
3180 2087 3426 2144 homines
3452 2090 3746 2160 signiﬁcat,

2154 2174 2245 2245 qui
2270 2174 2519 2230 sordibus
2551 2184 2895 2245 peccatorum
2925 2176 3201 2233 immorari
3230 2178 3445 2233 assidue
3471 2180 3750 2236 delectan-

2156 2277 2263 2322 tur.
2289 2268 2495 2325 Corvus
2531 2268 2643 2324 sive
2673 2282 2835 2325 corax
2861 2284 3054 2324 nomen
3082 2285 3115 2324 a
3145 2285 3279 2325 sono
3307 2272 3537 2342 gutturis
3559 2274 3745 2338 habet,

2155 2357 2300 2426 quod
2350 2356 2486 2414 voce
2520 2359 2765 2415 crucitet.
2823 2357 3018 2413 Fertur
3057 2359 3173 2415 hmo
3202 2359 3339 2425 avis,
3392 2362 3535 2431 quod
3585 2362 3749 2419 editis

2156 2447 2319 2517 pullis
2352 2463 2533 2505 escam
2573 2449 2732 2519 plene
2770 2465 2876 2504 non
2917 2448 3178 2518 praebeat,
3226 2450 3538 2521 priusquam
3571 2453 3622 2506 in
3665 2453 3772 2507 cis'

2157 2554 2256 2609 per
2311 2555 2615 2611 pennarum
2676 2540 3010 2611 nigredinem
3074 2541 3483 2598 similitudinem
3541 2544 3747 2613 proprii

2159 2635 2358 2691 coloris
2397 2643 2676 2706 agnoscat.
2713 2634 3007 2705 Postquam
3052 2650 3182 2690 vero
3209 2650 3302 2691 eos
3349 2644 3518 2691 tetras
3545 2635 3748 2706 plumis

2160 2727 2431 2799 aspexerit
2468 2727 2522 2782 in
2557 2735 2692 2792 toto,
2739 2727 2952 2799 agnitos
2991 2725 3356 2782 abundantius
3398 2726 3592 2796 pascit.
3642 2725 3749 2782 llic

2158 2819 2310 2889 prior
2374 2818 2429 2871 in
2489 2817 2845 2872 cadaveribus
2899 2815 3116 2872 oculum
3167 2817 3322 2887 petit.
3396 2816 3607 2872 Corvus
3658 2816 3749 2872 ni-

2161 2908 2439 2977 grediuem
2497 2916 2846 2977 peccatorum
2882 2907 2969 2972 vel
3006 2908 3312 2962 daemonum
3348 2907 3653 2978 signiﬁcat,
3680 2915 3746 2962 ut

2161 3009 2243 3054 est
2268 2997 2397 3053 illud
2438 2997 2491 3052 in
2528 2995 2819 3053 Salomone
2852 3039 2865 3052 .
2904 2996 3180 3067 Eﬂ'odiaut
3216 3014 3331 3051 eam
3360 2997 3500 3053 corvi
3527 2998 3592 3053 de
3617 3014 3747 3053 con-

477 3086 644 3141 etiam
690 3086 1007 3159 nycticarax
1042 3085 1318 3142 Christum
1351 3085 1446 3141 vel
1482 3085 1657 3140 virum
1700 3091 1949 3140 sanetum
1980 3083 2059 3140 si-
2086 3136 2127 3163 ρ
2164 3090 2385 3146 vallibus
2438 3088 2620 3163 (Prov.
2683 3089 2836 3154 xxx).
2886 3089 3018 3143 item
3069 3104 3267 3144 corvus
3327 3089 3580 3159 gentilem
3639 3105 3746 3163 po-

479 3136 751 3248 eius";
772 3136 1145 3231 signa;
1156 3136 2062 3245 sagacitas.“asserat.
2086 3136 2129 3196 ο

478 3284 669 3339 parva,
715 3276 775 3323 ut
801 3284 961 3340 supra
988 3267 1260 3323 diximus:
1287 3266 1380 3323 sed
1422 3266 1587 3321 nimia
1624 3266 1927 3338 sagacitate
1952 3266 2062 3323 sol—

487 3362 634 3417 licita
682 3376 804 3432 qua:
841 3376 941 3417 nec
980 3360 1139 3415 facile
1163 3360 1368 3430 laqueis
1401 3360 1669 3427 irretitur,
1712 3374 1813 3415 nec
1838 3374 1938 3431 per
1977 3360 2061 3416 in-

481 3453 713 3525 gluviem
751 3453 956 3507 ventris
1003 3465 1254 3507 escarum
1304 3449 1596 3505 ambitione
1615 3450 1900 3521 decipitur.
1934 3450 2061 3506 limo

484 3552 702 3614 propter
747 3542 1114 3597 inﬁrmitatem
1142 3555 1293 3596 suam
1329 3555 1398 3594 ne
1427 3547 1519 3594 aut
1543 3540 1659 3609 ipsa
1698 3555 1729 3594 a
1761 3539 2060 3610 pratdatore

482 3634 747 3704 capiatur,
782 3642 877 3686 aut
915 3632 1077 3687 fwtus
1116 3633 1231 3702 ejus
1267 3630 1593 3701 serpentinis
1623 3631 1950 3686 devarentur
1975 3631 2061 3685 in-

482 3723 655 3787 sidiis,
700 3723 841 3777 inter
880 3736 1009 3776 aves
1049 3722 1206 3776 unica
1242 3721 1495 3775 cautione
1520 3720 1728 3775 munita
1761 3721 1830 3775 ad
1872 3721 2061 3776 domo-

482 3831 602 3870 rum
639 3813 856 3886 i‘astigia
887 3813 1030 3869 celsa
1078 3813 1400 3868 concurrit:
1453 3819 1513 3867 ut
1570 3827 1604 3867 a
1656 3812 1927 3882 suspectis
1971 3827 2058 3867 ca-

481 3907 632 3964 sibus
685 3906 941 3961 reddatur
994 3904 1194 3971 aliena,
1241 3918 1363 3974 quae
1406 3902 1591 3960 multis
1633 3903 1889 3975 periculis
1940 3918 2063 3974 pra-

478 3994 642 4056 batur
666 3996 916 4054 obnoxia.
944 3995 1081 4051 Huic
1104 3995 1299 4050 merito
1332 4001 1701 4064 comparatur,
1733 3994 1826 4065 qui
1859 3994 2059 4052 diaboli

484 4089 709 4147 insidias
751 4087 1048 4143 formidans
1094 4084 1403 4158 specialiter
1429 4084 1498 4139 ad
1523 4083 1782 4141 Ecclesiae
1803 4094 1959 4156 septa
2001 4100 2060 4141 se

478 4185 790 4249 conferens,
840 4184 896 4239 in
927 4180 1044 4252 ejus
1072 4179 1286 4249 fastigio
1318 4178 1551 4251 vigilans
1575 4177 1845 4259 tutissime
1880 4192 2063 4248 perse-

479 4285 652 4333 verat.
678 4275 904 4331 Unicum
929 4273 1064 4330 dixit
1093 4279 1317 4345 propter
1343 4271 1684 4338 charitatem,
1700 4286 1822 4341 quae
1836 4285 1906 4327 ex
1926 4269 2061 4325 mul-

481 4369 551 4424 tis
580 4382 746 4423 unum
788 4366 919 4422 facit
944 4382 957 4419 :
978 4366 1036 4418 in
1060 4364 1286 4435 wdiﬁcio
1311 4371 1536 4435 propter
1566 4363 1904 4419 altitudinem
1930 4361 2057 4419 ﬁdei

478 4469 536 4516 et
583 4460 957 4516 fortitudinem
985 4459 1203 4513 mentis.
1230 4456 1696 4514 Considerandum
1736 4464 1821 4512 est
1864 4455 2060 4520 etiam,

478 4552 930 4624 quemadmodum
970 4550 1073 4606 iste
1109 4550 1421 4621 supplicans
1457 4563 1489 4603 a
1519 4546 1816 4617 majoribus
1842 4546 2049 4612 avibus,

478 4644 745 4715 peilicana
780 4650 837 4697 et
877 4641 1238 4713 nyctiearaee,
1277 4640 1442 4710 cepit,
1480 4646 1537 4694 et
1573 4638 1824 4709 pervenit
1881 4652 2056 4707 usque

481 4736 551 4791 ad
609 4732 851 4805 passeris
894 4731 1312 4787 minutissimam
1369 4731 1691 4801 parvitatem
1737 4746 1753 4783 :
1797 4728 2053 4799 quoniam

479 4827 743 4901 gradatim
771 4825 1085 4899 paenitendo
1113 4825 1446 4880 descendens
1477 4823 1654 4893 primo
1698 4822 1816 4878 loco
1837 4821 2056 4893 grandis

477 4932 585 4991 est,
634 4922 870 4980 secundo
922 4921 1226 4983 mediocris,
1279 4918 1440 4974 tertio
1500 4915 1888 4972 consuetudine
1940 4915 2057 4984 ipsa

477 5017 701 5075 omnino
755 5013 1067 5072 tolerabilis.
1118 5011 1212 5067 lia:
1261 5017 1442 5065 autem
1504 5023 1632 5063 aves
1675 5020 1773 5077 per
1827 5005 2055 5078 ﬁguram

480 5120 606 5167 sunt
627 5108 896 5181 parabolae
942 5105 1248 5164 hominibus
1292 5116 1489 5175 genere
1528 5101 1916 5170 discrepantes,
1960 5098 2057 5155 sed

478 5203 929 5261 consuetudinum
955 5200 1216 5271 qualitate
1257 5193 1588 5252 consimiles.
1623 5192 1864 5247 llirundo
1891 5190 2054 5255 dicta,

483 5296 629 5370 quod
655 5296 805 5351 cibos
845 5308 955 5349 non
996 5298 1176 5347 sumat
1218 5287 1482 5353 residens,
1539 5285 1633 5339 sed
1658 5284 1861 5338 inaere
1881 5282 2063 5351 capiat

482 5406 641 5448 escas
681 5397 738 5445 et
766 5389 891 5444 edat
917 5403 932 5440 :
964 5382 1182 5457 garrula
1227 5380 1342 5436 avis
1366 5386 1424 5434 et
1471 5391 1569 5448 per
1600 5382 1873 5430 tortuosos
1896 5372 2060 5427 orbes

480 5489 536 5537 et
562 5479 827 5536 ﬂexuosos
847 5476 1105 5533 circuitus
1123 5471 1429 5546 pervolans,
1446 5475 1504 5524 et
1523 5467 1578 5521 in
1594 5465 1737 5521 nidis
1748 5472 2064 5520 construen-

481 5570 585 5637 di;
625 5567 1055 5637 educandisque
1093 5564 1314 5620 fastibus
1384 5557 1737 5616 solertissima
1765 5595 1782 5620 ,
1850 5550 2060 5608 habens

480 5664 646 5719 etiam
678 5643 965 5732 quoddam
1012 5659 1320 5729 praescium,
1369 5653 1514 5725 quod
1564 5650 1777 5719 lapsura
1816 5646 2055 5709 deserat,

481 5768 580 5813 nec
604 5761 822 5827 appetat
844 5751 1079 5811 culmina
1113 5769 1125 5805 :
1156 5749 1223 5805 ab
1286 5747 1407 5802 aliis
1446 5757 1659 5814 quoque
1708 5739 1899 5797 avibus
1947 5751 2054 5794 non

2162 3181 2345 3254 pulum
2391 3179 2678 3253 signiﬁcat,
2723 3187 2784 3235 ut
2809 3188 2896 3236 est
2924 3180 3058 3235 illud
3096 3180 3151 3234 in
3183 3178 3283 3235 Job
3305 3198 3320 3233 :
3343 3180 3747 3250 Quisprwparat

2162 3289 2314 3328 corvo
2375 3288 2545 3327 escam
2590 3288 2760 3337 suam,
2805 3271 3013 3344 quando
3052 3269 3184 3341 pulli
3208 3271 3323 3341 ejus
3361 3280 3429 3323 aa
3461 3269 3747 3324 Dominum

2161 3364 2390 3419 clamant
2428 3373 2695 3435 vagantes,
2742 3378 2803 3417 eo
2847 3362 2988 3433 quod
3033 3378 3138 3417 non
3165 3360 3388 3415 habeant
3430 3360 3569 3414 cibos
3596 3360 3743 3431 (Job.

2162 3453 2372 3523 χχιιι).
2405 3452 2573 3509 Pullis
2597 3468 2726 3508 vero
2749 3468 3061 3516 corvorum,
3091 3451 3218 3507 ﬁliis
3237 3451 3448 3507 scilicet
3476 3452 3745 3522 gentium,

2162 3558 2287 3598 esca
2336 3543 2518 3608 datur,
2547 3557 2671 3599 cum
2699 3558 2889 3598 eorum
2921 3542 3247 3598 desiderium
3287 3551 3470 3597 nostra
3511 3556 3747 3595 convcr-

2163 3633 2318 3688 sione
2355 3632 2613 3688 reﬁcitur.
2658 3633 2894 3688 Rursum
2944 3633 3001 3687 in
3032 3631 3230 3688 bonam
3259 3639 3467 3703 partem
3500 3633 3744 3702 ponitur,

2164 3734 2222 3780 ut
2242 3734 2327 3781 est
2349 3726 2478 3782 illud
2506 3727 2559 3781 in
2589 3726 2827 3782 Canticis
2859 3726 3197 3782 canticorum
3221 3726 3286 3783 de
3307 3741 3536 3797 sponso:
3561 3725 3748 3781 Crines
3838 3772 3843 3775 .

2162 3815 2278 3885 ejus
2324 3827 2382 3870 ut
2430 3815 2645 3883 abietes,
2681 3816 2819 3888 nigri
2865 3816 2997 3870 sicut
3032 3816 3173 3871 corvi
3216 3813 3391 3888 (Cant.
3429 3816 3504 3887 v).
3535 3816 3748 3874 Corvus

2162 3906 2413 3961 Christus
2440 3914 2525 3963 est
2567 3906 2622 3961 in
2657 3906 2915 3963 membris
2958 3904 3097 3975 ejus,
3136 3907 3241 3962 hac
3274 3917 3379 3973 est,
3428 3907 3653 3972 sanctis,
3685 3915 3747 3963 ut

2164 3996 2218 4050 in
2244 3995 2483 4053 Canticis
2511 3998 2850 4053 canticorum
2881 4015 2894 4051 ε
2925 3995 3101 4052 Coma:
3138 3998 3253 4069 ejus
3277 3997 3413 4052 sicut
3446 3999 3597 4053 elata:
3628 4000 3748 4070 pal-

2161 4104 2389 4154 marum,
2426 4090 2588 4159 nigra:
2626 4088 2779 4160 quasi
2817 4087 3231 4160 carvus(1bid.).
3284 4089 3490 4144 Corvus
3518 4090 3746 4160 nigredo

2161 4180 2369 4249 peccati
2399 4180 2481 4236 vel
2510 4180 2861 4245 inﬁdelitatis,
2890 4190 2950 4234 ut
2974 4180 3027 4234 in
3055 4179 3269 4236 Psaima
3300 4197 3314 4234 :
3343 4179 3413 4234 Et
3427 4178 3588 4251 pullis
3628 4196 3749 4235 car-

2163 4288 2343 4326 rorum
2378 4270 2734 4326 invocantibus
2757 4286 2876 4326 cum
2903 4267 3074 4343 (Psal.
3098 4268 3302 4340 cum).
3329 4269 3536 4325 Corvus
3554 4283 3751 4339 pecca-

2164 4362 2298 4418 toris
2322 4361 2544 4417 tarditas
2563 4362 2630 4417 ad
2648 4360 3040 4431 paenitentiam,
3080 4369 3137 4415 et
3160 4374 3298 4413 vana
3337 4375 3433 4430 spe
3454 4345 3522 4413 de
3557 4359 3644 4413 die
3686 4358 3746 4413 in

2162 4454 2305 4509 diem
2358 4451 2631 4518 diﬁ‘erens,
2672 4460 2732 4507 ut
2782 4453 2839 4507 in
2885 4451 3194 4522 Sophonia:
3234 4450 3349 4506 Vox
3397 4449 3665 4504 cantantis
3683 4450 3743 4504 in

2159 4545 2404 4616 fenestra,
2443 4562 2624 4600 corvus
2676 4544 2731 4597 in
2768 4542 3254 4614 superliminaribus
3300 4542 3412 4613 ejus
3442 4540 3628 4613 (Soph.
3654 4541 3743 4611 tl).

2158 4636 2379 4703 Cornix,
2397 4651 2599 4692 annosa
2624 4635 2763 4700 avis,
2789 4634 2929 4704 apud
2954 4632 3175 4689 Latinas
3189 4632 3379 4688 Graeco
3401 4633 3619 4690 nomine
3648 4648 3748 4702 ap-

2159 4724 2409 4796 pellatur,
2439 4740 2600 4795 quam
2631 4724 2786 4778 aiunt
2814 4738 3047 4794 augures
3082 4723 3359 4777 hominum
3384 4736 3544 4776 curas
3571 4720 3743 4789 signi-

2162 4815 2503 4871 ﬁcationibus
2530 4830 2709 4886 agere,
2726 4814 3046 4869 insidiarum
3074 4813 3193 4868 vias
3215 4821 3540 4877 monstrare,
3558 4810 3743 4867 futura

2161 4907 2475 4977 prmdiccre.
2507 4905 2758 4976 Magnum
2787 4920 2916 4974 ergo
2946 4902 3099 4958 nefas
3123 4912 3206 4957 est
3248 4903 3362 4957 haec
3408 4902 3654 4967 credere,
3682 4910 3747 4956 ut

2164 4998 2307 5053 Deus
2351 4998 2572 5053 consilia
2624 5013 2720 5051 sua
2772 4996 3083 5052 cornicibus
3127 4994 3365 5048 mandet.
3417 4990 3554 5048 lluic
3600 4992 3748 5047 inter

2164 5091 2329 5146 multa
2380 5090 2619 5162 auspicia
2670 5089 2912 5144 tribuunt
2949 5088 3116 5143 etiam
3170 5087 3378 5157 pluvias
3417 5085 3748 5157 portendere

2164 5183 2406 5239 vocibus.
2450 5180 2601 5238 Unde
2618 5189 2703 5235 est
2733 5179 2861 5234 illud
2892 5195 2906 5232 :

2287 5326 2424 5377 'l'unc
2440 5325 2605 5374 cornix
2636 5321 2776 5386 ple
2815 5319 3023 5383 pluviam
3059 5325 3197 5369 vacat
3233 5318 3452 5381 improba
3481 5327 3623 5366 voce.

2236 5454 2342 5512 Sed
2389 5454 2504 5508 haec
2546 5449 2752 5506 incerta
2791 5451 3105 5505 amittentes
3144 5446 3211 5501 de
3257 5444 3577 5502 certioribus
3609 5444 3751 5499 scri-

2162 5550 2295 5607 bere
2322 5552 2605 5600 tentemus.
2640 5539 2830 5594 Milvus
2861 5536 3037 5592 mollis
3076 5544 3131 5592 et
3178 5535 3386 5592 viribus
3432 5544 3489 5590 et
3532 5534 3745 5600 volatu,

2162 5639 2316 5710 quasi
2347 5635 2523 5691 mollis
2544 5632 2678 5688 avis.
2717 5628 2869 5686 Unde
2887 5636 2943 5684 et
2963 5636 3322 5710 nuncupatus,
3354 5624 3747 5695 rapacissimus

2164 5704 2367 5797 tamen,
2404 5738 2461 5785 et
2482 5723 2790 5783 domesticis
2814 5737 3027 5794 semper
3060 5704 3578 5777 avibus'insidiatur.
3617 5713 3735 5770 Mii-
