4072 6198
296 324 414 383 253

1249 316 1364 397 Ius
1400 315 1757 375 ‘umvsaso
1788 314 1968 372 1.13m
2009 310 2176 370 xxn.
2214 342 2284 355 —
2323 311 2453 368 un.
2493 310 2627 369 vut.

3479 310 3586 368 25$

296 453 412 495 vus
438 433 713 509 significat
738 439 928 504 utpote
960 445 1213 503 rapacem
1254 431 1340 488 vel
1369 431 1570 487 elatum
1599 428 1895 494 hominem,
1924 431 1978 490 Α
2003 426 2358 499 ingredientia
2400 426 2677 499 diripiunt,
2711 440 2830 496 qua:
2884 414 3206 495 repererint,
3254 438 3325 479 ne
3365 423 3584 495 quidem

299 538 367 584 ut
396 538 483 584 est
504 525 702 581 illudin
724 524 942 580 Psalmo
962 521 1257 578 secundum
1278 521 1568 577 Hebraeos:
1590 520 1739 576 Milvi
1758 520 1900 575 abies

300 622 453 677 domi
502 619 637 690 ejus.
678 616 952 687 Accipiter
977 614 1092 669 avis
1131 613 1312 667 animo
1331 613 1454 682 plus
1482 621 1690 667 armata
1737 626 1899 681 quam

301 709 548 782 ungulis,
562 708 820 763 virtutem
844 703 1101 773 majorem
1129 704 1182 758 in
1201 703 1394 757 minori
1416 717 1645 772 corpore
1662 710 1898 773 gestans.

300 800 409 856 llic
443 800 515 855 ab
544 794 884 866 accipiendo,
910 794 965 847 id
996 799 1079 847 est
1110 806 1144 845 a
1185 791 1466 861 capiendo,
1502 804 1698 846 nomen
1750 804 1900 844 sum-

298 891 436 964 psit.
470 888 570 943 Est
593 887 736 940 enim
762 884 877 938 avis
905 881 1180 952 rapiendis
1201 879 1320 934 aliis
1339 879 1531 933 avibus
1552 878 1708 933 avida
1727 896 1739 931 :
1755 878 1904 932 idco-

299 997 414 1053 que
437 985 667 1035 vocatur
684 974 964 1045 accipiter,
985 973 1086 1027 hoc
1108 979 1193 1026 est
1219 980 1424 1041 raptor.
1452 968 1605 1026 Unde
1625 978 1679 1024 et
1706 969 1903 1025 Paulus

301 1075 442 1130 dicit
471 1091 486 1128 :
518 1069 800 1126 Sustinetis
836 1067 995 1131 enim,
1024 1065 1068 1119 si
1089 1063 1206 1135 quis
1229 1064 1413 1134 accipit
1444 1060 1528 1135 (11
1550 1059 1672 1115 Cor.
1705 1060 1806 1133 ιι).
1833 1059 1903 1116 Ut

304 1166 438 1240 [Ne]
469 1165 616 1219 enim
652 1162 855 1227 dicent,
877 1160 921 1213 si
942 1157 1060 1229 quis
1088 1156 1248 1226 rapit,
1280 1154 1439 1220 dixit,
1471 1155 1515 1207 si
1547 1153 1665 1224 quis
1694 1152 1900 1222 accipit.

302 1260 521 1314 Ferunt
571 1263 753 1309 autem
794 1250 1083 1319 accipitres
1117 1247 1266 1302 circa
1311 1244 1484 1316 pullos
1529 1258 1658 1299 suos
1708 1242 1903 1312 impios

307 1366 453 1407 csse.
484 1347 618 1403 Nam
649 1360 772 1401 cum
812 1342 1047 1398 viderint
1084 1354 1177 1396 eos
1223 1352 1383 1408 posse
1434 1344 1643 1391 tentare
1668 1334 1898 1397 volatus,

304 1439 489 1495 nullas
509 1437 591 1492 eis
622 1435 869 1506 praebent
906 1444 1057 1486 escas
1083 1447 1097 1482 :
1123 1429 1218 1483 sed
1248 1426 1538 1481 verberant
1564 1423 1758 1494 pennis
1785 1432 1843 1478 et
1870 1439 1902 1476 a

306 1532 440 1588 nido
464 1528 824 1601 prmeipitant,
856 1532 1018 1592 atque
1065 1529 1281 1575 teneros
1307 1518 1636 1588 compellunt
1661 1517 1728 1572 ad
1756 1530 1899 1585 pra:-

306 1623 461 1688 dam,
489 1635 559 1675 ne
589 1619 729 1674 forte
758 1614 923 1670 adulti
950 1614 1275 1684 pigrescant.
1307 1609 1586 1680 Accipiter
1631 1607 1901 1663 interdum

307 1722 560 1768 sanctum
604 1711 781 1764 virum
830 1705 1120 1777 signiﬁcat,
1168 1710 1355 1771 utpote
1403 1700 1620 1770 rapiens
1670 1713 1895 1770 regnum

2003 518 2300 589 gerentium
2323 532 2383 572 se
2403 516 2642 572 obsoniis
2654 516 2955 588 parcentia.
2998 516 3205 583 Quibus
3232 524 3359 570 sunt
3381 515 3585 572 similes

2001 609 2241 679 quidam,
2291 609 2383 679 qui
2439 616 2725 678 penetrant
2763 608 2956 663 domos
3002 615 3058 664 et
3099 606 3338 676 captivas
3384 606 3586 663 ducunt

2001 698 2347 755 mulierculas
2391 707 2647 754 oneratas
2682 699 2940 769 peccatis,
2988 714 3124 769 quos
3171 698 3373 755 Paulus
3405 698 3587 769 arguit

2005 789 2093 861 (11
2124 788 2258 844 Tim.
2284 791 2386 861 ιιι).
2406 790 2601 846 Vultur
2620 790 2753 844 rixis
2780 797 2837 847 et
2864 788 3018 845 bellis
3040 789 3237 860 gaudet
3262 799 3479 858 propter
3496 803 3587 844 cae

2002 882 2200 937 davera
2228 881 2557 953 praeliorum,
2572 881 2865 948 intentum,
2892 890 2951 936 ut
2967 882 3131 937 etiam
3154 887 3413 950 sequatur
3435 894 3589 935 exer-

2000 976 2190 1031 citum.
2227 973 2344 1031 Non
2371 990 2505 1044 ergo
2531 982 2745 1047 oportet
2762 975 2993 1031 aliorum
3020 974 3237 1030 casibus
3257 972 3405 1042 pasci
3426 980 3587 1041 atque

2002 1064 2197 1120 nutriri
2236 1079 2382 1131 eum,
2414 1065 2505 1135 qui
2542 1064 2984 1135 contemplationi
3028 1063 3120 1119 dat
3157 1077 3401 1133 operam.
3453 1059 3587 1116 Cor-

2002 1155 2117 1209 vini
2165 1170 2296 1226 ergo
2347 1155 2562 1227 generis
2627 1155 2884 1210 animalia
2957 1161 3084 1210 sunt
3138 1152 3439 1209 aﬂectionis
3485 1169 3585 1209 ex-

2002 1249 2179 1319 pertia
2222 1249 2414 1318 :quod
2477 1247 2825 1304 manifestum
2874 1256 2959 1304 est
3014 1263 3083 1303 ex
3126 1263 3190 1303 eo
3241 1248 3385 1318 quod
3431 1247 3591 1303 emis-

2004 1356 2098 1397 sus
2148 1358 2179 1396 a
2255 1341 2370 1398 Noe
2440 1358 2506 1396 ex
2578 1342 2751 1412 prima
2822 1357 2947 1398 eum
3017 1356 3213 1397 corvus
3284 1340 3588 1395 avolatione

2004 1441 2375 1505 transgressus
2445 1442 2528 1489 est
2580 1432 2734 1503 (Gen.
2787 1432 2940 1505 Vill).
2999 1432 3098 1488 Cui
3175 1432 3367 1487 similis
3420 1430 3588 1487 Judas

2001 1523 2148 1579 circa
2191 1539 2349 1579 suum
2399 1526 2718 1595 magistrum
2762 1523 2862 1579 fuit
2887 1533 2944 1580 et
2989 1525 3295 1581 Dominum.
3338 1522 3587 1580 Strutbio

2002 1616 2120 1671 avis
2149 1617 2365 1687 quidem
2387 1626 2489 1681 est,
2521 1617 2614 1672 sed
2642 1615 2829 1672 volare
2850 1630 2956 1670 non
2978 1623 3177 1686 potest,
3211 1622 3490 1684 totamque
3508 1614 3589 1669 vi-

2004 1714 2113 1762 tam
2139 1723 2293 1763 suam
2320 1708 2465 1764 circa
2488 1716 2687 1763 terram
2710 1716 2938 1777 occupat
2963 1706 3182 1776 :quales
3207 1714 3333 1761 sunt
3361 1704 3583 1774 quidam

302 1805 429 1863 Dei.
498 1806 576 1860 De
604 1818 712 1875 quo
749 1801 1009 1870 seriptmn
1054 1805 1140 1851 est
1183 1797 1239 1850 in
1266 1793 1369 1849 Job
1398 1811 1410 1842 τ
1443 1792 1700 1864 Nunquid
1731 1794 1787 1847 in
1811 1809 1901 1846 δα·
1928 1782 1975 1843 Β
2003 1798 2114 1854 Deo
2133 1799 2428 1854 militantes
2455 1807 2510 1854 et
2532 1798 2711 1854 steculi
2735 1798 2966 1867 negotiis
2993 1812 3054 1852 se
3079 1795 3436 1865 implicantes.
3467 1794 3580 1849 No-
3641 1800 3647 1805 '

306 1896 507 1969 pientia
539 1904 630 1948 tua
664 1891 934 1963 plumescit
977 1888 1225 1956 accipiter
1270 1884 1570 1954 expandens
1616 1882 1730 1938 alas
1773 1899 1899 1938 suas

308 1988 381 2041 ad
437 1994 679 2039 austrum
766 1978 908 2051 (Job.
942 1991 1108 2030 χχχιιι
1134 1971 1244 2047 )Ίία
1272 1982 1380 2038 est,
1413 1972 1654 2041 nunquid
1682 1971 1902 2026 cuilibet

308 2080 485 2135 electo
527 2083 584 2128 tu
622 2068 1032 2140 intelligentiam
1060 2063 1360 2129 contulisti,
1409 2070 1470 2118 ut
1504 2062 1666 2117 ﬂante
1714 2071 1900 2116 sancto

308 2172 520 2244 Spiritu
564 2165 952 2238 cogitationum
984 2161 1096 2216 alas
1122 2159 1411 2231 expandat,
1463 2167 1731 2229 quatenus
1767 2171 1902 2227 pon-

308 2266 444 2321 dera
491 2268 719 2317 vetusta:
761 2253 1190 2312 conversationis
1249 2250 1490 2320 abjiciat,
1542 2261 1596 2305 et
1640 2252 1900 2305 virtutum

306 2356 521 2428 plumas
562 2352 616 2405 in
666 2363 821 2404 usum
852 2347 974 2402 novi
1014 2344 1224 2399 volatus
1271 2351 1467 2398 sumat.
1509 2342 1696 2397 Potest
1736 2342 1901 2396 etiam

309 2460 406 2517 per
446 2443 596 2497 hunc
634 2438 946 2509 accipitrem
1003 2443 1259 2490 renovata
1295 2433 1572 2505 gentilitas
1600 2433 1895 2503 designari.

308 2533 485 2604 Capus
525 2530 711 2585 Italica
743 2528 923 2595 lingua
958 2525 1155 2580 dicitur
1179 2541 1209 2579 a
1235 2525 1518 2594 capiendo.
1557 2523 1708 2578 Hanc
1729 2523 1900 2578 nostri

309 2622 576 2678 falconem
604 2624 824 2681 vocant,
864 2615 955 2684 qui
994 2621 1049 2669 et
1092 2612 1201 2667 alio
1246 2613 1464 2671 nomine
1493 2611 1690 2666 dicitur
1737 2613 1899 2666 hero-

308 2714 451 2771 dius.
482 2712 611 2767 Haec
644 2710 761 2764 avis
795 2709 960 2763 etiam
1016 2719 1241 2776 rapaces
1298 2703 1546 2758 homines
1594 2702 1900 2774 signiﬁcare

307 2812 512 2877 potest.
560 2801 715 2869 Quod
772 2807 952 2853 autem
977 2797 1030 2850 in
1061 2795 1300 2850 Levitico
1323 2803 1379 2848 et
1408 2794 1458 2846 in
1481 2793 1898 2848 Deuteronomio

310 2900 559 2969 qumdam
611 2910 740 2950 aves
794 2908 894 2963 pro
945 2890 1236 2945 immundis
1270 2888 1613 2958 deputantur,
1661 2886 1899 2941 ostendit

306 2991 598 3061 Scriptura
623 2988 808 3043 dicens
831 3002 843 3038 :
869 2983 1060 3039 Omnes
1087 2998 1207 3036 aves
1231 2979 1453 3034 mundus
1480 2980 1731 3033 comedite
1755 2992 1773 3029 :
1798 2980 1899 3032 int-

309 3058 539 3137 munitas
565 3095 631 3133 ne
668 3076 973 3139 comedetis,
1000 3072 1230 3144 aquilam
1260 3058 1453 3124 scilicet
1500 3077 1548 3123 et
1576 3069 1827 3139 gryphen,
1847 3078 1897 3121 et

2000 1898 2180 1962 etuam
2202 1905 2353 1955 vero,
2378 1904 2483 1959 pro
2499 1904 2606 1959 qua
2635 1887 2780 1943 LXX
2807 1886 3066 1943 Glaucum
3110 1886 3383 1949 dixerunt,
3444 1885 3587 1940 hanc
3669 1948 3685 1961 δ

2004 1989 2257 2038 asserunt
2285 1980 2338 2034 in
2370 1988 2530 2035 nocte
2555 1980 2699 2034 acuti
2738 1992 2859 2033 esse
2878 1978 3046 2041 visus,
3069 1976 3184 2032 sole
3209 1984 3389 2032 autem
3417 1991 3585 2045 appa-

2000 2081 2157 2127 rente
2193 2071 2372 2124 minus
2398 2070 2631 2123 utilitate
2658 2068 2938 2124 oculorum
2966 2067 3093 2120 frui.
3147 2066 3307 2121 Tales
3335 2073 3459 2121 sunt
3488 2065 3579 2132 qui

2000 2159 2134 2231 legis
2161 2158 2461 2229 gloriantur
2510 2155 2971 2226 contemplatione
3007 2160 3064 2209 et
3102 2154 3352 2219 scientia,
3406 2153 3582 2207 lucem

1999 2250 2322 2322 evangelicae
2364 2248 2791 2305 conversationis
2809 2261 3007 2317 capere
3032 2261 3142 2302 non
3168 2245 3431 2301 valentes.
3480 2243 3585 2298 La-

2001 2356 2095 2397 rus
2136 2349 2223 2395 est
2270 2339 2474 2394 animal
2522 2340 2576 2394 in
2604 2348 2833 2407 utroque
2854 2337 3058 2400 vivens,
3092 2335 3149 2391 id
3197 2343 3307 2400 est,
3351 2349 3491 2404 aqua
3530 2343 3588 2389 et

2001 2442 2181 2487 terra:
2212 2431 2338 2500 quia
2361 2431 2503 2486 sicut
2538 2430 2657 2486 avis
2679 2428 2894 2499 quidem
2925 2427 3092 2492 volat,
3122 2434 3185 2481 ut
3236 2423 3470 2495 aquatile
3490 2440 3587 2478 aur

1999 2532 2108 2579 tem
2134 2531 2304 2578 natat.
2333 2522 2432 2577 Cui
2453 2537 2562 2577 non
2589 2521 2730 2575 male
2768 2524 3155 2588 comparantur
3196 2516 3250 2571 bi
3302 2516 3393 2585 qui
3424 2514 3584 2569 simul

2001 2612 2469 2669 circumcisionem
2517 2615 2852 2665 venerantur
2891 2616 2948 2663 et
2994 2606 3284 2675 baptisma.
3335 2603 3417 2659 Ad
3444 2618 3584 2673 quos

2003 2706 2199 2761 Paulus
2229 2705 2359 2761 dicit
2385 2723 2399 2758 :
2426 2703 2486 2759 Si
2515 2701 2976 2763 circumcidimini,
3003 2697 3242 2754 Christus
3268 2697 3408 2752 vobis
3451 2693 3586 2751 nihil

1998 2797 2207 2869 prodest
2250 2794 2392 2869 (Gal.
2419 2795 2495 2869 v).
2519 2795 2791 2865 Accipiter
2820 2801 3001 2847 autem
3030 2792 3175 2847 inter
3198 2805 3422 2860 rapaces
3459 2802 3588 2844 aves

2001 2896 2104 2943 est.
2157 2888 2331 2942 Habet
2375 2894 2558 2941 autem
2585 2884 2839 2954 quiddam
2868 2881 3043 2945 aliud,
3104 2889 3324 2949 propter
3374 2877 3516 2947 quod
3546 2891 3579 2931 a

2000 2979 2310 3051 legislature
2325 2978 2530 3048 positus
2549 2982 2651 3031 est.
2684 2972 3007 3033 Mansuescit
3029 2971 3222 3040 quippe
3243 2977 3299 3024 et
3322 2981 3583 3037 coopera-

2005 3080 2094 3124 tur
2128 3069 2197 3123 ad
2221 3068 2594 3137 rapacitatem.
2648 3064 2816 3132 Quem
2870 3062 3152 3118 imitantur
3183 3060 3238 3115 hi
3281 3058 3373 3128 qui
3429 3072 3585 3112 utan-

307 3174 638 3237 haliteetum,
668 3170 817 3223 ixion
842 3176 892 3221 et
922 3166 1201 3229 vulturem,
1226 3178 1288 3216 ac
1313 3160 1527 3215 miluum
1545 3160 1706 3229 juxta
1735 3175 1895 3229 genus
1925 3148 1969 3207 C
2001 3159 2140 3215 sueti
2180 3158 2396 3228 quidem
2434 3156 2685 3212 videntur
2704 3169 2824 3210 esse
2854 3161 2909 3207 et
2935 3167 3098 3207 sensu
3124 3147 3395 3227 tranquilli
3420 3164 3434 3200 :
3459 3153 3588 3201 sunt

304 3282 465 3321 suum
479 3277 502 3316 .'
513 3272 561 3317 et
578 3275 727 3316 omne
740 3259 939 3313 ceruini
959 3255 1181 3327 generis,
1195 3253 1539 3307 struthionem
1554 3266 1616 3303 ac
1629 3257 1892 3315 noctuam,

306 3367 358 3413 et
403 3356 598 3421 larum,
634 3363 792 3422 atque
819 3350 1119 3420 accipitrem
1163 3347 1325 3417 juxta
1363 3360 1526 3415 genus
1542 3358 1718 3406 suum,
1745 3342 1898 3395 hero-

307 3450 461 3504 diunt
488 3457 537 3503 et
576 3460 797 3518 cygnum
818 3454 865 3497 et
896 3442 1024 3507 ibin,
1049 3450 1097 3494 et
1127 3438 1440 3509 mergulum,
1468 3435 1894 3507 porphyrionem,

306 3551 358 3596 et
374 3540 777 3611 nycticoracem,
795 3530 1172 3595 onacrotalum,
1189 3540 1235 3584 et
1249 3529 1606 3593 charadrium,
1621 3525 1828 3598 singula
1844 3527 1897 3579 in

310 3644 502 3703 genere
521 3641 892 3697 suompupam
922 3638 1122 3695 quoque
1143 3631 1190 3676 et
1216 3618 1647 3691 respertilionem,
1676 3627 1722 3671 et
1747 3633 1899 3670 omne

308 3721 452 3791 quod
477 3728 645 3790 reptat
666 3726 714 3772 et
742 3714 995 3788 pennnlas
1025 3713 1198 3777 habet,
1218 3710 1546 3765 immundum
1573 3708 1671 3763 erit
1699 3725 1791 3762 nec
1812 3724 1900 3761 co-

311 3812 562 3866 ncedatur
576 3809 722 3883 (Leu.
746 3824 803 3862 ιιι
827 3823 842 3874 ;
867 3806 1022 3860 Deut.
1046 3803 1181 3872 λιν).
1206 3803 1349 3858 Inter
1362 3800 1546 3857 illicita
1561 3810 1723 3870 atque
1738 3798 1898 3852 nimis

313 3903 567 3962 evitanda
598 3900 1097 3958 oonnumerandum
1127 3892 1581 3964 comtemplationi
1616 3897 1898 3946 vacantem

314 3996 624 4069 quempiam
639 3994 775 4049 tales
788 3993 1071 4048 habentem
1094 3987 1326 4044 maculas
1341 3980 1528 4058 quales
1540 4000 1637 4057 per
1647 3985 1901 4039 denume-

316 4097 468 4144 ratas
488 4100 621 4141 aves
640 4083 918 4153 legislator
946 4080 1235 4153 signiﬁcat.
1270 4077 1364 4133 Ait
1389 4079 1564 4133 enim:
1587 4074 1831 4146 Aquilam
1850 4082 1899 4129 et

316 4178 552 4251 gryphen
579 4185 628 4230 et
641 4174 941 4229 haliwetum
966 4181 1015 4226 et
1040 4170 1252 4226 militum
1279 4185 1341 4224 ac
1366 4168 1623 4224 vulturem
1630 4167 1786 4237 juxta
1809 4182 1899 4237 ge-

317 4288 417 4326 nus
443 4284 623 4324 suum.
647 4266 890 4336 Rapaces
908 4276 961 4319 et
984 4265 1160 4319 cibum
1182 4261 1418 4319 alienum
1442 4260 1580 4315 male
1609 4266 1900 4322 sectantes,

317 4359 721 4434 qumsﬁhusque
765 4356 980 4427 iniustis
1007 4355 1300 4427 gaudentes
1340 4367 1434 4423 per
1459 4351 1717 4421 praedicta
1739 4350 1904 4419 signi-

2000 3261 2179 3306 autem
2228 3265 2348 3304 cum
2392 3247 2701 3318 potentibus
2742 3253 2800 3300 et
2851 3244 3032 3298 avaris
3069 3251 3232 3311 atque
3269 3239 3578 3312 rapacibus.
3620 3308 3627 3314 θ

1998 3343 2321 3415 Nycticorax
2370 3338 2570 3394 animal
2617 3346 2718 3402 est,
2747 3335 2890 3405 quod
2937 3336 2990 3388 in
3020 3340 3177 3389 nocte
3213 3325 3583 3385 tantummodo

2001 3435 2142 3504 rapit
2161 3441 2322 3502 atque
2354 3436 2610 3501 cperatur
2638 3446 2651 3482 :
2684 3428 2826 3501 sicut
2863 3434 2990 3481 sunt
3023 3431 3218 3493 gentes
3245 3422 3298 3476 in
3330 3417 3587 3488 intelligi-

1999 3527 2196 3581 bilibus
2218 3523 2393 3578 noctis
2418 3520 2671 3591 operibus
2705 3527 3002 3588 occupatae,
3025 3532 3145 3585 qum
3192 3521 3320 3569 sunt
3346 3511 3579 3567 fornica-

2003 3622 2098 3684 tio,
2155 3616 2517 3680 immunditia,
2542 3613 2899 3685 impudicitia,
2921 3612 3185 3667 idolorum
3212 3610 3389 3664 cultus
3408 3616 3464 3663 et
3496 3608 3582 3661 bis

1999 3709 2215 3766 similia.
2228 3708 2337 3763 lbis
2348 3716 2403 3762 et
2418 3705 2767 3777 porphyrion,
2780 3713 2836 3758 et
2848 3717 3005 3773 quem
3021 3700 3163 3756 LXX
3179 3702 3459 3756 nominant
3474 3697 3588 3769 pel-

2003 3802 2214 3857 licanus
2259 3808 2314 3854 et
2340 3813 2547 3869 cygnus
2575 3806 2630 3852 et
2681 3795 2936 3851 berodius
2960 3804 3018 3851 et
3059 3793 3399 3856 cbaradrius,
3437 3787 3583 3860 longi

1999 3908 2120 3949 esse
2149 3892 2293 3958 colli,
2336 3892 2660 3958 trabemque
2684 3889 2863 3943 cibum
2893 3903 2964 3942 ex
3007 3886 3294 3940 altitudine
3323 3892 3479 3938 terra:
3498 3890 3584 3935 at-

2001 4001 2106 4056 que
2152 3999 2415 4054 aquarum
2449 3982 2722 4038 dicuntur.
2767 3980 2898 4047 Qua:
2943 3976 3200 4032 animalia
3231 3974 3432 4029 imitari
3478 3987 3588 4026 non

2003 4075 2282 4139 debemus,
2314 4088 2414 4129 nec
2447 4073 2514 4128 de
2561 4070 2910 4125 inferioribus
2960 4067 3191 4123 evellere
3246 4066 3449 4130 cibum,
3484 4063 3583 4119 sed

2002 4166 2071 4222 de
2116 4164 2451 4219 ctelestibus.
2502 4161 2594 4217 llle
2640 4161 2905 4230 siquidem
2937 4155 3377 4226 contemplationi
3404 4164 3583 4222 vacat,

2002 4255 2128 4323 quia
2157 4254 2226 4308 ad
2254 4252 2534 4323 superiora
2566 4259 2745 4306 mente
2766 4250 3064 4314 contendit,
3090 4258 3274 4303 etnon
3297 4247 3469 4303 solum
3493 4248 3581 4303 in-

2005 4341 2358 4413 telligibilem,
2404 4342 2498 4397 sed
2526 4349 2584 4396 et
2610 4340 2918 4407 sensibilem
2966 4339 3147 4395 cibum
3173 4354 3204 4392 a
3230 4338 3340 4394 Deo
3388 4354 3587 4410 exspe-

319 4429 468 4516 ticat.
486 4457 623 4526 Quia
643 4454 788 4508 enim
806 4448 1024 4519 quidam
1046 4447 1396 4501 inveniuntur
1415 4445 1473 4499 in
1498 4441 1743 4498 ecclesiis
1763 4442 1903 4496 inter
1929 4501 1980 4526 ἢ
2005 4438 2137 4490 ctat.
2174 4432 2326 4489 Unde
2356 4432 2434 4488 ait
2461 4431 2757 4487 Dominus:
2791 4429 2969 4484 Nolite
3014 4429 3229 4484 solliciti
3250 4444 3360 4484 esse
3388 4430 3582 4484 anima:

317 4566 439 4617 eos,
472 4501 565 4620 «In
595 4501 855 4617 putantur
880 4536 1326 4607 contemplationi
1364 4549 1586 4604 operam
1630 4532 1779 4595 dare,
1806 4530 1899 4602 qui
1929 4501 1980 4559 D
2005 4535 2211 4590 vestra,
2252 4524 2379 4596 quid
2418 4523 2763 4588 manducetis,
2800 4538 2964 4591 neque
3002 4520 3207 4590 corpori
3230 4529 3417 4584 vestra,
3459 4518 3585 4589 quid

319 4660 430 4700 non
454 4635 911 4713 quemadmodum
941 4632 1143 4686 debent
1165 4630 1232 4682 ad
1262 4629 1368 4682 hoc
1390 4631 1606 4691 vacant,
1631 4623 1724 4679 sed
1754 4621 1900 4676 frus-

319 4743 409 4791 tra
456 4710 711 4787 inﬂantur
732 4741 747 4779 :
772 4723 898 4778 audi
933 4721 1159 4777 Paulum
1205 4720 1472 4774 dicentem
1503 4736 1517 4771 :
1548 4714 1611 4770 Si
1646 4713 1763 4784 quis
1793 4710 1902 4766 alia

319 4826 473 4881 docet
502 4831 551 4875 et
579 4835 683 4873 non
702 4813 978 4886 acquiescit
990 4812 1134 4886 sanis
1145 4810 1469 4864 sermonibus
1496 4805 1704 4861 Domini
1736 4804 1903 4857 nostri

319 4909 682 4975 JesuChristi,
698 4917 745 4962 et
766 4907 836 4971 ei,
862 4920 979 4976 quis
999 4900 1285 4957 secundum
1306 4901 1550 4970 pietatem
1576 4905 1674 4960 est,
1706 4894 1903 4948 doctri-

324 5021 429 5069 nte,
448 5000 701 5072 superbus
726 5006 799 5050 est
829 4994 959 5049 nihil
987 4994 1177 5056 sciens,
1198 4988 1291 5045 sed
1322 4988 1575 5058 languens
1596 4987 1737 5041 circa
1761 5001 1902 5056 qum-

321 5098 517 5153 stioues
533 5103 580 5147 et
601 5076 809 5163 pugnas
821 5087 1109 5149 verborum,
1126 5099 1192 5140 ea:
1210 5081 1397 5153 quibus
1416 5082 1656 5134 oriuntur
1668 5078 1899 5143 incidite,

324 5191 701 5249 contentiones,
714 5182 1064 5252 blasphemra’,
1087 5178 1403 5247 suspiciones
1427 5171 1601 5236 malta,
1632 5170 1903 5238 conﬂicta-

325 5281 493 5335 tiones
523 5275 795 5329 hominum
838 5282 1005 5326 mente
1038 5279 1418 5338 corruptorum,
1450 5275 1498 5317 et
1519 5261 1643 5333 quia
1686 5261 1901 5314 veritate

325 5369 517 5441 privati
548 5373 693 5430 sunt,
730 5363 1082 5418 existimantes
1104 5367 1359 5429 quwstum
1406 5370 1516 5408 esse
1553 5352 1793 5420 pietatem
1824 5346 1898 5417 (1.

328 5438 589 5529 Tim“).
622 5455 734 5510 llos
777 5466 907 5523 ergo
928 5448 1233 5520 signiﬁcant
1254 5461 1339 5511 ea,
1389 5459 1508 5513 quae
1560 5454 1705 5496 nunc
1744 5438 1909 5529 denu-

328 5527 559 5608 merataﬁ
591 5550 739 5609 sunt,
772 5538 1022 5596 animalia
1049 5538 1248 5593 victum
1277 5549 1345 5590 ex
1370 5530 1555 5600 rapina
1584 5527 1908 5597 conquiren-

329 5640 427 5695 tia.
458 5636 718 5705 Quadam
748 5640 926 5687 autem
947 5645 1015 5685 ex
1042 5628 1125 5682 bis
1167 5626 1302 5680 alias
1328 5638 1455 5679 aves
1480 5620 1740 5677 invadunt
1765 5627 1822 5675 et
1839 5634 1906 5673 ex

337 5728 716 5787 curationibus
736 5738 920 5780 carum
950 5720 1281 5777 nutriuntur.
1315 5717 1435 5774 Alia
1463 5729 1595 5772 vero
1637 5715 1692 5773 iu
1721 5714 1910 5774 domos

2003 4616 2318 4671 induamini.
2367 4613 2476 4671 Scit
2514 4615 2651 4668 enim
2678 4611 2839 4666 Pater
2864 4624 3027 4667 vester
3061 4609 3277 4665 caelestis
3321 4610 3444 4680 quia
3475 4627 3589 4663 om-

2005 4706 2156 4760 nibus
2185 4706 2266 4759 his
2298 4720 2501 4760 necesse
2528 4701 2728 4757 habetis
2763 4699 2980 4773 (Matth.
3006 4699 3103 4770 v1).
3149 4698 3337 4769 Upupa
3364 4698 3586 4769 lugubre

2007 4797 2226 4863 animal,
2273 4810 2575 4866 amansque
2608 4794 2811 4849 luctum
2864 4803 2965 4849 est.
3005 4792 3197 4849 Srrculi
3226 4802 3400 4845 autem
3429 4790 3588 4843 tristi-

2007 4890 2083 4943 tia
2136 4897 2355 4944 martem
2409 4895 2656 4958 operatur
2692 4884 2777 4957 (II
2821 4882 2946 4940 Cor.
3001 4885 3120 4956 vn).
3167 4883 3396 4951 Propter
3442 4879 3585 4949 quod

2002 4985 2216 5048 oportet
2273 4991 2398 5033 eum
2445 4975 2539 5046 qui
2582 4975 2755 5045 diligit
2815 4974 3007 5039 Deum,
3062 4986 3278 5041 semper
3322 4968 3577 5039 gaudere,

2004 5071 2124 5125 sine
2150 5068 2549 5125 intermissione
2565 5082 2742 5130 orare,
2765 5065 2821 5120 in
2846 5066 3097 5120 omnibus
3143 5061 3348 5133 gratias
3375 5072 3573 5130 agere:

2006 5163 2131 5232 quia
2179 5163 2451 5233 gaudium.
2480 5160 2702 5230 spiritus
2751 5160 2958 5215 fructus
3009 5167 3111 5213 est.
3161 5154 3584 5226 Vespertiliones

2008 5258 2154 5311 circa
2210 5262 2413 5309 terram
2478 5253 2681 5318 volant,
2735 5252 2811 5307 ita
2854 5260 2915 5306 ut
2956 5250 3147 5320 pennis
3200 5263 3298 5318 pro
3356 5248 3581 5318 pedibus

2009 5355 2247 5410 utantur,
2290 5344 2505 5414 quando
2545 5342 2820 5398 ambulant
2846 5341 3025 5411 :quod
3076 5340 3353 5409 indignum
3392 5344 3478 5394 est
3523 5338 3581 5394 in

2008 5442 2107 5503 eis,
2135 5439 2225 5508 qui
2274 5435 2713 5506 contemplationi
2735 5436 2863 5489 dant
2891 5447 3129 5501 operam.
3164 5432 3400 5498 Quorum
3428 5430 3574 5486 enim

2007 5540 2092 5588 est
2131 5530 2340 5585 volatus
2366 5529 2511 5584 circa
2550 5537 2768 5587 terram,
2812 5527 3002 5580 horum
3043 5523 3207 5578 etiam
3252 5523 3584 5594 contempla-

2009 5622 2088 5678 tio
2113 5620 2298 5691 procul
2327 5619 2492 5675 dubio
2519 5618 2572 5672 in
2605 5616 2836 5671 terrenis
2859 5621 3174 5684 occupatur.
3206 5610 3320 5668 Non
3350 5628 3477 5683 ergo
3504 5614 3581 5669 in-

2008 5711 2261 5771 credulus
2283 5710 2391 5775 sis,
2408 5723 2505 5766 nec
2531 5706 2762 5771 dubites,
2787 5706 2928 5779 quod
2949 5703 3113 5762 etiam
3143 5704 3279 5769 bare,
3301 5716 3419 5774 tutae
3441 5718 3583 5759 nunc
