4072 6198
494 325 599 383 255

1167 318 1228 374 Β.
1273 317 1526 376 MBAN!
1563 315 1784 375 MAURI
1821 311 2142 372 ARClllEP.
2183 308 2492 367 MOGUNT.
2535 308 2819 366 OPERUM
2857 308 3037 365 PARS
3072 307 3138 365 ll.
3655 309 3764 365 2'36

491 437 846 491 denumerata
873 439 1020 495 sunt,
1044 429 1300 486 animalia
1323 428 1392 483 ad
1429 429 1796 484 ostensionem
1822 426 2083 496 ﬁguram-
2109 423 2160 482 Α
2187 419 2268 475 vel
2294 435 2391 490 pro
2412 435 2478 474 eo
2513 421 2668 490 quod.
2681 419 2798 474 sie
2824 419 3051 489 pedibus
3071 427 3385 475 nascuntur.
3424 419 3557 473 Nam
3577 429 3761 489 postea

492 543 598 596 que
627 541 834 589 eorum,
880 540 912 578 a
937 523 1134 594 quibus
1175 521 1449 576 abstinere
1493 521 1695 575 debent
1738 515 2078 586 contempla-

493 619 626 673 tioni
658 625 936 680 vacantes,
957 614 1141 685 posuit
1173 613 1464 684 legislator.
1509 610 1618 666 Sed
1658 610 1906 679 inquies:
1935 608 2082 674 Quo-

494 710 657 766 modo
685 710 875 764 hornm
904 706 1215 760 animalium
1247 719 1355 758 non
1383 703 1561 768 cibus,
1584 701 1681 757 sed
1712 701 1940 755 imitatio
1959 714 2082 768 pro-

493 806 730 869 hibetur,
753 819 874 860 cum
902 802 1169 872 pellicano
1191 808 1245 854 et
1269 797 1599 870 nycticoraci
1620 795 1790 852 David
1819 794 2080 866 prepheta

492 897 840 965 semetipsum
861 893 1254 962 comparaverit
1283 892 1506 946 dicens:
1535 887 1738 944 Similis
1769 887 1941 957 factus
1961 902 2080 941 sum

493 987 749 1057 pellicano
791 987 847 1038 in
877 983 1180 1047 solitudine,
1208 983 1379 1052 {actus
1399 998 1518 1036 sum
1535 970 2003 1050 sicut'ngcticoraz
2025 978 2081 1032 in

493 1076 760 1130 domicilio
799 1073 976 1145 (Psal.
1023 1077 1121 1144 ει).
1160 1074 1266 1129 Pec
1331 1073 1569 1142 aquilam
1631 1078 1815 1126 autem
1869 1069 2080 1141 Moyses

492 1170 668 1240 ipsum
697 1166 968 1238 signiﬁcat
996 1166 1167 1221 Deum
1193 1165 1462 1220 dicentem
1485 1164 1539 1219 in
1569 1161 1734 1218 lsrael
1767 1179 1779 1216 :
1807 1160 2080 1228 Quomodo

489 1261 804 1330 portaverint
847 1275 935 1313 vos
981 1275 1136 1329 super
1160 1257 1278 1311 alas
1325 1255 1625 1326 aquilarum
1665 1253 1847 1326 (Deut.
1878 1250 2077 1322 xxx").

493 1351 628 1405 Nam
654 1360 711 1406 et
732 1351 1015 1420 Prophetas
1043 1349 1255 1404 leonem
1283 1339 1562 1403 Christum
1605 1344 1899 1416 appellant.
1939 1343 2080 1398 Leo-

495 1463 618 1502 nem
673 1455 852 1500 autem
886 1461 919 1500 e
965 1445 1178 1500 diverso
1227 1458 1347 1498 esse
1385 1442 1579 1497 Petrus
1618 1439 1894 1495 diabolum
1949 1436 2083 1492 dicit

493 1537 549 1608 (l
581 1535 724 1590 Petr.
754 1534 810 1606 v)
849 1550 988 1590 :nec
1013 1542 1192 1589 nmen
1237 1531 1532 1588 secundum
1568 1531 1674 1585 hoc
1712 1529 1797 1584 leo
1824 1527 2081 1584 Christus

493 1630 788 1684 secundum
812 1629 959 1698 quod
983 1625 1228 1683 diabolus
1255 1624 1452 1680 dicitur
1475 1640 1488 1676 :
1513 1622 1656 1678 absit
1679 1636 1710 1676 a
1735 1619 1912 1680 nobis.
1941 1618 2083 1674 absit

495 1720 596 1774 ista
626 1720 894 1790 impietas.
939 1717 1047 1774 Sed
1072 1719 1200 1788 quia
1242 1716 1403 1771 simul
1451 1715 1681 1787 regium,
1715 1729 1818 1769 nec
1856 1728 1962 1768 non
1995 1729 2082 1767 ra-

2181 522 2238 568 et
2261 513 2424 583 pedes
2447 521 2503 568 et
2530 528 2737 582 pennas
2774 513 3065 582 accipiunt.
3116 512 3210 568 llas
3262 512 3489 568 solertes
3523 512 3575 565 in
3602 525 3769 584 gene-

2181 606 2336 661 randi
2365 605 2539 661 mellis
2577 606 2753 661 ollicio
2787 606 3088 676 assignatas
3117 605 3359 660 incolunt
3383 605 3556 668 sedes,
3592 605 3770 661 denti-

2181 698 2302 754 cilia
2331 697 2675 754 inenarrabili
2722 709 2838 752 arte
2867 704 3197 768 componunt
3222 716 3235 751 :
3263 712 3328 751 ex
3355 697 3517 751 variis
3545 696 3769 752 ﬂoribus

2181 790 2363 845 favum
2405 790 2661 853 condunt,
2711 790 2980 860 testisque
3013 790 3156 845 ceris
3187 789 3468 843 innumera
3500 789 3648 860 prole
3677 803 3768 842 re-

2179 882 2330 953 plent
2358 899 2372 936 :
2404 883 2702 938 exercitum
2745 890 2799 937 et
2838 897 2992 952 reges
3022 882 3263 937 habent:
3293 881 3476 951 puclla
3509 887 3724 935 movent
3753 898 3768 934 ;

2183 972 2388 1028 fumum
2433 972 2678 1044 fugiunt:
2709 972 2939 1028 tumultu
2976 979 3318 1042 exasperant.
3355 971 3490 1026 Nam
3521 971 3772 1041 plerique

2180 1067 2388 1136 experti
2413 1074 2538 1122 sunt
2567 1067 2633 1122 de
2661 1065 2822 1121 boum
2852 1066 3207 1122 cadaveribus
3243 1064 3411 1120 nasci.
3448 1064 3555 1118 llas
3584 1079 3680 1134 pro
3705 1062 3776 1118 iis

2182 1159 2431 1216 creandis
2478 1157 2767 1213 vitulorum
2808 1159 3111 1213 occisorum
3156 1172 3346 1212 carnes
3389 1155 3774 1219 verberantur,

2181 1258 2243 1304 ut
2267 1264 2334 1304 ex
2356 1248 2660 1320 putrefacto
2682 1265 2880 1304 cruore
2905 1263 3118 1304 vermes
3152 1257 3424 1312 creentur,
3456 1247 3547 1317 qui
3583 1256 3776 1318 postea

2183 1340 2489 1396 efﬁciuntur
2512 1355 2658 1411 apes.
2706 1339 2929 1411 Proprie
2962 1351 3145 1395 tamen
3176 1355 3306 1410 apes
3345 1347 3604 1394 vocantur
3640 1347 3778 1393 orta:

2181 1431 2250 1487 de
2276 1430 2466 1496 bobus,
2497 1430 2657 1486 sicuti
2697 1431 2990 1486 scabrones
3029 1431 3096 1484 de
3139 1431 3313 1499 equis,
3359 1429 3467 1484 fuci
3497 1430 3562 1484 de
3590 1429 3776 1494 mulis,

2183 1537 2362 1593 vespa:
2388 1523 2456 1578 de
2484 1523 2672 1578 asinis.
2697 1522 2917 1579 Castros
2944 1522 3116 1578 Grzeci
3145 1522 3434 1592 appellant,
3467 1523 3560 1591 qui
3591 1522 3642 1576 in
3682 1538 3780 1577 cx-

2182 1615 2372 1671 tremis
2398 1614 2642 1671 favorum
2668 1616 2912 1685 partibus
2950 1614 3184 1684 majores
3214 1623 3496 1677 creantur,
3518 1630 3653 1684 quos
3685 1613 3783 1668 ali-

2181 1706 2276 1776 qui
2313 1719 2467 1777 reges
2516 1713 2709 1776 putant
2751 1707 2859 1762 dici
2889 1746 2907 1773 .
2953 1706 3095 1776 quod
3129 1715 3309 1762 castra
3344 1705 3564 1760 ducant.
3597 1705 3784 1760 Fncus

494 1826 598 1880 pax
635 1819 794 1880 atque
848 1809 1055 1864 immite
1090 1816 1173 1862 est
1207 1806 1407 1861 animal
1439 1820 1711 1875 :cumque
1759 1805 2075 1876 dignitatem
2103 1803 2152 1865 Β
2177 1807 2264 1854 est
2291 1799 2465 1868 major
2506 1814 2633 1869 ape,
2680 1800 2943 1856 scabrone
2971 1799 3170 1854 minor.
3202 1798 3386 1853 Dictus
3413 1806 3591 1852 autem
3624 1797 3785 1851 fucus

493 1900 842 1964 laudabilem,
871 1897 1280 1968 vituperabiiem
1301 1905 1480 1951 tamen
1521 1894 1891 1964 Operationem
1920 1907 2082 1964 gene-

494 2000 616 2046 rat:
648 1991 792 2060 quod
827 1989 1046 2060 quidem
1092 1987 1364 2042 laudabile
1416 1985 1601 2050 habet,
1644 1985 1764 2064 hoc_
1797 1984 1852 2038 in
1878 1982 2080 2038 Christi

495 2095 662 2150 regno
721 2078 1027 2147 accipitur:
1057 2077 1202 2148 quod
1259 2084 1439 2132 autem
1479 2073 1835 2144 vituperabile
1882 2073 1935 2127 in
1964 2073 2084 2129 dia-

493 2171 638 2237 bolo,
668 2173 721 2226 id
759 2180 842 2227 est
888 2171 1182 2240 rapacitas,
1223 2167 1677 2222 immansuetudo.
1726 2165 1882 2232 Quod
1933 2173 1989 2219 et
2027 2164 2084 2219 in

495 2263 675 2334 aquila
704 2261 1136 2326 considerantes,
1165 2261 1286 2316 sine
1319 2258 1504 2329 aliqua
1559 2256 1835 2312 dubietate
1883 2256 2086 2326 reperi-

495 2367 636 2408 mus.
670 2352 898 2421 Propter
933 2350 1275 2406 altitudinem
1304 2349 1449 2405 enim
1475 2347 1686 2404 volatus
1710 2348 1936 2417 ﬁguram
1967 2346 2086 2414 ejus

497 2443 553 2497 in
584 2443 750 2498 Deum
788 2442 1001 2513 Moyses
1056 2442 1304 2512 sumpsit.
1358 2439 1495 2508 Quia
1523 2455 1656 2496 vero
1680 2455 1870 2510 rapax.
1897 2455 1929 2492 a
1963 2439 2086 2494 cibo

493 2533 612 2604 cths
657 2534 1035 2588 abstinendum
1079 2533 1233 2587 dixit.
1286 2530 1555 2600 Propheta
1595 2539 1776 2585 autem
1809 2529 1975 2585 David
2007 2528 2088 2584 lu-

499 2636 633 2690 gens
707 2621 982 2676 hominem
1046 2621 1102 2674 in
1160 2628 1388 2690 peccato
1446 2619 1801 2676 constitutum
1831 2660 1846 2685 ,
1915 2617 2090 2689 nycti—

494 2710 676 2766 coraci
735 2709 897 2777 hutic,
969 2709 1110 2765 sicut
1175 2710 1231 2764 in
1295 2717 1456 2765 nocte
1511 2709 1781 2764 viventem
1810 2748 1827 2774 ,
1875 2722 2090 2777 compa-

504 2805 665 2858 ravit.
723 2803 828 2858 Per
884 2803 1208 2872 pellicanum
1287 2810 1488 2868 autem,
1528 2811 1718 2873 utpote
1753 2815 1849 2872 per
1889 2800 2090 2857 animal

497 2909 690 2951 amans
739 2895 1104 2958 solitudinem,
1150 2894 1575 2966 ﬁguraviteum,
1607 2895 1700 2965 qui
1727 2893 1912 2949 forsan
1960 2893 2093 2949 ami-

499 2986 578 3042 cis
615 2986 890 3042 desolatus
911 2994 1014 3053 est,
1044 2995 1138 3040 aut
1167 2986 1415 3056 cognatis
1441 2985 1779 3054 aliorumque
1832 2985 2090 3041 similium

501 3077 761 3133 societate
809 3076 1119 3133 destitutus.
1153 3076 1402 3148 Augures
1449 3085 1629 3132 autem
1669 3076 1880 3144 dicunt,
1932 3085 1990 3133 et
2035 3078 2091 3134 in

2181 1891 2329 1961 quod
2367 1891 2571 1946 alienos
2601 1891 2814 1947 labores
2861 1893 3007 1954 edat,
3053 1890 3208 1959 quasi
3252 1888 3423 1961 fagus.
3457 1889 3785 1958 Depascitnr

2183 1982 2328 2036 enim
2355 1983 2499 2052 quod
2533 1997 2640 2037 non
2670 1981 2958 2038 laboravit.
2995 1981 3070 2036 De
3101 1996 3210 2050 quo
3237 1979 3527 2051 Virgilius:

2310 2082 2544 2148 Ignavum
2568 2082 2706 2134 fucos
2726 2097 2879 2147 pecus
2897 2097 2922 2132 a
2949 2084 3260 2146 prasepibus
3282 2089 3472 2133 arcent.

2183 2165 2326 2246 Apes
2369 2163 2601 2220 formam
2642 2165 2968 2235 virginitatis
3013 2165 3130 2220 sive
3175 2163 3452 2235 sapientiae
3482 2171 3688 2226 tenent,
3723 2169 3787 2218 ut

2184 2265 2267 2312 est
2291 2255 2419 2312 illud
2449 2257 2504 2311 in
2537 2255 2862 2312 Salomone:
2907 2254 3051 2311 Vade
3080 2257 3150 2310 ad
3180 2273 3353 2326 apem,
3384 2263 3432 2310 et
3464 2253 3605 2308 disce
3643 2271 3786 2326 qua-

2177 2347 2249 2403 lis
2273 2348 2536 2419 operatria:
2559 2347 2646 2402 sit.
2677 2347 2852 2402 Aliam
2893 2357 3074 2403 autem
3115 2347 3566 2418 signiﬁcationem
3595 2347 3784 2411 habet,

2186 2439 2277 2494 ubi
2323 2439 2377 2494 in
2413 2438 2683 2510 Pmpbeta
2721 2437 3217 2510 legitur:Sibilavit
3256 2438 3514 2492 Dominus
3563 2453 3786 2500 musca',

2185 2547 2306 2602 qua:
2328 2541 2406 2585 est
2432 2531 2488 2585 in
2517 2540 2747 2584 extremo
2769 2531 3003 2600 ﬂuminis
3030 2529 3248 2600 λείπῃ)ιί
3271 2531 3324 2584 in
3350 2529 3573 2595 deserto,
3603 2539 3651 2584 et
3673 2531 3784 2597 api,

2185 2639 2308 2693 quae
2363 2632 2438 2678 est
2480 2623 2536 2676 in
2584 2632 2724 2677 terra
2773 2623 2941 2676 Assur
2979 2621 3115 2693 (Isa.
3153 2621 3273 2692 vn).
3310 2622 3386 2676 lbi
3418 2623 3563 2676 enim
3608 2623 3790 2692 typice

2188 2729 2287 2784 per
2307 2727 2551 2769 muscam
2579 2712 2939 2778 Pharaonem,
2971 2723 3025 2768 et
3050 2728 3148 2782 per
3171 2727 3325 2782 apem
3351 2711 3789 2768 Nabuchodono-

2189 2822 2282 2864 sor
2316 2807 2691 2862 demonstrat:
2723 2806 2814 2876 qui
2844 2804 3097 2875 populum
3130 2803 3436 2860 Judmorum
3471 2815 3788 2876 peccantem

2192 2896 2372 2966 dignis
2396 2895 2622 2968 ﬂagellis
2652 2895 3074 2968 castigaverunt.
3115 2895 3184 2950 Et
3218 2896 3271 2950 in
3308 2896 3522 2952 Psalmo
3547 2895 3744 2967 legitur
3771 2911 3787 2950 :

2193 2987 2660 3043 Circumdederunt
2677 3004 2759 3042 me
2782 2989 2915 3042 sicut
2936 3003 3080 3058 apes,
3098 2996 3145 3042 et
3168 2997 3475 3041 exarserunt
3495 2988 3626 3040 sicut
3651 2987 3790 3056 ignis

2191 3081 2247 3136 in
2266 3082 2430 3151 spinis
2457 3079 2630 3152 (Psal.
2651 3080 2843 3154 cxvn).
2878 3082 3024 3152 Apes
3045 3081 3188 3136 enim
3220 3081 3398 3136 favum
3425 3081 3786 3144 circumdant,

498 3175 654 3236 gestu
677 3176 736 3234 et
764 3167 818 3222 in
846 3177 996 3222 motu
1023 3176 1081 3222 et
1115 3168 1170 3221 in
1199 3167 1382 3223 volatu
1403 3175 1459 3223 et
1487 3168 1541 3222 in
1568 3182 1698 3223 voce
1725 3169 1904 3222 avium
1931 3168 2086 3239 signa
2115 3157 2161 3220 C
2190 3172 2408 3242 quando
2437 3185 2535 3242 per
2572 3171 2759 3226 domos
2798 3186 2986 3226 cereas
3022 3170 3260 3241 liquores
3312 3169 3653 3225 dulcissimos
3705 3185 3792 3223 rc-

495 3272 620 3312 csse
659 3259 973 3314 constituta.
1008 3257 1232 3314 Oscines
1257 3273 1385 3313 aves
1416 3267 1636 3325 vocant,
1677 3275 1798 3329 quae
1823 3274 1919 3314 ore
1957 3274 2086 3314 can-

503 3358 669 3418 tuque
720 3350 1016 3419 auspicium
1054 3349 1286 3414 faciunt,
1316 3359 1377 3403 ut
1400 3364 1617 3414 corvus,
1668 3350 1880 3415 cornix,
1909 3349 2084 3419 picus.

499 3443 686 3505 Alites,
727 3457 835 3511 qua
865 3442 1045 3497 volatu
1073 3443 1362 3498 ostendere
1390 3442 1570 3496 futura
1596 3442 1872 3506 videntur,
1901 3457 2007 3512 qua
2039 3443 2088 3497 si

499 3535 738 3589 adversae
785 3546 932 3600 sunt,
968 3535 1178 3590 inhehae
1225 3535 1476 3590 dicuntur
1512 3575 1528 3600 ,
1577 3534 1722 3604 quod
1779 3535 2085 3601 inhibeant,

499 3626 553 3679 id
592 3633 676 3680 est
730 3633 912 3679 vetant
942 3643 954 3678 :
991 3625 1036 3679 si
1077 3640 1354 3694 prospere,
1382 3632 1650 3695 praepetes
1677 3638 1694 3678 :
1726 3632 1783 3678 et
1806 3625 1924 3679 ideo
1946 3640 2087 3695 pne-

499 3723 671 3784 petes,
700 3715 824 3785 quia
853 3711 1045 3770 omnes
1062 3731 1191 3770 aves
1213 3715 1395 3785 priora
1423 3723 1614 3784 petunt
1655 3715 1920 3770 volantes.
1950 3715 2090 3770 Ter-

503 3807 632 3861 tiam
659 3806 862 3862 faciunt
899 3807 1135 3878 speciem
1187 3807 1546 3878 auguriorum
1577 3807 1632 3862 in
1664 3808 1872 3872 avibus,
1925 3823 2088 3878 quam

501 3912 840 3953 communem
887 3909 1104 3963 vocant,
1132 3914 1200 3953 ex
1242 3907 1473 3968 utroque
1497 3901 1840 3970 pcrmistam,
1884 3899 1936 3955 id
1980 3909 2088 3966 est,

501 4006 630 4047 aves
653 4008 772 4062 qua:
812 4006 878 4046 ex
907 4008 1006 4047 ore
1029 4001 1084 4048 et
1106 3992 1284 4047 volatu
1315 3992 1539 4063 auguria
1563 3993 1768 4047 faciunt
1793 4011 1807 4046 :
1835 3993 1930 4050 sed
1955 3992 2090 4050 ﬁdes

501 4085 705 4142 Christi
738 4087 853 4142 haec
875 4101 981 4141 non
1014 4085 1194 4140 habet.
1231 4085 1484 4141 Omnium
1539 4093 1716 4140 autem
1749 4101 1946 4154 genera
1997 4101 2091 4141 vo-

503 4178 712 4234 lucrum
750 4178 835 4234 bis
879 4186 1192 4234 nascuntur.
1241 4177 1483 4234 Primum
1528 4178 1674 4233 enim
1717 4193 1818 4234 ova
1871 4180 2093 4251 gignun-

505 4277 612 4323 tur.
667 4269 794 4323 lnde
821 4267 1004 4323 calore
1024 4269 1255 4324 materni
1280 4267 1529 4338 corporis
1558 4266 1862 4323 formantur
1897 4278 1952 4324 et
1973 4268 2090 4323 ani-

503 4369 737 4414 mantur.
780 4359 894 4414 Ova
944 4368 1123 4415 autem
1178 4360 1323 4414 dicta
1361 4358 1431 4414 ab
1469 4373 1536 4414 eo
1586 4360 1734 4430 quod
1761 4361 1870 4415 sint
1903 4361 2085 4416 uvida.

504 4448 658 4503 Unde
682 4456 738 4502 ct
765 4463 869 4501 uva
914 4464 983 4503 eo
1019 4448 1163 4518 quod
1199 4448 1529 4504 intrinsecus
1552 4449 1780 4504 humore
1810 4450 1883 4504 sit
1905 4449 2084 4519 plena.

505 4535 640 4590 Nam
669 4536 948 4591 humidum
970 4547 1075 4602 est,
1105 4537 1250 4607 quod
1288 4538 1527 4593 exterius
1564 4538 1850 4594 humorem
1883 4540 2082 4594 habet:

507 4625 748 4690 uvidum,
774 4627 916 4696 quod
963 4627 1208 4683 interius.
1236 4628 1466 4696 Quidam
1498 4638 1679 4686 autem
1708 4639 1899 4700 putant
1925 4646 2087 4686 ovum

507 4715 752 4772 Gmcam
782 4718 982 4774 habere
1007 4720 1271 4791 originem
1299 4722 1549 4777 nominis.
1587 4721 1665 4776 llli
1695 4733 1875 4778 autem
1905 4723 2091 4778 dicunt

506 4820 594 4868 aa,
623 4819 651 4857 υ
683 4802 860 4858 littera
881 4803 1090 4858 ablata.
1122 4805 1234 4860 Ova
1274 4814 1456 4861 autem
1501 4808 1748 4875 quadam
1771 4808 1918 4862 inani
1959 4824 2090 4864 ven-

509 4905 563 4952 to
585 4895 984 4967 concipiuntur,
1021 4897 1116 4952 sed
1159 4911 1265 4950 non
1290 4905 1417 4950 sunt
1441 4898 1793 4968 generabilia,
1820 4899 1923 4954 nisi
1970 4915 2090 4969 qua:

507 4986 711 5044 fuerint
754 4989 1044 5045 concubitu
1087 4988 1384 5043 masculino
1434 4997 1696 5059 concepta
1737 4997 1793 5044 et
1842 4992 2088 5048 seminali

507 5081 701 5151 spiritu
732 5089 1028 5151 penetrata.
1055 5078 1291 5135 Ovorum
1326 5079 1434 5134 vim
1462 5087 1665 5134 tantam
1697 5079 1882 5135 dicunt
1931 5090 1992 5136 ut
2028 5081 2093 5137 li-

510 5189 674 5243 gnum
705 5172 980 5242 perfusum
1003 5187 1069 5227 eo
1099 5186 1205 5226 non
1236 5171 1460 5226 ardeat:
1492 5186 1557 5226 ac
1586 5185 1654 5227 ne
1681 5172 1849 5227 vestis
1873 5173 2090 5242 quidem

510 5264 783 5320 contincta
828 5262 1104 5328 aduritur,
1146 5260 1378 5316 admista
1408 5276 1623 5332 quoque
1647 5262 1798 5319 calce
1819 5261 2091 5334 glutinare

512 5353 684 5408 fertur
709 5353 835 5410 vitri
877 5351 1200 5424 fragmenta.

1125 5507 1354 5564 CAPUT
1394 5507 1503 5565 Vll.

769 5618 848 5673 De
874 5620 1058 5689 apibus
1085 5619 1233 5692 [Ms.,
1256 5620 1334 5675 De
1358 5621 1572 5676 minutis
1606 5619 1831 5693 avibus].

587 5721 730 5794 Apes
752 5727 910 5784 dieue
950 5729 1034 5785 vel
1057 5731 1197 5801 quod
1225 5747 1282 5787 se
1316 5732 1542 5803 pedibus
1569 5732 1798 5789 invicem
1830 5730 2048 5802 alligent
2076 5773 2090 5797 ,

2191 3263 2431 3318 condunt
2459 3280 2473 3316 :
2501 3270 2560 3317 et
2580 3278 2705 3317 cum
2738 3262 2842 3318 sibi
2870 3271 3062 3333 putant
3095 3261 3350 3318 victualia
3393 3275 3672 3330 reponere,
3709 3259 3792 3313 fa-

2189 3355 2362 3420 ciunt,
2390 3355 2535 3410 unde
2571 3355 2819 3410 homines
2847 3355 3057 3425 possint
3097 3371 3193 3409 sua
3237 3353 3511 3410 desideria
3557 3352 3788 3408 satiare.

2191 3444 2343 3513 Quod
2368 3443 2585 3501 Iudaeos
2626 3445 2874 3516 implesse
2915 3446 3259 3502 rnanifcstum
3285 3455 3388 3512 est,
3420 3445 3636 3518 quando
3669 3460 3791 3500 rem

2189 3545 2385 3590 cuncto
2405 3535 2525 3590 orbi
2547 3535 2911 3590 dulcissimam
2932 3537 3132 3590 amaris
3154 3536 3438 3589 conatibus
3459 3533 3784 3589 affecerunt.

2263 3627 2444 3698 Spinze
2466 3627 2644 3683 saeculi
2673 3637 2892 3697 peccata
2920 3627 3227 3701 designant,
3249 3627 3446 3696 quibus
3471 3626 3790 3682 Iudaeorum

2189 3719 2418 3789 populus
2466 3718 2721 3774 ferociter
2767 3718 3023 3774 incitatus
3069 3719 3124 3772 in
3175 3716 3388 3772 delictis
3437 3717 3586 3782 suis,
3642 3716 3793 3772 velut

2191 3810 2331 3881 ignis
2357 3825 2708 3880 concrepans,
2739 3811 3007 3865 :cstuavit.
3038 3808 3146 3864 Sed
3177 3809 3232 3864 in
3262 3808 3343 3864 eis
3372 3823 3586 3878 quoque
3609 3811 3791 3880 gratia

2191 3901 2405 3956 Domini
2436 3901 2766 3956 vindicatum
2809 3909 2912 3966 est,
2944 3901 3158 3970 quando
3195 3903 3262 3956 de
3297 3900 3388 3956 illo
3430 3899 3608 3964 melle,
3639 3901 3791 3972 quod

2190 3997 2544 4052 condiderant
2564 3996 2754 4061 nescii,
2785 3996 3034 4052 conversi
3060 3996 3128 4051 ad
3157 3995 3440 4050 Dominum
3463 3995 3793 4050 suavissime

2190 4094 2316 4141 sunt
2357 4086 2568 4157 repleti.
2611 4086 2740 4142 Fuci
2780 4087 2944 4152 enim,
2977 4086 3069 4156 qui
3103 4085 3308 4141 alienos
3351 4085 3564 4140 labores
3593 4085 3790 4150 edunt,

2191 4181 2415 4250 ignavos
2451 4187 2506 4233 et
2559 4179 2670 4234 otio
2718 4185 2992 4247 torpentes
3039 4179 3285 4234 homines
3330 4177 3657 4249 signiﬁcant,
3691 4179 3792 4248 qui

2191 4269 2365 4340 magis
2406 4284 2473 4323 ex
2521 4266 2750 4324 aliorum
2794 4270 3049 4337 operibus
3093 4269 3194 4323 sibi
3234 4277 3470 4338 pastum,
3512 4283 3673 4337 quam
3719 4269 3792 4322 de

2189 4362 2410 4433 proprio
2465 4361 2680 4426 sudore,
2726 4361 2971 4417 exhiberi
3026 4368 3306 4430 expetunt.
3350 4359 3427 4415 De
3475 4360 3673 4429 quibus
3717 4360 3792 4414 ad

2197 4453 2704 4510 Thessalonicenses
2722 4453 2920 4508 Paulus
2943 4452 3184 4508 scribens
3207 4453 3283 4506 ait
3307 4470 3319 4504 :
3345 4451 3655 4505 Audiuimus
3681 4467 3791 4504 au-

2195 4547 2579 4633 tem'quosdam
2605 4547 2738 4600 inter
2766 4561 2852 4600 vos
2876 4543 3199 4599 ambulantes
3231 4545 3478 4614 inquieto,
3509 4543 3640 4597 nihil
3665 4560 3793 4612 ope-

2196 4645 2392 4699 rantes,
2423 4636 2513 4690 sed
2552 4637 2755 4690 curiose
2781 4645 3009 4706 agentes.
3049 4634 3126 4689 Iis
3175 4645 3350 4689 autem
3397 4636 3487 4705 qui
3520 4634 3791 4705 ejusmodi

2197 4735 2355 4789 sunt,
2402 4725 2772 4780 denuntiamus
2811 4735 2858 4780 et
2905 4725 3235 4780 obsecramus
3282 4727 3337 4779 in
3381 4725 3603 4779 Domino
3651 4724 3785 4777 Jesu

2197 4817 2423 4881 Christo,
2450 4825 2506 4870 ut
2536 4833 2653 4870 cum
2681 4815 2886 4870 silentio
2924 4825 3196 4884 operantes
3220 4831 3372 4870 suum
3406 4830 3594 4885 panem
3632 4830 3788 4866 inan-

2198 4909 2386 4962 ducent
2411 4907 2496 4978 (II
2523 4907 2699 4962 Tltess.
2725 4907 2828 4978 In).
2860 4907 3165 4962 Scabrones
3183 4907 3357 4962 vocati
3385 4922 3414 4960 a
3438 4905 3593 4970 cabo,
3621 4905 3674 4960 id
3698 4915 3789 4961 est

2193 5000 2423 5066 caballo,
2449 5000 2590 5070 quod
2629 5015 2694 5054 ex
2729 4999 2810 5055 eis
2833 5008 3104 5064 creentur,
3132 5007 3193 5054 ut
3219 4998 3438 5068 quidam
3481 4997 3782 5053 aestimant.

2194 5092 2348 5149 Sicut
2372 5101 2550 5148 autem
2580 5092 2869 5148 scabrones
2898 5100 3192 5148 nascuntur
3217 5091 3284 5147 de
3311 5105 3574 5162 equorum
3599 5089 3788 5144 carni-

2191 5183 2293 5239 bus
2329 5183 2579 5252 putridis,
2612 5183 2683 5237 ita
2721 5196 2787 5236 ex
2825 5182 2905 5238 eis
2932 5182 3128 5238 iterum
3169 5196 3310 5250 saepe
3340 5188 3634 5236 nascuntur
3661 5195 3786 5232 sca-

2193 5275 2364 5339 rabei,
2393 5274 2536 5329 unde
2576 5282 2631 5329 et
2659 5269 3020 5344 cognominati
3057 5282 3200 5328 sunt.
3231 5272 3396 5327 Tauri
3423 5281 3548 5326 sunt
3587 5285 3783 5325 scara-

2193 5367 2282 5424 bei
2321 5375 2605 5422 terrestres
2640 5367 2754 5422 sive
2797 5366 3073 5422 silvestres
3115 5367 3286 5426 ricino
3327 5366 3552 5422 similes.
3589 5364 3787 5434 Vespzc

2200 5468 2378 5514 autem
2403 5458 2516 5514 sive
2543 5459 2834 5514 scabrones
2858 5458 3160 5528 signiﬁcant
3182 5459 3364 5512 hostes
3393 5462 3788 5526 persequentes

2197 5550 2282 5606 vel
2309 5550 2528 5606 timores
2554 5551 2812 5613 hostium,
2839 5557 2898 5602 ut
2924 5558 3007 5603 est
3029 5548 3157 5602 illud
3181 5547 3521 5604 Dominicum
3549 5546 3787 5617 promis-

2199 5656 2317 5696 sum
2342 5641 2396 5696 in
2424 5639 2562 5713 lege,
2595 5639 2737 5711 quod
2782 5640 2848 5694 ad
2874 5639 3034 5694 Israel
3077 5655 3172 5709 per
3205 5638 3422 5710 Moysen
3463 5638 3575 5691 ait:
3608 5635 3786 5690 Mittct

2199 5731 2454 5789 Dominus
2477 5743 2597 5788 ante
2616 5733 2882 5788 introitum
2902 5743 3047 5787 tuum
3073 5742 3418 5788 antecessores
3439 5740 3552 5785 tuos
3578 5745 3779 5800 vespas,
