4072 6198
243 331 348 388 9.37

1245 330 1334 386 os
1376 304 1725 389 UNIVERSO
1758 329 1942 386 unm
1977 328 2144 387 χχιι.
2183 361 2254 372 -
2289 329 2415 387 un.
2456 331 2550 388 lx.

3421 332 3525 388 233

240 445 335 520 qui
373 424 726 499 attaminent
773 439 1120 504 Canamrum,
1165 437 1412 494 ,Ευαναηι
1455 451 1609 511 atque
1648 439 1842 495 lere-
1870 450 1919 507 Α
1945 440 2135 496 Grzcco
2159 441 2326 503 venit,
2355 441 2496 495 sicut
2524 450 2580 496 et
2606 455 2745 495 mus.
2770 439 2882 506 lla},
2912 442 3051 498 sicut
3076 452 3131 498 et
3153 458 3302 514 apes.
3327 457 3530 503 necata:

246 552 418 592 atrum
452 534 609 607 (Sap.
638 531 760 604 xu).
792 532 911 588 Non
941 531 1139 602 legitur
1159 531 1353 586 alicubi
1376 532 1601 588 historia
1637 533 1842 588 Veteris

244 624 606 688 Testamenti,
651 623 794 691 quod
823 623 1114 678 scabroncs
1154 621 1235 676 vel
1265 637 1458 692 vespas
1498 623 1706 678 miserit
1735 623 1841 678 Do-

244 717 430 771 minus
459 720 587 767 ante
631 711 769 767 ﬁlios
815 710 983 766 lsrael
1026 711 1078 765 in
1125 711 1310 767 hostes
1355 727 1572 778 eorum;
1615 713 1708 767 sed
1747 729 1844 782 per

245 808 363 862 inec
389 805 665 867 animalia,
697 819 819 874 qua:
839 803 1040 856 aculeis
1063 812 1318 874 pugnant,
1354 803 1597 874 designat
1622 804 1843 858 timores

239 895 682 966 compunctionis
723 895 776 947 in
825 894 1011 948 hostes
1037 908 1247 958 eorum,
1273 909 1380 964 quo
1419 895 1736 949 terebantur
1766 904 1844 948 at-

240 1002 353 1057 que
399 985 744 1055 fugabantur.
787 982 862 1036 De
891 982 1152 1037 scarabco
1175 992 1351 1037 autem
1383 984 1434 1038 in
1461 985 1722 1055 propheta
1770 985 1841 1038 ita

241 1079 511 1148 scriptum
541 1086 626 1131 est
656 1094 670 1130 :
720 1075 790 1129 Et
818 1075 1098 1129 scarabens
1128 1076 1192 1129 de
1220 1076 1360 1147 ligno
1389 1077 1631 1130 clamavit
1656 1095 1674 1131 :
1699 1079 1842 1146 quod

240 1175 440 1238 putant
464 1167 684 1237 quidam
719 1165 785 1220 de
809 1164 1038 1219 Domino
1068 1165 1294 1230 dictum,
1329 1166 1420 1235 qui
1453 1166 1504 1220 in
1535 1181 1695 1220 cruce
1726 1181 1842 1221 sus-

244 1274 449 1329 pensus
495 1273 595 1326 pro
633 1257 1070 1327 persecutoribus
1100 1258 1362 1320 exoravit,
1402 1258 1624 1313 dicens:
1657 1257 1840 1324 Pater,

244 1355 459 1422 ignosce
487 1350 614 1416 illis,
644 1350 772 1419 quia
806 1350 1042 1402 nesciunt
1068 1348 1206 1419 quod
1241 1350 1440 1419 faciunt
1471 1349 1620 1420 (Luc.
1651 1350 1838 1420 xxnl);

246 1443 331 1496 vel
375 1443 446 1495 de
483 1441 710 1502 latrone,
743 1439 834 1508 qui
865 1438 917 1491 in
960 1453 1120 1492 cruce
1158 1438 1225 1492 ad
1271 1437 1543 1493 Christum
1589 1439 1841 1494 clamavit

247 1535 479 1588 dicens:
511 1530 772 1584 Memento
815 1531 938 1592 mei,
979 1527 1221 1594 Domine,
1271 1530 1396 1582 dum
1438 1531 1633 1584 veneria
1667 1531 1842 1585 inre-

244 1641 411 1695 gnum
440 1633 586 1677 tuum
615 1623 825 1696 (lbid.).
855 1622 1082 1677 Locusta
1112 1623 1254 1692 quod
1283 1623 1508 1694 pedibus
1543 1624 1611 1677 sit
1644 1624 1836 1696 longis,
1872 1661 1887 1678 .

248 1715 396 1769 velut
454 1715 631 1768 hasta.
683 1713 836 1769 Unde
880 1721 936 1768 et
975 1728 1094 1767 eam
1139 1714 1312 1768 Grmci
1365 1723 1475 1768 tam
1513 1715 1837 1770 maritimam

1945 533 2000 587 in
2034 545 2172 601 aqua
2200 531 2521 601 aliquotiens
2552 543 2675 602 post
2702 531 2864 587 unius
2889 533 3036 588 hora:
3078 544 3310 604 spatium
3337 537 3533 593 revivi-

1945 629 2122 678 scunt.
2168 621 2442 693 Cyuomya
2485 621 2672 677 Graece
2713 632 2956 687 vocatur,
2999 624 3054 678 id
3091 633 3198 682 est.
3227 640 3410 680 musca
3437 642 3532 681 ca-

1944 713 2090 767 nina.
2124 712 2259 766 Nam
2287 713 2407 767 cino
2439 711 2624 785 [cyon]
2653 712 2859 778 Graece,
2884 713 3034 768 cauis
3065 723 3307 769 vocatur.
3335 715 3534 772 Musca;

1943 802 2249 857 immundos
2271 803 2492 872 spiritus
2521 803 2602 858 vel
2623 812 2938 874 peccatores
2968 804 3248 873 squalores
3278 807 3528 861 vitiorum

1943 901 2212 948 sectantes
2255 893 2579 965 signiﬁcant,
2608 894 2698 964 qui
2741 895 2988 950 sordibus
3035 895 3297 950 scelerum
3353 897 3530 952 oleum

1942 985 2327 1040 misericordia:
2356 995 2518 1055 atque
2555 987 2837 1041 charitatis
2873 997 3244 1057 corrumpunt.
3283 988 3436 1044 Unde
3478 989 3532 1043 in

1942 1077 2270 1131 Ecclesiaste
2299 1078 2560 1146 scriptum
2589 1089 2673 1132 est
2702 1096 2716 1131 :
2750 1077 2953 1132 Musca!
2987 1073 3261 1131 morientes
3286 1081 3534 1132 extermi-

1943 1177 2069 1221 nant
2117 1169 2426 1222 saavitatem
2479 1169 2732 1238 unguenti
2783 1168 3010 1240 (Eccles.
3060 1169 3114 1239 x)
3154 1186 3166 1220 :
3200 1169 3324 1237 quia
3360 1171 3535 1224 malus

1942 1256 2134 1310 mistus
2160 1257 2316 1312 bonis
2343 1259 2675 1311 contaminat
2715 1258 2972 1326 plurimos
2990 1299 3003 1323 ,
3043 1258 3310 1326 quomodo
3335 1273 3536 1313 muscae

1941 1346 1988 1401 si
2011 1347 2308 1400 moriantur
2338 1347 2400 1401 in.
2440 1355 2734 1418 unguento,
2765 1349 2999 1417 perdunt
3041 1349 3261 1403 odorem
3293 1355 3347 1403 et
3377 1363 3536 1419 sapo-

1941 1450 2056 1489 rem
2097 1436 2240 1490 illius
2271 1455 2283 1491 :
2333 1438 2419 1513 sic
2455 1447 2510 1492 et
2547 1438 2814 1492 calliditas
2841 1439 3184 1508 sapientiam,
3211 1449 3265 1493 et
3295 1440 3534 1510 pruden-

1944 1526 2072 1579 tiam
2109 1527 2314 1580 malitia
2361 1529 2619 1583 sordidat.
2667 1527 2878 1597 Quarto
2917 1537 3094 1583 autem
3122 1529 3242 1584 loco
3267 1527 3538 1599 )Egyptm

1940 1617 2142 1672 muscis
2190 1619 2491 1688 percutitur
2529 1618 2736 1690 (Exod.
2790 1619 2942 1690 vin).
2999 1619 3180 1675 Musca
3241 1621 3384 1674 enim
3449 1619 3532 1673 in-

1941 1709 2120 1764 solens
2151 1718 2207 1762 et
2240 1710 2541 1779 inquietum
2581 1710 2779 1764 animal
2827 1720 2928 1766 est.
2967 1711 3022 1766 in
3067 1727 3172 1782 qua
3217 1712 3351 1781 quid
3387 1711 3533 1766 aliud

249 1821 416 1876 quant
443 1815 760 1860 terrestrem
785 1814 968 1860 astaco
984 1805 1270 1876 appellant.
1300 1806 1531 1860 Locusta
1554 1806 1840 1877 aliquando
1871 1809 1915 1867 B
1943 1815 2104 1869 quam
2145 1799 2440 1856 insolentes
2476 1816 2619 1855 cum
2655 1801 3043 1887 desideriorum
3093 1800 3390 1856 cantai'mm
3441 1800 3536 1856 de-

248 1897 476 1967 populos
530 1895 799 1967 signiﬁcat
851 1896 1133 1951 instabiles
1173 1905 1228 1950 et
1272 1913 1453 1968 vagos,
1491 1905 1550 1950 ut
1590 1906 1676 1952 est
1716 1899 1846 1954 illud

252 1995 305 2048 in
341 1992 640 2062 Evangelio
680 1991 748 2046 de
787 1990 992 2046 Joanne
1020 2009 1032 2045 :
1064 1992 1202 2046 Esca
1256 2002 1430 2045 autem
1473 1993 1588 2062 ejus
1625 2003 1736 2046 erat
1776 1994 1847 2048 lo-

251 2093 400 2138 casta
435 2093 484 2137 et
529 2082 632 2136 mel
661 2082 892 2136 silvestre
935 2080 1148 2152 (Matth.
1181 2080 1302 2152 tn);
1347 2082 1472 2150 quia
1521 2083 1586 2136 de
1620 2097 1848 2137 convcr-

251 2178 404 2231 sione
455 2174 777 2246 populorum
822 2173 892 2228 ad
935 2173 1094 2228 [idem
1143 2172 1343 2227 Christi
1382 2182 1568 2241 pastus
1597 2173 1646 2227 ei
1688 2171 1846 2227 ﬁebat

250 2267 584 2323 delectabilis
611 2275 773 2335 atque
797 2265 996 2320 suavis.
1021 2264 1153 2319 item
1185 2264 1238 2318 in
1268 2265 1452 2319 Exodo
1480 2273 1664 2320 octava
1694 2265 1846 2336 plaga

252 2360 447 2430 legitur
495 2357 705 2412 locusta
751 2355 915 2410 missa
945 2369 1064 2410 esse
1108 2355 1162 2409 in
1193 2353 1486 2426 Egyptum
1515 2355 1711 2427 (Exod.
1745 2357 1799 2428 χ)
1830 2375 1842 2410 :

250 2467 349 2521 per
375 2449 524 2519 quod
544 2463 714 2519 genus
741 2447 912 2518 plaga:
932 2455 1155 2516 putatur
1177 2462 1206 2500 a
1235 2448 1555 2516 quibusdam
1583 2448 1849 2503 dissiden-

255 2536 324 2588 tis
354 2550 383 2587 a
415 2548 476 2588 se
519 2543 573 2588 et
614 2531 977 2586 discordantis
1004 2531 1223 2585 humani
1252 2532 1464 2602 generis
1489 2532 1847 2587 inconstantia

253 2621 546 2678 confutari.
572 2620 805 2675 Locusta
834 2620 1062 2690 populus
1083 2620 1344 2692 gentium,
1367 2628 1427 2674 ut
1447 2622 1500 2675 in
1524 2620 1846 2678 Salomone:

255 2714 478 2768 Locusta
525 2730 694 2783 regem
740 2729 844 2766 non
885 2713 1055 2779 habet,
1096 2724 1144 2766 et
1185 2714 1448 2783 egreditur
1480 2716 1721 2770 universa
1755 2732 1849 2785 per

253 2816 457 2858 tunsae
502 2800 685 2874 (Prov.
727 2803 879 2874 xxx).
916 2802 1047 2858 item
1089 2803 1307 2859 locustae
1346 2805 1640 2871 (immanes,
1689 2813 1750 2860 ut
1791 2807 1847 2861 in

252 2893 578 2964 Apocalypsi
604 2907 619 2946 :
650 2892 717 2946 Et
757 2894 824 2947 de
847 2894 990 2963 fumo
1016 2911 1236 2965 egressa:
1271 2905 1392 2950 sunt
1421 2896 1633 2952 locusttr
1661 2896 1844 2969 (Apoc.

256 2985 356 3051 Ix).
400 2985 468 3038 Et
511 2986 563 3038 in
597 2984 737 3040 libro
777 2984 1025 3040 Judicum
1053 3003 1066 3038 :
1097 2982 1295 3040 Cameli
1332 3003 1511 3041 eorum
1547 2998 1603 3042 ut
1633 2988 1848 3044 locusta:

257 3073 460 3143 (Judic.
482 3073 605 3142 vn).
639 3075 870 3130 Locusta
898 3077 1146 3144 superbia
1171 3076 1252 3130 vel
1290 3077 1504 3148 vagatio
1526 3081 1742 3145 mentis,
1785 3087 1846 3134 ut

1948 1893 2248 1964 signantur.
2305 1893 2570 1964 Egyptus
2613 1909 2750 1964 ergo
2789 1895 2992 1949 muscis
3037 1895 3355 1963 percutitur,
3408 1893 3536 1964 quia

1947 1998 2134 2038 eorum
2176 1986 2343 2040 corda
2384 1986 2478 2053 qui
2522 1987 2626 2040 hoc
2659 1985 2913 2039 saeculum
2961 1984 3208 2055 diligunt,
3241 1984 3536 2040 desiderio-

1948 2089 2067 2127 rum
2098 2090 2318 2129 suorum
2355 2075 2817 2144 inquietudinibus
2856 2074 3142 2130 feriuntur.
3185 2074 3356 2130 Porro
3387 2073 3532 2130 LXX

1948 2164 2276 2234 interpretes
2295 2179 2635 2235 cynomyam,
2671 2167 2725 2220 id
2757 2175 2860 2229 est,
2888 2167 3137 2220 caninam
3164 2177 3406 2220 muscam
3437 2180 3533 2235 po-

1948 2265 2194 2319 suerunt,
2238 2270 2335 2326 per
2378 2270 2540 2324 quam
2583 2255 2763 2310 canini
2802 2270 2981 2310 mores
3025 2255 3442 2326 significantur:
3475 2254 3531 2309 in

1947 2329 2141 2416 quibus
2177 2347 2424 2401 humana:
2451 2347 2647 2401 mentis
2677 2346 2927 2401 voluntas
2959 2354 3008 2400 et
3047 2345 3212 2400 libido
3240 2345 3419 2401 carnis
3444 2359 3534 2399 ar-

1949 2438 2150 2510 guitur.
2178 2439 2365 2494 Potest
2389 2438 2604 2509 quidem
2636 2438 2739 2494 hoc
2768 2437 2884 2493 loco
2913 2436 3203 2509 signiﬁcari
3248 2437 3412 2492 etiam
3435 2450 3536 2507 per

1949 2543 2192 2583 muscam
2221 2528 2469 2583 caninam
2499 2526 2730 2584 forensis
2758 2528 3034 2583 hominum
3073 2526 3403 2596 eloquentia,
3425 2541 3532 2595 qua

1947 2618 2095 2674 velut
2137 2631 2299 2674 canes
2341 2619 2604 2674 alterutro
2647 2634 2706 2673 se
2752 2618 3010 2674 lacerant.
3041 2617 3205 2674 Culex
3235 2618 3305 2672 ab
3345 2616 3542 2672 aculeo

1949 2709 2148 2776 dictus,
2191 2724 2301 2779 quo
2347 2707 2660 2778 sanguinem
2685 2709 2848 2778 sugit.
2886 2708 3056 2763 liabet
3083 2711 3228 2764 enim
3256 2710 3317 2764 in-
3347 2722 3443 2763 ore
3473 2705 3536 2762 ll-
3597 2757 3603 2764 .

1949 2799 2144 2854 stulam
2182 2797 2238 2852 in
2267 2799 2490 2854 modum
2513 2797 2735 2864 stimuli,
2772 2813 2878 2868 qua
2921 2812 3142 2852 carnem
3185 2797 3442 2857 terebrat.
3476 2802 3538 2851 ut

1949 2889 2264 2961 sanguine
2304 2890 2472 2944 bibat.
2526 2887 2762 2944 Scinifcs
2787 2903 2986 2944 musca:
3010 2888 3381 2944 minutissima:
3408 2894 3538 2942 sunt

1949 2979 2152 3034 aculeis
2175 2978 2516 3049 permoleswe
2538 2992 2563 3032 :-
2581 2993 2688 3048 qua
2720 2978 2877 3032 tertia
2902 2977 3060 3048 plaga
3078 2976 3344 3046 superbus
3369 2973 3538 3046 Egy-

1947 3069 2188 3140 ptiorum
2211 3068 2438 3140 populus
2481 3083 2654 3124 casus
2681 3076 2783 3124 est.
2813 3066 2928 3123 Hoc
2970 3067 3168 3121 animal
3195 3065 3390 3136 pennis
3415 3065 3538 3135 qui-

256 3166 312 3219 in
337 3164 494 3220 loci:
528 3165 815 3219 Reaiduum
859 3182 1028 3220 erucae
1069 3167 1298 3223 comedet
1347 3169 1546 3224 locusta
1583 3169 1742 3241 (Joel.
1782 3172 1846 3246 ι).
1877 3157 1925 3220 C
1953 3164 2078 3218 dem
2109 3163 2454 3232 suspenditur
2496 3175 2594 3232 per
2631 3177 2758 3217 aera
2797 3160 3060 3227 volitans;
3105 3159 3201 3214 sed
3238 3159 3311 3212 ita
3341 3156 3540 3213 subtile

255 3255 376 3310 Alio
421 3271 646 3325 quoque
687 3271 848 3311 sensu
893 3256 1112 3312 locusta:
1159 3273 1257 3328 pro
1287 3260 1583 3315 mobilitate
1617 3261 1852 3319 levitatis

257 3343 585 3414 accipienda:
620 3353 768 3408 sum,
814 3352 1068 3415 tanquam
1107 3363 1255 3419 vagae
1288 3358 1342 3404 et
1382 3349 1635 3407 salientes
1660 3353 1853 3408 animae

260 3434 313 3487 in
343 3433 531 3489 seculi
553 3434 877 3503 voluptates.
919 3436 1050 3491 Item
1093 3451 1192 3508 per
1217 3439 1666 3510 signiﬁcationem
1707 3443 1854 3498 locu-

261 3534 377 3588 stae,
408 3540 532 3594 qtae
553 3524 837 3595 plusquam
858 3535 1053 3582 caetera
1080 3529 1283 3584 minuta
1307 3545 1533 3602 quaeque
1558 3534 1852 3589 animantia

262 3616 517 3672 immanis
546 3617 793 3687 frugibus
836 3628 1053 3684 uocent,
1084 3619 1278 3690 linguaa
1307 3623 1637 3679 adulantium
1668 3625 1852 3696 expri-

263 3718 524 3775 muntur,
575 3726 696 3780 qua:
762 3720 1101 3767 terrenorum
1172 3715 1452 3770 hominum
1507 3726 1756 3785 mentes,
1809 3719 1854 3774 si

263 3799 480 3869 quando
503 3801 646 3855 bona
668 3800 846 3872 aliqua
871 3802 1116 3873 proferre
1141 3806 1499 3875 conspiciunt,
1530 3808 1855 3865 haecimmo—

264 3888 514 3944 deratius
584 3890 856 3946 laudando
926 3897 1294 3964 corrumpunt.
1363 3895 1595 3953 Fructus
1659 3901 1856 3970 quippe

263 3979 646 4052 Egyptiorum
676 3991 757 4037 est
780 3998 942 4052 opera
981 3986 1400 4054 cenodoxorum,
1441 4004 1602 4060 quam
1635 3989 1856 4046 locusta:

264 4074 652 4138 exterminant,
702 4074 830 4128 dum
877 4075 1155 4132 adulantes
1197 4077 1391 4150 lingua:
1433 4081 1498 4135 ad
1527 4084 1866 4153 appetendas

264 4164 454 4220 laudes
501 4166 848 4220 transitorias
882 4181 978 4222 cor
1010 4171 1284 4238 cperantis
1318 4171 1599 4227 inclinant.
1651 4174 1858 4231 Herbas

263 4270 394 4310 vero
437 4255 662 4314 locustae
709 4257 1019 4322 comedunt,
1064 4261 1276 4328 quando
1311 4262 1622 4318 adulatores
1659 4265 1859 4335 quique

267 4347 428 4402 verba
455 4348 794 4417 loquentium
839 4349 1115 4406 favoribus
1143 4353 1420 4437 eglollunt.
1453 4353 1618 4410 Poma
1646 4372 1858 4426 quoque

267 4440 521 4494 arborum
550 4440 836 4504 devorant,
884 4443 1101 4512 quando
1123 4445 1275 4501 vanis
1317 4445 1566 4502 laudibus
1604 4463 1859 4518 quorum-

269 4529 388 4584 dam
424 4528 538 4598 jam
567 4529 728 4601 quasi
764 4529 987 4586 fortium
1029 4547 1194 4602 opera
1235 4544 1514 4590 enervant.
1559 4535 1741 4592 Musca
1788 4553 1856 4593 ex
1883 4526 1935 4586 D

1954 3260 2008 3307 et
2045 3253 2331 3319 minutum,
2377 3260 2439 3307 ut
2471 3251 2614 3308 oculi
2660 3252 2854 3319 visum,
2899 3251 3004 3306 nisi
3051 3258 3208 3308 acute
3242 3246 3535 3308 cernentis.

1953 3347 2189 3419 etlugiat.
2221 3346 2434 3418 Corpus
2466 3354 2649 3403 autem
2693 3360 2813 3401 cum
2861 3344 3139 3410 insederit,
3187 3339 3540 3396 acerbissimo

1956 3447 2196 3501 terebrat
2227 3443 2463 3510 stimulo,
2495 3444 2568 3498 ita
2608 3451 2668 3498 ut
2697 3457 2857 3512 quem
2891 3439 3159 3495 volantem
3190 3436 3373 3491 videre
3417 3432 3542 3504 quis

1954 3551 2063 3591 non
2104 3535 2300 3600 valeat,
2347 3535 2546 3590 sentiat
2590 3534 2774 3588 statim
2820 3531 3216 3590 advenientem.
3263 3525 3376 3581 Hoc
3409 3537 3548 3596 ergo

1954 3625 2204 3681 animalis
2233 3640 2403 3697 genus
2427 3623 2712 3679 subtilitati
2739 3623 3006 3678 haeretica:
3029 3625 3392 3690 comparatur,
3419 3629 3542 3684 quae

1955 3717 2241 3772 subtili-bus
2267 3716 2554 3771 verborum
2579 3714 2810 3770 stimulis
2838 3715 3046 3768 animas
3071 3711 3330 3775 terebrat,
3359 3716 3541 3762 tanta-

1955 3821 2059 3877 que
2121 3807 2413 3862 calliditate
2458 3805 2850 3869 circum-venit,
2904 3812 2964 3858 ut
3015 3801 3272 3870 deceptus
3311 3797 3542 3869 quisque

1956 3915 2056 3955 nec
2101 3900 2283 3954 videat
2319 3913 2419 3960 nec
2471 3898 2732 3969 intelligat
2770 3895 2912 3950 unde
2958 3893 3256 3964 decipiatur
3301 3905 3316 3943 :
3351 3890 3446 3944 sed
3484 3888 3538 3942 in

1956 3992 2224 4048 Triuitate
2264 3991 2700 4062 blasphemantes
2741 3988 2905 4043 totius
2947 3986 3131 4040 mundi
3169 3984 3432 4052 dissipant
3480 3979 3544 4040 ﬁ.-

1956 4084 2096 4138 dem.
2148 4083 2394 4137 Bruchus
2446 4080 2710 4152 ingluvies
2755 4075 2982 4133 ventris.
3042 4074 3194 4130 Unde
3236 4081 3290 4128 et
3326 4085 3486 4139 supra
3523 4085 3538 4123 :

1956 4173 2241 4228 Residuum
2286 4189 2456 4228 eruca:
2501 4172 2732 4226 comedet
2777 4168 3002 4223 bruchus
3032 4165 3188 4239 (laet.
3228 4162 3290 4236 ι).
3332 4161 3544 4232 Rubigo

1959 4265 2236 4321 iracundia
2265 4265 2474 4331 cordis;
2510 4264 2562 4318 in
2585 4263 2739 4318 Joel:
2775 4260 3060 4316 Residuum
3101 4256 3283 4312 bruchi
3310 4253 3540 4309 comedet

1959 4359 2141 4429 rubigo
2173 4355 2383 4430 (Ibid).
2411 4356 2586 4410 Eruca
2610 4354 2829 4426 prurigo
2857 4351 3102 4418 luxuriae,
3134 4350 3332 4420 dequo
3360 4354 3418 4402 et
3447 4361 3544 4402 su—

1958 4464 2056 4520 pra
2082 4466 2094 4502 :
2123 4447 2406 4503 Residuum
2429 4463 2600 4502 eruca:
2626 4446 2857 4500 comedet
2890 4443 3092 4497 locusta
3122 4440 3328 4513 (lbid.).

281 4665 3538 4698 Mm

1537 4784 1839 4862 LIBER
1893 4786 2266 4866 NONUS.

875 5008 1259 5067 PROLOGUS.

579 5099 662 5154 De
685 5101 881 5168 mundo
909 5111 957 5155 et
977 5112 1208 5173 quatuor
1233 5104 1398 5176 plagis
1417 5107 1551 5177 ejus.

340 5189 399 5243 in
450 5206 613 5245 sacro
661 5207 790 5263 ergo
827 5193 1038 5264 eloquio
1076 5196 1440 5268 intelligentia:
1492 5215 1700 5271 magna:
1744 5202 1858 5257 dis-

272 5280 442 5334 cretio
477 5290 578 5335 est.
617 5281 772 5353 Sxpe
816 5285 961 5339 enim
1011 5286 1064 5340 in
1103 5288 1423 5357 quibusdam
1470 5289 1604 5346 locis
1639 5292 1778 5347 illius
1808 5303 1864 5349 et

270 5369 498 5425 historia
526 5374 794 5428 servanda
815 5385 898 5431 est
924 5385 978 5432 et
1000 5377 1248 5450 allegoria
1278 5395 1292 5434 :
1320 5389 1372 5436 et
1400 5397 1541 5451 saepe
1566 5384 1620 5438 in
1649 5385 1866 5453 quihus-

271 5460 399 5516 dam
439 5464 554 5519 sola
597 5466 930 5536 exquirenda
965 5479 1047 5525 est
1084 5471 1359 5544 allegoria,
1397 5474 1683 5545 aliquando
1735 5493 1862 5533 vero

269 5555 386 5608 sola
419 5572 643 5614 necesse
682 5570 765 5616 est
800 5569 861 5616 ut
898 5570 1144 5618 teneatur
1181 5565 1426 5621 historia.
1469 5565 1602 5620 Nam
1644 5569 1698 5622 in
1740 5571 1860 5640 qui-

268 5645 501 5703 busdam
529 5650 685 5717 locis,
725 5653 866 5708 sicut
894 5653 1150 5732 diximus,
1183 5657 1406 5712 historia
1449 5657 1606 5712 simul
1633 5662 1859 5715 tenenda

267 5750 325 5796 et
355 5738 633 5812 allegoria.
663 5752 725 5801 nt
755 5755 811 5802 et
835 5747 1100 5804 tardiores
1117 5757 1409 5808 nascantur
1435 5763 1532 5814 per
1557 5749 1858 5814 historiam,

1961 5028 2016 5076 et
2058 5020 2356 5077 velociores
2383 5022 2597 5094 ingenio
2635 5037 2733 5094 per
2762 5021 3096 5093 allegoriam.
3137 5019 3288 5077 Unde
3316 5035 3437 5076 cum
3471 5019 3546 5074 lo-

1960 5102 2158 5182 quente
2187 5112 2299 5167 Deo
2325 5113 2535 5182 populis
2559 5111 2836 5180 lampades
2872 5119 2928 5167 et
2963 5112 3198 5166 sonitum
3222 5110 3463 5166 buccinae
3492 5118 3548 5164 ct

1961 5212 2200 5258 montem
2251 5202 2600 5273 fumigantem
2643 5208 2908 5265 cerneret,
2951 5201 3270 5271 perterritus
3299 5200 3452 5269 petiit
3488 5187 3563 5253 ut”

1961 5293 2041 5348 eis
2072 5308 2169 5362 per
2204 5291 2422 5361 Moysen
2452 5292 2711 5346 Dominus
2745 5291 3072 5360 loqueretur.
3111 5289 3260 5345 Unde
3286 5290 3547 5359 scriptum

1961 5392 2047 5440 est
2071 5401 2086 5439 :
2113 5382 2267 5438 Stetit
2308 5380 2528 5452 populus
2568 5382 2632 5435 de
2675 5381 2844 5452 longe,
2879 5379 3083 5450 Moyses
3122 5390 3297 5433 autem
3332 5380 3547 5433 accessit

1969 5456 2052 5530 ad.
2082 5473 2371 5544 caliginem,
2416 5475 2470 5528 in
2519 5492 2622 5545 qua
2669 5484 2778 5527 erat
2819 5473 2960 5527 Deus
2997 5473 3192 5544 (Exod.
3222 5471 3335 5543 xx).
3367 5472 3547 5528 Turba

1969 5569 2165 5638 quippe
2202 5563 2379 5637 populi
2418 5563 2788 5635 allegoriarum
2825 5563 3108 5634 caliginem
3149 5579 3254 5618 non
3283 5563 3420 5619 valet
3451 5576 3548 5634 pe-

1969 5669 2225 5717 netrare:
2257 5659 2383 5728 quia
2412 5656 2565 5712 valde
2608 5671 2901 5728 paucorum
2945 5643 3028 5713 est
3065 5655 3364 5727 spiritalem
3395 5652 3552 5708 intel-

1967 5753 2165 5809 lectum
2215 5749 2418 5806 rimari.
2462 5748 2598 5818 Quia
2640 5751 2786 5807 enim
2839 5759 3049 5808 mentes
3095 5748 3388 5806 carnalium
3433 5744 3549 5803 sola
