4072 6198
509 277 615 334 259

1148 273 1213 330 Β.
1250 272 1506 330 RABANI
1543 270 1765 330 MAURI
1801 267 2126 327 ARClllEP.
2167 265 2479 326 MOGUNT.
2516 267 2807 327 OPERUM
2839 267 3022 326 PARS
3057 267 3125 327 ιι.

3670 272 3779 330 360

505 405 647 462 sarpe
670 388 898 448 historia
921 396 1237 461 pascuntur,
1267 386 1517 457 loquente
1543 385 1655 441 Deo
1682 382 1832 439 stetit
1862 381 2092 455 populus
2117 386 2168 446 Α
2196 379 2414 435 nomine
2458 379 2834 450 appellantur:
2866 387 3015 435 totus
3038 379 3222 450 itaque
3261 394 3363 439 suo
3407 380 3579 438 servit
3617 382 3784 440 Crea-

504 480 715 553 alonge
752 496 766 535 :
815 479 942 550 quia
975 492 1105 535 vero
1150 475 1423 548 spiritales
1463 475 1664 544 quique
1710 472 2088 544 allegoriarum

504 572 705 629 nubem
756 578 1061 641 penetrant,
1110 575 1171 623 ut
1212 566 1528 638 spiritaliter
1566 564 1662 621 Dei
1694 563 1857 619 verba
1891 576 2092 634 cogno-

505 670 682 728 scant,
713 660 923 733 Moyses
965 660 1194 716 accessit
1241 660 1310 714 ad
1356 657 1665 728 caliginem,
1708 657 1763 713 in
1821 670 1923 725 qua
1972 660 2090 709 erat

505 754 668 810 Deus.
708 753 912 808 Idcirco
939 768 1036 808 nos
1066 752 1120 806 in
1150 752 1253 806 hoc
1274 766 1457 821 opere,
1490 749 1580 804 ubi
1609 749 1676 806 de
1708 765 1889 806 rerum
1916 748 2091 804 varie-

505 856 618 902 tate
669 847 815 901 varia
859 845 1254 918 signiﬁcatione
1298 844 1537 900 scribere
1574 842 1957 912 disposuimus,
2000 856 2091 898 res

505 938 650 1008 ipsas
688 938 921 1007 primum
966 944 1255 990 notamus:
1284 934 1475 990 deinde
1513 933 1963 1003 signiﬁcationem
1998 947 2090 1007 ea:

503 1045 625 1084 rum
665 1029 901 1084 breviter
928 1027 1274 1091 disseremus,
1317 1027 1391 1081 ita
1420 1035 1482 1081 ut
1514 1043 1549 1081 a
1587 1025 1786 1081 mundo
1827 1026 2090 1097 incipien-

504 1132 609 1186 tes,
646 1128 831 1191 patres
869 1117 988 1188 ejus
1015 1120 1405 1189 subsequenter
1440 1118 1756 1174 disserendo
1800 1132 2084 1188 ponamus.

504 1212 731 1266 Mundus
754 1221 837 1266 est
854 1211 1050 1267 coelum
1071 1219 1128 1265 et
1148 1220 1312 1277 terra,
1338 1226 1488 1265 mare
1508 1218 1564 1265 et
1581 1224 1700 1280 qua:
1722 1209 1777 1264 in
1807 1209 1888 1264 eis
1921 1221 2089 1278 opera

503 1303 599 1358 Dei
627 1312 771 1359 sunt.
799 1302 876 1358 De
904 1318 1012 1373 quo
1041 1303 1276 1359 dicitur:
1309 1302 1376 1357 Et
1407 1301 1635 1357 mundus
1658 1319 1751 1374 per
1772 1318 1891 1358 eum
1913 1301 2088 1370 factus

501 1404 577 1448 est
610 1394 791 1465 (Joan.
823 1393 883 1465 ι).
934 1392 1166 1450 Mundus
1204 1394 1396 1449 Latine
1438 1409 1470 1447 a
1506 1392 1843 1464 philosophis
1889 1392 2086 1456 dictus,

501 1483 646 1553 quod
689 1484 743 1538 in
769 1472 1096 1554 sempiterno
1120 1491 1268 1539 motu
1315 1481 1408 1547 sit,
1450 1490 1511 1535 ut
1546 1481 1765 1546 caelum,
1809 1480 1910 1546 sol,
1940 1480 2087 1546 luna,

500 1588 617 1641 aer,
646 1575 838 1629 maria.
870 1574 1025 1629 Nulla
1059 1574 1207 1629 enim
1250 1563 1466 1643 requies
1498 1572 1615 1642 ejus
1649 1571 1932 1627 elementis
1962 1586 2091 1626 con-

501 1680 656 1722 cessa
676 1674 781 1730 est,
796 1667 1021 1737 ideoque
1043 1682 1258 1736 semper
1283 1668 1337 1722 in
1358 1675 1507 1724 motu
1528 1674 1630 1721 est.
1646 1664 1818 1721 Gnaei
1840 1679 1969 1720 vero
1993 1679 2089 1720 no-

2191 470 2316 536 tori,
2346 485 2453 524 non
2500 471 2793 540 deceptori,
2824 471 3192 542 Redemptori,
3238 489 3345 528 non
3385 474 3814 549 intertunptori,‘

2190 568 2246 616 et
2267 561 2472 632 regitur
2497 561 2895 631 diSpensatione
2934 562 3136 628 divina,
3169 578 3275 618 non
3308 565 3508 621 inimici
3544 570 3783 624 versutia

2188 652 2540 719 subvertitur,
2575 662 2772 723 praeter
2811 654 3056 710 homines
3077 655 3246 725 partis
3276 654 3418 711 illius
3446 658 3536 727 qui
3562 661 3780 730 propria

2189 740 2487 810 voluntate,
2533 758 2640 798 non
2668 744 2992 800 necessitate
3021 744 3221 815 aliqua,
3265 762 3325 801 se
3352 749 3644 818 subjiciunt
3667 750 3782 806 dia-

2189 833 2333 889 bolo.
2376 834 2683 905 Aliquando
2729 836 2895 891 etiam
2922 836 3035 906 ipsa
3073 837 3298 893 ambitio
3328 847 3663 897 terrenarum
3689 858 3781 898 re-

2190 942 2311 982 rum
2355 928 2540 982 mundi
2581 928 2800 985 nomine
2842 930 3177 1001 designatur.
3214 930 3370 987 Unde
3390 932 3523 988 dicit
3543 931 3782 990 Joannes

2188 1017 2464 1089 apostolus
2499 1036 2514 1072 :
2566 1018 2745 1074 Nolite
2785 1018 3002 1091 diligere
3036 1020 3309 1084 mundum,
3352 1039 3515 1093 neque
3552 1040 3615 1078 ea
3660 1041 3781 1095 qua:

2187 1111 2242 1164 in
2288 1111 2484 1165 mundo
2507 1122 2651 1166 sunt.
2685 1110 2748 1166 Si
2772 1112 2888 1182 quis
2921 1112 3090 1182 diligit
3125 1112 3397 1177 mundum,
3428 1132 3531 1170 non
3555 1125 3631 1170 est
3654 1117 3781 1170 cltu-

2189 1201 2319 1254 ritas
2347 1198 2528 1255 Patris
2556 1201 2610 1256 in
2633 1218 2716 1267 eo,
2735 1201 2861 1272 quia
2888 1218 3039 1256 omne
3065 1202 3204 1269 quod
3231 1204 3285 1256 in
3311 1204 3509 1259 mundo
3532 1215 3630 1271 est,
3661 1222 3783 1260 con-

2189 1294 2507 1365 cupiscentia
2558 1294 2734 1349 carnis
2785 1304 2897 1361 est,
2944 1297 3364 1366 concupiscentia
3407 1296 3679 1353 oculorum
3730 1310 3780 1352 et

2187 1386 2432 1455 superbia
2468 1385 2589 1441 vitae
2632 1384 2685 1455 (ι
2731 1384 2898 1441 Joan.
2946 1389 3033 1457 ιι).
3076 1385 3249 1443 Omne
3282 1389 3429 1458 quod
3470 1389 3525 1443 in
3557 1391 3780 1457 mundo,

2191 1478 2320 1534 dicit
2369 1493 2582 1543 omnes,
2616 1478 2709 1549 qui
2758 1487 2943 1535 mente
2989 1480 3297 1536 inhabitant
3338 1482 3629 1547 mundum,
3687 1484 3782 1554 qui

2190 1586 2376 1627 amore
2421 1571 2666 1627 incolunt
2709 1572 3005 1639 mundum;
3046 1574 3186 1630 sicut
3226 1574 3421 1630 cmlum
3456 1576 3785 1643 inhabitant,

2190 1678 2421 1734 quorum
2445 1678 2541 1719 cor
2571 1679 2789 1720 sursum
2813 1674 2922 1731 est,
2952 1666 3198 1735 quamvis
3222 1682 3387 1724 carne
3423 1668 3701 1724 ambulent
3730 1669 3781 1723 in

501 1772 626 1813 men
649 1758 849 1813 mundo
869 1758 935 1814 de
964 1766 1285 1814 ornamento
1303 1757 1846 1814 accommodaverunt
1866 1765 2086 1827 propter
2113 1755 2160 1815 B
2191 1762 2355 1807 terra.
2386 1750 2558 1807 Omne
2589 1753 2733 1822 quod
2759 1753 2815 1808 in
2844 1754 3046 1809 mundo
3073 1764 3175 1819 est,
3208 1755 3264 1810 id
3288 1764 3391 1822 est,
3422 1757 3609 1813 mundi
3634 1773 3786 1812 ama-

502 1849 867 1904 diversitatem
917 1849 1326 1915 elementorum,
1366 1858 1418 1905 et
1461 1847 1916 1919 pulchritudinem
1948 1846 2089 1902 side-

502 1954 641 1993 rum.
671 1938 985 2009 Appellatur
1017 1939 1163 1994 enim
1204 1939 1345 2009 apud
1375 1954 1469 1994 eos
1510 1954 1731 2002 cosmos,
1758 1937 1903 2008 quod
1923 1936 2088 2007 signi-

503 2029 629 2085 ﬁcat
656 2040 1038 2085 ornamentum.
1066 2030 1210 2086 Nihil
1240 2030 1386 2087 enim
1423 2030 1626 2086 mundo
1652 2029 1927 2100 pulchrius
1958 2044 2089 2085 ocu-

500 2121 569 2176 lis
593 2122 775 2179 carnis
813 2122 1127 2192 aspicimus.
1156 2122 1385 2177 Mundus
1427 2122 1570 2177 enim
1601 2121 1890 2191 aliquando
1912 2121 2085 2176 histo-

501 2214 732 2279 rialiter,
764 2212 816 2268 id
843 2222 949 2279 est,
973 2214 1347 2269 universorum
1371 2214 1762 2269 elementorum
1788 2211 2087 2282 compactio

500 2303 767 2373 accipitur
791 2320 804 2355 :
834 2302 1121 2373 aliquando
1148 2318 1277 2358 vero
1291 2302 1448 2371 juxta
1473 2302 1783 2375 allegoriam
1804 2302 1858 2357 in
1888 2302 2085 2357 bonam

502 2404 736 2465 partem,
783 2402 839 2449 et
883 2394 1170 2464 aliquando
1213 2394 1269 2449 in
1310 2394 1640 2450 contrariam
1676 2394 1909 2463 ponitdr.
1952 2391 2086 2445 Nam

502 2486 735 2541 mundus
764 2486 1119 2541 historialiter
1146 2486 1199 2540 in
1248 2500 1314 2542 eo
1350 2485 1686 2557 intelligitur,
1714 2485 1808 2540 ubi
1836 2485 2085 2555 Evange-

502 2578 624 2633 lists
652 2578 782 2632 dicit
809 2597 822 2631 :
852 2577 918 2631 In
957 2578 1153 2632 mundo
1176 2589 1309 2644 erat,
1333 2590 1380 2634 et
1408 2579 1635 2634 mundus
1657 2595 1750 2649 per
1774 2594 1892 2634 eum
1913 2579 2086 2647 factus

502 2678 578 2723 est
601 2668 811 2741 (llud).
840 2669 906 2724 Et
927 2668 1057 2725 illud
1082 2670 1171 2724 ubi
1201 2668 1460 2725 Dominus
1484 2672 1600 2724 ait:
1631 2668 1745 2741 Ego
1766 2668 1859 2724 lus;
1877 2669 1933 2723 in
1949 2669 2087 2723 hunc

502 2760 757 2819 mundum
793 2762 906 2817 ueni
946 2760 1129 2835 (Joan.
1159 2762 1277 2836 xu).
1310 2763 1367 2818 In
1393 2762 1594 2819 mundo
1629 2776 1827 2832 quippe
1866 2768 2001 2823 erat,
2033 2769 2089 2816 et

502 2855 736 2909 mundus
760 2870 858 2924 per
887 2855 1059 2926 ipsum
1101 2856 1277 2911 factus
1306 2864 1391 2912 est
1415 2873 1428 2911 :
1457 2855 1582 2925 quia
1608 2854 1751 2910 Deus
1781 2861 1922 2920 erat,
1943 2861 2089 2909 totus

504 2946 723 3016 ubique,
752 2947 876 3016 quia
924 2962 1036 3002 sua:
1082 2948 1368 3017 praesentia
1396 2947 1699 3018 majestatis
1741 2944 1859 3001 sine
1903 2944 2088 3000 labore

501 3053 715 3108 regens,
763 3038 880 3093 sine
924 3053 1088 3095 onere
1137 3039 1441 3105 continens,
1493 3039 1635 3109 quod
1679 3036 1826 3093 fecit.
1876 3037 1932 3091 ln
1978 3052 2086 3106 quo

2190 1850 2338 1897 tores
2381 1856 2489 1896 non
2539 1841 2741 1897 habent
2790 1844 2893 1900 nisi
2951 1846 3447 1916 concupiscentiam
3494 1849 3678 1905 carnis
3726 1858 3786 1904 ct

2187 1933 2488 2001 oculorum,
2510 1943 2567 1991 et
2591 1935 2898 2006 superbiam
2940 1938 3082 1993 vitae.
3108 1936 3313 2006 Quibus
3342 1940 3595 1995 vitiorum
3618 1956 3786 1996 voca-

2189 2025 2329 2081 hulis
2361 2026 2544 2082 omnia
2575 2027 2830 2082 vitiorum
2862 2044 3062 2100 genera
3099 2030 3529 2100 comprehendit.
3567 2030 3783 2088 Concu-

2186 2115 2450 2185 pisceutia
2476 2116 2658 2171 carnis
2686 2125 2789 2184 est,
2817 2132 2979 2172 omne
3000 2119 3141 2188 quod
3168 2120 3237 2174 ad
3263 2118 3587 2191 voluptatem
3611 2130 3667 2176 et
3694 2123 3786 2176 dc-

2189 2207 2341 2263 licias
2382 2208 2629 2278 corporis
2671 2209 2950 2279 pertinet,
3000 2210 3054 2263 in
3104 2209 3301 2280 quibus
3347 2220 3475 2267 sunt
3511 2213 3783 2280 maxima,

2188 2299 2339 2353 cibus
2360 2308 2418 2354 et
2437 2308 2618 2370 potus,
2642 2308 2697 2353 et
2717 2300 3070 2355 concubitus:
3100 2316 3220 2371 qua:
3241 2302 3341 2356 tria
3373 2302 3629 2358 Salomon
3658 2319 3787 2359 san-

2188 2386 2429 2459 guisugis
2476 2395 2777 2459 comparat.
2823 2386 3270 2459 Concupisccntia
3310 2391 3613 2457 oculorum,
3660 2409 3785 2464 qua:

2188 2478 2249 2531 ﬁt
2278 2477 2333 2532 in
2362 2477 2634 2533 discendis
2679 2478 2888 2533 artibus
2934 2478 3191 2547 nefariis,
3249 2481 3305 2536 in
3352 2483 3785 2554 contemplandis

2187 2569 2513 2640 spectaculis
2542 2570 2791 2640 turpibus
2833 2571 2914 2626 vel
2963 2575 3331 2643 supervacuis,
3358 2575 3414 2630 in
3438 2577 3785 2646 acquirendis

2188 2660 2350 2714 rebus
2389 2660 2812 2730 temporalibus,
2869 2662 2925 2715 in
2981 2662 3359 2732 dignoscendis
3390 2673 3454 2720 .et
3494 2666 3784 2736 carpendis

2186 2747 2556 2817 proximorum
2586 2748 2753 2803 vitiis.
2786 2747 3066 2820 ,Superhia
3108 2749 3235 2806 vita:
3276 2759 3379 2816 est,
3410 2768 3535 2809 cum
3575 2768 3634 2809 se
3657 2754 3785 2825 quis

2182 2840 2355 2911 iactat
2381 2843 2434 2897 in
2466 2844 2782 2900 honoribus.
2820 2844 2924 2900 Per
2955 2846 3070 2901 hazc
3109 2846 3214 2901 tria
3242 2847 3509 2917 cupiditas
3544 2848 3781 2904 humana

2188 2940 2465 2989 tentatur:
2498 2949 2595 3004 per
2634 2936 2750 2990 htec
2789 2935 2962 2991 Adam
2992 2946 3045 2991 et
3086 2936 3347 2994 Dominus
3392 2939 3505 3009 ipse
3544 2948 3784 2995 tentatus

2189 3030 2291 3077 est.
2326 3022 2567 3090 Quatuor
2600 3032 2781 3079 autem
2831 3040 2953 3080 esse
3000 3025 3219 3081 climata
3267 3026 3452 3083 mundi
3501 3028 3674 3094 aiunt,
3727 3030 3787 3085 id

500 3130 665 3184 etiam
711 3131 931 3194 mundo,
978 3146 1137 3201 qum,
1174 3131 1326 3201 prius
1356 3145 1453 3201 per
1479 3132 1813 3186 divinitatem
1856 3131 2082 3198 creavit,
2111 3124 2157 3187 ρ
2187 3121 2290 3176 est,
2319 3111 2504 3182 plagas
2530 3127 2545 3166 :
2574 3113 2837 3169 orientem
2867 3122 2921 3171 et
2958 3116 3314 3183 occidentem,
3358 3119 3786 3188 septentrionem

500 3220 840 3290 postmodum
873 3220 1034 3275 homo
1084 3229 1245 3275 natus
1279 3219 1546 3290 apparuit.
1578 3219 1731 3287 Quod
1774 3229 1955 3275 autem
1998 3235 2086 3275 se-

502 3309 725 3377 quitur:
760 3309 1080 3363 lit-mundus
1121 3325 1239 3363 eum
1279 3326 1383 3365 non
1420 3310 1655 3381 cognovit
1685 3309 1864 3375 (Joan.
1898 3310 1964 3382 ι),
2012 3310 2091 3366 sl-

501 3398 726 3469 gniﬁcat
767 3399 1013 3454 homines
1056 3399 1241 3453 mundi
1292 3414 1478 3454 amore
1513 3400 1769 3469 deceptos
1802 3410 1967 3472 atque
2006 3398 2090 3455 in-

502 3488 758 3545 limrcndo
784 3498 1051 3545 creatum
1074 3489 1143 3543 ab
1168 3490 1508 3561 agnoscenda
1545 3491 1822 3547 Creatoris
1853 3492 1939 3548 sui
1966 3507 2085 3546 ma-

499 3577 699 3647 jestate
746 3578 993 3635 reﬂexos.
1025 3579 1242 3636 Duobus
1279 3590 1460 3636 autem
1508 3582 1703 3646 modis,
1733 3590 1791 3636 ut
1828 3583 2085 3649 diximus,

503 3669 736 3723 mundus
771 3668 1087 3739 intelligitur
1117 3687 1131 3724 :
1165 3670 1323 3724 aliter
1350 3671 1404 3725 in
1426 3673 1821 3741 peccatoribus,
1850 3673 2010 3730 aliter
2032 3675 2086 3730 in

503 3759 726 3817 sanctis.
760 3757 911 3825 Quod
952 3766 1133 3813 autem
1174 3758 1433 3814 Dominus
1459 3760 1593 3814 dicit
1633 3761 1699 3815 ad
1727 3760 1945 3818 Patrem
1973 3781 1986 3817 :
2018 3761 2086 3818 Ut

507 3846 733 3900 mundus
774 3847 974 3911 credat,
1013 3847 1137 3918 quia
1179 3858 1235 3901 tu
1272 3863 1353 3901 nte
1388 3848 1577 3903 misisti
1615 3849 1795 3920 (Joan.
1831 3850 1993 3924 svnt);
2031 3862 2089 3909 et

502 3939 662 3994 alibi:
698 3938 766 3992 Ut
786 3949 1059 4010 cognoscat
1088 3940 1313 3994 mundus
1333 3943 1456 4010 quia
1480 3941 1641 4011 diligo
1669 3939 1879 3997 Patrem
1901 3943 2083 4016 (Joan.

502 4029 647 4101 xiv);
680 4030 766 4084 hic
793 4030 1034 4085 nominat
1074 4030 1331 4086 mundum
1369 4047 1462 4087 eos
1501 4033 1591 4102 qui
1629 4034 1886 4089 credituri
1909 4045 2084 4104 erant,

502 4122 585 4177 vel
607 4122 732 4191 quia
765 4129 893 4175 tunc
938 4120 1236 4177 credebant
1276 4121 1548 4178 Christum
1595 4123 1790 4180 Filium
1833 4125 1926 4182 Dei
1952 4143 2087 4195 esse

504 4215 573 4270 ad
600 4214 829 4269 salutem
852 4212 1071 4267 humani
1100 4213 1315 4284 generis
1343 4214 1565 4270 missum
1594 4231 1623 4269 a
1654 4215 1817 4271 Patre
1846 4218 1897 4273 in
1930 4234 2085 4275 mun-

505 4306 652 4360 dum.
690 4304 841 4370 Quod
883 4313 1063 4359 autem
1097 4305 1215 4358 ait:
1254 4303 1416 4359 Pater
1451 4302 1619 4376 juste,
1656 4307 1883 4364 mundus
1903 4318 1953 4363 te
1979 4325 2085 4364 non

504 4395 762 4464 cognovit,
792 4411 887 4465 ego
911 4405 1084 4449 autem
1105 4395 1318 4466 cognovi
1347 4405 1397 4450 te
1423 4395 1603 4467 (Joun.
1631 4398 1799 4471 xvtt);
1827 4398 1947 4456 ideo
1974 4416 2081 4456 non

2187 3210 2242 3257 et
2271 3204 2573 3259 meridiem.
2601 3204 2796 3262 Oriens
2833 3207 2902 3262 ab
2931 3216 3125 3264 exortu
3153 3208 3284 3263 solis
3309 3218 3395 3265 est
3419 3219 3784 3280 nuncupatus.

2188 3294 2475 3363 Occidens,
2502 3298 2646 3367 quod
2689 3298 2832 3354 diem
2863 3298 3025 3354 faciat
3055 3300 3304 3356 occidere
3340 3309 3501 3371 atque
3531 3301 3784 3358 interire.

2187 3387 2507 3444 Absconditi
2544 3388 2689 3444 enim
2739 3388 2919 3445 lumen
2965 3390 3166 3447 mundo
3205 3399 3261 3447 et
3302 3392 3552 3451 tenebras
3588 3407 3789 3462 super-

2188 3477 2413 3535 inducit.
2449 3479 2759 3550 Septentrio
2795 3490 2976 3536 autem
3018 3498 3047 3535 a
3094 3490 3300 3551 septem
3335 3481 3506 3537 stellis
3542 3482 3663 3537 axis
3691 3498 3792 3538 vo-

2188 3578 2362 3637 catur,
2396 3585 2516 3640 qua:
2560 3570 2616 3625 in
2658 3571 2776 3640 ipso
2826 3570 3078 3627 revoluta:
3120 3580 3385 3627 rotantur.
3419 3571 3791 3644 llic-proprie

2186 3667 2373 3714 vertex
2395 3659 2593 3715 dicitur
2616 3675 2681 3716 eo
2712 3662 2855 3731 quod
2879 3662 3130 3729 vertitur,
3157 3663 3300 3719 sicut
3324 3673 3483 3734 poeta
3510 3666 3628 3722 ait:

2370 3757 2595 3808 Vertitur
2618 3759 2814 3809 interea
2838 3759 3139 3812 cretum......

2185 3838 2455 3904 Meridies,
2487 3839 2572 3895 vel
2599 3840 2724 3910 quia
2754 3842 2828 3897 ibi
2854 3843 2933 3898 sol
2964 3841 3128 3898 faciat
3158 3844 3394 3899 medium
3426 3846 3594 3913 diem,
3623 3842 3787 3917 quasi

2185 3930 2469 3985 medidies:
2500 3930 2581 3987 vel
2620 3932 2745 4000 quia
2779 3941 2907 3988 tunc
2938 3934 3128 4003 purius
3157 3936 3324 3990 micat
3348 3937 3539 3991 aether.
3573 3936 3787 3994 Merum

2186 4022 2332 4076 enim
2356 4036 2547 4092 purum
2569 4022 2787 4078 dicitur.
2812 4023 3038 4096 Mystice
3061 4035 3244 4081 autem
3270 4026 3468 4084 Oriens
3490 4028 3787 4088 Dominum

2184 4111 2452 4183 signiﬁcat
2474 4109 2832 4179 Salvatorem,
2862 4114 2931 4171 de
2964 4130 3073 4186 quo
3107 4115 3162 4170 in
3189 4115 3336 4172 Luca
3371 4118 3634 4187 scriptum
3656 4130 3785 4195 est:

2192 4202 2432 4258 Visitavit
2464 4221 2557 4259 nos
2599 4203 2786 4260 Oriens
2827 4222 2893 4262 es;
2914 4206 3020 4262 alto
3051 4207 3203 4280 (Luc.
3242 4209 3305 4281 ι).
3341 4210 3407 4264 ΕΙ.
3432 4211 3486 4265 in
3513 4210 3791 4271 Zacharia

2182 4296 2480 4365 propheta:
2516 4294 2652 4350 Ecce
2698 4296 2796 4362 vir,
2833 4295 3022 4353 Oriens
3073 4314 3261 4354 nomen
3290 4300 3406 4370 ejus
3448 4298 3636 4373 (Ζαειι.
3679 4304 3788 4375 vr).

2185 4384 2397 4451 Oriens,
2452 4386 2681 4457 populus
2724 4385 3056 4455 Judzeorum,
3110 4391 3227 4446 sive
3287 4392 3608 4450 illuminatio
3659 4395 3813 4469 ﬁdei,

505 4484 778 4555 cognovit,
804 4485 929 4554 quia
958 4485 1243 4541 damnatus
1269 4495 1352 4540 est
1383 4501 1479 4555 per
1501 4486 1768 4557 justitiam
1794 4507 1807 4543 :
1839 4489 1929 4545 ille
1957 4506 2086 4547 vero
2112 4478 2164 4548 '1)
2190 4478 2329 4532 sicut
2357 4480 2409 4532 in
2440 4477 2577 4533 lsaia
2605 4478 2846 4535 Ecclesia
2875 4480 3074 4536 dicitur
3112 4499 3126 4538 :
3165 4481 3245 4537 At:
3274 4482 3486 4539 Oriente
3517 4486 3791 4544 adducam

504 4578 595 4648 qui
650 4576 935 4631 salvandus
998 4585 1156 4642 erat,
1213 4577 1446 4633 mundus
1503 4593 1602 4649 per
1657 4580 2079 4637 misericordiam

507 4676 560 4721 te
584 4665 835 4735 cognovit
870 4683 882 4717 :
929 4664 1115 4736 utique
1143 4666 1259 4737 ipse
1281 4664 1529 4721 Christus
1558 4668 1923 4725 reconciliavit
1974 4669 2080 4725 Pa-

503 4762 573 4814 tri
620 4771 726 4810 uon
757 4754 971 4820 merito,
1003 4756 1097 4810 sed
1122 4757 1315 4827 gratia.
1357 4755 1493 4812 Hinc
1539 4757 1736 4813 dicitur
1777 4756 1935 4816 Jesus
1975 4760 2083 4816 sal-

502 4859 659 4905 vator
688 4848 891 4914 mundi,
925 4848 1029 4904 hoc
1057 4858 1156 4914 est,
1190 4849 1443 4906 Ecclesiae
1487 4851 1783 4918 catholicae,
1813 4854 1938 4924 quia
1970 4856 2084 4925 ipse

502 4941 741 4997 salvator
778 4940 1042 5006 omnium,
1087 4950 1144 4997 et
1188 4942 1424 4996 maxime
1465 4942 1721 4999 ﬁdelium.
1757 4944 1909 5014 Quod
1937 4948 2084 5002 enim

501 5032 699 5102 legitur
724 5032 983 5087 Dominus
1012 5032 1251 5088 dixisse:
1289 5030 1441 5088 Venit
1471 5035 1608 5089 enim
1652 5039 1888 5109 princeps
1924 5038 2084 5111 hujus

502 5125 704 5191 mundi,
749 5134 797 5179 et
839 5124 894 5180 in
938 5140 1020 5179 me
1048 5140 1149 5179 non
1193 5123 1383 5179 invenit
1419 5126 1702 5197 quidquam
1734 5128 1913 5203 (Joan.
1949 5135 2083 5201 xu);

504 5216 594 5271 hic
632 5216 869 5272 ostendit
905 5216 1175 5272 diabolum
1224 5215 1522 5287 principem
1566 5232 1685 5273 esse
1736 5229 2083 5288 peccatorum

502 5305 803 5372 hominum,
846 5322 953 5363 non
995 5315 1366 5378 creaturarum
1394 5306 1525 5361 Dei:
1559 5316 1615 5363 et
1658 5309 2081 5379 quotiescunque

503 5397 687 5451 mundi
731 5396 900 5468 ﬁgura
938 5397 991 5451 in
1041 5397 1181 5452 mala
1227 5396 1617 5467 signiﬁcatione
1662 5399 1898 5470 ponitur,
1948 5397 2084 5453 nihil

502 5489 756 5556 ostendit,
793 5489 896 5543 nisi
919 5489 1104 5544 mundi
1126 5489 1269 5545 illius
1295 5499 1584 5557 amatores,
1613 5501 1667 5547 et
1695 5507 1800 5546 non
1832 5490 1943 5546 Dei.
1975 5490 2084 5546 Ab-

501 5580 572 5635 sit
606 5580 751 5635 enim
790 5588 853 5635 ut
888 5581 1173 5637 credamus
1213 5581 1361 5639 illum
1403 5584 1702 5656 principem
1730 5599 1851 5640 esse
1880 5584 2000 5639 coeli
2029 5593 2086 5639 et

504 5682 678 5739 terrm,
693 5679 749 5727 et
766 5685 1138 5728 creaturarum
1153 5676 1415 5744 omnium,
1428 5692 1547 5750 quae
1560 5675 1881 5750 generaliter
1897 5675 2080 5732 mundi

2191 4583 2364 4622 semen
2389 4578 2537 4622 tuum
2561 4569 2694 4642 (lsa.
2721 4572 2898 4643 sua).
2929 4572 3218 4639 Occidens,
3250 4576 3481 4647 populus
3511 4579 3787 4648 gentium.

2190 4656 2291 4713 Ubi
2327 4668 2381 4714 et
2410 4674 2572 4729 supra
2595 4678 2611 4716 :
2652 4661 2722 4715 Et
2747 4662 2810 4716 ab
2835 4660 3117 4719 Occidente
3140 4667 3462 4737 congregabo
3488 4678 3538 4721 te
3563 4666 3784 4741 (Ibid.).

2188 4749 2453 4806 Occidens
2494 4762 2674 4808 autem
2713 4752 2983 4825 signiﬁcat
3030 4756 3155 4811 vita:
3205 4756 3444 4813 melioris
3486 4757 3787 4828 defectuum,

2188 4842 2274 4897 vel
2302 4858 2557 4899 occasum
2582 4845 2795 4899 mortis.
2837 4845 2988 4901 Unde
3027 4848 3405 4917 peccatoribus
3432 4849 3484 4904 in
3511 4848 3786 4922 Propheta

2190 4940 2449 5009 scriptum
2495 4947 2619 4994 est:
2667 4938 2879 4995 Occidet
2927 4942 3068 4997 vobis
3108 4941 3189 4997 sol
3236 4944 3290 4997 in
3341 4945 3559 4999 meridie
3594 4945 3786 5017 (Amos

2186 5032 2328 5103 vm).
2362 5032 2427 5085 Et
2459 5031 2779 5087 Psalmista:
2835 5032 3002 5101 Tunc,
3044 5035 3237 5106 inquit,
3294 5035 3454 5105 facile
3489 5036 3539 5089 ei
3576 5037 3668 5107 qui
3693 5055 3787 5092 as-

2187 5125 2356 5179 cendit
2382 5140 2538 5194 super
2569 5139 2831 5190 occasum,
2877 5124 3135 5181 Dominus
3171 5141 3358 5180 nomen
3390 5136 3465 5180 est
3506 5128 3555 5181 ei
3601 5125 3782 5198 (Psal.

2187 5216 2378 5289 van).
2426 5218 2558 5274 Item
2601 5236 2829 5275 occasus
2869 5220 3139 5292 signiﬁcat
3177 5230 3299 5293 post
3349 5222 3663 5278 tentationis
3689 5238 3788 5275 ar-

2186 5307 2346 5363 dores
2378 5308 2660 5365 incentiva:
2697 5310 2935 5367 libidinis
2982 5311 3449 5382 refrigerationem
3491 5330 3506 5367 :
3555 5312 3695 5367 sicut
3725 5314 3786 5369 in

2186 5390 2607 5457 Deuteronomio
2633 5418 2731 5473 pro
2761 5416 2848 5465 co,
2873 5402 2963 5472 qui
2995 5412 3258 5457 nocturno
3279 5403 3536 5474 polluitur
3564 5417 3785 5469 somno,

2185 5488 2287 5544 hoc
2314 5498 2417 5555 est,
2444 5489 2654 5545 occulta
2686 5489 3037 5561 cogitatione,
3067 5499 3129 5545 ut
3153 5506 3260 5547 non
3296 5501 3601 5549 revertatur
3626 5491 3787 5561 prius

2187 5581 2241 5635 in
2270 5592 2469 5647 castra,
2499 5599 2662 5653 quam
2693 5581 2836 5637 lavet
2855 5582 3183 5639 vestimenta
3208 5600 3328 5651 sua,
3362 5595 3416 5640 et
3445 5585 3654 5642 occidat
3672 5583 3785 5640 sol.

2187 5675 2420 5729 ltnrsum
2457 5677 2652 5735 Oriens
2685 5676 2933 5749 designat
2969 5676 3183 5735 iuitittm
3219 5678 3374 5735 home
3395 5679 3517 5735 vita:
3541 5686 3773 5741 nostrae;
