4072 6198
460 279 571 339 263

1107 276 1166 328 Β.
1211 271 1463 328 RABANl
1505 273 1724 330 MAURI
1763 273 2082 329 ARCHIEP.
2126 271 2435 329 MOGUNT.
2478 269 2762 327 OPERUM
2801 270 2980 327 PARS
3019 271 3082 326 ll.

3625 230 3752 330 est

457 401 564 458 que
609 383 678 439 ad
723 392 956 450 terram,
997 383 1138 438 intro
1171 399 1200 437 a
1230 392 1373 438 terra
1415 400 1588 453 usque
1620 386 1686 440 ad
1723 386 1942 456 ignem:
1987 393 2048 440 ut
2076 389 2129 448 Α
2152 393 2297 440 runt.
2331 386 2408 440 De
2448 385 2646 455 quibus
2670 385 2826 441 cmlis
2870 385 3002 440 alibi
3053 385 3284 440 dicitur:
3326 386 3494 443 Verbo
3531 387 3740 444 Domini
3784 435 3792 445 .

461 477 598 548 ignis
627 476 846 547 quidem
861 476 916 530 in
946 491 1073 530 aera
1094 475 1329 540 desinat,
1360 478 1521 532 aerin
1553 494 1750 550 aquam
1773 481 2048 544 densetur,

459 583 597 638 aqua
621 567 674 622 in
705 576 906 622 terram
932 575 1235 622 crassescat
1272 581 1285 620 :
1311 582 1606 638 rursusque
1638 578 1783 624 terra
1817 569 2053 624 diluatur

458 661 512 715 in
530 675 746 730 aquam,
774 675 911 728 aqua
935 667 1176 713 rarescat
1200 659 1252 712 in
1280 674 1483 725 aerem,
1515 659 1681 714 aerin
1706 661 1885 732 ignem
1899 670 2052 715 exte—

460 762 675 806 nitetur.
708 750 1048 819 Quapropter
1072 750 1251 804 omnia
1283 750 1546 806 elementa
1561 751 1812 806 omnibus
1837 752 2046 805 inesse:

458 843 552 897 sed
579 843 995 910 unumquodque
1021 857 1204 895 eorum
1230 857 1294 895 ex
1326 857 1412 907 eo,
1437 843 1578 912 quod
1603 843 1832 912 amplius
1867 844 2046 908 habet,

462 932 733 1000 accepisse
757 931 1103 985 vocabulum.
1136 930 1275 984 Sunt
1301 940 1483 985 autem
1507 931 1686 985 divina
1705 932 2050 988 Providentia

460 1024 692 1092 propriis
747 1022 970 1075 minutis
1012 1022 1321 1076 distributa.
1387 1022 1521 1076 Nam
1580 1023 1776 1077 coelum
1823 1023 2046 1093 angelis,

459 1131 639 1170 aerem
671 1115 998 1177 volucribus,
1032 1130 1181 1168 mare
1213 1115 1468 1183 piscibus,
1498 1123 1696 1168 terram
1719 1114 2048 1181 hominibus,

457 1209 824 1278 ecclesiasque
860 1208 1228 1261 animantibus
1249 1206 1476 1261 Crealor
1502 1207 1615 1276 ipse
1646 1206 1906 1276 implevit.

1077 1317 1305 1373 CAPUT
1360 1317 1447 1373 Ill.

1120 1387 1199 1442 De
1254 1389 1401 1442 ccelo.

529 1483 738 1538 Caelum
767 1482 968 1536 dictum
999 1496 1064 1536 eo
1115 1481 1290 1549 quod,
1337 1489 1594 1550 tanquam
1635 1480 1891 1535 caelatum
1935 1496 2050 1547 vas,

461 1577 726 1646 impressa
786 1574 988 1627 lumina
1042 1573 1241 1627 habeat
1305 1573 1605 1639 stellarum,
1664 1572 1822 1626 veluti
1874 1573 2049 1642 signa.

461 1667 666 1723 Caelum
699 1675 877 1720 autem
903 1666 955 1718 in
993 1665 1288 1733 Scripturis
1331 1664 1534 1718 sanctis
1585 1664 1706 1718 ideo
1750 1663 2054 1732 ﬁrmamen-

2151 476 2266 532 ειειὶ
2292 477 2490 546 ﬁrmati
2516 486 2656 542 sunt,
2697 487 2744 531 et
2771 475 2970 548 Spiritu
3003 477 3108 531 oris
3135 476 3249 547 ejus
3273 477 3440 532 omnis
3463 477 3622 534 virtus
3652 498 3742 535 eo—

2152 584 2268 622 rum
2307 565 2479 640 (Psal.
2533 566 2738 639 xxx");
2773 569 2898 638 quia
2940 566 3318 639 Christo‘post
3365 571 3742 627 ascensionem

2153 659 2383 728 desuper
2412 657 2659 713 mittente
2688 657 2948 726 Spiritum
2980 669 3230 714 sanctum
3268 660 3496 730 apostoli
3540 661 3591 716 in
3637 662 3744 717 fide

2151 758 2207 804 et
2233 750 2458 804 scientia
2485 750 2776 805 conlortali
2813 758 2960 804 sunt.
3011 750 3180 820 [gitur
3220 751 3272 805 in
3316 753 3576 822 principio
3617 753 3745 824 fecit

2151 839 2292 894 Deus
2320 841 2504 894 cretum
2549 837 2700 910 (Cen.
2739 840 2800 911 I),
2844 840 2896 895 id
2923 850 3023 904 est,
3057 841 3349 912 spiritales,
3381 843 3474 913 qui
3499 843 3744 900 coelestia

2152 932 2482 986 meditantur
2522 943 2576 986 et
2620 940 2871 1001 quaerunt
2913 931 2966 984 in
3017 931 3174 1001 ipso:
3206 931 3337 987 fecit
3381 942 3436 986 et
3467 935 3742 999 carnales,

2151 1025 2244 1094 qui
2308 1035 2583 1098 terrenum
2639 1024 2911 1078 hominem
2983 1024 3213 1078 necdum
3269 1014 3586 1095 posuerunt.
3637 1024 3749 1080 Ali-

2152 1117 2368 1187 quando
2404 1117 2566 1171 etiam
2597 1115 3108 1185 contemplationem
3143 1131 3497 1185 supernorum
3546 1117 3748 1172 cmlum

2153 1209 2442 1278 signilicat,
2479 1215 2538 1261 ut
2583 1215 2666 1261 est
2701 1205 2829 1260 illud
2859 1223 2869 1258 :
2925 1205 3224 1258 Ascendunt
3274 1222 3435 1276 usque
3467 1206 3535 1258 ad
3567 1205 3744 1272 caelos,

2153 1309 2202 1353 et
2231 1298 2546 1354 descendunt
2577 1313 2738 1367 usque
2774 1296 2843 1349 at!
2897 1295 3109 1365 abyssos
3144 1292 3315 1366 (Psal.
3369 1293 3500 1366 ch).
3561 1293 3745 1365 lisque

2153 1392 2221 1446 ad
2257 1389 2424 1445 caelos
2462 1389 2660 1460 quippe
2694 1387 3056 1452 ascendimus,
3086 1402 3208 1441 cum
3244 1401 3454 1441 summa
3503 1397 3753 1457 penetra-

2154 1496 2309 1536 mus:
2335 1479 2428 1535 sed
2457 1480 2679 1550 abyssos
2704 1493 2876 1549 usque
2905 1478 3305 1542 descendimus,
3356 1494 3479 1532 cum
3525 1488 3750 1548 repente

2155 1587 2186 1626 a
2237 1570 2708 1640 contemplationis
2755 1569 2989 1624 culmine
3034 1585 3130 1640 per
3175 1569 3351 1638 turpia
3413 1577 3748 1624 tentameula

2155 1661 2460 1732 dejicimur.
2493 1661 2816 1731 Plerumque
2845 1676 2972 1732 ergo
3011 1661 3064 1714 in
3112 1669 3300 1716 saneto
3343 1660 3636 1731 Evangelio
3665 1677 3753 1716 re-

462 1769 573 1812 tum
598 1764 872 1819 vocatum,
909 1755 1053 1824 quod
1091 1756 1162 1809 sit
1210 1769 1402 1810 cursus
1431 1754 1672 1808 siderum
1714 1763 1769 1808 et
1812 1754 1949 1809 ratis
1985 1753 2057 1808 le-
2082 1744 2130 1803 B
2159 1771 2321 1826 gnum
2348 1753 2608 1809 caelorum
2663 1769 2901 1823 praesens
2953 1753 3197 1808 Ecclesia
3229 1753 3563 1807 nominatur.
3610 1751 3754 1807 Con-

363 1894 378 1906 .
463 1851 618 1920 gibus
665 1848 896 1918 ﬁxisque
940 1847 1238 1901 firmatum.
1287 1846 1560 1900 interdum
1609 1855 1666 1902 et
1714 1847 1910 1901 caelum
1953 1862 2052 1917 pro

463 1959 592 2000 aere
647 1944 930 2012 accipitur,
981 1941 1071 1996 ubi
1102 1943 1248 1996 venti
1307 1949 1362 1995 et
1398 1940 1569 1996 nubes
1616 1951 1672 1996 ct
1719 1942 1968 2012 procella:
2001 1952 2055 1996 et

465 2035 709 2090 turbines
739 2035 894 2088 liunt.
927 2033 984 2088 in
1022 2033 1303 2104 Scriptura
1334 2049 1487 2088 sacra
1521 2033 1840 2103 plerumque
1885 2043 1941 2088 et
1966 2050 2051 2098 ea,

462 2139 582 2195 quze
615 2123 786 2193 accipi
815 2122 1110 2178 secundum
1140 2123 1420 2176 historiam
1452 2132 1699 2192 possunt,
1728 2123 2053 2192 spiritaliter

465 2213 808 2284 intelligenda
841 2219 1008 2266 sunt:
1044 2219 1106 2266 ut:
1139 2220 1195 2264 et
1241 2211 1373 2265 fides
1411 2211 1676 2265 habeatur
1727 2212 1780 2264 in
1824 2212 2058 2266 veritate

465 2307 730 2369 historim,
763 2313 818 2359 et
867 2303 1124 2374 spiritalis
1172 2303 1537 2374 intelligentia:
1581 2304 1826 2373 capiatur
1857 2304 1909 2358 in
1942 2320 2059 2376 my-

467 2399 650 2453 steriis
677 2397 972 2467 allegoria:
1018 2396 1158 2450 sicut
1201 2397 1304 2450 hoc
1343 2411 1557 2466 quoque
1590 2395 1862 2461 novimus,
1912 2395 2057 2466 quod

465 2487 755 2544 Psahnista
794 2487 870 2539 ait
902 2505 914 2538 :
951 2483 1215 2550 Quoniam
1254 2485 1433 2539 videbo
1481 2485 1632 2541 caelos
1681 2502 1840 2556 opera
1867 2486 2058 2556 digito-

467 2591 584 2630 rum
607 2587 836 2641 tuorum,
862 2575 1044 2628 lunam
1070 2585 1116 2628 et
1144 2575 1344 2640 stellas,
1373 2593 1502 2646 quos
1531 2586 1585 2630 tu
1615 2576 1852 2646 fundasti
1883 2575 2056 2649 (Psal.

467 2669 610 2740 vin).
669 2668 810 2723 Ecce
880 2668 1024 2723 enim
1080 2665 1233 2736 juxta
1298 2668 1589 2725 veritatem
1651 2669 1894 2724 historia:
1954 2676 2062 2724 stat

469 2773 652 2814 sermo
677 2759 904 2814 rationis
930 2777 942 2812 :
977 2758 1099 2827 quia
1121 2747 1178 2813 el
1196 2758 1322 2815 caeli
1351 2774 1516 2828 opera
1544 2759 1640 2814 Dei
1669 2768 1820 2826 sunt,
1854 2768 1910 2814 et
1932 2758 2060 2814 luna

469 2869 536 2908 ac
559 2852 730 2908 stellae
763 2853 831 2907 ab
860 2867 924 2907 eo
955 2860 1152 2907 creata:
1189 2861 1352 2923 atque
1399 2851 1637 2908 fundata:
1670 2841 1818 2907 sunt.
1868 2851 1975 2908 Sed
2015 2851 2061 2908 si

471 2947 578 3002 hoc
606 2945 897 3002 Psalmista
924 2947 1077 3016 juxta
1127 2945 1297 3000 solam
1335 2945 1615 3001 historiam
1657 2956 1715 3002 et
1759 2963 1866 3002 non
1895 2945 2061 3001 etiam

471 3035 764 3090 secundum
799 3034 1128 3090 intellectum
1167 3035 1456 3106 mysticum
1495 3035 1710 3101 asserit,
1759 3035 1850 3106 qui
1893 3034 2061 3091 caelos

2158 1845 2398 1918 gregatio
2426 1845 2624 1916 quippe
2646 1843 2918 1914 justorum
2973 1861 3198 1916 regnum
3240 1843 3505 1900 cmlorum
3531 1843 3750 1898 dicitur.

2158 1938 2295 2006 Quia
2333 1937 2478 1990 enim
2518 1951 2615 2005 per
2655 1936 2972 2004 prophetam
3030 1936 3290 1989 Dominus
3321 1935 3492 1990 dicit:
3551 1933 3752 1988 Caelum

2158 2033 2285 2086 mihi
2333 2031 2478 2086 sedes
2517 2041 2613 2095 est;
2663 2039 2801 2084 terra
2834 2038 3009 2084 autent
3041 2029 3326 2082 scabellum
3377 2030 3566 2098 pedum
3612 2046 3755 2081 meo-

2159 2140 2274 2177 rum
2305 2123 2437 2195 (Isa.
2488 2122 2664 2194 LXVI);
2703 2131 2756 2177 et
2788 2121 3043 2177 Salomon
3075 2122 3189 2175 ait:
3227 2121 3419 2174 Anima
3437 2121 3577 2192 justi
3600 2122 3750 2175 sedes

2158 2215 2427 2284 sapientiw
2451 2214 2632 2285 (Prov.
2678 2212 2798 2285 xv);
2837 2212 3033 2268 Paulus
3077 2211 3242 2266 etiam
3292 2212 3426 2266 dicit
3472 2211 3754 2266 Christum

2160 2307 2255 2361 Dei
2288 2307 2540 2360 virtutem
2582 2315 2635 2359 et
2685 2305 2776 2358 Dei
2813 2303 3137 2374 sapientiam
3173 2301 3228 2367 (1
3258 2301 3380 2357 Cor.
3431 2301 3503 2374 I);
3548 2302 3754 2372 liquido

2158 2399 2540 2470 comprobatur
2570 2399 2762 2462 Deum,
2805 2403 2932 2458 etc.,
2961 2397 3065 2451 hoc
3092 2405 3174 2450 est
3203 2411 3432 2467 regnare
3472 2404 3524 2450 et
3545 2395 3753 2466 judicia

2160 2508 2256 2548 sua
2296 2491 2608 2546 decernere.
2649 2489 2784 2544 Nam
2825 2489 3023 2544 coelum
3062 2497 3116 2546 et
3163 2505 3258 2543 aer
3307 2489 3411 2542 iste
3460 2487 3543 2559 (ut
3587 2503 3753 2557 supra

2161 2583 2414 2654 diximus)
2441 2583 2753 2654 agnoscitur
2783 2582 2836 2636 in
2865 2599 2971 2652 quo
3004 2582 3163 2648 caelo,
3197 2583 3299 2637 hoc
3323 2590 3409 2636 est
3452 2597 3616 2636 aereo
3645 2581 3752 2636 lle-

2160 2673 2260 2728 lias
2288 2683 2476 2745 raptus
2499 2673 2826 2728 describitur
2849 2691 2861 2726 :
2894 2683 2948 2728 et
2977 2689 3085 2742 quo
3110 2672 3398 2744 Apostolus
3421 2672 3487 2727 de
3519 2673 3754 2726 immun-

2159 2764 2242 2820 dis
2270 2764 2547 2835 spiritibus
2571 2763 2808 2835 loquitur
2832 2784 2845 2819 :
2893 2764 3013 2818 Non
3043 2774 3117 2819 est
3141 2765 3286 2819 nobis
3311 2765 3616 2819 colluctatio
3643 2766 3747 2818 ad-

2159 2874 2334 2912 versus
2353 2873 2564 2911 carnem
2598 2866 2646 2910 et
2672 2857 3001 2928 sanguinem,
3033 2857 3126 2912 sed
3148 2867 3330 2911 contra
3367 2856 3630 2928 spiritalia
3663 2874 3753 2912 ne-

2159 2953 2340 3025 quitia:
2372 2954 2428 3008 in
2460 2951 2748 3008 calestibus
2796 2951 3016 3023 (Ep/tes.
3078 2951 3174 3022 vI).
3231 2951 3299 3005 Et
3346 2951 3485 3006 alius
3537 2960 3755 3022 aposto-

2162 3043 2246 3098 lus
2269 3061 2281 3098 :
2309 3041 2436 3097 Caeli
2461 3055 2635 3098 autem
2658 3044 2745 3114 qui
2791 3061 2928 3096 nunc
2958 3051 3103 3108 sunt,
3130 3050 3179 3095 et
3227 3043 3576 3104 terra.eodem
3604 3042 3755 3098 verba

470 3141 632 3197 01m
661 3126 762 3181 Dei
816 3141 936 3182 esse
982 3127 1260 3197 professus
1315 3136 1418 3193 est,
1484 3128 1728 3183 dicturus
1779 3129 1961 3182 lunam
2005 3137 2061 3184 et

2165 3137 2374 3207 repositi
2395 3146 2536 3199 sunt,
2551 3108 2680 3206 igni'
2709 3139 2896 3190 servati
2917 3136 2970 3190 in
2987 3137 3123 3190 diem
3141 3137 3335 3206 judicii
3358 3137 3443 3208 (ΙΙ
3473 3137 3612 3192 Petr.
3645 3138 3754 3211 III).

473 3218 658 3272 stellas
693 3235 706 3270 :
757 3232 856 3272 cur
883 3233 990 3271 non
1029 3218 1196 3273 etiam
1250 3218 1437 3283 solem,
1481 3234 1645 3288 quem
1681 3219 1904 3284 scimus,
1931 3220 2057 3289 quia

473 3310 591 3380 ejus
625 3323 760 3378 opus
785 3317 885 3371 est,
921 3309 1130 3378 pariter
1177 3309 1550 3364 enumeravit!
1600 3308 1658 3364 Si
1715 3311 1860 3364 enim
1907 3311 2062 3382 juxta

475 3403 643 3458 solam
675 3402 959 3457 historiam
990 3401 1329 3470 loquebatur,
1363 3401 1606 3457 dicturus
1654 3401 1922 3456 luminare
1962 3402 2065 3456 mi-

477 3510 618 3550 nus:
668 3496 820 3566 prius
848 3494 1117 3549 Inminare
1147 3493 1322 3562 majus
1365 3492 1546 3549 dicere
1598 3493 1802 3557 debuit,
1837 3501 1898 3547 ut
1940 3500 2065 3548 ante

417 3601 426 3618 κ
479 3585 648 3641 solem
699 3593 756 3639 et
800 3594 922 3654 post
969 3585 1153 3640 lunam
1207 3594 1369 3654 atque
1414 3584 1599 3640 stellas
1658 3583 1909 3640 fundatas
1944 3600 2066 3641 esse

476 3677 810 3749 perhiberet.
845 3678 951 3732 Sed
1006 3678 1132 3748 quia
1177 3678 1332 3748 juxta
1387 3677 1718 3732 intellectum
1778 3678 2064 3748 mysticum

476 3760 821 3838 loquebatur,
851 3777 912 3823 ut
945 3769 1129 3822 lunam
1168 3776 1412 3823 sanctam
1446 3767 1766 3833 Ecclesiam,
1792 3777 1846 3823 et
1883 3767 2066 3823 stellas

477 3859 728 3916 homines
757 3869 972 3916 sanctos
1011 3861 1258 3929 accipere
1301 3860 1640 3925 deberemus,
1699 3859 1865 3914 solem
1895 3858 2068 3914 nomi-

479 3964 615 4005 nare
640 3950 811 4004 noluit
835 3969 847 4005 :
883 3952 1008 4021 quia
1033 3950 1286 4006 videlicet
1313 3950 1414 4021 ipsi
1449 3959 1655 4005 atterno
1681 3949 1780 4005 soli
1813 3950 2068 4020 loqueba-

479 4049 591 4106 tur,
620 4041 687 4095 de
717 4057 824 4111 quo
864 4043 1125 4112 scriptum
1155 4050 1276 4096 est:
1333 4041 1493 4096 Vobis
1539 4041 1732 4105 autem,
1758 4043 1846 4114 qui
1877 4043 2067 4096 timetis

479 4131 784 4196 Dominum,
817 4133 1014 4186 orietur
1043 4132 1122 4186 sol
1147 4133 1372 4203 justitite
1407 4131 1564 4204 (Mal.
1597 4132 1690 4204 Iv).
1711 4130 1930 4188 Caelum
1974 4149 2069 4187 au-

485 4227 595 4276 tem
645 4219 800 4290 juxta
851 4220 1163 4290 allegoriam
1218 4221 1506 4291 aliquando
1557 4221 1730 4292 ipsum
1783 4222 2068 4276 Dominum

484 4309 821 4366 Salvatorem
858 4313 1145 4383 signiﬁcat,
1184 4322 1244 4367 ut
1278 4323 1361 4368 est
1398 4314 1527 4369 illud
1563 4329 1576 4367 :
1607 4313 1806 4369 Cwlum
1833 4313 1944 4369 caeli
1969 4314 2071 4369 Do-

481 4403 624 4455 mino
655 4401 825 4473 (Psal.
874 4404 1052 4473 cqu),
1085 4405 1210 4472 quia
1251 4413 1469 4460 sanctus
1510 4414 1817 4460 sanctorum
1845 4413 1901 4458 et
1927 4404 2069 4459 Deus

485 4493 710 4548 deorum
741 4509 756 4547 :
787 4495 858 4548 ita
880 4503 934 4549 et
953 4495 1064 4564 jam
1101 4497 1296 4552 coelum
1331 4497 1591 4553 cmlorum
1625 4506 1770 4554 recte
1795 4498 1909 4567 ipse
1933 4496 2068 4553 dici-

488 4593 597 4651 tur,
629 4585 683 4639 in
708 4602 815 4655 quo
829 4588 1104 4657 plenitudo
1125 4590 1424 4646 divinitatis
1451 4591 1739 4646 inhabitat.
1765 4591 2070 4661 Aliquando

485 4701 616 4742 vero
641 4688 910 4759 angelicas
939 4698 1235 4758 potestates
1263 4691 1554 4760 significat,
1611 4701 1671 4747 ut
1722 4701 1804 4748 est
1852 4692 1981 4748 illud
2013 4693 2067 4748 in

485 4768 728 4833 Genesi:
781 4777 849 4832 In
899 4781 1153 4849 principio
1195 4781 1316 4850 fecit
1367 4783 1505 4836 Deus
1550 4783 1731 4837 caelum
1779 4795 1825 4838 et
1877 4793 2067 4838 terram

487 4869 644 4948 (Gen.
675 4873 752 4945 I);
802 4872 945 4942 quod
998 4872 1149 4942 prius
1193 4873 1407 4926 vocavit
1454 4871 1894 4928 ﬁrmamentum:
1944 4875 2070 4945 quia

487 4966 615 5022 caeli
648 4966 863 5020 fuerunt
905 4965 998 5031 hi,
1030 4965 1120 5034 qni
1169 4965 1320 5035 prius
1365 4965 1504 5020 bene
1541 4966 1744 5020 conditi
1787 4974 1930 5032 sunt,
1973 4965 2069 5022 sed

486 5059 832 5132 postmodum
863 5058 1263 5112 firmamentum
1294 5056 1546 5128 appellati
1589 5066 1713 5112 sunt
1741 5076 1753 5111 :
1802 5058 1927 5127 quia
1957 5073 2072 5112 om-

489 5152 618 5210 nino
658 5152 769 5222 jam
800 5166 866 5205 ne
899 5151 1175 5213 caderent,
1219 5147 1474 5203 virtutem
1518 5149 2075 5204 incommumbilitatis

489 5242 784 5313 accipiunt.
812 5243 893 5297 Ad
933 5259 1068 5312 quos
1106 5257 1206 5312 per
1256 5241 1583 5312 Prophetam
1642 5241 1771 5295 alibi
1826 5241 2023 5295 dicitur
2058 5258 2070 5294 :

490 5332 700 5396 Audite,
727 5332 862 5397 caeli,
904 5334 1028 5402 quia
1068 5332 1321 5385 Dominus
1345 5330 1548 5384 locutus
1568 5341 1642 5386 est
1673 5331 1806 5404 (Isa.
1842 5332 1904 5402 I).
1938 5331 2070 5385 Item

493 5421 616 5475 εαξιὶ
651 5424 869 5477 nomine
899 5423 1174 5493 prophetae
1201 5432 1254 5476 et
1284 5422 1509 5493 apostoli
1540 5431 1596 5478 et
1635 5423 1807 5478 sancti
1836 5423 1937 5476 viri
1977 5438 2071 5476 ex-

495 5511 816 5580 primuntur,
857 5521 917 5566 ut
940 5523 1022 5567 est
1043 5512 1382 5581 hujusmodi:
1409 5512 1534 5567 Caeli
1567 5524 1815 5568 enarrant
1849 5512 2072 5583 gloriam

495 5599 592 5652 Dei
608 5600 776 5671 (Psal.
793 5603 969 5675 xvnI);
989 5606 1114 5674 quia
1139 5606 1238 5674 ipsi
1255 5605 1320 5658 de
1342 5606 1573 5660 adventu
1591 5604 1788 5661 Christi
1803 5606 2070 5660 disseren-

495 5687 565 5746 do
591 5691 776 5748 urbem
807 5704 1073 5750 terrarum
1101 5696 1309 5750 sanctis
1331 5695 1788 5752 admonitionibus
1816 5696 2070 5767 impleve-

2165 3227 2467 3298 Aliquando
2497 3243 2628 3298 ergo
2661 3228 2714 3281 in
2755 3227 2876 3283 caeli
2906 3229 3124 3283 nomine
3161 3245 3318 3284 sacra
3349 3231 3633 3300 Scriptura
3661 3231 3758 3286 de—

2162 3318 2408 3388 signatur
2467 3317 2533 3370 de
2581 3332 2686 3386 qua
2734 3317 2973 3371 dicitur:
3031 3317 3356 3373 Extendens-
3385 3319 3571 3373 caelum
3619 3322 3756 3375 sicut

2161 3404 2345 3475 pellem
2376 3403 2549 3476 (Psal.
2580 3405 2726 3475 cm);
2753 3420 2820 3461 ex
2846 3421 2951 3476 qua
2981 3406 3138 3462 nobis
3163 3414 3216 3462 et
3253 3407 3333 3462 sol
3366 3408 3667 3478 sapientiae,
3701 3418 3757 3465 et

2165 3495 2289 3550 luna
2320 3497 2578 3562 scientiae,
2603 3506 2745 3550 etex
2788 3497 3026 3566 antiquis
3055 3498 3304 3568 patribus
3347 3499 3514 3553 stella:
3561 3515 3754 3553 exem-

2164 3585 2377 3656 plorum
2397 3595 2560 3657 atque
2587 3586 2815 3642 virtutes
2839 3587 3039 3642 lucent.
3083 3587 3236 3655 Quod
3281 3588 3422 3643 sicut
3465 3588 3622 3658 pellis
3656 3604 3757 3643 ex-

2171 3675 2445 3732 tenditur:
2493 3678 2618 3747 quia
2665 3694 2762 3749 per
2814 3680 3111 3749 scriptores
3155 3696 3284 3736 suos
3340 3681 3521 3735 carnis
3572 3680 3755 3752 lingua

2168 3765 2461 3821 formatum
2494 3776 2617 3821 ante
2642 3767 2824 3823 oculos
2853 3779 3070 3824 nostros
3118 3785 3215 3839 per
3256 3771 3421 3824 verba
3474 3771 3757 3826 doctorum

2167 3857 2483 3928 exponendo
2512 3859 2848 3928 displicatur.
2887 3858 3050 3929 Cujus
3087 3861 3209 3915 οωιί
3255 3862 3535 3931 superiora
3570 3861 3758 3917 Domi-

2168 3964 2272 4004 nus
2301 3949 2353 4003 in
2383 3951 2538 4018 aquis
2581 3951 2745 4021 tegit:
2791 3950 2918 4022 quia
2962 3952 3067 4006 alta
3121 3954 3262 4008 sacri
3304 3953 3525 4022 eloquii,
3558 3953 3615 4008 id
3649 3963 3758 4018 est,

2169 4058 2231 4098 ea
2277 4058 2396 4111 qua:
2433 4043 2498 4097 de
2544 4051 2737 4096 natura
2773 4043 3092 4108 divinitatis,
3128 4045 3208 4098 vel
3249 4044 3317 4098 de
3357 4044 3577 4099 aeternis
3625 4061 3758 4116 gau-

2171 4132 2274 4188 diis
2300 4140 2509 4199 narrat,
2551 4131 2707 4187 nobis
2734 4133 2909 4188 adhuc
2949 4133 3334 4198 nescientibus,
3382 4134 3510 4189 solis
3551 4135 3762 4206 angelis

2172 4223 2225 4277 in
2257 4231 2470 4278 secreto
2499 4232 2626 4278 sunt
2651 4223 2887 4294 cognita.
2921 4223 3055 4278 Nam
3089 4224 3214 4279 alibi
3242 4225 3293 4278 in
3337 4224 3599 4280 Psalterio
3629 4226 3760 4298 legi-

2173 4324 2261 4369 tur
2291 4334 2302 4368 :
2334 4314 2568 4370 Laudate
2599 4331 2734 4378 eum,
2762 4314 2875 4369 ειειὶ
2905 4315 3174 4380 εωιοηιηι,
3195 4325 3242 4369 et
3271 4333 3443 4388 aqum,
3467 4333 3582 4387 qua:
3604 4333 3763 4386 super

2173 4410 2324 4464 caelos
2352 4419 2493 4475 sunt,
2545 4408 2759 4463 laudent
2807 4426 2990 4463 nomen
3037 4409 3250 4463 Domini
3297 4406 3468 4483 (Psal.
3513 4409 3760 4480 CXLVIII).

2172 4507 2430 4575 Quamvis
2477 4507 2532 4560 in
2578 4505 2775 4561 Genesi
2815 4521 2981 4560 unum
3029 4505 3224 4560 ccelutn
3273 4505 3593 4560 fabricatum
3639 4520 3761 4559 esse

2172 4596 2504 4669 legerimus,
2563 4606 2739 4651 tamen
2787 4611 2882 4651 eos
2936 4595 3127 4667 plurali
3180 4611 3406 4650 numero
3452 4603 3508 4650 et
3561 4594 3762 4650 Paulus

2173 4691 2446 4761 apostolus
2473 4689 2760 4760 appellavit
2793 4688 2878 4760 (II
2907 4687 3028 4743 Cor.
3061 4690 3183 4759 ιιι),
3229 4688 3321 4758 qui
3352 4688 3518 4742 refert
3552 4687 3608 4741 in
3652 4697 3762 4741 ter-

2175 4784 2308 4837 tium
2339 4798 2398 4837 se
2425 4773 2619 4837 caelqu
2644 4789 2881 4851 raptum,
2914 4780 3095 4850 ibique
3127 4780 3250 4834 talia
3273 4780 3614 4850 cognovisse,
3639 4794 3762 4850 quae

2175 4875 2381 4930 homini
2403 4890 2507 4928 non
2540 4873 2701 4928 hceat
2725 4871 2877 4928 ell‘ari
2904 4891 2916 4926 :
2949 4881 3004 4928 et
3032 4873 3119 4926 hic
3144 4871 3336 4942 plurali
3368 4885 3594 4925 numero
3617 4887 3762 4924 nun-

2173 4969 2456 5032 eupantur.
2492 4960 2643 5028 Quod
2692 4960 2782 5014 tali
2824 4959 3052 5015 forsitan
3085 4961 3292 5014 ratione
3321 4959 3632 5015 concordat.
3666 4959 3761 5014 Di-

2175 5055 2349 5108 cimus
2386 5067 2554 5107 unum
2597 5067 2717 5106 esse
2755 5052 3037 5123 palatium,
3081 5054 3224 5123 quod
3254 5053 3437 5106 multis
3482 5051 3760 5116 membris,

2180 5147 2473 5215 multisque
2526 5146 2716 5214 spatiis
2759 5147 3067 5200 ambiatur:
3124 5148 3198 5202 ita
3257 5146 3484 5201 forsitan
3534 5153 3589 5202 et
3639 5146 3762 5201 caeli

2178 5245 2362 5306 partes
2403 5235 2636 5303 dicimus
2680 5235 2868 5300 cmlos,
2920 5238 3044 5291 dum
3086 5237 3384 5307 complexio
3415 5248 3578 5308 atque
3610 5239 3766 5294 sinus

2182 5328 2300 5399 ejus
2321 5344 2461 5384 unus
2499 5343 2617 5384 esse
2645 5337 2997 5384 monstretur.
3033 5329 3218 5401 Aquas
3249 5347 3378 5386 vero
3407 5346 3567 5402 super
3596 5332 3768 5387 cmlos

2184 5433 2303 5473 esse
2344 5416 2570 5473 Genesis
2621 5417 2807 5474 refert.
2865 5420 2955 5473 Ait
3010 5421 3197 5475 enim:
3244 5421 3532 5492 Divisitque
3574 5438 3766 5489 aquas,

2184 5526 2299 5582 qua:
2331 5518 2479 5562 erant
2517 5508 2610 5562 sub
2655 5508 3002 5576 ﬁrmamento,
3033 5511 3098 5565 ab
3149 5512 3230 5567 Itis
3272 5529 3388 5583 qua:
3438 5521 3584 5565 erant
3612 5528 3770 5576 super

2185 5600 2568 5668 ﬁrmamentum
2594 5599 2746 5669 (Gen.
2776 5601 2836 5672 ι).
2871 5601 3296 5658 Firmamentum
3319 5603 3464 5658 enim
3499 5603 3552 5657 iu
3581 5603 3763 5656 herle.-

2186 5694 2264 5748 sia
2313 5693 2606 5763 Scriptum
2662 5693 2859 5750 divinae
2919 5695 3334 5768 intelliguntur:
3393 5694 3519 5766 quia
3569 5693 3769 5751 emtum
