4072 6198
377 236 483 292 965

1371 232 1459 287 DE
1500 225 1844 287 UNIVERSO
1884 220 2061 278 LIBRI
2101 220 2265 277 XXII.
2306 252 2373 262 -
2412 222 2538 277 LIB.
2575 220 2667 277 IX.

3520 222 3626 279 265

374 351 686 423 plicabitur,
716 349 856 405 sicut
879 348 1053 404 liber:
1083 347 1446 417 discrevitqnc
1468 361 1629 416 super
1644 346 1747 400 hoc
1773 341 1953 396 ﬁrma—
1983 341 2029 400 Α
2057 334 2271 405 quando
2314 335 2749 404 pnedicationcm
2804 335 3079 409 Evangelii
3115 359 3128 393 :
3173 340 3458 410 aliquando
3503 359 3634 404 san-

376 454 563 499 mento
598 457 792 513 aquas,
824 440 878 494 id
908 449 1011 505 est,
1057 438 1308 496 caelestes
1346 437 1574 509 populos
1620 436 1959 507 angelorum,

377 532 472 603 qui
500 548 609 588 non
655 546 794 601 opus
831 530 1031 585 habent
1076 530 1177 585 hoc
1221 529 1500 600 suscipere
1538 527 1959 590 ﬁrmamentum,

379 634 439 679 ut
469 621 639 694 legem
666 621 907 693 legentes
933 622 1155 678 audiant
1184 622 1409 677 verbum
1452 620 1567 676 Dei.
1594 620 1791 676 Vident
1817 619 1960 673 enim

377 730 503 769 eum
525 729 740 785 semper
767 723 821 769 et
851 713 1082 784 diligunt
1107 731 1121 768 :
1149 713 1243 769 sed
1275 712 1619 784 superposuit
1650 713 1824 783 ipsum
1866 711 1961 764 ﬁr-

376 815 713 860 mamentum
741 803 875 875 legis
903 819 1015 859 suae
1043 820 1205 876 super
1233 804 1600 859 inﬁrmitatem
1644 803 1963 861 inferiorum

376 896 722 967 populorum,
744 904 807 952 ut
832 895 936 952 sibi
965 896 1323 967 suscipientes
1355 902 1702 966 cognoscant,
1730 893 1964 965 qualiter

308 978 311 985 ’
382 989 691 1044 discernant
732 987 876 1043 inter
899 987 1139 1043 carnalia
1186 995 1242 1042 et
1288 986 1578 1057 spiritalia,
1630 985 1783 1054 quasi
1823 985 1965 1040 inter

380 1096 551 1149 aquas
586 1082 894 1149 sug'criores
935 1088 988 1135 ει
1016 1078 1320 1136 inferiores.

983 1192 1210 1248 CAPUT
1259 1193 1348 1248 1V.

900 1262 980 1319 De
1032 1265 1267 1335 partibus
1318 1263 1449 1318 cteli.

452 1353 767 1425 Appellatur
795 1364 974 1409 autem
1019 1355 1156 1409 idem
1193 1354 1343 1410 locus
1386 1354 1579 1420 aethra,
1628 1354 1684 1408 in
1734 1370 1843 1425 quo
1888 1353 1960 1408 si-

383 1446 510 1501 dera
535 1455 680 1512 sunt,
709 1454 762 1502 et
788 1445 1056 1518 significat
1079 1460 1201 1500 eam
1225 1446 1422 1518 ignem,
1451 1446 1542 1517 qui
1573 1461 1604 1500 a
1632 1453 1743 1501 toto
1765 1446 1964 1501 mundo

383 1537 440 1592 in
467 1537 639 1591 altum
686 1545 966 1607 separatus
996 1545 1097 1592 est.
1144 1535 1286 1591 Sane
1331 1537 1501 1592 mther
1535 1546 1619 1592 est
1655 1537 1829 1607 ipsum
1856 1536 1963 1591 ele-

382 1639 649 1695 mentum,
697 1629 901 1684 :ctliera
937 1643 1066 1683 vero
1091 1628 1343 1699 Splendor
1369 1629 1589 1685 aetheris
1634 1636 1736 1684 est.
1768 1629 1959 1687 Consi-

2061 435 2202 481 ctaut
2238 427 2559 484 Ecclesium.
2593 427 2883 484 Sciendum
2923 430 3079 488 nobis
3118 442 3201 488 est
3227 475 3245 501 ,
3290 437 3392 493 hoe
3436 455 3634 498 nomen

2061 522 2281 578 luminis
2327 525 2492 580 totius
2552 524 2837 580 Trinitatis
2874 539 2995 581 esse
3058 541 3361 586 commune.
3414 532 3636 605 Legitur

2061 618 2204 672 enim
2244 637 2258 673 :
2318 618 2456 673 Deus
2509 618 2602 673 lua:
2641 628 2751 685 est,
2791 630 2838 675 et
2879 622 3101 677 tenebrae
3132 625 3187 678 in
3229 641 3289 678 eo
3332 628 3492 684 nulla:
3515 643 3637 687 sunt

2061 704 2135 789 (71
2164 707 2325 764 Joan.
2357 710 2435 782 ι).
2488 710 2630 782 Ergo
2672 711 2798 781 quia
2844 711 3045 780 Pater,
3094 725 3148 770 et
3201 715 3369 773 Filius
3413 727 3469 777 et
3513 721 3638 793 Spi-

2065 798 2200 854 ritus
2231 810 2452 855 sanetus
2479 817 2614 857 unus
2646 810 2729 856 est
2753 802 2913 867 Deus,
2967 814 3113 859 recte
3160 807 3639 867 animadvertimus

2062 885 2129 941 de
2175 897 2284 943 tota
2330 890 2595 945 Triuitate
2636 906 2758 948 esse
2801 893 3004 948 dictum
3041 913 3054 948 :
3106 894 3249 951 Deus
3289 898 3383 953 tua:
3421 911 3497 954 est
3526 941 3541 966 ,
3592 913 3641 956 et

2063 982 2287 1038 tenebrw
2319 984 2373 1038 in
2406 1000 2464 1038 eo
2502 984 2659 1039 nulla:
2691 996 2831 1040 sunt.
2881 987 3033 1043 Unde
3078 1004 3266 1045 versus
3307 991 3410 1048 iste
3447 995 3641 1050 merito

2064 1077 2131 1132 de
2180 1075 2463 1132 Salvatore
2512 1077 2642 1132 dicit
2691 1095 2704 1131 :
2756 1078 2825 1132 In
2864 1077 3061 1134 lumine
3101 1090 3192 1134 tuo
3232 1081 3516 1138 uidebimus
3558 1085 3642 1139 lu-

2063 1184 2178 1221 men
2208 1166 2379 1239 (Psal.
2409 1166 2596 1237 xxxv).
2627 1168 2780 1236 Quod
2808 1178 2988 1225 autem
3013 1168 3261 1228 Christus
3287 1189 3409 1228 vera
3432 1175 3520 1229 lux
3546 1176 3641 1239 sit,

2063 1258 2297 1313 ostendit
2320 1258 2433 1328 ipse
2459 1259 2511 1312 in
2530 1258 2817 1330 Evangelio
2840 1260 3025 1317 dicens
3050 1278 3064 1315 :
3096 1261 3209 1333 Ego
3236 1279 3351 1316 sum
3371 1262 3464 1319 tua:
3486 1282 3640 1320 mun-

2062 1348 2138 1403 di.
2171 1349 2274 1414 Qui
2313 1349 2547 1420 sequitur
2587 1367 2686 1415 me,
2727 1367 2829 1405 non
2871 1350 3155 1407 ambulabit
3194 1354 3250 1408 in
3286 1355 3526 1422 tenebris,
3550 1359 3641 1411 sed

2064 1438 2267 1493 habebit
2313 1438 2489 1494 lumen
2549 1440 2665 1494 vita:
2718 1438 2900 1512 (Joan.
2949 1440 3090 1512 vni).
3138 1441 3214 1498 De
3256 1458 3365 1513 quo
3407 1443 3640 1508 Joannes

2064 1527 2397 1601 evangelista
2438 1529 2555 1583 ait:
2596 1528 2726 1583 Erat
2758 1530 2851 1583 lux
2888 1546 3029 1596 vera,
3067 1547 3187 1603 quae
3225 1533 3487 1590 illuminat
3529 1553 3642 1591 om-

2065 1636 2181 1674 nem
2234 1619 2516 1675 venientem
2558 1622 2613 1674 in
2655 1622 2908 1675 mundum
2951 1622 3133 1694 (Joan.
3170 1622 3246 1694 i);
3302 1641 3518 1683 omnem
3560 1629 3643 1683 vi-
3694 1620 3704 1626 ’

382 1731 533 1778 stunt
554 1721 703 1777 enim
748 1721 1035 1777 luminaria
1073 1722 1127 1776 in
1162 1721 1504 1778 ﬁrmamento
1543 1722 1688 1788 caeli,
1722 1724 1827 1779 hoc
1854 1733 1958 1789 est,
1990 1699 2037 1759 Β
2066 1711 2281 1789 deliget.
2322 1712 2413 1782 ψιί
2455 1711 2790 1768 illuminat"?
2826 1714 2941 1769 είνθ
2983 1716 3214 1770 natura“
3259 1716 3498 1788 ίηῧθηίοι
3546 1735 3641 1776 seu

381 1809 439 1867 in
467 1809 809 1866 ﬁrmamento
836 1810 971 1883 legis
994 1809 1086 1865 Dei
1125 1810 1307 1877 inﬁxa,
1340 1812 1687 1883 evangelista:
1716 1812 1966 1869 videlicet

379 1910 441 1956 et
458 1901 718 1972 doctores
753 1890 1047 1972 Scriptura:
1091 1913 1291 1958 sanctae
1331 1903 1656 1973 disputando
1691 1906 1967 1961 colueren-

384 2000 467 2046 tes
498 2001 556 2046 et
583 1991 836 2047 omnibus
858 1992 1204 2048 inferioribus
1235 1992 1413 2050 lumen
1441 1996 1718 2065 sapientiae
1745 1997 1969 2052 demon-

382 2093 641 2140 strantes.
678 2083 887 2140 Prodiit
911 2086 1074 2140 etiam
1104 2085 1285 2153 simul,
1322 2076 1452 2154 etcf,
1482 2088 1798 2143 micantium
1826 2086 1969 2142 side-

381 2190 504 2229 rum
538 2176 714 2254 turba,
742 2176 796 2231 id
825 2184 927 2240 est,
959 2176 1296 2231 diversarum
1325 2177 1584 2232 virtutum
1628 2177 1684 2231 in
1722 2176 1963 2233 Ecclesia

383 2265 771 2351 numerositas,
800 2279 919 2333 qua:
966 2264 1021 2320 in
1078 2266 1237 2337 hujus
1282 2266 1406 2334 vitae
1452 2267 1801 2332 obscuritate,
1852 2276 1967 2322 tan-

382 2370 547 2425 quam
592 2356 646 2410 in
677 2366 857 2422 nocte,
903 2357 1228 2429 refulgentes
1269 2356 1509 2412 dividant
1542 2358 1595 2412 in
1640 2358 1742 2414 hoc
1786 2356 1967 2413 ﬁrma-

384 2454 571 2500 mento
618 2445 916 2518 Scriptum:
958 2448 1235 2503 sensibilia
1284 2456 1339 2504 et
1386 2447 1760 2520 intelligibilia,
1806 2449 1964 2518 quasi

387 2534 530 2592 'nter
566 2537 744 2593 lucem
786 2537 1168 2609 perfecturum,
1200 2549 1255 2595 et
1297 2541 1547 2596 tenebras
1596 2539 1912 2611 p0pulorum
1946 2556 1963 2598 :

402 2633 446 2684 ιι
469 2637 601 2684 sunt
624 2627 859 2701 insignia
888 2630 1146 2685 virtutum
1186 2637 1240 2686 et
1277 2630 1679 2686 miraculorum.

999 2745 1226 2802 CAPUT
1290 2746 1349 2803 ν.

955 2815 1030 2871 De
1049 2818 1234 2888 januis
1270 2817 1403 2871 cmli.

457 2905 645 2963 Ianua:
672 2906 933 2963 cmliduae
978 2916 1140 2963 sunt:
1179 2906 1373 2964 Oriens
1417 2917 1474 2964 ει
1518 2908 1775 2967 Occasus.
1830 2909 1964 2967 Nam

387 3014 496 3056 una
522 3007 680 3070 porta
710 2997 791 3054 sol
831 2999 1093 3070 procedit,
1143 2998 1248 3053 alia
1275 2996 1355 3055 'se
1399 3000 1610 3070 recipit.
1650 2999 1969 3072 Signiﬁcant

387 3100 570 3146 autem
594 3089 779 3159 ianua:
808 3090 929 3146 coeli
960 3099 1278 3146 testamenta
1321 3092 1521 3147 divina.
1556 3092 1720 3153 .Uude
1747 3093 1971 3151 Psalmi-

385 3192 470 3235 sta
497 3181 612 3235 ait:
653 3179 924 3235 Mandavit
970 3181 1189 3236 nubibus
1233 3182 1473 3252 desuper,
1522 3194 1577 3238 et
1606 3184 1809 3255 januas
1856 3185 1972 3239 caeli

391 3268 594 3339 aperuit
626 3270 797 3340 (Psal.
824 3270 1048 3343 uxvu).
1080 3269 1392 3327 Mandatum
1419 3281 1505 3328 εει
1537 3258 1683 3329 enim
1712 3275 1967 3342 nubibus,

391 3360 447 3414 id
470 3370 576 3425 εει,
611 3359 1073 3430 ρτίειιὶεειιοτίιιιιε,
1102 3370 1160 3415 ιιι
1190 3375 1290 3432 per
1310 3359 1508 3429 januas
1538 3362 1683 3430 caeli,
1727 3365 1833 3420 hoc
1887 3374 1972 3421 est

393 3448 706 3515 ScripLuras
747 3458 981 3516 sanctas,
1009 3449 1388 3521 praadicatione
1414 3451 1648 3524 gloriosa
1680 3454 1970 3511 adventum

391 3540 692 3597 Salvatoris
731 3543 940 3598 Domini
981 3544 1331 3600 nuntiarent:
1378 3547 1470 3616 qui
1502 3561 1627 3603 vere
1657 3564 1853 3604 marina
1887 3565 1971 3604 su-

390 3633 574 3698 mitur,
621 3635 837 3705 quando
884 3635 1143 3692 adorabili
1187 3640 1677 3699 communicatione
1704 3652 1967 3716 gustatur.

1000 3750 1226 3808 CAPUT
1274 3753 1360 3809 Vl.

959 3820 1035 3875 De
1075 3824 1398 3879 cardinibus.

460 3908 725 3964 Cardines
763 3919 943 3965 autem
982 3913 1165 3967 mundi
1200 3914 1305 3968 duo
1337 3935 1350 3968 ς
1386 3915 1693 3986 Septentrio
1719 3926 1776 3973 et
1818 3917 1973 3976 Meri-

392 3999 526 4056 dies.
557 4002 631 4071 ln_
654 4001 790 4070 ipsis
832 4003 973 4056 enim
1006 4003 1239 4059 volvitur
1263 4005 1479 4061 omium.
1527 4006 1847 4080 Signiﬁcant
1873 4026 1970 4065 au-

392 4098 501 4145 tem
531 4086 781 4146 cardines
828 4092 927 4161 ipsi
981 4096 1261 4163 pnesentis
1305 4095 1561 4152 Ecclesia:
1604 4099 1973 4154 conversatio-

391 4196 538 4246 nem,
569 4196 691 4252 quae
714 4195 812 4251 per
842 4189 1014 4238 totum
1055 4183 1242 4239 orbem
1274 4185 1546 4252 dilatatur,
1583 4198 1640 4242 ει
1673 4188 1728 4243 in
1763 4190 1972 4246 duobus

394 4273 756 4338 testamentis,
806 4273 920 4328 sive
967 4274 1022 4329 in
1097 4274 1304 4330 duobus
1353 4277 1638 4347 praeceptis
1687 4277 1968 4335 charitatis

393 4378 748 4429 convcrsans,
780 4364 850 4420 ad
876 4363 1107 4419 futuram
1156 4366 1388 4435 patriam
1433 4369 1701 4423 tendendo
1749 4385 1967 4425 cursum

2067 1801 2330 1870 sapientia
2369 1802 2568 1856 divina.
2620 1801 2773 1858 Sicut
2805 1806 2947 1859 enim
2982 1821 3140 1862 nemo
3177 1823 3208 1862 a
3245 1823 3305 1864 se
3344 1811 3459 1879 ipso
3501 1826 3641 1878 esse,

2067 1889 2146 1944 ita
2181 1890 2344 1945 etiam
2381 1905 2541 1946 nemo
2582 1908 2613 1948 a
2655 1906 2713 1948 se
2748 1892 2864 1963 ipso
2902 1895 3114 1985 sapiens
3150 1912 3270 1955 esse
3303 1908 3518 1969 potest:
3550 1906 3644 1958 sel

2066 1979 2157 2035 illo
2184 1980 2485 2036 illustrante
2504 2022 2518 2047 ,
2544 1982 2610 2037 de
2630 1998 2733 2053 quo
2757 1983 3017 2054 scriptum
3040 1979 3123 2041 est
3146 2005 3160 2041 :
3186 1986 3368 2045 Omnis
3390 1993 3645 2062 sapientia

2067 2092 2100 2127 a
2135 2073 2358 2128 Domino
2399 2074 2504 2130 Deo
2543 2086 2615 2130 est
2648 2074 2778 2146 (Sir.
2808 2077 2869 2147 ι).
2919 2074 3105 2134 Sancti
3140 2082 3355 2150 quidem
3397 2084 3645 2140 homines

2068 2165 2158 2220 lux
2193 2174 2318 2221 sunt
2354 2176 2498 2223 recte
2526 2167 2719 2235 vocati,
2749 2168 2959 2224 dicente
3000 2171 3068 2225 ad
3109 2186 3201 2227 eos
3236 2173 3502 2231 Domino:
3543 2174 3642 2231 Vos

2065 2257 2186 2309 estis
2219 2255 2311 2309 lux
2341 2257 2523 2310 mundi
2548 2256 2761 2327 (Matth.
2786 2259 2863 2330 ν).
2911 2260 2977 2315 Ει
3007 2262 3246 2332 apostolo
3270 2263 3436 2321 Paulo
3461 2284 3475 2321 :
3508 2266 3645 2322 Fui-

2066 2348 2158 2402 slis
2189 2342 2474 2418 aliquando
2518 2349 2758 2416 tenebrw,
2803 2368 2940 2408 nunc
2981 2365 3156 2409 amem
3198 2355 3292 2412 lus:
3328 2359 3385 2413 in
3419 2359 3642 2417 Domino

2068 2435 2283 2508 (Eplics.
2314 2436 2402 2511 v);
2460 2439 2554 2494 sed
2596 2440 2820 2495 mul.um
2868 2442 3031 2498 distat
3078 2445 3220 2501 inter
3261 2446 3436 2504 lucem
3480 2465 3643 2520 quem

2069 2526 2203 2581 mihi
2226 2526 2675 2603 luminatur[qu:e
2693 2530 3068 2607 illuminatur].
3089 2532 3355 2603 etilucem,
3375 2553 3495 2607 qun
3517 2539 3642 2594 illu-

2074 2615 2285 2672 minat:
2312 2616 2457 2673 inter
2475 2634 2590 2687 eos,
2618 2621 2709 2693 qui
2735 2622 3149 2696 participatione
3169 2641 3309 2684 vera:
3329 2628 3465 2686 lucis
3497 2632 3642 2686 acci-

2067 2702 2243 2776 piunt,
2278 2715 2339 2761 ut
2368 2705 2618 2766 luceant:
2664 2720 2720 2766 et
2754 2713 2924 2783 ipsam
2956 2713 3129 2771 lucem
3165 2729 3499 2790 perpetuam,
3529 2737 3647 2792 qum

2068 2811 2177 2853 non
2216 2796 2391 2855 solum
2423 2798 2604 2857 lucere
2640 2801 2694 2858 in
2734 2817 2792 2858 se
2830 2805 2966 2874 ipsa,
3001 2806 3096 2862 sed
3136 2816 3192 2862 et
3229 2823 3326 2863 sua
3361 2815 3643 2881 praesentia

2068 2884 2424 2967 quoscunque
2458 2893 2714 2966 attigerit,
2751 2894 3021 2953 illustrare
3078 2900 3292 2955 sullieit.
3342 2902 3644 2973 Aliquando

2072 2993 2252 3039 autem
2294 2985 2629 3057 Scripturam
2653 3001 2862 3043 sacram
2890 2987 3062 3044 lucem
3091 2991 3454 3065 intelligimus,
3483 3004 3536 3049 ut
3563 3009 3645 3050 est

1996 3060 2041 3123 C
2072 3074 2201 3130 illud
2228 3094 2241 3130 :
2281 3075 2520 3132 Lucerna
2556 3079 2772 3149 pedibus
2814 3081 2942 3136 meis
2962 3082 3168 3137 verbum
3211 3094 3379 3153 tuum,
3406 3087 3641 3151 Domine,

2071 3175 2119 3220 et
2154 3166 2327 3223 lumen
2361 3169 2557 3224 sentitis
2592 3170 2718 3225 meis
2740 3170 2909 3244 (Psal.
2933 3178 3141 3247 cxvtu).
3178 3176 3372 3234 Sciens
3396 3196 3525 3251 ergo
3554 3182 3647 3236 liu-

2064 3256 2156 3326 jns
2191 3258 2373 3314 saeculi
2413 3268 2626 3316 noctem
2671 3261 2899 3319 diversis
2938 3264 3322 3323 oﬁ'cnsionibus
3357 3270 3642 3335 irretitum,

2074 3355 2133 3402 ut
2176 3348 2302 3403 alibi
2346 3348 2604 3420 laqueos,
2667 3352 2793 3407 alibi
2837 3355 3086 3424 scopulos
3117 3403 3130 3424 ,
3196 3359 3323 3414 alibi
3372 3363 3645 3417 centiueat

2071 3441 2517 3511 proﬁmdissimas
2556 3445 2853 3513 vastitates,
2903 3450 3127 3518 pedibus
3157 3453 3269 3507 suis
3293 3457 3510 3511 verbum
3544 3458 3645 3513 Do—

2074 3535 2203 3590 mini
2244 3535 2428 3592 lucere
2474 3546 2721 3606 testatur,
2764 3558 2832 3597 ne
2867 3544 3110 3599 absentia
3149 3548 3259 3601 veri
3305 3548 3522 3606 luminis
3564 3552 3644 3605 iu-

2073 3624 2218 3679 cidat
2256 3625 2490 3692 ruinam,
2532 3644 2692 3698 quam
2732 3645 2827 3701 per
2864 3647 3016 3688 suam
3054 3637 3292 3704 provides
3318 3639 3445 3695 tiam
3475 3641 3643 3695 vitam

2071 3730 2178 3770 non
2216 3725 2447 3786 poterat.
2496 3716 2602 3774 Sed
2642 3720 2742 3775 hoc
2773 3723 2994 3778 verbum
3037 3724 3161 3780 illud
3200 3727 3361 3784 debet
3396 3730 3644 3802 intelligi,

2072 3808 2213 3884 qupd
2251 3823 2350 3879 per
2375 3807 2684 3880 Scripturas
2709 3827 2895 3869 sacras
2932 3817 3314 3886 prophetarum
3354 3836 3449 3875 ore
3484 3824 3645 3877 semi-

2071 3909 2258 3955 natnm
2285 3912 2386 3958 est.
2441 3903 2591 3970 Quod
2624 3905 2846 3961 verbum
2871 3906 3006 3963 bene
3035 3910 3318 3978 appellavit
3344 3911 3639 3979 lucernam,

2071 4004 2191 4060 qua:
2234 3991 2483 4048 humanis
2527 3994 2711 4050 usibus
2753 3995 2876 4050 data
2914 4006 2998 4052 est
3032 3998 3101 4052 ad
3141 3998 3506 4069 depellendam
3549 4017 3646 4057 no-

2073 4081 2176 4136 ctis
2197 4081 2630 4151 profundissimre
2652 4086 2969 4151 caecitatem,
2999 4089 3137 4144 sicut
3159 4088 3350 4146 Petrus
3370 4092 3644 4161 apostolus

2072 4172 2242 4228 dicit:
2290 4171 2557 4230 Habemus
2599 4178 2870 4232 certiorem
2916 4180 3272 4251 proiilieticum
3312 4198 3640 4250 sermonem,

2072 4262 2158 4316 cui
2197 4263 2328 4318 bene.
2360 4264 2535 4335 facitis
2577 4267 2919 4335 intendentes,
2946 4270 3081 4331 velut
3110 4270 3335 4327 lucerna:
3367 4266 3560 4330 lucenti
3590 4277 3646 4330 in

2073 4352 2292 4407 obscuro
2335 4352 2448 4408 loco
2497 4354 2583 4426 (Il
2628 4353 2772 4411 Petr.
2821 4357 2882 4428 ι).
2928 4358 3062 4427 item
3102 4360 3280 4417 lumen
3325 4363 3645 4421 illuminatio

393 4454 677 4527 prmum
717 4412 842 4509 ηξίιω
868 4455 1068 4527 dirigit.
1116 4412 1266 4513 υἷισθ
1293 4458 1553 4528 scriptum
1581 4466 1666 4513 est
1692 4476 1706 4513 ε
1756 4458 1970 4514 Domi,“-
2001 4412 2048 4470 D
2074 4440 2198 4495 ﬁdei
2242 4448 2346 4508 est,
2372 4443 2454 4497 vel
2500 4444 2696 4499 donum
2725 4444 2958 4517 Spiritus
2999 4452 3190 4515 sancti,
3218 4460 3274 4507 ut
3302 4455 3356 4509 in
3382 4455 3600 4513 Psalmo
3628 4477 3640 4511 :

395 4546 531 4600 enim
556 4555 677 4599 sunt
706 4545 947 4601 cardines
977 4558 1150 4613 terrm,
1198 4556 1244 4601 et
1287 4548 1457 4617 posuit
1485 4564 1642 4618 super
1680 4564 1766 4602 eos
1795 4548 1970 4603 orbem

399 4637 447 4707 (Ι
473 4636 595 4709 Reg.
626 4637 710 4708 tt).

1000 4706 1227 4764 CAPUT
1261 4708 1372 4764 V’ll.

1056 4796 1133 4851 De
1169 4795 1303 4851 luce.

469 4888 582 4943 Lux
632 4896 757 4959 post
804 4889 1133 4943 creationem
1181 4887 1305 4943 caeli
1351 4896 1406 4943 et
1451 4896 1611 4944 teme
1650 4905 1681 4944 a
1714 4889 1973 4947 Creatore

401 4987 630 5056 primum
691 4985 923 5039 formata
972 4993 1057 5041 est
1105 4984 1174 5039 ad
1227 4983 1625 5041 manifestanda
1680 4995 1734 5041 et
1791 4986 1972 5043 decla-

402 5077 568 5131 randa
603 5091 766 5147 opera
818 5076 933 5130 Dei.
969 5074 1082 5129 Lux
1131 5075 1246 5146 ipsa
1294 5076 1596 5131 substantia
1630 5086 1749 5132 est:
1791 5076 1968 5133 lumen

398 5184 429 5220 a
476 5168 593 5220 luce
638 5174 840 5229 manat,
884 5165 937 5219 id
977 5174 1062 5219 est
1107 5165 1308 5220 candor
1356 5164 1526 5221 lucis:
1564 5166 1661 5221 sed
1695 5167 1798 5221 hoc
1842 5182 1972 5222 con-

400 5260 629 5314 tundunt
668 5266 941 5314 auctores.
992 5255 1152 5311 Lucis
1190 5271 1318 5326 ergo
1375 5256 1591 5312 nomine
1632 5256 1860 5312 diversa:
1898 5257 1971 5312 si-

401 5350 774 5421 gniﬁcationes
817 5348 1215 5418 exprimuntur.
1262 5345 1567 5416 Aliquando
1605 5345 1751 5401 enim
1792 5346 1969 5416 ipsum

403 5446 608 5511 Deum,
661 5446 715 5500 id
765 5452 884 5508 est,
941 5451 1107 5497 totam
1154 5440 1315 5496 simul
1369 5448 1610 5495 sanctam
1648 5438 1969 5494 Trinitatem

403 5538 672 5591 ostendit:
703 5534 992 5605 aliquando
1032 5531 1225 5588 Filiqu
1254 5532 1348 5588 Dei
1379 5548 1392 5585 :
1426 5529 1713 5601 aliquando
1748 5542 1969 5590 sanctos

404 5625 546 5681 viros
566 5624 836 5697 signiﬁcat
864 5642 875 5677 :
906 5623 1190 5692 aliquando
1224 5621 1554 5691 Scripturam
1584 5636 1795 5678 sacram
1825 5641 1837 5677 :
1866 5623 1968 5677 ali-

840 5718 1101 5799 I’ATBriL.
1139 5717 1267 5774 CXI
1283 5763 1298 5779 .

2073 4529 2349 4601 Signatum
2389 4543 2464 4587 est
2508 4552 2663 4605 super
2700 4552 2794 4590 nos
2839 4537 3013 4594 lumen
3058 4541 3230 4596 rullus
3272 4545 3350 4598 tui
3374 4584 3391 4610 ,
3425 4545 3645 4603 Domine

2073 4619 2245 4694 (Psal.
2275 4622 2371 4695 tv).
2420 4622 2550 4678 ltem
2592 4625 2682 4679 lux
2726 4636 2781 4682 ct
2825 4628 3059 4685 tenebrm
3096 4631 3253 4688 electi
3292 4644 3350 4690 et
3389 4639 3642 4708 reprobi,

2073 4724 2134 4767 ut
2174 4714 2227 4767 in
2274 4712 2410 4769 Job:
2462 4713 2718 4787 Nunquid
2767 4719 2925 4784 nosti,
2967 4721 3084 4791 quis
3124 4722 3268 4779 locus
3309 4727 3376 4779 sit
3418 4725 3550 4781 lucis
3595 4739 3641 4782 et

2072 4805 2419 4871 tenebrarum,
2448 4810 2609 4860 ducas
2652 4824 2815 4863 unum
2851 4812 3088 4882 quodque
3129 4813 3197 4868 ad
3236 4815 3481 4869 terminos
3521 4833 3642 4870 suos

2076 4896 2196 4968 (Job
2224 4898 2476 4966 xxxviii).
2524 4895 2656 4951 Item
2699 4897 2791 4952 lux
2834 4909 2890 4955 et
2934 4901 3188 4969 tenebrm,
3220 4901 3428 4971 justitia
3458 4911 3514 4957 et
3538 4904 3640 4957 ini-

2074 4986 2275 5056 quitas,
2320 4994 2382 5040 ut
2418 4986 2471 5040 in
2510 4985 2766 5056 Apostolo
2792 5006 2805 5041 :
2832 4988 2933 5054 Qui
2960 4990 3125 5061 diligit
3146 4994 3439 5062 proximum
3463 5008 3640 5058 suum,

2072 5076 2129 5130 in
2170 5074 2366 5129 lumine
2401 5084 2517 5130 est:
2558 5076 2649 5147 qui
2687 5085 2864 5132 autem
2904 5079 3035 5144 odit,
3060 5079 3115 5134 in
3153 5081 3372 5134 tenebris
3406 5081 3642 5137 ambulat

2074 5165 2128 5239 (Ι
2152 5164 2313 5219 Ιοαη.
2345 5165 2424 5237 ιι).
2474 5165 2604 5219 Item
2648 5166 3085 5235 prmdicationcm
3117 5168 3385 5240 Evangelii
3424 5170 3640 5227 lucerna

2073 5256 2357 5326 signiﬁcat.
2408 5254 2560 5311 Unde
2596 5254 2845 5312 Salvator
2875 5247 2988 5313 ait:
3024 5256 3191 5312 Nemo
3218 5262 3450 5314 accendit
3476 5261 3644 5316 lucer-

2074 5362 2233 5412 nam,
2277 5355 2323 5400 et
2361 5344 2506 5415 ponit
2544 5360 2660 5400 eam
2697 5346 2793 5401 sub
2833 5346 3041 5414 modio,
3092 5347 3183 5401 sed
3218 5364 3371 5420 super
3394 5349 3645 5405 candela-

2075 5437 2242 5500 brum,
2273 5446 2330 5489 ut
2368 5435 2537 5489 luceat
2571 5437 2807 5491 omnibus
2829 5439 2917 5509 qui
2956 5439 3009 5493 in
3043 5439 3195 5492 domo
3218 5447 3341 5494 sunt
3365 5439 3516 5510 (Luc.
3540 5442 3640 5513 XI).

2074 5527 2284 5583 Ponere
2324 5540 2454 5597 ergo
2494 5526 2768 5582 lucernam
2805 5528 2905 5583 sub
2943 5529 3143 5595 modio,
3166 5530 3441 5601 superiora
3467 5530 3646 5589 facere

2076 5619 2319 5690 corporis
2360 5618 2662 5688 commoda,
2683 5635 2846 5691 quam
2877 5621 3310 5692 prtedicatiouem
3358 5625 3647 5685 veritatis:

3156 5719 3193 5780 9
