4072 6198
399 312 505 371 967

1081 305 1142 361 Β.
1186 301 1439 362 [MBAN]
1480 301 1699 360 MAURI
1734 301 2052 358 AliCllll-ZP.
2094 301 2403 358 MOGUNT.
2447 301 2732 358 OPEllUM
2771 300 2951 358 PARS
2989 301 3054 357 ll.

3565 304 3671 358 aes

396 439 455 484 ut
483 429 602 483 ideo
626 427 852 496 quisque
877 423 1162 477 veritatem
1199 436 1305 474 non
1349 419 1622 490 prmdicet,
1652 417 1777 471 dum
1807 416 1982 481 timet,
2015 425 2059 479 Λ
2089 425 2144 470 et
2173 431 2204 470 e
2237 415 2514 471 contrario
2545 416 2832 487 aliquando
2857 425 3045 472 {ustum
3071 417 3463 486 persecutionis
3493 427 3548 474 ct
3578 424 3676 476 tti-

399 535 466 575 ne
505 516 707 588 aliquid
765 516 819 570 in
881 513 1041 569 rebus
1085 511 1458 582 corporalibus
1504 521 1557 564 et
1605 508 1988 578 temporalibus

405 611 670 667 molestia:
710 608 968 679 patiatur.
1020 603 1207 658 Potcst
1229 613 1286 658 et
1309 602 1526 656 lucerna
1572 601 1687 655 hinc
1732 615 1894 670 super
1921 600 1988 653 de

404 701 744 759 humanitate
783 696 1079 754 Salvatoris
1122 692 1486 764 interpretari.
1533 693 1648 760 ipse
1682 691 1877 760 quippe
1907 689 1988 742 lu-

399 808 623 850 cernam
687 789 975 852 accendit,
1047 786 1141 856 qui
1205 793 1400 840 testam
1470 784 1718 838 ltuntauaa
1781 791 1988 834 naturm

402 883 618 937 ﬁmnna
657 897 770 936 sua:
810 877 1107 935 divinitatis
1147 875 1402 944 implevit,
1439 889 1602 944 quam
1635 871 1880 943 profecto
1909 871 1988 926 lu-

399 989 618 1030 cernam
679 987 779 1027 nec
829 967 1176 1025 credentibus
1224 967 1588 1030 abscondere,
1650 979 1750 1019 nec
1812 963 2026 1064 modio;

401 1083 723 1140 supponere,
773 1066 874 1120 hoc
913 1071 1026 1127 est,
1070 1063 1171 1117 sub
1217 1075 1468 1116 mensura
1513 1059 1645 1129 legis
1692 1055 1986 1119 includere,

399 1164 484 1218 vel
529 1163 668 1216 intra
710 1145 1100 1214 unius'Judtcat
1141 1155 1315 1226 gentis
1356 1153 1616 1208 terminos
1641 1151 1808 1206 voluit
1838 1149 1988 1205 cohi-

399 1256 550 1310 bere.
598 1250 993 1306 Candelabrum
1032 1247 1326 1302 ECcIcsiam
1369 1246 1531 1311 dicit,
1581 1244 1666 1299 cui
1713 1244 1988 1298 lucernam

401 1342 768 1416 superposuit,
811 1339 938 1408 quia
982 1338 1185 1393 nostris
1219 1337 1273 1390 in
1315 1330 1580 1390 frontibus
1621 1333 1726 1388 ﬁde
1764 1348 1874 1388 suae
1904 1332 1988 1386 in-

399 1436 728 1494 carnationis
769 1433 1091 1498 aﬁixerunt,
1161 1439 1220 1484 ut
1271 1430 1364 1499 qui
1403 1428 1702 1484 Ecclesiam
1757 1425 1990 1481 ﬁdeliter

397 1529 608 1600 ingredi
647 1527 911 1582 voluerint
943 1567 957 1591 ,
1021 1524 1205 1580 lumen
1251 1523 1496 1579 veritatis
1557 1522 1736 1592 palam
1787 1527 1990 1590 queant

401 1621 623 1678 intueri.
687 1621 822 1674 Nam
867 1627 922 1674 et
963 1627 1149 1672 sancta
1180 1615 1416 1671 Ecclesia
1463 1613 1682 1668 luminis
1727 1610 1988 1666 vocabulo

398 1713 737 1781 designatur,
772 1718 836 1764 ut
867 1720 951 1764 est
985 1708 1115 1763 illud
1141 1723 1156 1762 :
1196 1707 1428 1762 Amictus
1453 1705 1650 1759 lumine
1675 1701 1806 1758 sicut
1837 1702 1988 1756 vesti-

2087 507 2414 565 bulationem
2453 512 2736 581 pl‘IBSCttliS
2773 513 2914 567 vitm.
2967 513 3099 566 Nam
3135 511 3215 566 sol
3247 511 3580 569 Salvatorem
3618 517 3674 570 in

2085 618 2152 655 eo
2177 603 2447 674 exprimit,
2473 603 2614 673 quod
2643 604 2784 658 sicut
2810 605 2925 673 ipse
2951 601 3068 658 sine
3095 603 3320 658 aliorum
3347 605 3676 661 adminiculo

2086 693 2299 746 cmteris
2327 691 2614 756 sideribus,
2647 693 2748 747 hoc
2777 701 2877 756 est,
2908 692 3046 747 luna:
3072 703 3123 746 et
3151 693 3322 748 stellis
3347 696 3428 766 (ut
3455 695 3673 766 quidam

2088 781 2311 857 ferunt)
2352 783 2611 854 fulgorem
2661 792 2900 854 prmstat,
2954 785 3027 838 ita
3071 793 3126 839 et
3162 785 3409 840 Christus
3455 789 3673 858 propria

2087 877 2290 930 virtute
2340 875 2628 946 Splcnelcns
2680 885 2736 930 et
2801 874 3000 930 nullius
3046 889 3148 946 ope
3209 875 3495 946 indigens,
3549 895 3674 933 san~

2087 979 2184 1022 me.
2216 967 2470 1021 Ecclesia:
2509 967 2812 1037 quibusque
2842 967 3045 1020 sanctis
3090 965 3430 1035 splendorem
3455 969 3674 1039 sapien-

2089 1058 2176 1110 ti.e
2233 1066 2284 1111 ct
2343 1058 2601 1111 virtutum
2658 1057 2864 1110 tribuit.
2924 1055 3077 1112 Unde
3126 1057 3180 1111 in
3227 1057 3493 1128 Propheta
3539 1062 3674 1114 scri-

2087 1158 2237 1218 ptmu
2288 1158 2372 1203 est
2404 1169 2414 1202 :
2450 1148 2664 1203 Orietur
2709 1149 2847 1203 vobis
2894 1148 3196 1203 timentibus
3243 1149 3524 1204 Dominum
3580 1149 3674 1205 Sol

2079 1242 2324 1312 justititc,
2344 1225 2406 1295 ἐι
2439 1243 2639 1295 sanitas
2667 1241 2722 1295 in
2759 1241 2943 1311 pennis
2970 1241 3086 1312 ejus
3113 1239 3271 1312 (Mal.
3301 1240 3398 1313 tv).
3445 1241 3511 1296 Et
3543 1241 3673 1297 alibi

2086 1356 2152 1395 ex
2179 1355 2405 1409 persona
2437 1347 2782 1408 peccatorum
2810 1337 3042 1392 dicitur:
3077 1337 3173 1394 Sol
3219 1337 3442 1408 justitia!
3469 1353 3570 1391 non
3597 1349 3668 1390 est

2090 1440 2234 1484 ortus
2276 1427 2684 1500 nobis(Sap.l).
2721 1427 2872 1496 Quod
2902 1436 3082 1483 autem
3129 1427 3412 1498 splendore
3456 1425 3664 1482 clarita-

2090 1523 2160 1577 tis
2187 1529 2492 1577 sanctorum
2525 1519 2973 1593 resurrectionem
3001 1519 3082 1574 sol
3113 1518 3410 1590 signiﬁcat,
3437 1517 3677 1573 ostendit

2090 1613 2204 1683 ipsa
2237 1609 2474 1677 Veritas,
2525 1612 2576 1665 in
2622 1607 2914 1682 Erangelio
2954 1611 3176 1668 dicens:
3212 1609 3357 1664 Tunc
3401 1609 3673 1680 fulgebunt

2082 1705 2217 1776 justi
2259 1705 2392 1759 sicut
2435 1699 2515 1759 sol
2557 1705 2610 1757 in
2659 1720 2815 1774 regno
2850 1701 3030 1758 Patris
3067 1721 3250 1758 eorum
3281 1703 3496 1775 (Matth.
3526 1704 3670 1770 xm).

397 1813 572 1857 mento
597 1800 769 1872 (Psal.
799 1802 938 1873 cm).
968 1799 1174 1854 Lumen
1201 1798 1345 1851 enim
1373 1795 1668 1852 Ecclesium
1696 1793 1984 1864 signiﬁcat,

2091 1803 2222 1859 Nam
2255 1804 2420 1858 solem
2451 1801 2765 1873 sapientiam
2795 1801 3103 1873 signiﬁcare
3133 1808 3366 1855 testatur
3387 1797 3676 1854 Psalmista

399 1895 467 1950 de
509 1910 616 1964 qua
662 1889 922 1962 scriptum
969 1899 1092 1946 est:
1142 1889 1273 1956 Qua:
1315 1897 1390 1943 est
1432 1888 1552 1953 ista,
1593 1903 1710 1956 qua:
1751 1885 1987 1939 ascendit

399 1985 684 2041 dealbata?
715 1983 892 2058 (Cant.
920 1982 1026 2055 tn.)
1085 1981 1342 2038 Dcalbata
1387 1980 1530 2036 enim
1573 1975 1886 2049 intelligitur
1925 1976 1987 2030 il-

399 2075 684 2130 luminata.
749 2073 880 2140 Qua:
925 2082 1071 2128 recte
1119 2071 1266 2126 velut
1310 2070 1476 2125 vestis
1531 2068 1833 2123 advertitur
1875 2062 1984 2120 Do-

397 2169 530 2222 mini
572 2167 888 2230 Salvatoris,
937 2180 1042 2220 non
1095 2165 1301 2218 habens
1347 2161 1610 2217 maculam
1655 2170 1744 2216 aut
1775 2177 1982 2230 rugam.

396 2259 517 2330 Ipsa
560 2269 644 2312 est
687 2257 832 2312 enim
875 2256 1121 2320 candida,
1152 2256 1253 2308 hoc
1293 2262 1398 2317 est,
1427 2251 1696 2320 dealbata,
1723 2252 1868 2306 omni
1895 2253 1988 2305 de-

395 2365 523 2407 core
551 2351 809 2404 virtutum
841 2349 1122 2402 adornata.
1160 2347 1240 2400 Ad
1282 2361 1445 2416 quam
1488 2345 1619 2400 dicit
1659 2344 1982 2414 Apostolus:

397 2441 612 2506 Omnes,
653 2441 743 2511 qui
783 2441 840 2495 in
878 2439 1083 2494 Christo
1123 2439 1374 2509 baptizati
1411 2438 1555 2504 estis,
1598 2434 1862 2492 Christum
1905 2436 1987 2490 in-

397 2531 589 2586 duistis
621 2530 764 2603 (Gal.
795 2531 919 2601 In):
971 2531 1112 2584 hanc
1153 2531 1316 2583 etiam
1361 2528 1541 2582 tunica
1579 2527 1669 2582 illa
1709 2523 1984 2598 signiﬁca-

397 2628 495 2692 vit,
537 2641 658 2696 quae
695 2641 804 2680 non
845 2623 1019 2696 potuit
1050 2608 1224 2678 dividi.
1252 2632 1494 2696 tempore
1531 2621 1816 2692 passionis.
1863 2619 1989 2677 llaec

398 2725 522 2780 est,
577 2717 643 2772 de
685 2729 790 2785 qua
844 2695 1080 2769 dicitur:
1126 2713 1362 2768 Amictus
1405 2695 1606 2767 lumine
1637 2712 1788 2767 sicut
1833 2713 1986 2767 vcsti-

395 2819 572 2862 racnto
603 2805 776 2880 (Psal.
804 2805 943 2880 cm).
1179 2890 1221 2945 Τ

991 2891 1172 2946 CAPU
1262 2886 1386 2946 Vill}

991 2891 1221 2949 CAPUT
1262 2891 1392 2946 Vlll.

940 2984 1020 3038 De
1067 2982 1435 3037 luminaribus.

461 3079 778 3136 Luminaria
809 3088 988 3132 autem
1009 3118 1023 3142 ,
1053 3092 1172 3147 qua:
1203 3076 1257 3130 in
1285 3073 1424 3130 cmlo
1453 3081 1578 3129 sunt
1605 3071 1782 3144 posita
1802 3112 1817 3136 ,
1846 3074 1988 3126 diem

391 3183 722 3244 noctemque
749 3171 1052 3225 illuminant
1081 3169 1377 3224 secundum
1400 3165 1675 3222 Creatoris
1699 3163 1783 3221 sui
1809 3164 1986 3234 dispo-
2013 3153 2058 3216 C

399 3265 673 3327 sitionem,
704 3271 760 3316 et
785 3244 980 3316 cursus
1006 3259 1088 3314 sui
1121 3257 1278 3313 officii
1306 3265 1590 3327 peragunt,
1623 3257 1726 3311 hoc
1748 3263 1858 3319 est,
1884 3254 1984 3319 sol,

403 3355 529 3409 luna
564 3361 620 3408 et
651 3352 820 3407 steti-.1:
863 3350 1016 3419 juxta
1044 3349 1361 3420 qualitatem
1389 3361 1543 3402 suam
1569 3343 1990 3415 significationes

399 3446 720 3517 allegoricos
767 3445 968 3498 habent
993 3483 1008 3509 ,
1059 3457 1178 3512 qum
1209 3442 1276 3496 ad
1303 3440 1634 3496 laudandum
1664 3438 1950 3493 Dominum
1971 3477 1986 3503 ,

401 3549 690 3611 postquam
715 3537 988 3608 angelicas
1008 3525 1234 3590 virtutes
1259 3533 1326 3589 ad
1353 3533 1564 3587 laudem
1591 3531 1682 3586 Dei
1703 3530 1988 3586 Psalmista

403 3628 676 3693 incitavit,
699 3627 1090 3695 subseq‘uenter
1114 3636 1416 3694 provocans
1442 3623 1518 3674 ait
1541 3633 1556 3674 :
1586 3618 1822 3674 Laudate
1845 3635 1987 3684 eunt,

403 3721 483 3776 sol
528 3731 574 3776 ct
623 3719 772 3784 luna,
820 3717 1034 3772 laudate
1081 3733 1221 3783 eum,
1273 3729 1452 3770 omnes
1499 3713 1663 3768 stella:
1717 3723 1764 3766 ct
1814 3711 1989 3767 lumen

401 3809 578 3881 (Psal.
607 3808 848 3880 chvtn).

1012 3893 1240 3952 CAPUT
1289 3892 1384 3950 1X.

1081 3986 1158 4042 De
1185 3985 1312 4040 sole.

471 4081 566 4138 Sol
595 4095 723 4152 ergo
767 4087 822 4136 et
847 4078 973 4134 luna
1015 4091 1081 4134 ac
1113 4077 1284 4134 stellae
1310 4075 1396 4150 (ut
1419 4074 1638 4146 quidam
1667 4073 1871 4146 dicunt)
1908 4081 1990 4129 et-

399 4177 444 4232 si
493 4176 673 4246 aliquo
717 4173 938 4245 proprio
977 4179 1261 4244 regantur,
1309 4179 1491 4225 tamen
1519 4167 1644 4240 quia
1680 4165 1990 4224 carnalibus

401 4265 574 4322 oculis
597 4270 900 4336 patescunt,
933 4260 1218 4318 inferiores
1245 4275 1364 4317 esse
1391 4259 1702 4325 virtutibus,
1731 4273 1850 4328 qua:
1879 4273 1988 4314 non

402 4357 678 4420 videntur,
703 4371 808 4411 non
841 4353 1073 4408 absurda
1101 4352 1459 4408 mstimatione
1485 4349 1774 4421 colligitur,
1802 4363 1990 4419 quam-

407 4447 488 4500 vis
535 4443 658 4500 coeli
711 4444 946 4514 speciem
985 4443 1182 4498 decem
1216 4441 1421 4497 lumine
1453 4455 1652 4496 ornare
1679 4440 1981 4495 videantur.

404 4534 540 4590 Nam
571 4535 686 4600 illa,
711 4535 777 4588 ad
801 4550 922 4604 qua:
943 4533 1196 4604 pervenit
1221 4541 1408 4589 noster
1435 4537 1705 4603 aspectus,
1729 4530 1854 4585 licet
1877 4531 1988 4585 sint

402 4726 546 4774 stum
575 4725 696 4784 est;
728 4723 784 4771 et
809 4729 1030 4771 necesse
1057 4724 1142 4772 est
1188 4725 1248 4770 ut
1275 4715 1381 4770 illis
1414 4715 1626 4779 cedant,
1653 4731 1772 4784 qua-
1801 4713 1988 4768 invisi-

403 4809 496 4866 bili
529 4808 729 4863 virtute
757 4807 1076 4862 subsistunt.
1127 4806 1468 4876 Quapropter
1493 4805 1659 4860 solem
1679 4846 1694 4869 ,
1723 4805 1904 4858 lunam
1932 4813 1987 4860 ct

401 4901 587 4958 stellas
615 4900 730 4956 sive
760 4914 857 4970 per
887 4898 1158 4970 propriam
1200 4897 1461 4952 rationem
1483 4937 1498 4962 ,
1549 4897 1663 4952 sive
1712 4913 1808 4966 per
1853 4897 1985 4952 alias

401 4991 687 5049 sensibiles
711 4999 764 5046 et
785 4987 1104 5059 judicabiles
1125 4987 1454 5043 substantias
1471 4987 1738 5056 Propheta
1766 4985 1984 5042 laudare

399 5083 656 5156 prmcepit
683 5081 992 5144 Dominum,
1015 5079 1141 5149 quia
1167 5077 1442 5134 Creatoris
1467 5076 1728 5132 beneﬁcio
1753 5077 1984 5132 existere

402 5181 734 5230 meruerunt.
795 5171 1148 5226 Considerata
1197 5169 1341 5223 enim
1390 5177 1468 5223 tot
1500 5167 1701 5222 lumina
1742 5167 1986 5237 ingentes

400 5263 786 5319 admirationes
815 5270 1053 5332 possunt
1091 5253 1454 5324 commovere,
1497 5260 1712 5331 quando
1750 5266 1804 5313 et
1841 5274 1985 5312 mor-

402 5352 536 5407 tales
571 5351 756 5409 oculos
785 5352 968 5407 videre
1005 5349 1228 5416 faciunt,
1267 5359 1322 5405 et
1355 5349 1470 5417 ipsa
1501 5349 1663 5403 viuum
1707 5347 1980 5419 splendida

398 5440 646 5498 claritate
684 5443 1039 5499 constituunt.
1073 5440 1240 5512 Igitur
1288 5439 1368 5496 sol
1405 5438 1456 5494 in
1499 5438 1780 5510 Scriptura
1825 5454 1980 5496 sacra

399 5531 688 5602 aliquando
747 5534 1017 5605 signiﬁcat
1075 5534 1361 5589 Domimnn
1435 5531 1808 5597 Salvatorcm,
1877 5531 1978 5586 ali-

399 5625 616 5694 quando
665 5636 975 5681 sanctormn
1025 5643 1246 5683 suorum
1295 5626 1633 5690 claritatem,
1691 5623 1980 5694 aliquando

408 5716 680 5786 It'picntia:
726 5715 1010 5788 fulgorem,
1063 5718 1351 5788 aliquando
1387 5718 1634 5772 decorem
1682 5717 1977 5780 virtutum,

2088 1891 2271 1950 dicens
2295 1911 2306 1947 :
2345 1891 2518 1948 Solem
2547 1893 2601 1946 in
2629 1901 2933 1964 potestatem
2965 1891 3088 1956 diei,
3117 1891 3366 1963 quoniam
3397 1889 3451 1944 iu
3479 1887 3675 1943 sa'cula

2085 1983 2448 2040 misericordia
2475 1983 2589 2054 ejus
2613 1979 2786 2054 (Psal.
2811 1983 3032 2051 cxxxv).
3071 1981 3224 2049 Quod
3252 1979 3571 2052 spiritaliter
3599 1979 3674 2034 ita

2087 2074 2312 2146 intelligi
2344 2082 2548 2144 potest,
2585 2081 2642 2127 ut
2671 2073 2838 2128 Solem
2871 2071 3150 2142 sapientia:
3179 2070 3440 2124 Dominus
3470 2069 3674 2124 sanctis

2086 2166 2198 2221 suis
2229 2166 2518 2220 miseratus
2550 2159 2818 2228 infundat,
2856 2172 3124 2234 quatenus
3161 2163 3250 2218 illa
3285 2162 3522 2226 videant,
3555 2178 3677 2232 qua:

2085 2261 2152 2314 ad
2180 2257 2350 2330 ipsius
2383 2266 2590 2314 certum
2621 2267 2706 2312 est
2735 2257 3008 2346 pertinere
3032 2256 3355 2326 iussionem.
3413 2257 3675 2312 Decorem

2086 2361 2270 2404 autem
2325 2350 2584 2406 virtutum
2645 2360 2701 2405 et
2752 2349 3017 2404 bonorum
3072 2365 3298 2420 operum
3365 2349 3537 2405 solem
3596 2347 3675 2405 si-

2084 2440 2347 2512 gniﬁcare
2396 2439 2484 2495 illa
2543 2440 2757 2496 Domini
2803 2441 3075 2496 sententia
3125 2441 3509 2504 demonstrat,
3567 2456 3676 2512 qua

2087 2533 2155 2588 ad
2177 2531 2461 2602 Apostolus
2485 2532 2710 2603 loquens
2733 2534 2806 2588 ait
2830 2551 2842 2586 :
2869 2531 2960 2589 Sic
2984 2531 3154 2587 luceat
3180 2533 3274 2587 lu:
3297 2543 3470 2588 vestra
3493 2549 3675 2586 curant

2085 2625 2383 2680 hominibus
2412 2635 2468 2679 ut
2497 2626 2703 2681 rideant
2733 2641 2891 2697 opera
2919 2635 3090 2680 uestra
3119 2625 3277 2690 bona,
3307 2633 3356 2678 et
3381 2624 3674 2696 glorificent

2087 2711 2304 2768 Patrem
2352 2725 2601 2780 vestrum,
2630 2717 2720 2786 qui
2768 2714 2824 2768 in
2872 2713 3013 2770 caelis
3061 2724 3138 2770 est
3183 2713 3401 2785 (Matth.
3447 2714 3525 2784 v).
3581 2715 3673 2767 Sol

2087 2807 2356 2878 signiﬁcat
2383 2823 2608 2862 acumen
2640 2807 2942 2879 sapientia},
2972 2807 3114 2862 sicut
3142 2807 3196 2862 in
3222 2805 3324 2862 Job
3353 2806 3674 2876 quibusdam

2087 2897 2440 2968 sapientibus,
2465 2898 2558 2952 sed
2587 2897 2854 2968 reprobis,
2881 2912 2978 2968 pro
3006 2896 3224 2953 diabolo
3250 2897 3449 2952 dicitur
3473 2915 3486 2950 :
3520 2895 3675 2950 Radit

2087 2985 2214 3040 solis
2257 2985 2352 3040 sub
2399 2988 2510 3057 ipso
2553 2995 2704 3040 erunt
2732 2983 2854 3058 (Job
2883 2985 3015 3055 xu),
3067 2985 3386 3040 subauditur
3423 2985 3679 3040 Ecclesiae

2090 3074 2256 3143 ﬁdes,
2297 3077 2364 3133 de
2393 3092 2500 3148 quo
2529 3092 2626 3148 per
2653 3071 2766 3132 Joel
2799 3076 3125 3148 Prophetam
3153 3077 3390 3132 dicitur:
3425 3075 3520 3132 Sol
3549 3093 3646 3130 con
3668 3105 3680 3115 -

2089 3181 2316 3226 vertetur
2359 3170 2413 3224 in
2465 3165 2701 3224 tenebras
2733 3166 2893 3240 (Joel.
2921 3167 3021 3240 tt);
3077 3168 3202 3238 quia
3257 3167 3388 3224 ﬁdes
3419 3167 3676 3225 Ecclesia»

2091 3260 2383 3317 novissima
2411 3261 2786 3332 persecutione
2821 3261 2876 3316 in
2908 3261 3262 3332 reproborum
3291 3261 3548 3316 cordibus
3577 3275 3677 3331 per

2090 3353 2463 3410 inﬁdelitatem
2510 3349 2910 3408 obscurabitur.
2967 3350 3059 3407 Sol
3105 3351 3391 3406 manifesta
3433 3351 3679 3420 operatio

2089 3452 2192 3510 est,
2220 3444 2362 3500 sicut
2385 3442 2438 3497 in
2462 3439 2732 3498 Psalterio
2755 3441 2955 3498 dicitur
2982 3456 3081 3512 pro
3105 3456 3334 3510 corpore
3359 3448 3670 3510 assumpto:

2090 3533 2159 3591 In
2186 3531 2294 3586 sole
2321 3532 2491 3602 posuit
2522 3530 2918 3585 tabernaculum
2953 3546 3105 3584 suum
3140 3527 3311 3600 (Psal.
3341 3529 3516 3598 xvm).
3575 3529 3674 3583 De.-

2089 3625 2254 3694 nique
2303 3623 2355 3678 in
2404 3621 2730 3678 contrariam
2784 3631 2992 3692 partem
3041 3621 3172 3676 solis
3223 3621 3672 3694 signiﬁcationem

2089 3715 2354 3788 prolatam
2399 3713 2634 3770 ostendit
2678 3713 2766 3769 illa
2809 3713 3129 3787 Evangelica
3173 3713 3462 3784 parabola,
3509 3730 3673 3783 quam

2089 3807 2156 3862 de
2199 3806 2457 3862 sementis
2499 3805 2812 3860 diversitate
2858 3805 3119 3860 Dominus
3171 3804 3394 3874 protulit
3440 3805 3668 3859 dicens:

2090 3897 2208 3951 Alia
2236 3905 2412 3950 autem
2440 3895 2736 3950 ceciderunt
2771 3895 2826 3949 in
2865 3905 3106 3967 petrosa,
3152 3894 3242 3950 ubi
3279 3912 3379 3949 non
3415 3895 3672 3948 habebant

2087 3998 2282 4042 terram
2323 3987 2568 4052 multam,
2621 3998 2666 4042 et
2715 3987 2960 4042 continuo
2987 3996 3167 4041 exorta
3204 3996 3356 4052 sunt,
3403 3985 3526 4058 quin
3569 4001 3675 4038 non

2087 4079 2342 4134 habebant
2371 4077 2699 4134 altitudinem
2723 4089 2916 4134 terrae:
2942 4077 3049 4133 sole
3079 4088 3254 4132 autem
3283 4089 3396 4132 orto
3423 4088 3675 4131 a’stuarc-

2089 4181 2251 4225 runt:
2287 4181 2334 4224 et
2364 4171 2486 4242 quia
2519 4187 2620 4224 non
2654 4170 2908 4224 habebant
2947 4171 3198 4234 radicem,
3229 4178 3488 4223 aruerunt
3517 4167 3670 4240 (Luc.

2089 4261 2232 4336 vnt).
2268 4261 2492 4318 Petrosa
2525 4277 2652 4316 vero
2681 4262 2797 4318 loca
2821 4302 2834 4327 ,
2866 4277 2988 4332 quin
3018 4261 3164 4316 tenui
3193 4261 3397 4330 cespite
3423 4269 3676 4315 contecta

2088 4361 2397 4422 susceptum
2437 4367 2622 4409 semen
2653 4351 2762 4406 cito
2797 4351 3100 4423 germinare
3138 4359 3376 4420 queunt,
3426 4350 3521 4405 sed
3561 4350 3672 4404 vim

2085 4440 2285 4497 radicis
2316 4441 2538 4514 ﬁgenda:
2567 4458 2672 4498 non
2703 4443 2938 4507 habent,
2971 4441 3060 4500 illa
3090 4442 3345 4496 nimirum
3379 4449 3505 4497 sunt
3531 4456 3671 4512 pne-

2013 4503 2064 4564 D
2091 4536 2275 4590 cordia
2293 4574 2309 4600 ,
2352 4503 2474 4606 qua:
2502 4529 2661 4588 nullis
2689 4503 2988 4604 disciplinae
3021 4534 3213 4589 studiis
3242 4533 3452 4589 erudita
3492 4503 3670 4588 nullas

400 4625 592 4680 lucida-
615 4629 778 4695 atque
817 4623 1056 4689 subtilia,
1113 4633 1291 4680 tamen
1325 4637 1550 4694 corpora
1593 4635 1714 4676 esse
1754 4619 1983 4675 manife-
2017 4685 2023 4690 ο

2093 4625 2448 4679 lentationum
2495 4622 2904 4694 probationibus
2950 4623 3207 4687 emollita,
3241 4623 3522 4678 dulcedine
3552 4631 3674 4676 tan-

2094 4724 2206 4770 tum
2247 4715 2414 4769 auditi
2457 4715 2764 4782 sermonis,
2819 4728 2885 4768 ac
2931 4713 3212 4786 promissis
3251 4713 3564 4768 cmlestilms
3597 4713 3668 4767 ad
3765 4763 3774 4772 ,

2091 4809 2280 4864 horam
2311 4795 2666 4874 delectantur,
2699 4809 2793 4863 sed
2841 4809 2896 4864 in
2946 4817 3188 4878 tempore
3233 4808 3550 4863 tentatiouis
3583 4823 3672 4863 re-

2091 4902 2307 4955 cedunt.
2335 4899 2425 4954 Sol
2449 4899 2778 4970 prosperitas
2795 4907 2898 4966 est,
2915 4909 2969 4954 et
2987 4899 3112 4954 luna
3135 4899 3433 4954 adversitas
3457 4897 3665 4953 mumli.

2084 4991 2152 5047 Ut
2181 4991 2234 5045 in
2259 4990 2526 5046 Psalterio
2549 5008 2560 5044 :
2601 4988 2704 5044 Per
2727 4991 2865 5046 diem
2891 4991 2971 5046 sol
2994 5007 3096 5046 non
3124 5001 3235 5045 urat
3262 5001 3331 5055 te,
3356 5007 3516 5061 neque
3537 4989 3669 5046 (una

2079 5099 2172 5153 per
2203 5092 2400 5136 noctem
2427 5079 2602 5154 (Psul.
2625 5080 2772 5154 cxx).

2708 5171 2935 5228 CAPUT
2975 5171 3044 5225 Χ.

2748 5263 2823 5317 De
2853 5263 3001 5318 luna.

2159 5354 2307 5410 Luna
2346 5365 2560 5419 autem,
2601 5370 2721 5425 qua:
2769 5357 3062 5409 lllt'tlSll'lllS
3111 5354 3442 5426 temporibus
3471 5353 3676 5410 crescit

2086 5454 2144 5502 et
2168 5446 2453 5511 decrescit,
2483 5455 2538 5501 et
2569 5462 2673 5500 non
2702 5446 2922 5515 proprio
2950 5445 3153 5502 lumine
3181 5445 3353 5512 lueet,
3404 5445 3495 5500 sed
3538 5447 3674 5502 solis

2087 5547 2331 5594 mutuato
2378 5538 2660 5608 splemlore
2711 5535 3030 5602 illusttatur,
3084 5537 3374 5606 aliquando
3426 5539 3477 5592 in
3517 5537 3672 5592 Scri-

2087 5633 2258 5702 pturis
2283 5631 2547 5702 signiﬁcat
2577 5630 2722 5684 hanc
2762 5629 3043 5684 murtalem
3075 5630 3238 5684 vitam
3284 5639 3337 5684 et
3387 5629 3668 5694 miseram,

2089 5723 2734 5805 aliqoanidpraesentctn
2773 5718 3086 5775 Ecclesium.
3141 5719 3294 5776 Unde
3339 5719 3392 5774 in
3436 5733 3681 5786 cvange-
