4072 6198
450 305 558 361 269

450 417 553 473 lica
602 417 863 488 parabola
914 416 1112 488 legitur
1159 416 1331 490 (Luc.
1381 417 1492 486 χ),

450 505 748 561 Jerusalem
779 506 1113 562 descendens
1159 507 1211 561 in
1257 505 1477 581 Iericho
1530 506 1809 561 incidisset
1854 506 1909 560 in
1956 505 2037 560 la-

451 605 653 659 trones,
671 596 761 665 qui
785 596 1387 665 etiamdispoliaverunt
1405 611 1550 660 etitn,
1566 595 1736 665 plagis
1752 595 2037 665 impositis,

448 687 705 740 abierunt
754 687 1015 741 semivivo
1060 687 1269 740 relicto.
1329 686 1428 740 Hie
1475 702 1605 757 ergo
1657 687 1818 740 homo
1866 687 2038 741 Adam

449 775 769 845 intelligitur
803 791 926 831 cum
964 775 1111 830 omni
1168 790 1366 845 genere
1421 776 1681 830 humano.
1737 773 2036 829 Jerusalem

448 877 629 922 autem
661 868 853 923 civitas
882 867 971 921 illa
1010 866 1250 922 cmlestis
1278 867 1562 937 accipitur,
1605 883 1636 920 a
1673 866 1827 936 cujus
1862 868 2039 922 beati-

450 958 635 1012 tudine
660 958 832 1012 Adam
869 957 1050 1037 lapsus
1076 972 1176 1027 per
1201 956 1593 1027 privationem,
1640 965 1697 1011 et
1736 956 1939 1025 ejectus
1985 957 2038 1011 in

449 1051 590 1107 hanc
619 1051 903 1106 mortalem
952 1050 1118 1104 vitam
1159 1058 1215 1104 et
1261 1050 1549 1115 miseram,
1582 1065 1744 1119 quam
1776 1051 1913 1105 bene
1944 1048 2038 1104 Je-

447 1143 620 1207 richo,
644 1142 905 1212 quaeluna
930 1143 1337 1211 interpretatur,
1360 1141 1647 1212 signiﬁcat,
1663 1140 1832 1195 variis
1854 1141 2040 1194 videli-

444 1243 535 1289 cet
557 1232 865 1288 defectuum
892 1232 1167 1288 laboribus
1189 1231 1458 1287 instabilis
1483 1246 1700 1300 semper
1726 1238 1783 1285 et
1808 1231 2035 1285 caduca.

443 1323 711 1380 Latrones
740 1334 923 1380 autem
950 1324 1224 1379 damones
1254 1322 1559 1393 intelligere
1586 1336 1908 1391 possumus,
1945 1321 2039 1390 qui

445 1416 754 1471 seducendo
798 1415 975 1470 Adam
1020 1414 1615 1485 dispoliaverunt‘eum
1653 1413 1823 1486 gloria
1868 1414 2039 1469 beaue

445 1504 890 1570 immortalitatis,
905 1513 959 1560 et
982 1504 1306 1561 innocentia:
1325 1510 1477 1560 veste
1499 1505 1800 1575 privarunt.
1830 1503 2039 1558 Lunam

447 1608 627 1652 autem
658 1595 895 1668 ﬁgurare
921 1595 1220 1651 Ecclesiam
1247 1594 1487 1651 ostendit
1511 1593 1601 1649 ille
1624 1609 1814 1649 versus
1843 1612 1855 1647 :
1890 1593 2039 1649 Fecit

446 1688 628 1742 lunam
681 1688 737 1743 in
791 1696 1075 1758 teinpore,
1123 1686 1205 1743 sol
1248 1687 1505 1758 cognovit
1550 1701 1806 1742 occasum
1855 1700 2033 1741 suurn.

1451 302 1537 355 DE
1580 300 1925 357 UMH'ZRSO
1966 298 2144 354 ΜΒΝ
2188 297 2345 350 XX“.
2388 327 2456 338 -
2498 296 2622 351 LIB.
2664 297 2754 351 I.\'.

1550 419 1692 486 quod
1746 417 1908 471 boum
1967 416 2036 470 ab
2067 424 2112 481 Α
2139 415 2366 484 spiritali
2396 431 2490 485 per
2512 424 2570 471 Se
2597 417 2770 485 ipsum
2796 414 3015 470 veniens
3043 414 3316 472 illustrare
3339 417 3591 490 dignatus
3616 429 3718 473 est.

3612 293 3718 352 270

2142 505 2249 562 Sed
2276 518 2331 562 et
2361 507 2475 577 ipsa
2504 515 2630 561 tunc
2652 506 2791 561 lunae
2818 506 3099 562 conversio
3123 505 3544 578 pulcherrimum
3568 509 3725 565 nobis

2140 596 2463 651 sacramenti
2513 594 2751 651 caelestis
2806 596 3170 664 spectaculum
3202 597 3424 667 przebct.
3478 598 3725 669 Namque

2140 687 2284 752 luna,
2313 704 2432 757 qua:
2466 688 2677 742 rotumli
2709 686 2848 741 facta
2878 689 3203 753 stemmatis,
3239 705 3270 742 a
3296 689 3408 744 sole
3436 689 3614 745 lumen
3642 697 3731 761 (ut

2138 792 2297 846 supra
2330 778 2585 847 diximus)
2632 777 2862 846 accipit,
2902 778 3129 847 ideoque
3159 793 3376 849 semper
3404 794 3469 833 ex
3503 780 3724 836 dimidio

2137 868 2304 933 orbe,
2347 869 2605 938 quem'ad
2638 869 2805 924 solem
2838 870 3031 936 habet,
3076 870 3250 925 lucida
3289 878 3411 925 est:
3451 886 3519 929 ex
3553 870 3725 926 altero

2139 967 2319 1013 autem
2345 959 2568 1016 dimidio
2596 975 2808 1029 semper
2835 962 3085 1015 obscura.
3139 960 3182 1015 A
3225 961 3398 1031 prima
3443 977 3616 1031 usque
3658 964 3725 1019 ad

2139 1052 2382 1120 quintam
2412 1051 2680 1105 decimam
2721 1051 2858 1106 lueis
2889 1058 3223 1106 crementum
3254 1053 3321 1107 ad
3352 1061 3546 1116 terras,
3580 1051 3728 1108 defc-

2139 1145 2284 1194 ctum
2310 1154 2440 1195 vero
2485 1139 2647 1194 habet
2689 1141 2760 1194 ad
2802 1139 2990 1206 caelos,
3023 1155 3055 1194 a
3102 1141 3502 1210 quintadecim'a
3544 1150 3726 1197 autem

2140 1245 2311 1300 usque
2335 1231 2402 1284 ad
2430 1231 2779 1286 novissimam
2807 1240 3145 1287 crementum
3176 1232 3419 1303 ejusdem
3450 1248 3562 1289 suae
3591 1234 3729 1289 lucis

2139 1338 2168 1375 a
2200 1323 2428 1378 terrenis
2465 1338 2714 1379 aversum
2760 1324 3019 1394 paulatim
3068 1325 3137 1381 ad
3183 1326 3425 1383 cmlestia
3473 1329 3724 1383 revertit.

2140 1410 2267 1478 Quae
2305 1413 2559 1468 nimirum
2588 1413 2705 1483 ejus
2734 1416 3020 1471 conversio
3056 1424 3201 1471 recte
3237 1417 3508 1487 paschalis
3544 1419 3729 1489 gaudii

2141 1503 2397 1573 mysteria
2426 1504 2633 1575 signat,
2667 1506 2864 1575 quibus
2891 1522 3109 1562 omnem
3148 1509 3345 1564 mentis
3375 1518 3572 1566 nostra:
3605 1511 3726 1582 glo-

2139 1593 2276 1648 riam
2316 1608 2348 1648 a
2386 1594 2687 1653 visibilibus
2712 1607 2960 1654 avertere
3011 1598 3222 1654 deliciis
3270 1600 3598 1672 caducisque
3643 1600 3727 1656 fa-

2138 1685 2376 1746 voribus,
2403 1694 2569 1757 atque
2602 1687 2668 1742 ad
2704 1687 2873 1744 solam
2910 1689 3149 1745 caelestis
3181 1690 3368 1761 gratiae
3398 1691 3572 1748 lucem
3608 1708 3730 1750 sus-

447 1777 597 1832 l.una
628 1778 875 1834 Ecclesia
899 1787 1012 1843 est,
1048 1792 1212 1849 quam
1252 1777 1305 1832 in
1338 1776 1672 1848 temporibus
1705 1774 1903 1832 factam
1934 1775 2035 1830 ali-
2068 1783 2112 1841 B
2143 1778 2376 1847 pendere
2415 1778 2831 1850 contemplando
2871 1780 3147 1836 docemur.
3204 1781 3298 1837 Vel
3344 1782 3390 1837 si
3439 1791 3730 1856 utramque

445 1873 664 1941 quando
701 1872 871 1927 minui
909 1873 1212 1945 contingit,
1261 1872 1551 1941 aliquando
1583 1887 1864 1937 crescere,
1914 1887 2034 1942 qua:

449 1976 628 2019 tamen
659 1964 739 2020 sic
766 1963 1048 2031 minuitur,
1090 1972 1148 2018 ut
1184 1979 1400 2035 semper
1427 1962 1686 2020 redeunte
1723 1965 2035 2035 integritate

447 2066 749 2127 reparetur.
782 2056 965 2112 Solem
991 2072 1121 2113 vero
1147 2057 1200 2112 in
1233 2057 1336 2112 hoc
1362 2057 1485 2112 loco
1513 2058 1706 2112 merito
1736 2058 2035 2128 accipimus

447 2147 738 2201 Dominum
766 2146 1124 2203 Salvatorem.
1181 2147 1287 2203 Iste
1329 2162 1460 2220 ergo
1500 2149 1753 2219 cognovit
1780 2162 2035 2203 occasum

445 2253 602 2292 suum
622 2278 637 2303 ,
671 2238 724 2293 id
758 2248 874 2304 est,
908 2237 1138 2309 gloriam
1167 2253 1279 2294 suae
1307 2239 1576 2308 passionis
1602 2240 1860 2311 agnovit,
1912 2253 2035 2294 cum

446 2329 725 2400 discipulis
754 2329 867 2387 suis
896 2330 1104 2386 diceret
1129 2348 1142 2384 :
1176 2327 1326 2384 Venit
1354 2330 1518 2395 hora,
1555 2340 1602 2385 et
1633 2330 1779 2399 ﬁlius
1806 2330 2035 2384 hominis

445 2424 686 2478 tradetur
724 2424 782 2478 in
828 2439 1017 2477 manus
1058 2430 1387 2493 peccatorum
1422 2419 1640 2494 (Matth.
1682 2421 1851 2493 xxvr).
1906 2422 2035 2478 ltem

440 2513 571 2584 (luna
600 2514 875 2586 signiﬁcat
919 2522 1221 2583 martyrum
1266 2512 1608 2582 passionem,
1657 2520 1719 2567 ut
1754 2526 1852 2583 per
1884 2511 2038 2569 Johel

444 2607 767 2677 prophetam
806 2604 1043 2660 dicitur:
1089 2602 1159 2658 Et
1198 2601 1325 2657 luna
1364 2612 1591 2657 vertetur
1630 2604 1688 2658 in
1729 2604 2039 2674 sanguinem

446 2697 607 2771 (Joel.
629 2698 711 2771 ιι),
741 2699 846 2755 hoc
869 2706 983 2764 est,
1008 2705 1307 2769 martyrum
1334 2712 1555 2753 suorum
1580 2712 1773 2753 cruone
1796 2696 2035 2768 perfusa.

444 2789 579 2846 Item
610 2790 737 2846 luna
769 2805 1008 2861 prmsens
1035 2788 1288 2845 saeculum
1316 2788 1605 2861 signiﬁcat,
1633 2803 1700 2845 eo
1728 2789 1870 2859 quod
1896 2805 2039 2845 sem-

445 2896 545 2953 per
573 2890 825 2937 mutetur.
882 2882 960 2937 Dc
995 2896 1104 2952 quo
1146 2881 1202 2936 in
1242 2880 1565 2952 Apocalypsi
1609 2880 1809 2936 dicitur
1835 2881 1904 2937 de
1932 2881 2038 2937 Ec-

447 2974 611 3030 clesia
631 2993 646 3029 :
670 2973 739 3028 Et
762 2973 887 3028 luna
909 2973 1003 3028 sub
1023 2972 1240 3044 pedibus
1261 2973 1371 3027 suis
1385 2971 1569 3044 (Apoc.
1585 2970 1709 3046 xu).
1736 2970 2039 3042 Aliquando

446 3074 627 3122 autem
674 3065 801 3120 luna
846 3062 1151 3119 instabilem
1195 3063 1394 3118 mentis
1437 3063 1693 3117 humanas
1721 3061 2035 3132 qualitatem

2138 1866 2254 1935 ejus
2284 1869 2690 1925 conversionem
2742 1869 2798 1924 in
2847 1871 3044 1926 bonum
3074 1871 3308 1927 delectat
3338 1872 3685 1945 irterpretari
3707 1916 3725 1941 ,

2137 1976 2422 2032 possumus
2477 1961 2779 2033 intelligere
2820 1964 2964 2034 quod
3002 1978 3256 2019 crescens
3294 1966 3362 2021 ad
3407 1967 3594 2022 oculos
3629 1969 3732 2024 hu-

2139 2068 2330 2108 manos
2363 2053 2543 2109 lumen
2574 2054 2717 2110 lunae
2744 2056 3007 2110 virtutum
3039 2057 3267 2125 gratiam
3288 2097 3305 2124 ,
3334 2058 3530 2127 quibus
3544 2076 3730 2137 appa-

2142 2161 2269 2202 rens
2303 2146 2358 2201 in
2388 2161 2552 2203 carne
2580 2148 2842 2205 Dominus
2879 2151 3079 2205 mundo
3118 2151 3323 2217 illuxit,
3360 2152 3627 2219 insinuet,
3662 2156 3732 2211 de

2139 2238 2335 2308 quibus
2364 2238 2566 2295 dicitur
2590 2257 2603 2291 :
2632 2238 2701 2293 Et
2724 2238 2880 2294 Iesus
2910 2241 3211 2311 proﬁciebat
3230 2242 3487 2312 sapientia
3508 2253 3557 2297 et
3578 2254 3732 2300 nitate

2137 2339 2187 2384 et
2216 2330 2391 2401 gratia
2415 2330 2560 2401 apud
2587 2329 2756 2385 Deum
2782 2340 2829 2385 et
2852 2331 3085 2386 homines
3111 2330 3263 2404 (Luc.
3288 2331 3382 2404 n);
3414 2348 3730 2392 recresccns

2139 2434 2271 2475 vero
2304 2421 2371 2475 ad
2404 2420 2571 2477 ccelos
2615 2421 3028 2477 resurrectionis
3080 2423 3524 2494 ascensionisque
3580 2424 3726 2482 illius

2137 2509 2366 2583 gloriam
2397 2509 2674 2582 designet,
2714 2524 2833 2580 quas
2869 2511 2923 2566 in
2954 2526 3013 2566 se
3042 2511 3262 2581 quidem
3303 2513 3419 2585 ipsa
3447 2529 3573 2569 mox
3605 2529 3732 2586 per-

2141 2600 2282 2657 fecta
2309 2601 2598 2671 provenit,
2649 2601 2744 2657 sed
2784 2600 2839 2656 in
2876 2603 3059 2659 animo
3088 2602 3357 2673 ﬁdelium,
3401 2606 3726 2677 quibusdam

2141 2692 2281 2750 lucis
2321 2708 2434 2749 suae
2482 2691 2817 2764 profectibus
2859 2709 3031 2765 usque
3081 2697 3149 2751 ad
3185 2694 3347 2752 ﬁnem
3391 2697 3577 2753 saeculi
3614 2713 3765 2753 ere--

2141 2798 2296 2840 scere
2330 2798 2437 2839 non
2467 2783 2686 2838 desinit.
2733 2782 3042 2856 Resurgens
3065 2785 3210 2840 enim
3244 2787 3503 2843 Dominus
3527 2804 3557 2843 a
3587 2803 3736 2844 mor-

2143 2874 2266 2937 tuis,
2319 2871 2498 2944 primo
2544 2872 2772 2944 singulis
2819 2888 2882 2928 ac
2927 2873 3089 2941 binis,
3138 2889 3204 2936 ac
3239 2876 3435 2932 deinde
3463 2876 3731 2948 pluribus,

2140 2963 2300 3020 modo
2326 2971 2559 3034 septem,
2588 2965 2747 3020 modo
2772 2964 3044 3032 undecim,
3074 2974 3130 3021 et
3159 2966 3443 3045 plusquam
3470 2969 3735 3043 quingen-

2143 3056 2213 3112 tis
2244 3054 2505 3113 fratribus
2532 3057 2693 3113 simul
2719 3099 2734 3124 ,
2786 3059 2855 3114 ad
2894 3058 3139 3115 ultimum
3170 3060 3449 3133 discipulis
3477 3066 3734 3123 erunibus

446 3159 502 3213 in
544 3156 844 3227 Scripturis
890 3155 1267 3226 reprehendit,
1314 3162 1376 3209 ut
1410 3163 1496 3209 est
1534 3153 1664 3209 illud
1705 3152 2033 3223 Sapientiae:
2066 3136 2111 3199 C
2141 3148 2393 3218 apparuit
2420 3147 2472 3220 (1
2499 3147 2621 3203 Cor.
2653 3148 2767 3223 xv),
2817 3150 3013 3220 quibus
3055 3152 3360 3210 videntibus
3407 3171 3735 3215 ascensurus

445 3248 654 3304 Stultus
690 3258 747 3302 ut
783 3247 910 3302 (una
937 3257 1194 3312 mutatur,
1235 3248 1361 3317 quia
1402 3246 1482 3301 vir
1507 3246 1706 3317 duplici
1743 3248 1920 3303 animo
1948 3248 2034 3301 in-

444 3350 693 3409 constans
720 3348 794 3394 est
831 3340 886 3393 in
913 3339 1152 3393 omnibus
1180 3338 1276 3392 viis
1302 3337 1411 3392 suis
1439 3336 1572 3393 (Sir.
1600 3336 1793 3408 xxv").
1843 3336 1951 3393 Sed
1981 3345 2038 3393 et

447 3432 552 3488 hoc
578 3432 907 3496 notandum,
949 3431 1095 3500 quod
1136 3430 1264 3484 luna
1295 3438 1506 3499 tempus
1536 3430 1805 3500 paschalis
1834 3430 2039 3486 festivi-

449 3523 577 3578 tatis
600 3522 837 3577 maxima
868 3538 932 3577 ex
966 3530 1119 3593 parte
1145 3524 1382 3588 ordinat,
1413 3538 1533 3592 quae
1561 3522 1878 3580 solemnitas
1911 3532 2033 3580 tuor

447 3614 683 3669 maxime
714 3612 1042 3680 celebratur,
1079 3628 1202 3669 cum
1232 3612 1362 3669 solis
1402 3613 1583 3669 lumen
1636 3613 1833 3668 animis
1871 3613 2037 3684 proli’

444 3704 596 3760 ciens
643 3704 982 3760 incremento
1024 3704 1255 3775 primam
1305 3704 1470 3760 sumit
1512 3703 1580 3761 de
1628 3705 1804 3761 noctis
1845 3706 2037 3761 umbra

445 3796 750 3853 victoriam.
805 3795 1010 3852 Deinde
1056 3812 1298 3853 mensem
1347 3797 1578 3867 primum
1629 3798 1797 3864 anni,
1847 3799 1941 3870 qui
1984 3808 2039 3855 et

444 3902 707 3942 novarum
739 3895 982 3953 vocatur,
1013 3886 1065 3943 in
1100 3901 1208 3957 quo
1238 3887 1447 3943 Pascha
1476 3888 1834 3956 celebremus,
1864 3897 2039 3945 atten-

447 3977 644 4032 dimus.
701 3976 825 4048 Ipse
859 3986 1041 4034 autem
1073 3986 1157 4032 est
1183 3979 1407 4046 mensis,
1440 3980 1493 4034 in
1524 3995 1633 4052 quo
1669 3982 1898 4038 mundus
1933 3981 2037 4037 iste

441 4066 728 4135 formatus,
759 4079 814 4125 et
841 4069 1005 4124 homo
1046 4078 1132 4125 est
1171 4070 1379 4140 primus
1425 4072 1480 4127 in
1523 4073 1758 4143 paradisi
1802 4073 1929 4131 sede
1957 4074 2036 4130 lo-

354 4202 361 4203 ,
440 4166 635 4214 catus:
669 4158 793 4229 quia
824 4173 922 4229 per
944 4158 1103 4229 hujus
1135 4161 1391 4233 mysteria
1418 4161 1777 4218 solemnitatis
1801 4164 2033 4234 primam

443 4265 542 4305 nos
568 4249 673 4303 stol
694 4266 761 4304 .m
790 4257 1127 4321 recepturos,
1151 4251 1385 4323 primum
1412 4267 1658 4324 supernre
1682 4255 2034 4313 beatitudinis

443 4355 692 4411 regnum,
717 4356 749 4395 a
775 4356 883 4409 quo
910 4341 963 4395 in
987 4341 1335 4413 longinquam
1359 4344 1636 4414 regionem
1661 4344 2031 4413 discessimus,

443 4447 540 4487 nos
567 4432 885 4502 fecepturos
913 4447 1033 4489 esse
1059 4449 1363 4503 speramus.
1397 4435 1475 4491 De
1502 4434 1655 4505 cujus
1679 4436 1850 4508 gloria
1877 4438 2032 4510 regni

442 4522 635 4578 beatus
661 4523 956 4595 Apostolus
982 4524 1204 4591 Petrus,
1232 4525 1387 4581 talos
1420 4535 1595 4581 autem
1629 4544 1809 4595 novos,
1836 4530 2030 4602 inquit,

439 4627 487 4670 et
517 4626 715 4670 terram
745 4633 935 4671 novam
963 4627 1012 4671 et
1042 4616 1252 4691 [jurta]
1281 4620 1541 4688 promissa
1569 4620 1734 4690 ipsius
1763 4630 2001 4691 exspecta
2019 4651 2034 4663 -

443 4725 580 4775 ntus,
614 4710 673 4763 in
699 4711 887 4781 quibus
909 4709 1122 4780 justitia
1157 4710 1357 4765 habitat
1390 4710 1476 4783 (11
1503 4710 1648 4766 Petr.
1677 4711 1782 4785 ιιι).
1836 4712 1942 4769 Sed
1981 4720 2036 4768 et

443 4801 680 4856 Joannes
719 4803 773 4858 in
802 4802 1126 4874 Apocalypsi
1167 4817 1266 4859 sua
1292 4822 1305 4857 :
1345 4803 1410 4857 Et
1441 4804 1596 4870 dixit,
1624 4807 1715 4877 qui
1745 4806 1952 4861 sedebat
1977 4807 2034 4861 in

443 4892 632 4946 throno
654 4905 674 4944 :
702 4891 841 4947 Ecce
877 4893 1017 4963 facio
1052 4894 1230 4948 omnia
1267 4911 1398 4950 nova
1428 4894 1620 4966 (Apoc.
1644 4895 1779 4967 XXI).
1806 4972 1809 4976 Α
1832 4895 2033 4953 Deinde

443 4987 609 5042 etiam
636 4989 855 5044 tertiam
882 4990 1085 5046 mensis
1104 4990 1343 5062 ejusdem
1367 4992 1723 5061 septimanam
1752 4994 1805 5048 in
1832 4996 2028 5064 pascha

444 5079 825 5150 observamus,
873 5082 1015 5151 quod
1066 5084 1481 5140 resurrectionis
1509 5086 1799 5149 Dominica:
1825 5088 2034 5157 gaudiis

446 5170 725 5239 aptissime
751 5173 998 5243 congruit
1023 5192 1036 5227 :
1070 5175 1195 5244 quia
1226 5185 1281 5230 et
1327 5176 1516 5231 eodem
1544 5189 1885 5233 sacrosancta
1917 5179 2031 5250 ejus

446 5262 772 5317 resurrectio
803 5263 961 5319 tertia
1005 5266 1090 5320 die
1130 5265 1270 5321 facta
1310 5275 1430 5330 est,
1483 5278 1540 5322 et
1586 5268 1746 5324 tertio
1791 5277 2029 5338 tempore

441 5353 648 5419 saeculi,
671 5354 724 5410 id
751 5362 854 5420 est,
877 5372 1000 5412 cum
1031 5357 1216 5427 gratia:
1243 5358 1484 5413 cmlestis
1515 5360 1745 5414 adventu
1778 5369 1887 5417 tota
1915 5360 2032 5430 ejus

447 5442 500 5498 in
538 5459 706 5499 carne
746 5446 1111 5517 dispensatio,
1157 5463 1277 5518 qum
1321 5460 1418 5518 per
1446 5450 1863 5505 resurrectionis
1899 5467 2030 5506 con-

446 5542 715 5589 summata
743 5546 828 5591 est
857 5537 1105 5607 gloriam,
1138 5539 1338 5594 mundo
1368 5539 1635 5609 apparuit.
1670 5539 1850 5594 Prima
1881 5557 2033 5596 nam-

447 5640 549 5694 que
579 5626 762 5680 surculi
799 5636 1042 5698 tempora
1072 5628 1185 5700 lege
1217 5629 1447 5684 naturali
1485 5644 1583 5699 per
1615 5629 1825 5696 Patres,
1856 5632 2031 5686 media

450 5713 566 5782 lege
620 5717 842 5775 litterati
905 5733 1003 5789 per
1055 5719 1368 5789 Prophetas,
1403 5728 1647 5777 extrema
1702 5721 2031 5777 charismate

2060 4490 2112 4550 D

2140 3238 2196 3294 in
2228 3239 2424 3295 etclam
2452 3238 2593 3312 (Act.
2623 3239 2686 3311 ι),
2733 3241 2989 3312 praecepit
3025 3256 3122 3298 eos
3165 3257 3278 3299 sua:
3311 3245 3736 3317 dispensationis

2139 3345 2261 3386 esse
2297 3338 2461 3386 testes
2498 3331 2551 3385 in
2587 3330 2921 3397 Jerusalem,
2964 3341 3021 3388 et
3059 3332 3116 3389 in
3151 3334 3301 3389 omni
3343 3333 3633 3404 Samaria,
3678 3347 3736 3395 et

2140 3435 2314 3492 usque
2340 3421 2410 3474 ad
2439 3420 2687 3477 ultimum
2717 3431 2896 3479 terrae.
2937 3423 3004 3479 Et
3035 3424 3174 3481 bene
3201 3424 3328 3482 luna
3355 3442 3481 3484 cum
3511 3441 3732 3495 nostros

2139 3511 2337 3568 crescit
2365 3512 2432 3568 ad
2463 3512 2669 3577 oculos,
2692 3512 2950 3583 paulatim
2977 3529 3009 3569 a
3032 3514 3147 3570 sole
3172 3517 3418 3573 recedit:
3449 3533 3573 3574 cum
3600 3534 3732 3575 vero

2139 3604 2210 3659 ad
2237 3604 2437 3671 canos,
2481 3605 2700 3675 paribus
2743 3606 2813 3662 ad
2860 3620 2985 3662 eum
3033 3607 3225 3677 spatiis
3264 3609 3426 3664 redit.
3488 3608 3601 3666 lloc
3643 3619 3732 3665 est

2137 3694 2285 3750 enim
2327 3694 2467 3764 quod
2521 3695 2637 3766 ipse
2666 3695 2836 3753 dicit:
2888 3696 3046 3752 Exivi
3094 3715 3127 3754 a
3178 3696 3374 3767 Patre,
3425 3712 3472 3757 et
3524 3704 3639 3757 veni
3674 3703 3731 3758 in

2140 3787 2436 3842 mundum:
2466 3788 2656 3844 iterum
2689 3788 2925 3862 relinquo
2953 3791 3233 3859 mundum,
3275 3803 3323 3848 et
3362 3795 3499 3850 uado
3524 3796 3596 3850 ad
3623 3793 3735 3849 Pa-

2138 3889 2268 3934 trem
2299 3879 2484 3953 (Joan.
2514 3884 2654 3955 xw).
2709 3882 2778 3937 Et
2821 3884 2965 3954 quod
3003 3884 3071 3941 de
3114 3886 3205 3942 illo
3244 3887 3492 3943 Psalmus
3520 3887 3640 3942 ait:
3685 3890 3731 3941 Λ

2137 3988 2343 4028 summa
2372 3973 2499 4030 caelo
2524 3977 2751 4046 egressio
2780 3977 2921 4047 ejus,
2964 3986 3011 4033 et
3041 3995 3289 4035 occursus
3317 3980 3435 4051 ejus
3462 3997 3626 4052 usque
3659 3982 3732 4035 ad

2136 4081 2403 4122 summum
2430 4067 2546 4139 ejus
2574 4066 2747 4140 (Psal.
2775 4068 2952 4140 xviii).
3005 4069 3141 4138 Quia
3175 4087 3306 4143 ergo
3344 4072 3469 4127 luna
3510 4088 3579 4129 eo
3619 4088 3731 4129 sum

2137 4157 2272 4215 lucis
2296 4159 2652 4226 incremento,
2669 4161 2812 4231 quod
2832 4161 3022 4217 exiens
3048 4177 3077 4216 a
3106 4162 3219 4218 sole
3242 4164 3310 4218 ad
3339 4172 3556 4220 nostros
3580 4165 3729 4220 evol-

2136 4248 2215 4303 vit
2261 4250 2505 4317 obtutus,
2546 4250 2758 4306 Domini
2789 4249 3091 4307 Salvatoris
3119 4251 3175 4305 in
3203 4267 3402 4317 carne,
3445 4268 3616 4323 usque
3657 4253 3726 4310 ad

2138 4349 2382 4413 tempora
2408 4343 2698 4414 passionis,
2725 4343 3027 4400 doctrinam
3054 4345 3389 4416 virtutesque
3406 4346 3725 4416 signiﬁcat:

2138 4445 2203 4487 eo
2233 4440 2414 4488 autem
2432 4472 2449 4498 ,
2488 4448 2598 4504 quo
2626 4433 2695 4488 ad
2725 4433 2895 4489 solem
2925 4434 3162 4501 rediens,
3192 4435 3454 4505 paulatim
3483 4438 3552 4492 ad
3582 4437 3727 4493 invi-

2137 4523 2347 4579 sibilem
2379 4524 2536 4581 nobis
2563 4524 2685 4581 cteli
2726 4524 2923 4582 faciem
2963 4527 3265 4599 recolligit,
3311 4530 3728 4585 resurrectionis

2137 4614 2281 4672 illius
2309 4630 2375 4672 ac
2419 4616 2738 4687 posterioris
2790 4616 2976 4689 gloria:
3029 4618 3291 4674 miracula
3341 4620 3722 4677 demonstrat:

2137 4708 2333 4765 merito
2358 4723 2388 4763 a
2417 4701 2603 4780 quinta
2651 4709 2858 4765 decima
2889 4710 3160 4781 paschalis
3205 4724 3313 4766 non
3356 4711 3569 4782 gaudiis
3595 4722 3721 4783 apta

2136 4797 2480 4868 przedicatur.
2520 4798 2617 4854 liis
2665 4799 2886 4870 quidem
2911 4801 3186 4871 paschalis
3216 4803 3478 4873 temporis
3515 4817 3545 4856 a
3584 4802 3723 4873 legis

2135 4890 2517 4946 observatione
2547 4892 2775 4963 sumptis
2818 4894 3031 4951 indiciis
3074 4895 3318 4952 haeredes
3360 4892 3495 4948 Novi
3525 4893 3720 4949 Testa-

2134 4983 2301 5040 menti
2323 4986 2486 5041 etiam
2515 4985 2658 5041 diem
2688 4987 3043 5054 Dominicam,
3069 5003 3228 5058 quam
3257 4986 3534 5056 Scriptura
3556 5001 3717 5041 unam

2134 5076 2246 5131 sive
2275 5077 2507 5147 primam
2540 5076 2762 5133 Sabbati
2790 5079 3170 5149 cognominat,
3200 5076 3557 5134 annectimus.
3607 5076 3721 5133 Nec

2135 5167 2425 5233 immerito,
2456 5184 2576 5238 qua:
2609 5178 2666 5224 et
2711 5169 3019 5224 conditione
3055 5168 3342 5239 primitivte
3374 5168 3511 5225 lucis
3543 5170 3712 5226 excel-

2134 5260 2270 5323 lcns,
2300 5270 2355 5314 et
2386 5261 2659 5330 triumpho
2690 5261 2986 5317 Dominica:
3024 5262 3440 5319 resurrectionis
3469 5262 3715 5333 insignis,

2133 5361 2190 5407 ct
2219 5360 2402 5406 nostra
2433 5366 2647 5421 quoque
2674 5353 2829 5407 nobis
2858 5352 3258 5407 resurrectione
3292 5361 3476 5408 manet
3504 5366 3721 5424 semper

2134 5442 2478 5513 exoptabilis.
2536 5441 2754 5512 Septem
2793 5457 3008 5513 quoque
3045 5443 3162 5498 dies
3201 5443 3377 5509 lunae,
3423 5444 3479 5500 id
3522 5452 3639 5512 est,
3687 5458 3718 5501 ιι

2135 5535 2323 5605 quinta
2349 5535 2557 5591 decima
2578 5551 2749 5606 usque
2771 5535 2839 5591 ad
2857 5535 3169 5591 vicesimam
3190 5537 3443 5608 primam,
3462 5552 3561 5608 per
3580 5553 3719 5610 quos

2134 5639 2196 5678 ea
2216 5623 2492 5679 Dominica
2521 5624 2754 5680 naturali
2784 5625 2976 5682 ordine
3000 5626 3278 5694 discurrit,
3309 5627 3717 5685 universitatem

2137 5714 2411 5784 Ecclesiae,
2457 5730 2577 5786 qua:
2613 5731 2711 5788 per
2748 5726 2919 5775 totum
2954 5720 3212 5779 mundum
3245 5722 3589 5792 paschalibus
3635 5732 3719 5777 est
