4072 6198
303 254 406 312 271

944 254 1004 310 Β.
1046 254 1302 310 RABANI
1341 253 1558 311 HAURI
1597 251 1889 312 ARClllEP

1991 253 2269 352 lOGUNT.
2305 255 2594 312 OPERUM
2633 257 2813 315 PARS
2849 258 2914 314 ll.

3472 264 3579 320 ΞΗ

309 375 584 445 redempta
625 369 928 442 mysteriis,
981 387 1010 425 a
1061 378 1234 452 parte.
1263 370 1600 426 denuntiant.
1659 369 1794 424 Nam
1839 377 1896 424 et
1922 371 1972 432 Α
1997 377 2056 440 et
2085 368 2230 424 luna.
2268 367 2458 424 Sidera
2508 387 2637 425 vero
2665 371 2954 442 aliquando
2997 373 3050 428 in
3099 373 3294 430 lenam
3345 389 3576 448 partem.

307 464 615 538 septenario
666 478 810 534 saepe
862 479 1091 519 numero
1140 463 1546 519 universitatem
1611 463 1893 534 designare

307 557 586 626 Scriptura
609 553 904 610 consuevit.
927 553 1078 610 Unde
1099 555 1241 623 quod
1261 554 1335 609 ait
1355 553 1624 623 Propheta
1652 571 1666 607 :
1696 551 1894 623 Septies

306 647 361 700 in
393 640 478 699 die
503 643 714 698 laudem
743 642 856 696 dixi
884 642 975 696 tibi
1005 640 1178 713 (Psal.
1207 643 1398 714 cxvm)
1421 683 1434 708 ,
1475 643 1549 697 nil
1579 642 1771 697 melius
1810 643 1892 696 in-

307 735 588 808 telligitur,
617 747 781 804 quam
815 734 958 803 quod
995 732 1122 788 alibi
1161 733 1274 788 ait:
1298 731 1512 804 Semper
1538 733 1657 788 laus
1691 733 1805 802 ejus
1840 733 1894 788 in

306 845 395 882 ore
414 842 529 881 utea
554 824 726 899 (Psal.
743 824 957 898 xxxm).
993 822 1060 880 Et
1083 825 1392 895 specialiter
1418 835 1584 882 totam
1612 827 1894 882 catholica:

307 919 561 975 Ecclesiae
589 916 976 990 perfectionem
1012 933 1082 972 eo
1117 917 1333 988 ﬁgurari
1363 915 1601 974 Joannes
1639 927 1891 980 testatur.

307 1012 400 1083 qui
443 1012 510 1066 ad
550 1019 758 1080 septem
797 1009 939 1064 Asia:
977 1009 1222 1069 scribens
1249 1009 1534 1076 ecclesias,
1569 1010 1896 1065 universalis

307 1122 406 1177 per
432 1106 620 1160 orbem
646 1103 899 1159 Ecclesia:
929 1103 1186 1174 mysteria
1221 1101 1501 1174 patefacit.
1537 1102 1689 1158 Unde
1717 1111 1774 1156 et
1800 1119 1896 1174 per

305 1197 528 1262 omnia,
577 1210 702 1266 qua:
750 1192 976 1265 singulis
1017 1203 1222 1264 septem
1266 1193 1499 1258 scribit,
1551 1193 1894 1249 hortamenta

307 1290 451 1354 hunc
479 1285 805 1342 versiculum
845 1287 1086 1341 intexere
1119 1285 1366 1342 curavit:
1405 1285 1508 1351 Qui
1545 1286 1700 1340 habet
1738 1302 1894 1341 aures

306 1379 582 1445 audiendi,
609 1378 816 1442 audiat,
847 1377 972 1449 quid
1004 1377 1233 1448 Spiritus
1260 1379 1402 1433 dicat
1436 1377 1685 1434 Ecclesiis
1707 1379 1890 1450 (Apoc.

307 1474 392 1548 ιι).
421 1472 575 1540 Quod
602 1469 918 1525 unicuilibet
941 1470 1174 1535 dixerat,
1205 1470 1307 1526 hoc
1331 1470 1586 1526 omnibus
1611 1484 1670 1525 se
1693 1471 1895 1528 dixisse

306 1569 501 1640 probat
531 1564 806 1620 Ecclesiis.
856 1562 966 1618 Nec
1015 1563 1194 1617 minus
1239 1563 1403 1618 etiam
1442 1562 1705 1622 moralem
1739 1561 1895 1618 nobis

305 1657 689 1715 commendant
718 1653 992 1726 paschalia
1031 1664 1272 1724 tempora
1303 1667 1560 1708 sensum:
1592 1653 1646 1708 in
1673 1653 1894 1709 nomine

1994 460 2286 535 aliquando
2319 461 2372 515 in
2398 464 2726 517 contrariam
2758 465 3118 536 accipiuntur.
3144 465 3204 522 in
3231 467 3428 528 bonam
3450 484 3581 541 ergo

1995 563 2204 628 partem
2259 553 2622 625 accipiuntur,
2651 558 2868 625 quando
2896 566 3112 614 sanctos
3145 568 3202 614 et
3253 559 3458 616 electos
3487 563 3578 618 Dei

1997 644 2328 714 signiﬁcant,
2374 645 2464 714 qui
2517 655 2644 700 sunt
2691 647 2742 700 in
2779 647 3041 702 Ecclesia.
3093 649 3246 704 Unde
3295 660 3380 705 est
3429 651 3576 716 illul,

1995 741 2138 809 quod
2165 739 2228 794 ad
2251 739 2525 808 Abraham
2558 739 2818 794 Dominus
2849 740 2964 798 ait:
3002 741 3370 812 Multiplicabo
3408 761 3580 797 semen

1995 839 2142 883 tuum
2183 829 2317 881 sicut
2352 828 2533 882 stellas
2572 828 2686 882 creti
2737 821 2904 901 (Gen:
2939 831 3100 903 xx").
3152 832 3216 886 Et
3251 831 3578 902 Apostolus:

1997 918 2187 984 Stella,
2231 919 2422 988 inquit,
2475 920 2540 974 ab
2569 919 2724 974 stella
2775 921 2952 990 (li/fert
2981 922 3034 975 in
3074 922 3314 977 claritate
3335 940 3354 978 :
3383 925 3458 978 sic
3483 925 3582 978 erit

2003 1019 2039 1062 τι
2078 1009 2390 1066 resurrectio
2433 1019 2760 1064 mortuorum
2799 1012 2847 1082 (Ι
2887 1009 3012 1067 Cor.
3049 1002 3161 1086 xv).
3218 1013 3386 1070 Stella
3425 1015 3582 1071 Chri-

1994 1110 2109 1156 stus
2145 1110 2250 1168 est,
2279 1110 2336 1156 ut
2369 1101 2422 1156 in
2444 1101 2770 1175 Apocalypsi
2802 1123 2816 1158 :
2849 1104 2965 1175 Ego
2985 1121 3102 1160 sum
3128 1105 3281 1160 stella
3306 1107 3580 1177 splendida

1994 1203 2042 1249 et
2069 1195 2326 1250 matutina
2351 1193 2534 1268 (Apoc.
2565 1197 2724 1265 xxu).
2775 1196 2843 1251 Et
2869 1196 3000 1252 alibi
3029 1214 3044 1250 :
3088 1195 3304 1252 Orietur
3338 1198 3492 1252 stella
3517 1217 3581 1253 ex

1993 1287 2160 1366 Jacob
2197 1289 2387 1362 (Nunt.
2427 1295 2599 1363 XXIV).
2625 1292 2693 1349 Et
2748 1291 2802 1349 in
2831 1291 3156 1363 Apocalypsi
3188 1311 3202 1346 :
3243 1292 3472 1363 Septem,
3500 1293 3581 1348 in-

1995 1379 2135 1450 quit,
2185 1379 2352 1436 stcllar
2395 1379 2572 1452 angeli
2615 1391 2736 1436 sunt
2788 1392 2982 1453 septem
3023 1383 3363 1438 ecclesiarum
3391 1383 3576 1454 (Apoc.

1993 1464 2060 1534 It.
2089 1469 2227 1524 Nam
2253 1479 2310 1526 et
2335 1469 2611 1542 apostolus
2629 1469 2834 1528 Paulus
2857 1481 3063 1542 septem
3091 1472 3283 1528 scribit
3309 1473 3576 1538 ecclesiis,

1995 1574 2104 1616 non
2140 1570 2320 1616 tamen
2347 1561 2576 1624 hisdem,
2616 1563 2815 1632 quibus
2842 1560 3102 1627 Joannes,
3135 1571 3190 1618 et
3217 1572 3424 1632 septem
3458 1563 3576 1620 loca

1998 1653 2168 1724 figura
2213 1664 2341 1712 sunt
2377 1656 2542 1712 totius
2584 1656 2860 1722 Ecclesite,
2893 1672 3014 1727 qua:
3039 1655 3372 1728 septiformis
3402 1656 3578 1727 Spiri-

305 1751 526 1821 quidem
549 1748 785 1820 paschae.
803 1756 861 1802 ut
881 1747 946 1804 de
967 1747 1181 1802 vitisad
1205 1746 1432 1802 virtutes
1456 1747 1744 1802 transitum
1760 1761 1895 1818 quo-
1927 1739 1970 1802 B
1998 1758 2084 1802 tus
2111 1747 2284 1804 sancti
2303 1748 2532 1819 gratiam
2562 1748 2744 1804 habet.
2769 1747 2906 1804 lli..c
2933 1757 2989 1804 et
3016 1749 3302 1810 Psalmista
3329 1750 3396 1805 de
3416 1749 3580 1806 Crea-

307 1843 441 1900 tidie
468 1841 728 1898 faciamus
753 1839 1073 1910 spiritalem.
1107 1838 1165 1894 ln
1192 1854 1378 1896 mense
1399 1848 1580 1895 autem
1605 1855 1888 1905 novarum,

307 1936 362 1990 in
393 1949 502 2006 quo
531 1933 698 1988 adulti
730 1931 938 1988 fructus
964 1931 1200 1987 adventu
1233 1947 1330 1986 suo
1361 1931 1714 2002 pronuntiant
1741 1940 1890 1988 vete-

307 2042 430 2082 rum
477 2023 838 2080 cessationem
862 2063 880 2088 ,
927 2031 988 2077 ut
1031 2033 1293 2078 eruentes
1333 2031 1574 2080 veterem
1616 2022 1890 2078 hominem

305 2131 430 2170 eum
461 2115 673 2170 aetihus
699 2113 840 2183 ejus,
869 2127 1190 2168 rcuovemur
1217 2113 1410 2184 spiritu
1441 2113 1640 2169 mentis
1667 2121 1891 2180 nostras,

306 2217 364 2264 et
393 2205 679 2261 induamus
708 2219 906 2258 novum
938 2204 1234 2271 hominem,
1261 2203 1354 2274 qui
1385 2203 1681 2260 secundum
1713 2204 1895 2260 Domi-

307 2315 437 2356 num
465 2305 683 2354 creatus
716 2305 800 2352 est
838 2296 890 2352 in
916 2295 1126 2368 justitia
1167 2304 1228 2352 et
1265 2297 1553 2354 sanctitate
1581 2308 1638 2353 et
1665 2298 1894 2354 veritate

308 2390 525 2463 (Ep/tes.
575 2387 690 2456 tv):
742 2395 799 2444 et
847 2395 908 2442 ut
957 2387 1192 2458 vegetati
1243 2387 1583 2444 diversarum
1629 2390 1893 2445 varietate

305 2485 601 2548 virtutum,
631 2496 927 2551 earumque
973 2480 1148 2547 foliis,
1193 2481 1360 2537 veluti
1411 2498 1638 2540 ammn'e
1681 2484 1896 2540 arboris

305 2575 752 2639 adumbratione,
804 2571 1002 2638 velati,
1054 2579 1311 2642 tanquam
1342 2571 1480 2629 ltelre
1507 2582 1671 2644 atque
1697 2573 1891 2630 fructi-

306 2669 446 2724 fera:
466 2673 680 2737 segetes
708 2663 1032 2736 pullulemus
1060 2661 1114 2718 in
1144 2662 1462 2733 plenilunio,
1501 2673 1562 2720 ut
1591 2664 1890 2736 perfectum

302 2759 650 2832 splendorem
677 2757 800 2812 ﬁdei
830 2765 886 2812 et
919 2770 1114 2814 sensus
1139 2766 1416 2828 gerentes,
1446 2773 1476 2812 a
1505 2759 1712 2829 peccati
1745 2768 1894 2816 tene-

303 2851 420 2906 bris
461 2864 848 2922 segrcgemur:
887 2849 941 2904 in
982 2863 1199 2906 reversa
1239 2851 1431 2905 eadem
1461 2851 1581 2907 luce
1615 2851 1790 2907 lunari
1823 2853 1890 2908 ad

305 2939 476 2997 emlos
505 2941 651 3010 quod
694 2954 726 2992 a
770 2937 958 3007 quinta
991 2939 1202 2994 decima
1245 2938 1372 2994 luna
1405 2939 1521 2998 ﬁeri
1557 2940 1782 3013 incipit,
1831 2951 1894 2998 ut

304 3041 510 3104 quanto
538 3031 716 3102 magni
757 3045 977 3098 sumus,
1013 3030 1363 3086 humilietnur
1390 3031 1444 3086 in
1472 3033 1754 3098 omnibus,
1803 3034 1888 3089 di-

1994 1837 2130 1894 toris
2155 1852 2321 1908 opere
2354 1841 2467 1894 ait:
2500 1838 2705 1896 Lunam
2744 1851 2792 1895 et
2842 1841 3025 1896 stellas
3063 1843 3118 1897 in
3145 1853 3448 1912 potestatem
3479 1861 3578 1898 no-

1994 1927 2110 1993 ctis,
2164 1929 2416 1999 quoniam
2463 1929 2519 1984 in
2566 1930 2819 1986 sarculum
2866 1931 3226 1986 misericordia
3257 1933 3370 2004 ejus
3402 1932 3577 2006 (Psal.

1993 2019 2212 2092 cxxxv).
2241 2019 2451 2077 Lunam
2483 2020 2565 2093 (ut
2577 2021 2690 2090 jam
2715 2021 2972 2094 diximus)
2994 2022 3293 2080 Ecclesiam
3321 2025 3582 2084 debemus

1994 2110 2283 2180 accipere;
2319 2111 2520 2176 stellas,
2566 2113 2812 2170 diversos
2861 2113 2980 2184 ejus
3027 2115 3248 2172 ordines
3294 2116 3582 2172 sanctitate

1993 2203 2280 2273 pollentes,
2314 2213 2372 2259 ut
2421 2213 2549 2260 sunt
2582 2206 2849 2278 episcopi,
2903 2207 3229 2280 presbyteri,
3259 2209 3503 2275 diaconi,
3524 2219 3582 2264 et

1993 2293 2200 2361 caeteri,
2227 2295 2342 2364 qui,
2365 2295 2511 2350 velut
2543 2297 2732 2362 stellm,
2766 2297 2976 2354 cmlesti
3023 2307 3324 2354 noscuntur
3345 2313 3550 2357 conver

1995 2385 2204 2440 satione
2229 2386 2464 2443 radiare.
2504 2385 2630 2443 llaec
2657 2389 2839 2443 omnia
2871 2389 2923 2444 in
2975 2397 3247 2459 potestate
3294 2391 3489 2457 noctis,
3526 2391 3580 2450 i.l

1993 2485 2099 2542 est,
2129 2478 2182 2532 in
2215 2478 2395 2536 seculi
2451 2479 2606 2536 istius
2644 2480 2882 2536 tenebris
2910 2481 3036 2536 data
3064 2490 3210 2547 sunt,
3250 2489 3310 2536 ut
3341 2497 3440 2552 per
3485 2497 3582 2537 eos
3615 2486 3621 2493 '

1995 2567 2289 2637 (uliginosa
2338 2567 2620 2624 reluceant
2668 2569 2834 2625 corda
2886 2570 3217 2626 mortalium.
3249 2569 3383 2628 item
3410 2571 3580 2628 stella:

1994 2671 2121 2718 sunt
2144 2662 2319 2717 sancti
2349 2663 2462 2718 sive
2481 2663 2624 2718 docti
2659 2679 2748 2728 eo,
2783 2665 2924 2734 quod
2958 2665 3218 2720 virtutum
3239 2666 3497 2736 operibus
3523 2667 3580 2722 iu

1993 2753 2096 2808 hoc
2117 2753 2316 2808 mundo
2349 2753 2716 2823 resplendent,
2749 2764 2808 2810 ut
2843 2755 2897 2810 in
2924 2754 3188 2812 Psaltcrio
3217 2773 3231 2810 :
3264 2755 3368 2824 Qui
3391 2773 3578 2812 nurne—

1994 2853 2074 2898 rat
2101 2841 2486 2896 multitudinem
2521 2843 2818 2911 stellarum,
2861 2856 2908 2900 et
2961 2845 3200 2902 omnibus
3245 2847 3321 2902 eis
3367 2847 3580 2902 nomina

1992 2944 2136 2990 tocat
2164 2930 2338 3006 (Psal.
2361 2935 2566 3006 exul).
2617 2934 2780 2990 Astra
2827 2945 2954 2991 sunt
2983 2936 3155 2991 sancti
3211 2936 3409 3006 angeli,
3435 2948 3496 2992 ut
3523 2937 3577 2994 in

1991 3023 2092 3082 Job
2116 3043 2129 3080 :
2158 3025 2288 3080 Cum
2315 3044 2393 3080 me
2416 3026 2691 3082 laudarent
2715 3038 2861 3082 astra
2877 3029 3137 3084 matutina
3154 3029 3298 3102 (Job.
3321 3031 3576 3101 xxxrm).

303 3095 490 3182 gemes
517 3095 927 3192 cum'Apostolo
951 3118 1186 3188 singuli:
1221 3117 1608 3178 Gratiaautcm
1634 3121 1733 3178 Dei
1771 3139 1888 3178 sum
1917 3095 1963 3158 C
1993 3114 2051 3169 ln
2071 3117 2402 3171 contrariam
2431 3130 2561 3188 ergo
2585 3117 3034 3189 signiﬁcationem
3077 3131 3352 3190 ponuntur
3375 3123 3578 3188 sidera,

303 3217 360 3272 id
389 3215 529 3288 quod
560 3230 676 3268 sum
709 3211 759 3283 (Ι
789 3208 916 3268 Cor.
944 3210 1058 3284 xv).
1107 3209 1238 3278 Quae
1274 3209 1518 3285 profecto
1553 3213 1728 3284 gratia
1771 3228 1891 3268 mu-

302 3310 451 3366 neris
479 3308 720 3378 superni,
741 3305 866 3376 quia
897 3304 1058 3360 tertio
1083 3312 1324 3374 tempore
1347 3303 1527 3360 saeculi
1553 3303 1890 3362 manifestius

301 3400 474 3456 ell‘usa
498 3407 581 3468 est
605 3415 619 3452 :
652 3395 1014 3468 pulcherrima
1043 3393 1338 3466 ﬁgurarum
1365 3397 1751 3465 consequentia
1783 3407 1891 3452 ter-

302 3492 377 3546 tia
406 3491 548 3545 luna:
573 3487 907 3542 hebdomade
936 3485 1120 3540 lumen
1152 3485 1342 3556 ipsius,
1389 3487 1532 3556 quod
1559 3497 1784 3544 eatenus
1817 3490 1888 3544 ad

301 3590 480 3636 terras
505 3585 755 3636 creverat
777 3615 793 3642 ,
843 3575 914 3630 ad
937 3573 1178 3630 caelestia
1201 3572 1315 3643 jam
1347 3589 1596 3634 crescere
1626 3577 1885 3634 inchoat:

300 3669 525 3741 pulchre
554 3669 696 3724 hanc
733 3666 790 3722 in
832 3665 1032 3737 pascha
1065 3665 1360 3720 observare
1396 3665 1786 3737 praecipimur:
1828 3679 1888 3724 ut

299 3765 490 3836 gratia:
507 3778 670 3834 quam
695 3761 991 3832 accipimus
1022 3775 1295 3831 nunquam
1319 3759 1491 3826 obliti,
1524 3775 1624 3831 per
1645 3759 1886 3832 singulos

299 3855 502 3929 gradus
528 3853 788 3925 spiritalis
818 3851 1082 3908 transitus
1131 3849 1373 3924 largitori
1403 3851 1552 3907 illius
1583 3851 1887 3908 obedieudo

299 3946 474 4004 vicem
507 3945 806 4017 rependere
845 3941 1276 4000 meminerimus.
1321 3941 1421 3999 Vel
1468 3950 1618 3999 certe
1663 3942 1718 3997 in
1766 3957 1886 3998 cre—

299 4049 486 4098 scente
514 4039 583 4096 ad
600 4037 854 4096 homines
868 4035 996 4092 luna
1019 4034 1142 4091 vita
1167 4033 1326 4092 nobis
1343 4034 1556 4100 activae,
1581 4034 1634 4090 iu
1664 4049 1886 4090 reversa

297 4148 428 4188 vero
466 4134 534 4189 ad
565 4131 734 4189 cmlos
761 4128 1108 4202 speculativa:
1141 4137 1304 4202 typus
1333 4128 1663 4185 ostenditur.
1699 4127 1795 4184 Vel
1827 4129 1886 4184 in

299 4226 403 4282 hac
428 4225 584 4282 nobis
611 4226 966 4282 conversione
986 4221 1204 4279 dilectio
1223 4221 1484 4294 proximi,
1510 4221 1565 4278 in
1588 4221 1682 4277 illa
1713 4221 1884 4277 nostri

298 4310 544 4386 signatur
567 4315 843 4370 auctoris:
879 4321 978 4370 aut
999 4314 1107 4370 huc
1129 4326 1426 4370 conversus
1452 4310 1588 4368 lucis
1616 4309 1735 4380 ejus
1759 4326 1885 4382 pro-

297 4403 504 4477 fectus,
557 4413 620 4460 ut
664 4404 804 4460 bona
848 4402 994 4459 foras
1035 4417 1346 4473 operemur,
1388 4401 1683 4458 admonet:
1718 4417 1884 4472 porro

298 4497 460 4564 illuc,
477 4464 564 4554 aut
603 4497 791 4553 eadem
821 4495 963 4552 bona
992 4464 1156 4567 opera
1194 4495 1310 4552 solo
1331 4464 1592 4565 superna:
1617 4464 1884 4551 mercedis
1909 4464 1961 4526 υ

297 4589 496 4654 intuitu
517 4603 802 4660 geramus:
825 4588 952 4655 huc,
970 4597 1032 4642 ut
1049 4587 1228 4644 luceat
1250 4587 1339 4642 lux
1369 4595 1553 4642 nostra
1577 4602 1761 4645 coram
1789 4587 1886 4643 ho-

299 4680 560 4747 minibus,
583 4687 643 4734 ut
663 4680 883 4734 videant
903 4681 1044 4736 bona
1071 4689 1254 4736 nostra
1275 4695 1440 4751 opera
1469 4698 1483 4734 :
1517 4680 1664 4744 illuc,
1687 4689 1744 4735 ut
1770 4681 1886 4752 glo-

297 4772 512 4832 riﬁcent
538 4772 752 4832 Patrem
777 4780 1022 4826 nostrum
1037 4811 1058 4837 ,
1077 4771 1171 4842 qui
1201 4771 1254 4826 in
1277 4770 1433 4826 ctelis
1451 4780 1535 4827 est
1561 4769 1776 4842 (Matth.
1803 4771 1882 4843 v).

910 4881 1138 4938 CAPUT
1176 4880 1268 4936 XI.

891 4954 968 5009 De
1013 4953 1292 5010 sideribus.

367 5053 623 5110 Siderum
671 5059 728 5122 et
775 5057 1046 5106 astrorum
1097 5047 1214 5102 hmc
1256 5043 1512 5102 distantia
1559 5053 1662 5099 est.
1695 5043 1878 5100 Stella:

294 5151 502 5215 ergoet
527 5142 705 5199 sidera
753 5148 811 5196 ct
839 5146 987 5194 astra
1015 5137 1090 5192 ita
1125 5135 1270 5192 inter
1317 5150 1376 5190 se
1429 5133 1704 5190 diﬁ'erunt.
1738 5134 1874 5190 Nam

1993 3209 2210 3278 quando
2246 3217 2340 3264 aut
2397 3225 2680 3279 perversos
2715 3211 2934 3282 angelos
2985 3213 3314 3284 significant,
3344 3225 3437 3270 aut
3467 3217 3577 3270 lue-

1992 3299 2214 3365 reticos,
2256 3300 2371 3355 sive
2417 3301 2750 3371 hypocritas.
2779 3301 3072 3360 Perversos
3095 3319 3226 3375 ergo
3257 3305 3478 3377 angelos
3511 3309 3581 3364 de

1991 3390 2129 3447 caelo
2157 3392 2420 3448 cecidisse
2448 3401 2678 3449 testatur
2706 3395 3083 3466 Apocalypsis,
3135 3397 3263 3452 dum
3291 3399 3421 3454 dicit
3451 3400 3578 3454 dra-

1990 3496 2179 3538 conem
2233 3484 2448 3538 tertiam
2505 3493 2714 3554 partem
2770 3485 3009 3542 siderum
3039 3503 3224 3543 secum
3255 3490 3482 3545 traxisse
3521 3488 3578 3546 in

1991 3585 2212 3632 terram.
2242 3577 2537 3634 llaareticos
2561 3588 2741 3634 autem
2775 3580 2875 3635 sub
2895 3580 3134 3636 siderum
3166 3585 3384 3638 nomine
3407 3583 3576 3638 deuo-

1991 3677 2069 3725 tat
2089 3668 2256 3728 Judas
2279 3671 2558 3742 apostolus
2583 3673 2637 3727 in
2685 3673 2926 3743 Epistola
2953 3690 3074 3740 sua,
3119 3675 3308 3732 dicens
3337 3693 3351 3730 :
3381 3675 3577 3732 Sidera

1985 3763 2242 3829 errantia,
2297 3763 2487 3834 quibus
2556 3763 2786 3834 procella
2840 3765 3172 3820 tenebrarum
3224 3767 3278 3821 iu
3319 3778 3574 3822 ceterarum

1986 3860 2191 3906 servata
2229 3861 2325 3906 est.
2357 3851 2664 3924 Hypocritte
2711 3862 2914 3920 autem,
2940 3856 3030 3926 qui
3061 3869 3160 3926 per
3181 3856 3340 3912 ﬁctas
3367 3858 3576 3926 species

1986 3943 2248 4000 virtutum
2303 3953 2522 4000 sanctos
2554 3946 2752 4002 imitari
2780 3947 3051 4014 videntur,
3080 3958 3258 4003 tamen
3299 3950 3398 4020 ipsi
3429 3949 3575 4005 velut

1985 4033 2156 4090 stellae
2181 4036 2248 4092 de
2269 4035 2408 4090 cmlo
2462 4036 2516 4092 in
2548 4044 2749 4092 terram
2783 4039 3007 4106 cadunt,
3037 4040 3164 4096 dum
3194 4056 3225 4094 a
3259 4049 3572 4098 sanctorum

1985 4125 2264 4182 consortio
2293 4128 2616 4197 sequestrati
2657 4128 2801 4183 inter
2856 4140 3178 4200 peccatores
3202 4134 3569 4190 ascribuntur.

2587 4240 2817 4298 CAPUT
2855 4242 2967 4299 Xll.

2555 4311 2633 4366 De
2661 4309 2992 4370 Pleiadibus.

2055 4401 2302 4458 Pleiades
2347 4411 2530 4458 autem
2577 4411 2634 4460 et
2679 4404 2945 4461 Arcturus
2993 4405 3125 4476 quid
3153 4407 3480 4479 signiﬁcent,
3514 4411 3568 4464 in

1987 4491 2258 4546 sententia
2309 4505 2418 4562 qua
2449 4491 2708 4548 Dominus
2737 4494 2805 4549 ad
2837 4493 3056 4550 beatum
3080 4493 3182 4551 Job
3222 4496 3435 4554 locutus
3462 4512 3568 4562 es“,

1985 4580 2342 4636 animadverti
2371 4590 2570 4652 potest.
2619 4582 2711 4638 Ait
2735 4583 2880 4638 enim
2915 4601 2930 4638 :
2963 4583 3218 4656 Nunquid
3235 4587 3458 4658 jungere
3479 4605 3580 4643 eus

1985 4671 2112 4727 lebis
2160 4673 2410 4726 micantes
2455 4671 2634 4728 stellas
2675 4673 2952 4743 pleiades?
2997 4687 3089 4730 aut
3144 4692 3332 4748 gyrum
3371 4681 3570 4734 arcturi

1983 4767 2178 4835 poter.'s
2201 4765 2460 4836 dissipare
2487 4766 2512 4820 ?
2535 4765 2680 4832 (Job.
2708 4768 2958 4838 xxxvm).
2999 4767 3244 4826 Pleiades
3269 4771 3443 4826 stella:
3465 4787 3572 4844 apo

1986 4865 2076 4913 tou
2095 4857 2372 4929 pleioteta,
2389 4858 2442 4914 id
2457 4866 2560 4924 est,
2579 4873 2609 4914 a
2639 4859 2948 4930 pluralitate
2959 4872 3164 4918 vocata:
3181 4870 3310 4919 sunt
3335 4881 3347 4918 :
3379 4865 3452 4920 ita
3473 4880 3572 4919 au-

1987 4956 2095 5002 tem
2126 4947 2317 5002 vicinae
2338 4947 2440 5004 sibi
2469 4957 2523 5003 et
2570 4947 2758 5005 divisa:
2802 4961 2930 5006 sunt
2969 4952 3218 5019 conditae,
3249 4963 3385 5010 utet
3409 4953 3572 5010 simul

1983 5039 2112 5104 sint,
2151 5048 2206 5094 et
2229 5049 2410 5096 tamen
2441 5039 2694 5112 conjungi
2725 5057 3068 5112 nequaquam
3119 5045 3348 5115 pos-int,
3379 5055 3568 5116 quate-

1983 5146 2086 5186 nus
2115 5131 2167 5185 in
2195 5131 2414 5186 civitate
2437 5132 2654 5201 quidem
2680 5131 2984 5203 conjunctae
3015 5135 3143 5201 sint,
3169 5137 3260 5192 sed
3289 5121 3432 5194 tactu
3457 5139 3570 5194 dis-

247 5260 254 5268 ι
295 5235 450 5292 stella
488 5230 574 5292 est
595 5233 852 5306 quaelibet
877 5227 1165 5302 singularis
1191 5245 1208 5282 :
1241 5225 1418 5283 sidera
1444 5240 1576 5282 vero
1603 5234 1730 5282 sunt
1749 5226 1878 5282 stel-
1975 5220 2196 5292 junctae.

295 5327 362 5381 lis
388 5325 634 5397 plurimis
661 5325 824 5391 facta,
858 5331 920 5378 ut
943 5321 1178 5394 Hyades,
1214 5317 1493 5386 Pleiades;
1522 5327 1671 5376 astra
1691 5329 1873 5376 autem

195 5392 215 5414 ‘
296 5392 466 5475 stella)
485 5417 738 5490 grandes,
788 5424 846 5472 ut
881 5392 1071 5482 Orion,
1099 5414 1318 5471 Bootes.
1355 5411 1461 5469 Sed
1489 5413 1604 5469 hzec
1656 5413 1873 5470 nomina

299 5511 588 5580 scriptores
617 5510 973 5582 confundunt,
1021 5519 1080 5568 et
1109 5518 1258 5566 astra
1289 5523 1390 5578 pro
1422 5507 1614 5572 stt-llis,
1645 5515 1702 5562 et
1739 5506 1872 5562 stel-

244 5635 249 5639 -
300 5605 379 5659 las
410 5619 508 5674 pro
536 5605 802 5660 sideribus
839 5611 1062 5674 ponunt.
1097 5601 1166 5658 Et
1187 5601 1357 5658 stella:
1379 5615 1486 5656 non
1515 5599 1716 5656 habere
1737 5613 1866 5669 pro-

2569 5315 2795 5374 CAPUT
2843 5318 2978 5374 XII].

2603 5409 2682 5464 De
2707 5411 2952 5466 Arcturo.

2045 5504 2310 5561 Arcturus
2339 5519 2468 5560 vero
2497 5503 2569 5559 ita
2596 5511 2858 5560 nocturna
2885 5513 3124 5576 tempora
3149 5507 3403 5573 illustrat,
3427 5519 3487 5563 ut
3515 5510 3570 5564 in

1976 5599 2099 5656 caeli
2128 5613 2230 5654 axe
2255 5597 2464 5666 positus
2487 5613 2584 5668 per
2608 5598 2819 5654 diversa
2847 5613 2907 5655 se
2927 5609 3122 5665 vertat,
3155 5617 3253 5656 nec
3281 5611 3458 5656 tamen
3487 5621 3582 5653 ne.-

231 5722 234 5726 -
299 5696 478 5769 prium
517 5705 718 5760 tamen,
751 5695 846 5750 sed
877 5709 906 5749 a
938 5692 1052 5749 sole
1101 5690 1694 5765 illuminaridiwntur,
1734 5688 1872 5744 sicut
1975 5689 2138 5746 citat.
2197 5687 2379 5757 Neque
2423 5689 2564 5746 enim
2605 5698 2760 5744 extra
2797 5705 3023 5746 currens
3061 5691 3314 5756 volvitur,
3369 5690 3462 5747 sed
3513 5701 3574 5745 ιιι
