4072 6198
411 379 517 436 275

1414 376 1503 432 DE
1545 374 1899 432 UNH'ERSO
1936 374 2115 431 LIBRI
2158 375 2324 431 XXII.
2363 407 2432 418 ——
2470 376 2601 432 LIB.
2642 377 2732 432 l.\.

3586 383 3688 434 εῖτι

404 494 520 548 loco
544 491 683 545 situs
735 482 1007 545 ricunctis
1034 487 1219 543 mundi
1264 488 1511 558 partibus
1541 503 1879 558 nequaquam
1910 502 1999 541 ca-
2026 498 2074 548 Α
2103 483 2171 538 ad
2197 484 2319 539 coeli
2352 484 2540 539 faciem
2587 484 2871 552 prodeunt,
2903 492 2958 538 et
2984 500 3106 539 cum
3147 484 3354 553 soljam
3383 486 3581 544 caloris
3608 490 3691 544 sui

402 598 563 638 snrus
586 580 897 636 inclinatur.
927 578 1065 647 Quid
1088 579 1232 635 enim
1256 579 1520 635 micantes
1544 578 1787 633 Pleiades
1810 594 1928 647 qua:
1946 586 2001 631 et

402 681 609 742 septem
654 670 799 725 aliud
829 684 991 739 quam
1022 675 1239 724 sanctos
1289 683 1479 724 omnes
1526 653 1876 731 demmtiant,
1907 669 1999 737 qui

401 763 547 817 inter
587 762 874 833 przescntis
919 760 1047 815 vitte
1098 761 1350 815 tenebras
1393 760 1629 831 Spiritus
1668 760 2002 830 septiformis

403 854 592 925 gratim
614 867 716 908 nos
736 852 942 906 lumine
963 850 1275 907 illustrant?
1295 851 1421 920 quia
1451 851 1520 904 ab
1540 850 1657 920 ipsa
1681 850 1866 904 mundi
1893 850 2003 903 ori-

405 968 414 1003 :
439 946 527 1000 ine
547 960 719 1014 usque
746 944 815 998 ad
841 942 960 1012 ejus
988 942 1282 998 terminmn
1321 942 1552 997 diversis
1577 943 1906 1011 temporibus
1934 944 2002 996 ad

404 1037 835 1109 pmphetandum
882 1036 1077 1101 missi,
1121 1036 1276 1107 juxta
1322 1036 1525 1105 aliquid
1576 1037 1678 1091 sibi
1726 1036 1999 1105 conjuncti

404 1137 549 1192 sunt,
581 1135 638 1181 ct
662 1126 817 1194 juxta
867 1126 1070 1197 aliquid
1125 1142 1230 1180 non
1282 1127 1580 1197 conjuncti.
1633 1126 1814 1182 Stellte
1859 1128 2002 1181 enim

404 1224 649 1279 Pleiades
678 1221 842 1294 (sicut
863 1236 1028 1291 supra
1057 1221 1260 1277 dictum
1282 1219 1388 1293 est)
1420 1221 1473 1275 in
1498 1221 1719 1275 civitate
1741 1221 1843 1274 sibi
1871 1236 1998 1273 mn-

400 1313 602 1384 junctte
648 1322 812 1378 sunt,
854 1320 1000 1367 tactu
1051 1311 1375 1382 disjunctaa:
1431 1310 1589 1366 simul
1639 1311 1853 1379 quidem
1888 1311 2004 1364 sitae

404 1415 552 1470 sunt,
582 1414 639 1460 et
674 1414 852 1459 tamen
887 1404 1023 1459 lucis
1048 1419 1160 1458 sum
1194 1403 1484 1458 vicinitatis
1506 1402 1796 1475 [vicissim]
1823 1402 2003 1457 radios

407 1500 652 1554 fluidunt.
670 1498 745 1552 Ita
763 1497 934 1552 salicti
951 1512 1141 1553 omnes
1165 1498 1287 1552 aliis
1309 1506 1471 1567 atque
1486 1497 1608 1551 aliis
1621 1496 1687 1550 ad
1711 1496 2004 1565 praedican-

407 1589 533 1644 dum
559 1588 893 1658 temporibus
923 1596 1248 1657 apparentes
1272 1604 1284 1640 :
1310 1586 1638 1655 et‘disjnncti
1665 1595 1789 1640 sunt
1816 1583 2003 1655 pervi-

409 1680 616 1735 sionem
642 1695 753 1733 sua:
786 1693 1014 1748 magnus
1044 1676 1304 1750 [manus],
1324 1686 1379 1732 et
1401 1676 1677 1746 conjuncti
1704 1693 1798 1746 per
1826 1677 2000 1730 inten-

409 1769 608 1825 tionem
630 1769 849 1823 mentis.
878 1768 1049 1823 Simul
1080 1770 1302 1835 micant,
1330 1769 1455 1840 quia
1474 1784 1639 1823 unum
1670 1768 1995 1839 praedicant:

2100 577 2243 631 vires
2264 576 2460 640 exerit,
2486 575 2869 631 extenduntur.
2897 574 3246 646 llliusqnippe
3262 577 3397 647 signi
3413 578 3557 636 vitiis
3577 578 3692 652 [ve-

2101 666 2297 739 stigiis]
2316 667 2598 733 induerent,
2615 666 2758 736 quod
2774 666 3042 736 sapientes
3053 666 3233 720 saeculi
3250 674 3461 722 taurum
3472 674 3690 737 voeant,

2101 776 2167 816 ex
2196 777 2304 832 quo
2345 761 2528 831 augeri
2575 760 2655 815 sol
2690 761 2898 831 incipit,
2930 770 3093 830 atque
3124 760 3191 815 ad
3216 760 3555 816 ostendenda
3586 760 3693 818 diei

2101 854 2273 923 spatia
2319 854 2614 909 ferventior
2658 855 2921 923 exsurgit.
2975 853 3079 920 Qui
3126 854 3309 925 itaque
3363 863 3487 924 post
3527 855 3692 912 Orion

2102 945 2345 1014 Ilyadum
2388 945 2627 1010 nomine,
2665 945 2768 999 nisi
2797 940 3046 1001 doetores
3083 954 3282 1001 sancue
3318 945 3570 1002 Ecclesia:
3598 945 3695 999 de-

2101 1036 2419 1107 signantur?
2447 1037 2536 1107 qui
2564 1037 2842 1093 subductis
2872 1039 3202 1111 martyribus
3228 1056 3293 1094 eo
3311 1038 3423 1108 jam
3453 1049 3698 1109 tempore

2101 1130 2165 1179 ad
2194 1127 2379 1181 ntundi
2405 1129 2653 1183 notitiam
2682 1137 2967 1196 venerunt,
2996 1147 3103 1201 quo
3140 1132 3271 1185 fides
3293 1131 3492 1188 clarius
3520 1130 3700 1186 elucet

2100 1226 2174 1282 et,
2202 1233 2450 1287 repressa
2484 1219 3030 1281 inlidelitatishieme.
3055 1223 3215 1278 altius
3238 1224 3531 1292 prmcordia
3563 1225 3699 1279 fulc-

2102 1307 2232 1361 lium
2281 1308 2363 1363 sol
2408 1310 2652 1364 veritatis
2679 1311 2820 1365 calet
2850 1304 3169 1383 [calefacit],
3204 1313 3293 1382 qui
3327 1321 3533 1368 remota
3559 1323 3697 1368 tem—

2101 1409 2312 1471 pestate
2343 1403 2751 1470 persecutionis,
2783 1404 3010 1473 expletis
3037 1405 3209 1475 longis
3235 1406 3485 1462 noctibus
3513 1405 3696 1461 intide-

2103 1490 2290 1558 Iitatis,
2323 1501 2450 1547 tunc
2493 1503 2693 1550 sanctae
2718 1495 2971 1551 Ecclesiae
2999 1497 3101 1551 orti
3132 1506 3279 1559 sunt,
3330 1514 3451 1552 eum
3500 1497 3548 1553 ei
3581 1499 3703 1569 jam-

2101 1601 2199 1656 per
2225 1586 2565 1642 credulitatis
2615 1603 2841 1643 vernum
2895 1588 3124 1644 lucidior
3152 1605 3325 1644 almus
3367 1592 3691 1661 aperiretur.

2104 1676 2214 1732 Nec
2238 1678 2509 1733 immerito
2537 1679 2708 1733 sancti
2744 1679 2993 1735 doctores
3015 1679 3256 1751 Hyadum
3296 1682 3696 1752 mmeupatione

2105 1768 2405 1839 signantur.
2451 1767 2639 1825 Graeco
2670 1770 2868 1840 quippe
2902 1769 3115 1839 eloquio
3154 1770 3366 1842 Hyadas
3397 1772 3573 1842 pluvia
3605 1788 3697 1825 vo-

404 1860 499 1914 sed
520 1875 627 1914 non
655 1858 975 1928 semetipsos
997 1867 1243 1927 tangunt,
1275 1860 1401 1928 quia
1422 1860 1649 1916 diversis
1671 1859 2000 1929 temporibus
2028 1843 2075 1902 Β
2101 1871 2285 1929 catur,
2310 1873 2364 1917 et
2396 1862 2611 1934 Ilyades
2660 1879 2855 1918 nomen
2881 1878 2910 1915 a
2940 1862 3133 1933 pluviis
3175 1872 3515 1933 acceperunt,
3568 1864 3694 1934 quia

407 1950 703 2020 patiuntur.
751 1949 925 2016 Quam
968 1948 1200 2005 diversis
1234 1950 1569 2020 temporibus
1601 1950 1755 2016 Abel,
1811 1950 1993 2014 Isaias,

405 2050 459 2094 et
523 2039 761 2096 Joannes
830 2041 1232 2110 apparuerunt!
1284 2040 1452 2097 Divisi
1498 2040 1714 2110 quidem
1759 2048 2001 2109 tempore

408 2129 641 2195 fuerunt,
683 2131 776 2186 sed
832 2147 938 2185 non
980 2132 1377 2201 prmdicatione.
1427 2131 1485 2185 In
1528 2131 1758 2186 Arcturo
1793 2140 1996 2197 autem,

409 2223 497 2293 qui
526 2238 623 2293 per
649 2238 841 2294 gyrum
874 2238 1031 2277 suum
1064 2232 1324 2278 nocturna
1356 2225 1532 2293 spatia
1572 2240 1675 2277 non
1706 2236 2003 2280 oceasurus

410 2314 663 2379 illustrat,
695 2329 1037 2385 nequaquam
1064 2314 1428 2384 particulatim
1461 2314 1602 2368 edita
1628 2314 1740 2369 vita
1779 2323 1999 2370 sancto-

414 2422 549 2470 rum,
575 2405 672 2461 sed
704 2415 816 2461 tota
842 2406 1003 2461 simul
1031 2407 1271 2462 Ecclesia
1301 2407 1634 2477 designatur,
1667 2423 1788 2477 qum
1814 2407 2003 2478 fatiga-

411 2498 587 2553 tiones
627 2499 848 2568 quidem
874 2498 1100 2570 patitur,
1132 2510 1233 2553 nec
1275 2507 1452 2553 tamen
1484 2499 1548 2551 ad
1576 2498 1841 2553 defectum
1883 2514 2005 2570 pro-

412 2590 512 2660 prii
554 2599 732 2645 status
762 2590 1073 2646 inclinatur.
1124 2589 1328 2662 Cyrum
1369 2591 1615 2644 laborum
1647 2590 1862 2654 tolerat,
1909 2591 2007 2645 sed

412 2683 479 2736 ad
523 2694 780 2736 occasum
810 2697 933 2737 cum
989 2683 1320 2753 temporibus
1373 2698 1481 2736 non
1518 2680 1759 2753 festinat.
1822 2682 2008 2753 Neque

411 2776 556 2827 enim
594 2773 663 2827 ad
692 2773 799 2828 ima
825 2773 932 2843 poli
971 2773 1239 2829 Arcturus
1283 2787 1406 2827 cum
1452 2782 1720 2828 nectarco
1768 2782 2007 2845 tempore

413 2863 629 2918 ducitur
657 2904 671 2929 ,
720 2862 816 2919 sed
843 2865 972 2918 dum
1024 2864 1140 2935 ipse
1168 2864 1422 2929 volvitur,
1464 2879 1567 2918 nox
1609 2863 1830 2919 ﬁnitur:
1880 2864 2011 2934 quia

416 2954 672 3009 nimirum
719 2955 846 3008 dum
877 2964 1062 3009 sancta
1093 2955 1334 3011 Ecclesia
1363 2955 1665 3009 innumeris
1710 2954 2010 3009 tribulatio-

414 3045 572 3101 nibus
600 3046 843 3116 quatitur
867 3086 881 3110 ,
942 3045 1225 3117 praesentis
1253 3046 1376 3101 vitae
1419 3045 1612 3100 umbra
1664 3046 2009 3112 terminatur,

415 3151 587 3205 eaque
615 3144 794 3192 stante
834 3152 943 3192 nox
971 3138 1251 3207 pI‘tBch'il;
1287 3136 1436 3207 quia,
1468 3135 1558 3190 illa
1583 3135 1637 3191 in
1665 3152 1763 3191 sua
1804 3136 2009 3192 incolu-

416 3230 604 3285 mitate
623 3231 969 3299 perdurante,
1026 3229 1327 3285 mortalitas
1370 3229 1532 3300 hujus
1566 3230 1690 3285 vitae
1717 3231 2005 3301 percurrit.

416 3321 601 3377 Potest
638 3338 772 3393 ergo
798 3338 895 3392 per
916 3321 1228 3388 Arcturum,
1267 3322 1358 3391 qui
1388 3336 1418 3376 a
1462 3321 1635 3393 plagis
1675 3322 1888 3393 frigoris
1914 3339 2010 3378 na-

416 3417 610 3481 scitur,
651 3417 766 3481 lex;
796 3431 893 3487 per
919 3416 1161 3472 Pleiades
1205 3432 1357 3483 vero,
1387 3432 1507 3486 qum
1542 3418 1611 3472 ab
1643 3416 1863 3474 Oriente
1892 3434 2012 3473 sur-

417 3516 568 3577 gunt,
607 3508 916 3561 testamenti
966 3508 1089 3562 novi
1117 3506 1291 3577 gratia
1335 3507 1628 3579 designari.
1661 3506 1826 3574 Quasi
1864 3509 2010 3564 enim

418 3599 488 3653 ab
510 3598 780 3668 Aquilone
810 3597 894 3652 lex
921 3607 1166 3663 venerat,
1201 3614 1321 3668 qnze
1357 3606 1504 3652 tanta
1549 3596 1795 3655 subditos
1824 3599 2011 3670 rigidi—

419 3692 547 3744 tatis
576 3689 873 3759 asperitate
902 3690 1161 3753 terrebat,
1192 3690 1319 3744 dum
1365 3705 1463 3759 pro
1493 3689 1667 3759 culpis
1716 3690 1831 3744 suis
1875 3689 2012 3744 alios

420 3782 739 3851 praeciperet
785 3781 1051 3850 lapidibus
1090 3781 1266 3846 obrui,
1305 3782 1439 3838 alios
1469 3781 1628 3852 gladii
1658 3792 1834 3837 morte
1870 3782 2012 3835 mul-

424 3873 523 3926 tari
550 3890 563 3924 :
594 3871 844 3926 Pleiades
871 3887 1023 3931 vero.
1047 3887 1166 3941 qum
1186 3872 1315 3943 ipsa:
1334 3887 1548 3942 quoque
1573 3872 1737 3943 (sicut
1767 3872 2014 3943 superius

422 3965 679 4035 diximus)
707 3973 911 4032 septem
935 3961 1085 4023 sunt,
1115 3964 1425 4019 testamenti
1457 3964 1580 4018 novi
1607 3964 1838 4034 gratiam
1863 3970 2014 4018 tanto

422 4056 668 4127 apertius
713 4056 978 4120 iudicant,
1007 4062 1213 4124 quanto
1239 4052 1420 4109 cuncti
1470 4053 1674 4124 liquido
1716 4054 2011 4119 cernimus,

422 4146 567 4218 quod
596 4161 696 4216 per
724 4145 852 4201 illud
895 4144 1079 4200 tidcles
1103 4160 1231 4200 suos
1253 4154 1476 4200 sanctus
1502 4144 1738 4215 Spiritus
1762 4142 2015 4214 septifor-

426 4242 530 4296 mis
598 4239 840 4293 muneris
910 4238 1114 4293 lumine
1178 4238 1433 4293 illustrat.
1492 4237 1719 4307 Quaqua
1780 4251 1912 4308 ergo
1956 4251 2017 4292 se

424 4334 694 4387 Arcturus
727 4331 910 4396 vertit,
939 4330 1188 4385 Pleiades
1209 4330 1442 4385 ostendit
1472 4345 1487 4395 ;
1519 4331 1642 4400 quia
1689 4344 1789 4399 per
1832 4344 2013 4395 omne,

428 4423 572 4491 quod
601 4421 1008 4475 Testamentum
1043 4420 1209 4474 Vetus
1239 4420 1496 4490 loquitur,
1520 4419 1850 4474 Testamenti
1880 4418 2015 4475 Novi

2100 1962 2232 2010 ortae
2253 1953 2617 2023 proculdubio
2643 1953 2842 2008 imbres
2867 1952 3068 2008 ferunt.
3114 1953 3257 2009 Bene
3278 1970 3407 2025 ergo
3450 1955 3694 2027 Ilyadnm

2099 2044 2458 2115 appellatione
2483 2045 2725 2113 expressi
2750 2052 2896 2107 sunt,
2931 2044 3055 2113 quia
3086 2045 3152 2098 ad
3178 2056 3376 2099 statum
3413 2048 3693 2100 universa-

2097 2138 2167 2197 lis
2189 2135 2445 2190 Ecclesize
2464 2135 2617 2204 quasi
2642 2135 2694 2188 in
2727 2134 2849 2188 cmli
2875 2133 3070 2189 faciem
3095 2135 3328 2199 deducti,
3355 2151 3517 2205 super
3545 2151 3698 2190 aren-

2104 2236 2210 2282 tem
2252 2234 2453 2281 terram
2499 2225 2718 2279 humani
2753 2224 2992 2295 pectoris
3037 2232 3244 2279 sancta:
3296 2226 3696 2296 praedicationis

2102 2318 2305 2374 imbres
2332 2316 2605 2371 fuderunt.
2657 2315 2795 2371 Cum
2821 2316 2965 2370 enim
3007 2316 3267 2370 dixisset:
3300 2316 3403 2382 Qui
3435 2317 3554 2385 fecit
3589 2317 3696 2372 Ar-

2102 2419 2307 2464 cturum
2345 2417 2394 2462 et
2420 2406 2620 2462 Oriona
2663 2416 2709 2460 et
2740 2406 2951 2477 Hyades
2979 2446 2995 2472 ,
3044 2406 3292 2476 protinus
3325 2408 3531 2462 addidit
3570 2422 3586 2461 :
3645 2417 3697 2462 et

2102 2502 2354 2556 interiora
2377 2499 2577 2554 Austri.
2604 2499 2744 2565 Quid
2768 2513 3000 2566 namque
3024 2500 3128 2557 hoc
3157 2501 3211 2553 in
3239 2500 3359 2554 loco
3378 2499 3559 2555 Austri
3595 2515 3695 2555 no-

2104 2592 2273 2655 mine,
2302 2591 2407 2645 nisi
2442 2589 2626 2646 fervor
2667 2591 2839 2645 sancti
2881 2590 3138 2660 Spiritus,
3182 2591 3534 2662 designatur?
3581 2592 3699 2658 Quo

2105 2682 2232 2737 dum
2263 2680 2499 2751 repletus
2523 2680 2754 2755 quisque
2795 2680 2977 2746 fuerit,
3008 2682 3076 2735 ad
3104 2696 3343 2737 amorem
3372 2682 3560 2750 patrue
3584 2683 3699 2751 spi-

2108 2771 2285 2828 ritalis
2313 2771 2560 2843 ignescit.
2594 2772 2855 2827 Interiora
2878 2786 3007 2843 ergo
3030 2771 3214 2826 Austri
3244 2780 3371 2827 sunt
3398 2772 3595 2827 occulti
3621 2771 3699 2826 illi

2108 2854 2422 2936 angelorum
2473 2863 2713 2922 ordines,
2753 2870 2808 2917 et
2844 2863 3199 2919 sacratissimi
3242 2865 3431 2933 patriae
3457 2864 3699 2919 cmlestis

2109 2954 2278 3020 sinus,
2306 2967 2444 3023 quos
2472 2953 2659 3020 implet
2679 2952 2829 3008 calor
2858 2952 3093 3022 Spiritus
3118 2954 3311 3009 sancti.
3345 2953 3473 3009 Illuc
3498 2955 3700 3025 quippe

2110 3055 2424 3102 sanctorum
2454 3045 2648 3099 anima:
2688 3054 2746 3100 et
2775 3061 2918 3100 nunc
2939 3046 3256 3115 corporibus
3288 3055 3462 3101 exuta:
3495 3055 3549 3101 et
3577 3053 3701 3117 post

2111 3136 2430 3207 corporibus
2472 3137 2737 3192 restitutae
2765 3137 3117 3206 perveniunt,
3152 3146 3207 3194 et
3241 3139 3399 3211 quasi
3424 3139 3476 3193 in
3515 3138 3701 3193 Austri

2113 3228 2312 3285 abditis
2337 3227 2698 3286 occultantur.

2718 3319 2946 3375 CAPUT
2981 3319 3091 3376 XV.

2717 3410 2792 3465 De
2830 3410 3094 3480 Lucifero.

2183 3503 2400 3558 Lucifer
2421 3516 2552 3573 ergo
2586 3502 2872 3571 aliquando
2897 3502 2950 3555 in
2976 3502 3172 3555 bonam
3205 3509 3412 3572 partem
3434 3501 3703 3574 signiﬁca-

2113 3598 2315 3651 tionem
2356 3596 2543 3661 trahit,
2572 3595 2861 3666 aliquando
2888 3594 2942 3648 in
2974 3595 3324 3649 contrariam.
3367 3593 3519 3649 Tunc
3555 3596 3703 3648 enim

2114 3688 2169 3741 in
2197 3688 2392 3743 bonam
2421 3694 2630 3757 partem
2656 3685 2896 3754 ponitur,
2926 3686 3142 3755 quando
3166 3694 3258 3739 aut
3280 3686 3561 3742 Dominum
3592 3684 3705 3740 Sal-

2113 3786 2352 3833 vatorem
2384 3786 2478 3831 aut
2521 3778 2702 3831 lumen
2740 3777 3018 3846 sapientia:
3037 3777 3324 3848 signiﬁcat.
3365 3777 3498 3832 Nam
3525 3776 3705 3830 Domi-

2114 3888 2244 3926 num
2268 3871 2600 3926 Salvatorem
2634 3870 2721 3925 illa
2758 3872 3024 3925 sententia
3057 3869 3178 3924 libri
3211 3867 3312 3922 Job
3335 3869 3575 3933 denotat,
3597 3882 3702 3937 qua

2115 3965 2313 4019 dicitur
2349 3981 2362 4016 :
2396 3963 2649 4031 Nunquid
2670 3963 2920 4026 producis
2952 3960 3231 4030 luciferum
3263 3961 3317 4012 in
3355 3969 3581 4029 tempore
3605 3976 3702 4013 suo

2117 4054 2263 4127 (Job.
2290 4054 2557 4122 xxxvm)?
2584 4053 2891 4108 Lusiferum
2915 4067 3047 4122 ergo
3069 4066 3127 4106 se
3157 4050 3402 4104 tihristns
3438 4050 3695 4114 innotuit,

2115 4145 2239 4216 quia
2269 4144 2557 4199 diluculoa
2595 4152 2769 4197 morte
2813 4143 3130 4204 resurrexit,
3171 4148 3226 4195 et
3263 4139 3470 4210 fulgore
3511 4140 3591 4196 sui
3623 4140 3703 4194 lu-

2118 4237 2280 4291 minis
2327 4234 2671 4289 mortalitatis
2730 4241 2929 4287 nostraa
2985 4232 3269 4301 caliginem
3324 4231 3544 4302 pressit.
3603 4232 3701 4288 Cui

2116 4328 2259 4382 bene
2291 4342 2387 4397 per
2417 4324 2682 4380 Joannem
2712 4325 2909 4379 dicitur
2942 4338 2957 4377 :
2989 4322 3155 4377 Stella
3197 4322 3470 4393 splendida
3516 4332 3564 4376 et
3594 4339 3706 4375 niu-

2118 4422 2287 4474 tutina
2333 4418 2515 4490 (Apoc.
2560 4418 2723 4490 χχιι).
2780 4417 2946 4472 Vivus
2995 4418 3192 4487 quippe
3234 4417 3540 4487 appareudo
3586 4425 3707 4486 post

429 4529 596 4584 opera
618 4513 972 4568 nuntiantur:
997 4512 1097 4567 sub
1119 4520 1266 4567 textu
1292 4512 1435 4566 enim
1457 4511 1649 4568 littera:
1672 4512 1872 4582 tegitur
1895 4527 2015 4583 my-
2043 4541 2095 4601 Β
2127 4520 2355 4566 nmrtem
2385 4511 2647 4565 matutina
2679 4511 2833 4566 nobis
2865 4510 3015 4566 stella
3044 4510 3224 4566 factus
3245 4520 3328 4566 est
3357 4526 3372 4575 ;
3415 4511 3541 4581 quia
3575 4511 3702 4565 dum

429 4605 656 4660 sterium
683 4605 1000 4676 prophetae.

968 4726 971 4731 -
1024 4690 1255 4751 CAPUT
1293 4693 1430 4749 XIV.

873 4788 949 4843 De
976 4787 1171 4842 Orione
1198 4799 1246 4841 et
1285 4787 1576 4858 Hyadibus.

505 4883 583 4939 De
609 4882 815 4939 Orione
842 4890 1023 4936 autem
1050 4890 1106 4935 et
1133 4880 1411 4951 Hyadibus
1433 4880 1684 4935 similiter
1705 4880 1894 4934 beatus
1922 4879 2022 4934 Job

437 4976 886 5049 signiﬁcationem
908 4973 1191 5044 mysticam
1213 4971 1500 5042 expressit,
1528 4972 1711 5026 dicens
1736 4986 1750 5023 :
1777 4968 1883 5035 Qui
1901 4971 2021 5040 fecit

442 5063 720 5122 Arcturum
740 5075 788 5119 et
812 5063 1040 5119 Oriones
1052 5073 1099 5116 et
1119 5061 1330 5132 Hyades
1354 5070 1400 5114 et
1429 5060 1682 5114 interiora
1698 5057 1879 5113 Austri
1897 5059 2020 5130 (Job

441 5160 538 5230 rx).
591 5157 822 5213 Oriones
866 5155 1065 5224 quippe
1113 5154 1165 5207 in
1204 5152 1321 5221 ipso
1355 5151 1592 5221 pondere
1618 5150 1873 5219 temporis
1899 5149 2019 5203 hie-

441 5250 597 5305 malis
642 5247 911 5311 oriuntur,
945 5259 1150 5315 suoque
1179 5252 1302 5298 ortu
1331 5247 1679 5310 tempestates
1699 5239 1938 5294 excitant
1967 5246 2022 5293 et

440 5340 612 5395 maria
663 5348 944 5407 terrasque
987 5336 1324 5406 perturbant.
1356 5331 1494 5399 Quid
1519 5346 1649 5402 ergo
1684 5338 1805 5400 post
1829 5329 2023 5385 Aretu-

445 5448 561 5485 rum
583 5448 680 5500 per
692 5428 923 5484 Orionas
948 5427 1051 5482 nisi
1085 5435 1351 5496 martyres
1370 5424 1757 5495 designantur;
1780 5423 1872 5492 qui
1894 5422 2021 5477 dum

442 5534 629 5581 sancta
674 5521 913 5578 Ecclesia
960 5521 1031 5575 ad
1081 5527 1280 5574 statum
1340 5512 1735 5587 praedicationis
1777 5512 2020 5584 erigitur,

444 5616 652 5685 junnlns
700 5612 1134 5683 persequentium
1162 5651 1178 5676 ,
1242 5608 1623 5676 molestiasque
1679 5604 1887 5673 passuri
1957 5602 2027 5656 ad

445 5708 568 5762 cmli
620 5706 811 5760 faciem
843 5704 1001 5774 quasi
1039 5703 1092 5756 in
1124 5703 1302 5756 hieme
1340 5705 1623 5753 venerunt.
1660 5694 1807 5749 Bene
1843 5703 2023 5748 autem

448 5797 685 5854 subdidit
722 5796 966 5866 protinus
994 5792 1224 5864 Hyades,
1272 5806 1391 5861 quae
1432 5788 1816 5859 iuvenescente
1858 5797 2027 5839 verno

2124 4603 2177 4657 in
2218 4601 2508 4670 semetipso
2553 4600 2859 4670 exemplum
2900 4600 3071 4656 nobis
3104 4597 3521 4656 resurrectionis
3563 4616 3705 4670 pra:-

2122 4693 2260 4756 buit,
2304 4706 2424 4760 qua:
2469 4690 2559 4744 lux
2594 4699 2852 4760 sequatur
2889 4690 3164 4764 indicavit.
3212 4673 3415 4745 Lucem
3463 4706 3594 4761 ergo
3621 4706 3708 4743 sa-

2122 4783 2338 4852 pientia:
2365 4791 2422 4837 et
2459 4781 2587 4837 boni
2613 4781 2917 4836 intellectus
2949 4779 3035 4834 illa
3066 4780 3333 4836 sententia
3378 4780 3519 4835 beati
3559 4780 3706 4835 Petri

2123 4873 2381 4938 ostendit,
2429 4885 2535 4941 qua
2559 4870 2678 4925 ait:
2722 4868 2990 4924 Habemus
3038 4870 3325 4938 ﬁrmiorem
3352 4867 3706 4937 propheticum

2125 4979 2437 5030 sermonem,
2484 4964 2569 5018 cui
2616 4962 2743 5017 bene
2776 4961 2952 5032 facitis
2994 4961 3314 5015 attendentes
3330 4965 3359 5023 ,'
3380 4960 3545 5012 donec
3593 4960 3706 5015 dies

2127 5057 2351 5110 lucescat
2378 5063 2427 5108 ct
2456 5053 2669 5122 Lucifer
2686 5054 2890 5107 oriatur
2908 5053 2961 5106 in
2987 5051 3233 5105 cordibus
3250 5051 3428 5103 vestris
3446 5048 3529 5119 (II
3557 5049 3702 5103 Patr.

2129 5152 2190 5207 ι).
2219 5144 2435 5199 Lucifer
2463 5143 2577 5213 ipse
2601 5142 2782 5196 clarus
2800 5141 3102 5196 intellectus
3125 5149 3308 5195 noster
3332 5143 3435 5203 est,
3471 5140 3562 5208 qui
3590 5140 3708 5193 illu-

2129 5239 2390 5294 strabitur
2414 5236 2617 5291 lumine
2640 5250 2783 5290 verte
2807 5234 3086 5303 sapientiae
3124 5231 3379 5300 perfectae
3403 5233 3703 5288 ebari'tatis.

2129 5329 2184 5384 In
2207 5328 2537 5383 contrariam
2560 5340 2691 5381 vero
2734 5325 2953 5395 ponitur
2984 5322 3217 5387 Lucifer,
3242 5323 3330 5377 ubi
3373 5337 3471 5391 per
3512 5321 3706 5377 Isaiam

2131 5419 2456 5488 Prophetam
2480 5416 2535 5471 in
2554 5431 2721 5471 onere
2768 5412 3054 5484 Babylonis
3081 5413 3181 5468 sub
3210 5420 3336 5483 typo
3364 5412 3509 5481 regis
3532 5411 3709 5482 Baby-

2132 5509 2289 5564 lonia:
2315 5506 2382 5560 ad
2406 5513 2706 5574 apostatam
2740 5502 2987 5573 angelum
3030 5500 3256 5557 dicitur:
3284 5500 3558 5567 Quomodo
3572 5502 3712 5554 ceci-

2132 5598 2254 5652 ιιιειξ
2282 5598 2345 5650 de
2367 5594 2515 5657 calo,
2541 5592 2774 5661 Lucifer,
2809 5593 2900 5663 qui
2924 5609 3078 5647 mane
3116 5592 3369 5647 oriebaris
3386 5594 3411 5646 ?
3429 5600 3537 5650 etc.
3568 5591 3704 5663 (Isa.

2136 5692 2266 5760 xw).
2298 5689 2431 5742 Nam
2465 5686 2535 5740 ibi
2584 5685 2742 5741 ruina
2783 5686 2902 5755 ejus
2941 5687 3008 5741 de
3034 5683 3283 5741 claritate
3321 5693 3520 5741 aeterna
3551 5684 3604 5738 in
3633 5683 3697 5737 in

2136 5782 2363 5836 females
2393 5779 2643 5835 tenebras
2667 5777 2985 5834 ostenditur.
