4072 6198
906 465 1132 522 CAPUT
1183 464 1319 521 XVI.

941 556 1019 610 De
1056 570 1279 611 vescere.

431 644 664 717 Vespere
693 662 821 702 vero
850 656 943 702 aut
993 647 1151 702 ﬁnem
1181 644 1369 700 mundi
1402 653 1456 701 et
1482 645 1770 700 adventum
1798 647 1906 699 An-

330 735 554 795 tichristi
603 738 893 807 signiﬁcat,
959 747 1053 793 aut
1105 737 1411 793 occubitum
1452 737 1644 791 mortis
1675 735 1907 790 Redem-

323 826 496 896 ptoris
523 828 691 882 nostri
716 844 731 894 ;
770 827 1056 883 adventum
1080 826 1402 882 Antichristi
1425 840 1620 897 vesper
1641 824 1910 897 signiﬁcat

324 919 378 973 in
410 918 498 973 illa
543 919 821 988 superiore
848 917 1113 973 sententia
1159 915 1281 983 Job,
1321 932 1426 987 qua
1451 926 1575 987 post
1598 914 1909 986 productio-

322 1026 446 1065 nem
485 1009 693 1065 luciferi
723 1010 1116 1079 subsequenter
1147 1008 1343 1079 legitur
1371 1025 1386 1062 :
1438 1008 1505 1062 Et
1530 1021 1796 1079 vesperum
1824 1024 1910 1062 su-

321 1116 417 1170 per
442 1100 583 1170 ﬁlios
609 1109 763 1154 teme
787 1116 1098 1170 consurgere
1126 1099 1258 1168 facit
1290 1098 1410 1171 (Job
1434 1099 1686 1170 xxxvrtt).
1713 1098 1911 1168 Vespe-

321 1206 442 1244 rum
471 1204 601 1245 vero
621 1204 786 1261 super
827 1197 987 1245 terra:
1017 1188 1155 1244 ﬁlios
1188 1188 1453 1245 Dominus
1474 1202 1805 1257 consurgere
1830 1187 1910 1241 fa-

320 1280 418 1346 cit,
466 1279 594 1349 quia
645 1278 954 1334 inﬁdelibus
996 1275 1307 1334 Juilaaorum
1357 1278 1614 1334 cordibus
1641 1277 1910 1333 dominari

318 1371 739 1435 Antichristum,
761 1385 950 1425 eorum
974 1369 1169 1426 merito
1186 1369 1455 1441 exigente,
1483 1369 1766 1439 permittit.
1804 1367 1909 1435 Qui

321 1462 524 1519 idcirco
551 1478 581 1516 a
611 1461 842 1518 Domino
870 1461 994 1517 huic
1015 1462 1228 1532 vesperi
1255 1462 1405 1533 iuste
1431 1462 1755 1525 subdantur,
1782 1460 1911 1531 quia

323 1552 427 1623 ipsi
483 1559 675 1622 sponte
717 1566 814 1607 sua
846 1551 940 1606 ﬁlii
974 1558 1137 1608 terra:
1172 1567 1294 1608 esse
1318 1551 1626 1607 voluerunt.
1673 1551 1912 1605 Terrena

323 1644 522 1714 quippe
561 1650 616 1699 et
640 1658 748 1699 non
778 1643 1023 1699 caelestia
1055 1643 1414 1714 requirentes,
1464 1658 1497 1699 a
1535 1642 1915 1713 perspiciendo

322 1737 561 1794 Luciferi
590 1737 760 1792 nostri
797 1737 1100 1793 claritatem
1126 1737 1311 1792 caecati
1336 1743 1463 1792 sunt
1488 1750 1505 1791 :
1543 1744 1599 1792 et
1623 1736 1751 1791 dum
1777 1750 1915 1806 prae—

964 353 1024 406 B.
1063 351 1312 407 RABANI
1352 351 1572 409 MAURI
1609 350 1928 409 ARCIIIEI‘.
1973 350 2280 407 MOGUNT.
2321 352 2604 411 OPEliUM
2645 313 2824 410 ΡΑάὸ
2863 354 2927 410 ll.

3472 355 3580 411 276

2576 468 2802 524 CAPUT
2828 467 3009 523 XVIII.

2618 602 2696 657 De
2719 604 2960 658 nubibus.

2081 732 2262 789 Nubes
2308 734 2465 789 dicta:
2503 736 2573 790 ab
2601 735 2869 798 nubendo,
2919 734 2973 788 id
3000 743 3107 798 est,
3156 736 3452 805 aperiendo
3478 747 3592 792 cas-

2009 823 2119 878 lum
2149 842 2161 879 :
2197 826 2339 879 unde
2365 833 2422 881 et
2451 834 2652 896 nuptm,
2680 826 2824 896 quod
2856 825 3037 881 vultus
3077 842 3204 881 suos
3233 825 3412 881 velent
3438 844 3454 893 ;
3486 843 3591 883 un-

2011 916 2076 971 de
2102 925 2158 972 et
2184 917 2483 986 Neptunus,
2513 917 2657 987 quod
2687 917 2876 982 nubat,
2907 916 2961 971 id
2988 925 3091 980 est,
3121 932 3275 972 mare
3304 926 3361 972 et
3388 926 3595 973 terram

2011 1018 2178 1080 tegat.
2203 1009 2385 1066 Nubes
2415 1018 2597 1066 autem
2637 1008 2783 1063 aeris
2806 1008 3047 1063 densitas
3075 1006 3224 1063 facit.
3257 1009 3416 1064 Venti
3445 1009 3591 1064 enim

2010 1114 2194 1155 aerem
2222 1099 2565 1168 conglobant,
2605 1098 2882 1167 nubesque
2934 1095 3175 1162 faciunt;
3234 1098 3376 1153 unde
3403 1106 3487 1152 est
3519 1097 3591 1152 il-

2009 1192 2100 1249 lud
2130 1208 2145 1247 :
2175 1192 2339 1263 Atque
2360 1192 2417 1246 in
2445 1192 2630 1246 nubent
2653 1191 2858 1260 cogitur
2894 1205 3005 1243 aer.
3056 1187 3239 1244 Nubes
3261 1197 3443 1243 autent
3472 1204 3592 1259 my-

2012 1284 2148 1339 stice
2172 1282 2462 1353 aliquando
2514 1280 2946 1336 incarnationem
3001 1279 3206 1336 Christi
3259 1281 3591 1351 signiﬁcant,

2013 1373 2159 1428 nullo
2185 1373 2394 1443 peccati
2435 1373 2673 1443 pondere
2700 1382 3001 1442 gravatam,
3032 1371 3147 1426 sive
3182 1370 3446 1443 virginem
3480 1371 3593 1426 Ma-

2015 1464 2177 1530 riam,
2234 1462 2522 1534 aliquando
2556 1462 2945 1531 protectionem
3005 1459 3244 1530 Spiritus
3269 1461 3594 1526 sancti,ali-

2014 1551 2231 1623 quando
2283 1551 2575 1621 prophetas
2629 1557 2685 1604 et
2731 1550 3112 1619 praedicatores
3165 1559 3403 1607 sanctos.
3458 1549 3595 1605 Nam

2016 1644 2450 1700 incarnationem
2487 1641 2695 1698 Christi
2735 1641 3005 1713 signiﬁcat
3056 1642 3187 1698 illud
3234 1643 3428 1699 Isaite:
3463 1643 3599 1700 Ecce

2020 1735 2276 1791 Dominus
2290 1733 2531 1789 ascendet
2554 1749 2711 1803 super
2737 1732 2924 1787 nubem
2968 1731 3148 1799 levetn,
3171 1742 3221 1787 et
3245 1733 3518 1788 descendet
3542 1735 3599 1788 in

324 1843 445 1885 esse
465 1828 567 1885 sibi
594 1843 875 1899 vesperum
899 1835 1175 1899 expetunt,
1194 1827 1588 1900 subsequentes
1613 1826 1916 1884 damnatio-
1942 1837 1991 1897 Β
2018 1825 2309 1898 Egyptum
2368 1823 2503 1897 (Isa.
2552 1822 2690 1895 xxx).
2718 1822 2786 1877 Et
2815 1822 2945 1877 illud
2974 1822 3028 1877 in
3056 1823 3243 1878 Exodo
3270 1837 3290 1876 :
3317 1822 3596 1888 Dominus,

325 1922 412 1979 nis
443 1936 606 1995 poena
638 1932 979 1995 merguntur.

891 2016 1120 2074 CAPUT
1158 2016 1320 2073 XVII.

1002 2107 1082 2164 De
1110 2125 1250 2164 aere.

396 2200 504 2255 Aer
537 2208 622 2256 est
666 2199 898 2255 inanitas
934 2199 1117 2255 lumen
1164 2200 1459 2272 plurimum
1480 2200 1686 2258 habens
1710 2202 1917 2259 admis-

327 2300 440 2345 tum
467 2291 708 2347 raritatis
744 2306 906 2362 quam
952 2302 1146 2347 caetera
1194 2291 1484 2349 elementa.
1530 2292 1608 2348 De
1645 2308 1755 2364 quo
1790 2293 1919 2349 Vir-

326 2383 486 2454 gilius
511 2401 525 2438 :
555 2381 791 2454 Longum
818 2399 912 2453 per
937 2385 1096 2437 inane
1124 2379 1354 2439 securus.
1401 2384 1511 2439 Aer
1537 2384 1712 2439 dictus
1758 2383 1827 2440 ab
1852 2398 1919 2439 eo

327 2474 471 2545 quod
492 2475 632 2529 ferat
649 2482 874 2539 terram,
904 2473 988 2530 vel
1014 2474 1157 2543 quod
1176 2475 1246 2531 ab
1264 2491 1329 2531 ea
1352 2474 1578 2531 feratur.
1611 2476 1711 2532 Hic
1734 2484 1915 2531 autem

328 2563 527 2634 partim
562 2562 629 2616 ad
673 2572 966 2628 terrenam,
1002 2562 1200 2633 partim
1238 2565 1304 2619 ad
1332 2564 1609 2620 cmlcstem
1633 2550 1916 2621 materiam

330 2654 586 2725 pertinet.
636 2653 773 2707 Nam
818 2651 908 2709 ille
949 2653 1195 2720 subtilis,
1244 2656 1337 2712 ubi
1368 2655 1575 2712 ventosi
1620 2671 1684 2713 ac
1712 2658 1920 2726 procel—

332 2745 431 2800 losi
460 2752 639 2801 motus
679 2759 785 2800 non
832 2753 1061 2816 possunt
1092 2748 1345 2815 existere,
1376 2747 1445 2804 ad
1489 2748 1767 2805 caelestem
1796 2758 1923 2822 per.

334 2836 470 2890 tinet
514 2843 761 2907 partem:
794 2836 900 2892 iste
925 2852 1055 2894 vero
1084 2838 1443 2896 turbulentior
1467 2880 1483 2907 ,
1513 2840 1605 2911 qui
1636 2840 1921 2897 exaltatio-

332 2924 494 2980 uibus
536 2925 757 2982 humilis
815 2923 1279 3000 [exhalationibus
1342 2928 1659 3004 humorum]
1727 2947 1920 3003 corpoc

331 3014 535 3081 rescit,
599 3023 758 3072 terra:
816 3015 1143 3087 deputatur,
1214 3018 1416 3090 quique
1473 3034 1542 3075 ex
1601 3035 1661 3077 se
1716 3021 1918 3078 multas

330 3105 541 3173 species
582 3106 778 3161 reddit.
826 3106 960 3161 Nam
1005 3116 1309 3165 commotus
1356 3117 1549 3166 ventos
1597 3110 1767 3180 facit,
1827 3127 1919 3168 ve-

2018 1915 2217 1986 inquit,
2239 1913 2561 1986 pracedebat
2581 1929 2668 1968 eos
2696 1912 2766 1967 ad
2792 1912 3164 1967 ostendendam
3190 1913 3325 1968 riam
3347 1930 3443 1984 per
3460 1914 3597 1969 diem

2016 2012 2074 2066 in
2102 2009 2346 2065 columna
2374 2008 2550 2073 nubit,
2599 2016 2647 2062 et
2706 2024 2799 2077 per
2840 2016 3040 2062 noctem
3082 2008 3141 2060 in
3184 2006 3429 2061 columna
3464 2008 3602 2077 ignis

2021 2103 2222 2177 (Exod.
2270 2101 2415 2175 xm).
2445 2100 2627 2157 Nubes
2656 2100 2801 2156 enim
2829 2099 2933 2154 ista
2964 2099 3279 2170 prmcedens
3329 2097 3600 2163 Christus,

2019 2194 2161 2250 idem
2209 2194 2377 2251 etiam
2424 2191 2694 2258 columna,
2727 2191 2854 2261 quia
2884 2198 3068 2246 rectus
3107 2197 3163 2244 et
3188 2188 3381 2246 ﬁrmus
3415 2197 3471 2245 et
3499 2189 3604 2245 ful-

2020 2285 2177 2342 ciens
2205 2283 2576 2340 inﬁrmitatem
2606 2289 2845 2337 nostram
2874 2299 2889 2336 :
2915 2295 3013 2352 per
3036 2287 3251 2336 noctem
3276 2279 3483 2345 lucens,
3505 2295 3605 2349 per

2019 2378 2162 2435 diem
2201 2392 2308 2432 non
2334 2375 2538 2440 lucens,
2570 2383 2632 2430 ut
2675 2375 2767 2445 qui
2808 2388 2915 2430 non
2946 2374 3132 2430 vident
3156 2374 3398 2439 videant,
3433 2382 3490 2428 et
3509 2373 3601 2444 qui

2021 2469 2257 2535 vident,
2315 2468 2443 2524 caeci
2493 2466 2645 2523 ﬁant.
2699 2467 2887 2523 Potest
2929 2475 2985 2523 et
3025 2466 3105 2523 sic
3152 2481 3260 2522 non
3308 2466 3605 2537 incongrue

2020 2558 2214 2630 accipi,
2244 2558 2387 2629 quod
2415 2557 2614 2613 Christi
2645 2567 3071 2623 sacramentum,
3122 2566 3379 2627 tanquam
3406 2557 3461 2611 in
3490 2556 3601 2621 die,

2019 2648 2364 2706 manifestum
2402 2659 2489 2706 est
2526 2650 2580 2704 iu
2610 2665 2793 2714 carne,
2822 2649 2968 2706 velut
2996 2650 3050 2705 in
3088 2650 3232 2706 nube
3264 2667 3281 2716 ;
3312 2650 3370 2705 in
3395 2648 3603 2719 judicio

2019 2755 2172 2808 vero,
2201 2750 2460 2812 tanquam
2492 2743 2547 2798 in
2593 2750 2802 2797 terrore
2838 2751 3132 2809 nocturno,
3181 2742 3308 2813 quia
3342 2749 3471 2798 tunc
3497 2741 3605 2798 erit

2020 2848 2215 2905 magna
2245 2833 2523 2890 tribulatio
2570 2832 2776 2900 saeculi,
2816 2842 3073 2904 tanquam
3129 2833 3290 2904 ignis,
3315 2841 3374 2889 et
3401 2832 3602 2889 lucebit

2014 2922 2199 2994 iustis,
2250 2932 2306 2980 et
2353 2925 2566 2981 ardebit
2614 2924 2848 2995 iniustis.
2912 2926 3045 2981 Illud
3100 2933 3302 2991 autem,
3364 2926 3510 2996 quod
3543 2925 3598 2981 in

2021 3015 2312 3087 Evangelia
2354 3015 2571 3087 legitur,
2597 3015 2688 3071 ubi
2742 3017 3002 3072 Dominus
3026 3032 3212 3073 coram
3241 3017 3415 3073 tribus
3434 3018 3598 3073 disci-

2020 3105 2168 3177 pulis
2216 3105 2631 3177 transﬁguratus
2653 3115 2737 3162 est
2774 3107 2828 3161 in
2856 3116 3062 3172 monte,
3094 3105 3163 3160 Et
3186 3124 3302 3161 ecce
3330 3106 3489 3161 nubes
3517 3106 3601 3161 lu-

332 3195 643 3252 liementius
701 3196 1005 3254 concitatus
1058 3198 1215 3269 ignes
1267 3207 1325 3254 et
1372 3201 1611 3258 tonitrua
1635 3246 1650 3273 ,
1702 3191 1991 3259 contra-C
2021 3198 2142 3253 cidn
2191 3198 2514 3254 obumbravit
2559 3215 2648 3254 eos
2678 3197 2895 3270 (Matth.
2927 3200 3122 3269 svn);
3154 3199 3283 3269 quia
3321 3200 3603 3257 materiale

333 3295 456 3342 ctus
499 3288 682 3343 nubila
706 3328 722 3355 ,
793 3304 917 3345 cum
971 3289 1236 3361 spissatus
1285 3291 1522 3363 pluviam
1553 3333 1570 3361 ,
1627 3294 1919 3367 congelan-

333 3377 481 3436 tibus
531 3381 745 3437 nebulis
805 3382 1009 3437 nivem.
1075 3380 1442 3441 Turbulentus
1511 3386 1920 3458 congelantibus

330 3469 679 3527 densioribus
729 3470 964 3528 nubibus
990 3473 1350 3544 grandinem:
1382 3474 1646 3532 distemus
1693 3476 1921 3550 [disten-

335 3558 446 3633 tus]
469 3574 720 3616 serenum
745 3561 928 3617 efﬁcit.
958 3560 1093 3617 Nam
1120 3578 1303 3620 aerem
1326 3565 1549 3622 densum
1572 3568 1774 3624 nubem
1798 3583 1919 3625 esse

334 3660 573 3718 constat,
603 3651 800 3707 nubem
837 3654 1158 3710 rarefactam
1201 3664 1256 3711 et
1299 3655 1536 3712 solutum
1573 3673 1778 3714 aerem.
1808 3658 1919 3715 Aer

334 3750 515 3796 autem
538 3741 806 3814 signiﬁcat
828 3743 1143 3799 inanitatem
1164 3743 1449 3815 cujuslibet
1468 3747 1571 3802 rei.
1596 3747 1751 3804 Unde
1770 3747 1918 3819 Apo-

330 3831 502 3888 stolus
524 3833 637 3887 ait:
669 3830 757 3888 Sic
796 3851 993 3905 pugno,
1021 3851 1125 3890 non
1171 3837 1324 3909 quasi
1349 3854 1520 3892 aerem
1557 3839 1835 3893 uerberans
1864 3838 1918 3910 (Ι

332 3924 456 3978 (ἔον.
484 3925 584 3997 ix),
617 3925 671 3981 id
693 3934 798 3992 est,
827 3942 933 3982 non
963 3927 1143 3984 inania
1178 3937 1520 3986 consectans.
1548 3930 1682 3987 Item
1720 3946 1817 3986 aer
1845 3932 1918 3987 si-

333 4015 556 4086 gniﬁcat
580 4018 897 4074 tenuitatem
923 4020 1184 4075 mentium
1206 4021 1568 4089 stecularium,
1594 4031 1655 4077 ut
1680 4031 1765 4078 est
1786 4022 1916 4079 illud

334 4108 390 4163 in
419 4107 522 4164 Job
552 4122 568 4162 :
600 4107 785 4165 Subito
812 4126 907 4165 aer
931 4119 1145 4182 cogetur
1164 4112 1220 4166 in
1252 4112 1432 4178 nubes,
1458 4121 1506 4168 et
1538 4123 1720 4168 ventus
1740 4122 1917 4170 trans-

333 4200 445 4253 iens
470 4197 673 4270 fugabit
710 4216 800 4255 eas
828 4200 949 4273 (Job
977 4202 1210 4272 xxxvn).
1250 4203 1389 4272 Quid
1422 4218 1552 4277 ergo
1575 4220 1673 4275 per
1710 4219 1914 4276 aerem,

335 4288 439 4344 nisi
470 4297 682 4346 mentes
731 4292 1072 4348 saecularium
1098 4295 1470 4368 designantur,
1510 4313 1632 4369 qua:
1669 4299 1918 4358 innume-

340 4379 418 4435 ris
456 4378 617 4448 huius
642 4382 768 4437 vita:
790 4384 1077 4441 desideriis
1102 4386 1316 4455 deditae,
1366 4389 1472 4446 huc
1499 4390 1732 4463 illucque
1765 4409 1916 4450 more

336 4470 479 4524 aeris
509 4469 672 4527 ﬁuide
699 4472 1099 4545 disperguntur.
1127 4476 1235 4534 Sed
1262 4495 1358 4534 aer
1383 4479 1439 4535 in
1474 4481 1647 4539 nubes
1675 4485 1909 4556 cogitur,

334 4575 458 4614 cum
482 4559 671 4616 ﬂexum
701 4571 909 4620 mentes
956 4580 1055 4635 per
1101 4570 1318 4639 superni
1373 4579 1594 4642 spectus
1639 4570 1909 4648 [spiritus]

333 4650 565 4723 gratiam
616 4652 831 4709 virtutis
857 4654 1126 4714 soliditate
1161 4661 1529 4717 roborantur:
1564 4672 1757 4719 ventus
1785 4679 1914 4737 ergo

332 4743 609 4800 transiens
664 4745 837 4801 nubes
886 4745 1057 4816 fugat,
1107 4750 1235 4819 quia
1276 4753 1522 4808 mortalis
1559 4755 1667 4809 vita
1693 4771 1916 4826 percur-

333 4848 461 4888 rens
487 4834 872 4904 prmdicatores
901 4846 1121 4893 sanctos
1144 4854 1174 4893 a
1208 4841 1413 4896 nostris
1449 4842 1622 4897 oculis
1656 4859 1913 4914 corpora-

330 4925 458 4982 liter
482 4925 738 4981 occultat.
785 4925 1089 4998 Aliquando
1126 4916 1305 4985 autem
1335 4931 1718 5001 przcdicatores
1745 4935 1911 4990 divini

329 5023 479 5079 verbi
517 5038 612 5079 aer
649 5022 940 5095 signiﬁcat,
988 5034 1048 5080 ut
1092 5034 1178 5079 est
1205 5025 1334 5082 illud
1363 5026 1665 5083 Psalmista:
1697 5046 1711 5082 :
1753 5028 1915 5084 Tene-

332 5112 485 5168 brosa
507 5130 646 5184 aqua
666 5115 721 5168 in
742 5114 967 5170 nubibus
991 5115 1127 5169 aeris
1146 5113 1320 5186 (Psal.
1349 5117 1506 5186 xv").
1538 5117 1682 5174 Idem
1710 5120 1762 5173 in
1789 5134 1916 5189 pro-

329 5206 510 5275 phetis
531 5207 979 5275 praedicatoribus
1009 5208 1181 5273 verbi,
1209 5207 1336 5278 quia
1351 5209 1610 5278 quamvis
1633 5225 1691 5265 se
1716 5210 1913 5281 aliquis

328 5305 480 5366 putet
516 5297 656 5353 dicta
685 5315 873 5354 eorum
901 5299 1223 5370 intelligere,
1272 5300 1339 5355 ad
1367 5300 1562 5370 ipsam,
1613 5301 1772 5356 sicuti
1803 5310 1907 5368 est,

330 5388 585 5444 virtutem
621 5389 887 5446 dictorum
930 5391 982 5447 in
1025 5400 1195 5448 totum
1236 5394 1327 5446 vix
1378 5392 1662 5463 pervenire
1712 5402 1909 5463 potest,

330 5479 487 5534 sicuti
516 5480 643 5535 dicit
671 5481 958 5553 Apostolus
986 5501 1000 5538 :
1039 5483 1288 5540 Videmus
1315 5500 1454 5539 nunc
1504 5500 1598 5550 per
1645 5484 1911 5555 speculum

331 5574 387 5624 in
434 5571 729 5641 a-ttigmate,
781 5584 905 5629 tunc
959 5586 1132 5629 autem
1186 5575 1323 5646 facie
1370 5574 1441 5628 ad
1487 5573 1675 5642 faciem
1705 5574 1757 5641 (Ι
1785 5572 1908 5630 Cor.

333 5661 492 5732 xm);
536 5664 750 5731 quando
783 5666 962 5734 ipsum
1021 5666 1185 5731 videt,
1239 5667 1383 5736 quod
1434 5666 1701 5720 credidit:
1736 5667 1910 5736 ipsum

336 5754 677 5825 cngtioscitur
708 5758 999 5825 respicere,
1021 5759 1161 5827 quod
1194 5757 1473 5829 speravit,

2020 3289 2430 3346 tabernaculum
2449 3289 2647 3346 Petrus
2675 3291 2941 3361 quaesivit,
2975 3291 3135 3346 nubis
3160 3292 3359 3361 accipit
3382 3292 3590 3347 umbra'

2021 3382 2227 3450 culum,
2260 3389 2320 3438 ut
2341 3382 2536 3447 discat,
2566 3382 2620 3437 in
2651 3384 3053 3439 resurrectione
3101 3399 3209 3439 non
3241 3384 3478 3456 tegmine
3501 3385 3605 3457 do-

2020 3487 2253 3539 morum,
2285 3474 2379 3528 sed
2411 3471 2646 3543 Spiritus
2679 3473 2851 3528 sancti
2881 3472 3051 3544 gloria
3084 3482 3302 3530 sanctos
3325 3488 3447 3529 esse
3476 3489 3602 3544 pro-

2020 3563 2298 3634 tegendos.
2322 3563 2389 3617 Et
2424 3564 2722 3619 notandum
2751 3564 2895 3633 quod
2940 3564 3082 3619 sicut
3125 3564 3354 3619 Domino
3390 3563 3447 3619 in
3474 3562 3607 3619 Jor-

2020 3660 2158 3713 dane
2190 3658 2485 3728 baptizato,
2536 3658 2616 3714 sic
2643 3666 2698 3714 et
2751 3659 2803 3713 in
2832 3667 3016 3715 monte
3062 3658 3379 3720 clariﬁcato,
3437 3658 3603 3714 totius

2019 3756 2224 3804 sancta:
2276 3749 2933 3821 Trinitatis‘mysterium
2981 3750 3308 3806 declaratur.
3358 3748 3495 3804 Nam
3525 3749 3599 3804 ibi

2018 3837 2178 3894 Pater
2205 3839 2258 3894 in
2289 3855 2442 3905 voce,
2477 3839 2648 3897 Filius
2674 3840 2727 3895 in
2753 3840 3099 3911 baptismate,
3126 3850 3180 3898 et
3216 3840 3453 3913 Spiritus
3481 3856 3604 3895 sane

2019 3939 2139 3986 etus
2180 3931 2234 3984 in
2283 3929 2530 3986 columba
2581 3938 2834 3986 ostensus
2877 3938 3002 3987 cst:
3037 3932 3128 3987 hic
3174 3947 3306 3987 vero
3334 3930 3498 3986 Pater
3544 3931 3599 3985 in

2016 4041 2174 4092 voce,
2219 4024 2389 4081 Filius
2439 4026 2493 4080 iu
2542 4024 2953 4091 clariﬁcatione,
3011 4026 3248 4097 Spiritus
3293 4034 3514 4082 sanctus
3544 4025 3599 4080 in

2018 4116 2161 4171 nube
2189 4116 2591 4171 demonstratus
2614 4124 2699 4171 est
2726 4133 2741 4146 ·
2769 4116 2893 4185 quia
2919 4116 3173 4175 nimirum
3202 4116 3430 4189 gloriam
3459 4119 3598 4189 eius,

2018 4220 2180 4277 quam
2210 4206 2262 4260 in
2286 4206 2553 4275 baptismo
2578 4205 2864 4261 credentes
2896 4205 3240 4275 conﬁtemur,
3269 4209 3322 4263 in
3347 4224 3596 4264 resurre-

2018 4296 2199 4351 ctione
2221 4294 2467 4351 videntes
2495 4311 2618 4353 eum
2645 4296 3004 4353 laudabimus.
3039 4298 3192 4366 Quod
3222 4307 3402 4355 autem
3426 4300 3601 4355 nubes

2017 4386 2312 4457 prophetas
2365 4386 2481 4442 sive
2519 4387 2906 4456 prmdieatores
2946 4389 3113 4444 divini
3159 4389 3358 4460 eloquii
3389 4390 3600 4461 signiﬁ-

2019 4482 2166 4542 cent,
2209 4475 2447 4532 ostendit
2500 4476 2630 4532 illud
2680 4478 2735 4532 in
2773 4477 3028 4555 Psalmo:
3062 4478 3350 4535 Multitudo
3396 4482 3601 4536 sonitus

2019 4582 2296 4639 aquarum,
2325 4585 2501 4622 vocem
2526 4569 2780 4623 dederunt
2808 4571 2967 4624 nubes
2991 4585 3009 4623 :
3034 4572 3187 4641 quasi
3213 4588 3358 4627 mare
3385 4573 3605 4642 confra-

2017 4675 2200 4729 gosum
2251 4656 2423 4730 (Psal.
2453 4659 2636 4730 LXXVI)
2661 4676 2677 4725 ;
2705 4660 2779 4715 ita
2814 4660 2867 4714 in
2914 4661 3116 4716 sanctis
3164 4661 3421 4716 Ecclesiis
3451 4676 3605 4717 reso-

2018 4757 2152 4802 nant
2182 4748 2395 4804 diversa
2423 4758 2547 4805 vota
2588 4749 2929 4819 populorum.
2964 4749 3070 4805 Sed
3100 4739 3270 4820 quare
3299 4751 3371 4806 sit
3390 4752 3605 4808 sonitus

2017 4838 2195 4894 factus
2228 4838 2586 4895 multitudinis
2615 4855 2907 4911 aquarum,
2947 4841 3171 4912 pulchre
3206 4842 3445 4913 subiicit,
3472 4844 3603 4913 quia

2017 4944 2206 4985 vocem
2237 4929 2502 4985 dederunt
2531 4931 2719 4987 nubes.
2765 4930 2947 4986 Nubes
2975 4932 3360 5000 praedicatores
3389 4931 3600 5003 signiﬁ-

2020 5021 2156 5087 cari,
2183 5035 2325 5090 stepe
2356 5021 2466 5091 iam
2509 5021 2764 5087 diximus,
2794 5022 2861 5076 de
2913 5024 3111 5092 quibus
3155 5025 3418 5094 scriptum
3466 5035 3596 5081 est:

2021 5112 2287 5167 Mandabo
2313 5113 2536 5167 nubibus
2558 5130 2622 5168 ne
2663 5113 2848 5184 pluant
2875 5131 3031 5185 super
3058 5132 3174 5169 eam
3223 5116 3439 5169 imbrem
3462 5116 3600 5175 (lsa.

2018 5201 2094 5275 v).
2128 5203 2229 5271 Qui
2258 5218 2445 5258 vocem
2500 5219 2652 5259 suam
2697 5221 2944 5275 magnam
2995 5206 3280 5270 dederunt,
3313 5223 3435 5262 cum
3463 5224 3604 5278 prm-

2018 5303 2173 5364 cepta
2224 5294 2434 5349 Domini
2462 5294 2821 5365 vulgaverunt
2871 5296 2924 5351 in
2980 5306 3092 5351 toto
3120 5300 3253 5353 orbe
3304 5307 3601 5365 terrarum,

2019 5385 2160 5441 sicut
2194 5394 2251 5440 et
2295 5385 2433 5441 alius
2458 5386 2697 5456 psalmus
2739 5397 2866 5444 ante
2891 5390 3247 5460 prmdicavit:
3284 5390 3351 5445 In
3394 5408 3602 5447 onmem

2018 5486 2213 5531 terram
2250 5478 2407 5532 exivit
2455 5495 2613 5533 sonus
2664 5496 2866 5546 eorum,
2919 5491 2966 5535 et
3015 5483 3069 5536 in
3106 5483 3411 5551 ﬁnesterrw
3448 5485 3602 5538 rerba

2017 5584 2197 5622 eorum
2261 5567 2434 5639 (Psal.
2485 5569 2663 5637 xvm).
2713 5570 2895 5627 Nubes
2951 5583 3032 5628 est
3082 5575 3348 5644 protectio
3396 5573 3600 5639 divina,

2020 5658 2157 5712 sicut
2189 5658 2242 5712 in
2274 5658 2459 5714 Exodo
2494 5659 2686 5730 legitur
2735 5662 3145 5719 tabernaculum
3180 5666 3399 5721 findet-is
3427 5665 3601 5726 nubes

2020 5750 2391 5807 obumbrasse.
2421 5751 2600 5825 Nubes
2622 5755 2926 5811 obscuritas
2952 5768 3036 5813 est
3080 5756 3505 5829 Scripturarum,
3540 5768 3599 5813 ut
