4072 6198
422 342 528 399 ;.“79

420 460 491 513 ait
523 456 776 511 Dominus
813 453 983 523 (Psal.
1014 452 1175 523 Lvn);
1226 461 1281 507 et
1320 453 1445 507 alibi
1482 451 1661 518 :Quia
1707 452 1867 521 ignis,
1917 451 1998 504 in—
2027 447 2079 510 Α

419 547 557 618 quit,
593 546 787 600 exarsit
816 543 880 597 ab
920 544 1000 596 ira
1052 560 1165 598 mea
1191 551 1241 598 et
1283 544 1483 598 ardebit
1514 559 1674 613 usque
1712 542 1780 596 ad
1803 543 1997 612 inferos

422 643 666 695 deorsum
690 635 860 712 (Psal.
900 639 1056 707 xv").
1090 636 1242 692 Tunc
1269 644 1448 691 autem
1490 635 1818 705 voluptatem
1855 634 1997 705 ignis

425 730 714 801 signiﬁcat,
745 730 958 798 quando
994 728 1230 783 libidinis
1259 725 1508 781 ardorem
1544 725 1799 789 ostendit,
1831 734 1889 779 ut
1917 735 1999 781 est

423 822 553 877 illud
589 840 602 875 :
638 819 827 875 Omnes
863 819 1215 872 adulterantes
1260 820 1395 871 sicut
1426 816 1581 870 carbo
1624 817 1758 886 ignis
1810 817 1997 870 ardens

423 910 583 966 corda
606 926 782 964 eorum
808 908 950 979 (Ose.
982 909 1100 975 vn).
1130 906 1336 974 Quibus
1363 906 1463 961 nisi
1495 907 1806 961 subvenerit
1830 907 1997 976 pmnia

423 1004 602 1060 lentiae
639 1002 955 1065 remedium,
1011 1001 1149 1071 ignis
1182 1014 1356 1070 paena:
1398 1009 1671 1069 perpetua:
1706 1000 2001 1070 subseque-

421 1106 525 1160 tur,
578 1093 667 1147 ubi
698 1093 803 1147 erit
847 1091 1001 1146 ﬂetus
1050 1099 1103 1145 et
1132 1091 1334 1146 stridor
1352 1090 1612 1155 dentium,
1644 1097 1698 1144 et
1726 1091 1999 1145 cruciatus

418 1184 796 1255 sempitemus.
818 1184 894 1237 De
917 1198 1024 1253 quo
1055 1182 1109 1236 in
1138 1182 1274 1237 Isaia
1301 1180 1560 1251 scriptum
1581 1190 1665 1236 est
1693 1195 1707 1234 :
1737 1181 1869 1234 Ecce
1891 1198 2001 1235 om-

418 1296 504 1333 nes
546 1294 633 1332 vos
680 1278 884 1330 accensi
914 1275 1047 1345 igne,
1101 1273 1322 1328 accincti
1361 1273 1611 1345 ﬂammis,
1659 1271 1921 1326 ambulate
1946 1272 1999 1326 is

415 1365 612 1419 lumine
658 1365 796 1435 ignis
848 1363 1022 1419 vestri.
1068 1362 1279 1417 Habent
1323 1362 1465 1416 enim
1515 1369 1831 1432 peccatores
1856 1360 1910 1415 in
1940 1374 1999 1415 se

416 1454 632 1520 fenum,
686 1454 868 1524 ligna,
929 1452 1213 1523 stipulam,
1262 1450 1446 1521 spinas
1499 1459 1553 1506 et
1604 1450 1867 1515 tribulos,
1920 1450 1999 1505 fo-

414 1545 670 1614 liumque,
707 1559 827 1613 qua:
858 1551 1060 1597 aeterno
1091 1540 1379 1597 traduntur
1424 1540 1692 1595 inccndio.
1722 1538 1789 1594 Ili
1818 1549 1997 1594 tamen

415 1644 777 1706 provocamur
827 1635 894 1689 ad
951 1633 1205 1698 salutem,
1235 1634 1538 1704 diciturque
1568 1633 1649 1689 eis
1679 1650 1694 1686 :
1724 1631 1998 1687 Ambulate

411 1727 466 1780 in
514 1725 710 1780 lumine
738 1726 874 1795 ignis
919 1724 1074 1779 vestri
1100 1732 1150 1778 et
1180 1724 1434 1793 ﬂammis,
1462 1730 1520 1778 et
1553 1722 1799 1792 reliqua;
1854 1723 1995 1777 utin

1063 341 1123 395 Β.
1164 340 1419 396 RABANI
1457 338 1676 397 MAURI
1715 334 2034 395 ARCHIEP.
2078 334 2383 394 MOGUNT.
2426 330 2709 396 OPERUM
2747 336 2927 395 PARS
2965 338 3005 394 II

3566 338 3671 394 230

2643 448 2868 505 CAPUT
2944 448 3126 503 XXIII.

2678 546 2754 600 De
2774 548 3102 601 carbonibus.

2169 636 2445 691 (Larlmues
2485 645 2665 690 autem
2714 635 3017 706 significant
3062 635 3394 707 nigrcdiuem
3424 643 3678 706 peccato-

2101 744 2239 782 rum.
2281 726 2434 781 Unde
2473 734 2558 781 est
2602 725 2731 780 illud
2765 743 2778 779 :
2812 723 3076 781 Cat-bones
3103 725 3338 779 succensi
3361 735 3481 778 sunt
3519 724 3582 779 ab
3617 743 3678 780 eo

2098 818 2184 890 (fl
2214 817 2338 888 Reg.
2389 817 2549 887 xxu).
2578 816 2854 873 Carbones
2873 830 3003 873 vero
3029 830 3335 880 succensas,
3364 825 3679 886 peccatores

2097 911 2249 974 dicit,
2306 910 2397 979 qui
2432 909 2577 964 velut
2625 910 2888 965 carbones
2929 910 3125 964 mortui
3174 909 3228 963 in
3283 910 3470 965 mundi
3522 910 3679 966 istius

2098 1000 2342 1055 caecitate
2368 1000 2735 1062 tenebrantur,
2776 999 2873 1054 sed
2906 1000 3100 1054 iterum
3128 1000 3444 1069 poenitentia
3475 999 3680 1055 inflam-

2100 1100 2282 1144 mante
2331 1090 2680 1155 reviviscunt,
2711 1099 2765 1144 et
2812 1105 2877 1145 ex
2921 1089 3149 1144 mortuis
3175 1090 3364 1160 prunis
3394 1090 3504 1144 vivi
3541 1090 3678 1146 inci-

2098 1180 2254 1249 piunt
2272 1194 2392 1235 esse
2421 1180 2705 1251 carbonest
2738 1178 3002 1235 Similiter
3019 1189 3075 1234 et
3098 1179 3249 1245 illud,
3277 1181 3420 1250 quod
3448 1181 3501 1235 in
3530 1181 3680 1237 Psal-

2098 1285 2188 1325 mo
2215 1270 2409 1341 legitur
2440 1288 2453 1323 :
2488 1268 2712 1340 Sagitta:
2756 1270 2977 1337 potentis
3006 1278 3178 1327 acuta:
3220 1286 3337 1323 cum
3364 1271 3679 1327 carbonibus

2100 1357 2465 1433 (Psal.cxix).
2509 1360 2784 1418 Carbones
2825 1370 3008 1418 autem
3036 1361 3391 1418 desolatorios
3437 1365 3680 1420 nonnulli

2098 1460 2410 1522 peccatores
2434 1451 2744 1508 teterrimos
2763 1458 2928 1522 atque
2958 1453 3116 1508 malis
3144 1454 3356 1509 actibus
3382 1456 3682 1513 exatinctos

2101 1543 2399 1614 intelligere
2426 1542 2733 1609 voluerunt,
2773 1557 3005 1613 quorum
3039 1542 3273 1599 formido
3291 1552 3346 1599 et
3375 1548 3681 1602 recordatio

2100 1645 2286 1691 nostra
2307 1633 2437 1688 vitia
2462 1633 2707 1689 desolare
2733 1643 3057 1699 noscuntur,
3084 1635 3209 1690 dum
3242 1636 3533 1692 metuimus
3554 1636 3681 1693 talia

2100 1723 2459 1790 committere,
2490 1738 2610 1793 qua:
2631 1722 2750 1779 illos
2769 1724 3119 1794 cognovimus
3143 1724 3451 1793 pertulisse.
3498 1725 3683 1782 Potest

414 1818 587 1887 pinnis
616 1826 671 1874 et
705 1817 982 1888 suppliciis
1004 1818 1207 1872 distant
1230 1815 1532 1889 [effugiant]
1558 1815 1650 1870 Dei
1672 1816 1988 1885 potentiam,
2022 1806 2072 1869 Β
2096 1825 2274 1872 autem
2303 1824 2359 1870 et
2383 1815 2509 1871 illud
2537 1815 2780 1886 intelligi,
2809 1824 2870 1870 ut
2890 1816 3154 1872 carbones
3173 1816 3531 1874 desolatorios
3552 1833 3679 1875 ora-

412 1920 467 1965 et
487 1912 707 1966 redeant
732 1911 796 1965 ad
823 1910 1070 1965 salutem.
1094 1908 1226 1964 Item
1259 1909 1398 1981 ignis
1419 1909 1721 1965 intellectus
1744 1907 1795 1964 in
1823 1909 1994 1964 sacris

411 2001 639 2071 eloquiis
661 2000 925 2070 accipitur
955 2001 1126 2055 bonus
1165 1999 1247 2054 vel
1273 1999 1465 2066 malus,
1493 2000 1637 2055 sicut
1665 1999 1719 2053 in
1750 1998 1994 2058 Levitico

410 2094 478 2148 de
508 2092 634 2148 ﬁliis
682 2093 860 2147 Aaron
890 2092 1104 2152 dicitur,
1133 2093 1223 2162 qui
1266 2091 1446 2163 ignem
1493 2090 1731 2147 alienum
1783 2090 1836 2144 in
1864 2104 1995 2145 con-

408 2195 595 2254 spectu
644 2183 855 2238 Domini
898 2183 1229 2246 obtulerunt,
1281 2193 1337 2238 et
1386 2183 1456 2237 ibi
1510 2181 1814 2252 consumpti
1845 2190 1989 2257 sunt.

409 2275 614 2331 Fumus
642 2282 818 2329 autem
836 2273 1125 2345 aliquando
1149 2274 1202 2327 in
1225 2273 1421 2328 bonam
1442 2281 1675 2344 partem,
1705 2272 1994 2343 aliquando

412 2369 465 2423 in
495 2367 825 2423 contrariam
860 2367 1103 2436 ponitur.
1151 2365 1285 2419 Nam
1315 2367 1458 2435 quod
1499 2365 1631 2420 dicit
1659 2364 1944 2421 Psalmista
1975 2382 1988 2419 :

413 2456 653 2511 Ascendit
688 2454 866 2525 fumus
909 2456 963 2508 in
1007 2455 1087 2507 ira
1111 2454 1243 2522 eius.
1267 2464 1315 2508 et
1340 2455 1476 2525 ignis
1498 2472 1530 2508 a
1552 2455 1686 2522 facie
1707 2454 1820 2524 ejus
1840 2470 1995 2509 exar-

408 2546 568 2600 descit
596 2543 769 2615 (Psal.
812 2544 969 2614 xvn),
1002 2543 1183 2598 fumus
1235 2545 1324 2599 hic
1373 2544 1426 2598 in
1466 2546 1608 2599 bono
1633 2544 1841 2615 positus
1886 2552 1993 2611 est,

409 2637 533 2706 quia
562 2637 701 2693 sicut
724 2637 827 2692 iste
849 2645 1098 2691 terrenus
1115 2634 1346 2692 inutiles
1371 2636 1642 2708 lacrymas
1668 2643 1870 2702 movet,
1917 2637 1993 2691 ita

408 2739 465 2784 ct
488 2729 928 2801 illepoenitentim
959 2728 1140 2784 calore
1161 2743 1455 2784 succensus
1481 2728 1753 2784 fructuose
1771 2728 1996 2799 profun-

409 2822 488 2876 dit
506 2821 725 2877 ﬂuentia
753 2822 1113 2892 Iacrymarum
1143 2821 1195 2876 in
1222 2821 1302 2896 ira
1324 2820 1458 2889 ejus,
1480 2822 1580 2877 hoc
1600 2830 1704 2886 est,
1729 2831 1989 2892 tempore,

408 2927 514 2983 quo
542 2912 632 2967 hic
652 2922 961 2982 peccatores
1006 2910 1169 2966 futuri
1209 2912 1396 2982 judicii
1446 2912 1638 2967 timore
1680 2910 1990 2979 CODlUl‘b‘ll,

409 3011 465 3060 ut
491 3020 586 3060 eos
615 3005 683 3059 ad
710 3004 1006 3059 remedium
1030 3003 1400 3059 conversionis
1430 3002 1680 3057 adducat.
1723 3001 1867 3072 Ignis
1896 3016 1995 3056 au-

408 3107 515 3152 tem
544 3104 628 3152 est
655 3096 894 3152 Charitas
922 3097 1035 3159 Dei,
1081 3097 1340 3150 virtutum
1383 3093 1849 3165 progressionibus
1873 3109 1992 3150 cre-

2099 1908 2274 1963 tiones
2307 1908 2636 1978 accipiamus
2657 1906 2941 1963 charitatis
2963 1908 3085 1978 igne
3104 1924 3412 1974 succensas,
3442 1924 3562 1981 qua:
3581 1927 3682 1968 nos

2096 2001 2243 2057 vitiis
2274 2001 2347 2056 ita
2377 2001 2643 2056 mundant
2662 2009 2825 2069 atque
2846 2000 3157 2071 purificaut,
3187 2010 3248 2056 ut
3274 2003 3417 2072 quod
3449 2004 3504 2058 in
3525 2005 3683 2061 nobis

2096 2091 2346 2147 diabolus
2390 2090 2815 2157 constrinxerat,
2873 2091 3175 2147 desolatum
3214 2100 3377 2163 atque
3429 2108 3679 2151 eversum

2094 2182 2279 2237 divino
2308 2182 2571 2237 beneficio
2593 2182 2875 2237 sentiatur.
2901 2180 3027 2237 Sive
3052 2182 3225 2253 magis
3253 2183 3382 2238 illud
3410 2195 3515 2250 est,
3537 2186 3683 2255 quod

2094 2273 2263 2328 Isaias
2292 2274 2408 2328 ait:
2442 2272 2508 2327 Et
2545 2272 2731 2328 volat-it
2755 2273 2824 2327 ad
2854 2289 2936 2327 me
2962 2290 3096 2328 unus
3140 2273 3206 2328 de
3249 2275 3513 2345 seraphin,
3554 2276 3682 2332 etin

2095 2381 2257 2419 manu
2279 2364 2501 2419 habebat
2530 2365 2808 2419 carbonem
2852 2365 2988 2435 ignis
3021 2381 3176 2435 quem
3195 2366 3392 2437 forcipe
3413 2379 3681 2436 acceperat

2093 2454 2159 2508 de
2186 2453 2367 2520 altari,
2394 2464 2443 2509 et
2465 2455 2629 2525 tetigit
2656 2472 2711 2509 os
2738 2471 2909 2509 meum
2938 2463 2986 2509 et
3020 2455 3153 2510 dixit
3186 2468 3205 2507 :
3230 2455 3365 2510 Ecce
3388 2457 3551 2527 tetigit
3580 2457 3679 2514 lio:

2092 2542 2235 2598 labia
2258 2553 2372 2610 tua,
2395 2553 2445 2599 et
2475 2545 2550 2599 ait
2581 2558 2599 2597 .'
2624 2544 2760 2601 Ecce
2792 2545 2987 2600 abstuli
3003 2546 3303 2617 iniquitates
3325 2557 3463 2610 tuas,
3490 2558 3538 2601 et
3561 2564 3682 2617 pec-

2094 2642 2214 2687 cata
2243 2640 2338 2688 tua
2366 2634 2783 2706 circumpurgavi
2818 2634 2953 2707 (Isa.
2981 2635 3078 2706 vt).
3109 2634 3260 2703 Quod
3285 2651 3428 2691 nunc
3470 2636 3675 2694 benefi-

2094 2722 2180 2778 cio
2209 2732 2410 2779 sancta:
2432 2726 2612 2780 crucis
2635 2724 2887 2791 efﬁcitur,
2918 2725 3134 2795 quando
3163 2724 3306 2781 labia
3352 2734 3540 2782 nostra
3569 2725 3680 2781 Do-

2095 2815 2229 2871 mini
2253 2817 2628 2873 recordatione
2654 2818 2953 2889 signemus.
2985 2816 3098 2873 Nec
3135 2817 3405 2875 immerito
3450 2816 3679 2876 forsitan

2097 2917 2307 2978 signum
2338 2909 2930 2988 crucisdesolatorium
2958 2910 3189 2966 dicimus
3215 2924 3340 2966 esse
3367 2908 3681 2976 carbonem,

2093 3002 2310 3073 quando
2343 3000 2493 3073 fugat
2514 3010 2737 3071 peccata
2767 3001 3124 3067 credentium,
3157 3017 3280 3072 cum
3313 3010 3489 3057 tamen
3512 3001 3681 3071 perli-

2095 3092 2181 3147 dis
2202 3092 2451 3148 videatur
2469 3095 2817 3149 exstinctum.
2845 3093 2977 3149 Item
3002 3094 3131 3150 illud
3163 3094 3256 3150 ubi
3283 3095 3544 3167 scriptum
3563 3104 3680 3151 est:

405 3204 583 3255 secus,
615 3206 735 3260 qua:
757 3198 959 3259 quanto
983 3189 1156 3259 magis
1179 3187 1596 3258 concupiscitur,
1630 3195 1780 3243 tanto
1805 3185 1987 3242 elﬂca—
2014 3166 2064 3233 ο
2096 3181 2247 3240 Sicut
2276 3195 2483 3239 acetum
2506 3185 2767 3251 dentibus,
2814 3195 2860 3241 et
2890 3185 3067 3256 fumus
3096 3185 3286 3252 oculis,
3322 3166 3561 3257 impiger
3597 3187 3683 3243 liis

405 3281 524 3336 cius
541 3282 845 3352 ampliatur.
872 3282 1015 3336 Bene
1044 3290 1224 3335 autem
1253 3281 1390 3335 dixit
1417 3299 1429 3333 :
1457 3282 1500 3334 Α
1521 3280 1657 3350 facie
1679 3279 1816 3351 ejus,
1859 3295 1991 3351 quo-

407 3371 552 3427 niam
582 3370 753 3442 ipsius
796 3371 1186 3427 illmniuatione
1236 3370 1476 3426 cbaritas
1526 3369 1846 3426 conceditur
1883 3370 1986 3437 eis,

402 3463 496 3534 qui
541 3474 762 3534 peccata
800 3462 1129 3533 relinquunt.
1179 3462 1331 3529 Quod
1371 3468 1552 3517 autem
1608 3460 1734 3518 alibi
1778 3460 1990 3531 depec-

404 3556 680 3611 catoribus
731 3555 933 3610 dicitur
983 3573 996 3608 :
1055 3552 1202 3610 Sient
1248 3553 1435 3623 defecit
1486 3552 1703 3623 fumus,
1748 3551 1988 3622 deﬁcient

405 3645 577 3717 (Psal.
632 3646 837 3719 vau),
886 3646 976 3700 hic
1030 3652 1374 3715 peccatorum
1430 3658 1592 3714 paena
1655 3642 1986 3713 praedioitur.

405 3738 605 3795 Fumus
624 3739 767 3794 enim
789 3748 960 3794 estex
984 3736 1198 3791 ﬂamma
1242 3737 1346 3791 ista
1398 3734 1733 3803 corruptibili
1760 3750 1990 3807 surgens

406 3830 687 3886 tenebrosa
713 3828 1078 3900 conglobatio,
1103 3845 1223 3898 quae
1252 3835 1515 3898 quantum
1541 3825 1662 3897 plus
1686 3825 1987 3893 extollitur,

405 3926 612 3973 tantum
633 3933 731 3990 per
750 3919 942 3973 inania
974 3926 1247 3973 tenuatur.
1292 3916 1429 3972 Huic
1453 3927 1768 3987 peccatores
1793 3917 1987 3973 merito

2092 3276 2186 3349 qui
2218 3277 2469 3332 miserunt
2516 3277 2668 3333 illum
2714 3277 2895 3350 (Prov.
2927 3283 3006 3347 ιι).
3042 3279 3140 3335 Hic
3174 3278 3356 3336 fumus
3386 3281 3683 3337 vanitatem

2091 3369 2351 3439 exprimit
2371 3382 2561 3424 eorum
2607 3370 2699 3441 qui
2730 3370 3080 3441 cupiditatem
3112 3371 3268 3428 istius
3294 3372 3478 3429 mundi
3510 3372 3684 3445 magis

2089 3466 2392 3531 sequuntur
2412 3474 2577 3533 quam
2596 3461 2835 3517 studium
2866 3462 3015 3519 verbi
3044 3463 3159 3519 Dei.

2638 3593 2868 3652 CAPUT
2936 3594 3124 3655 XXIV.

2693 3708 2768 3763 De
2790 3708 3072 3765 cineribus.

2159 3816 2310 3874 Cinis
2334 3827 2515 3875 autem
2544 3820 2793 3876 humanae
2822 3819 3136 3893 fragilitatis
3158 3823 3477 3882 inanitatem
3507 3825 3681 3894 signi-

2092 3907 2237 3965 ficat.
2266 3908 2420 3966 Unde
2443 3911 2495 3965 in
2525 3910 2812 3968 Salomone
2838 3915 3101 3985 scriptum
3127 3923 3213 3971 est
3240 3932 3253 3969 :
3289 3914 3428 3981 Quid
3444 3917 3681 3986 superbit

401 4016 803 4080 comparantur,
858 4008 1113 4078 quoniam
1169 4022 1245 4063 ex-
1292 4007 1506 4061 flamma
1564 4006 1820 4077 nequitia:
1874 4021 1986 4063 sua:
2089 4011 2231 4058 terra
2256 4012 2305 4058 et
2334 4005 2465 4058 cinis
2490 4003 2515 4057 .9
2544 4002 2735 4076 (Eccli.
2775 4005 2856 4075 κ.)
2896 4004 3158 4062 Similiter
3187 4015 3244 4063 et
3271 4006 3449 4061 favilla
3483 4007 3683 4064 :Uude

402 4102 703 4172 producunt
729 4101 1007 4157 fumiferas
1040 4101 1296 4164 actiones,
1323 4114 1443 4171 quae
1495 4099 1622 4155 licet
1665 4100 1733 4155 ad
1773 4099 1986 4166 altiora,

401 4194 653 4263 superbia
700 4191 950 4259 faciente,
973 4199 1320 4263 consurgant,
1371 4205 1593 4247 necesse
1641 4198 1747 4258 est,
1785 4197 1847 4246 ut
1888 4204 1987 4245 sua

406 4285 598 4358 magis,
638 4284 784 4339 velut
819 4286 1021 4351 fumus,
1050 4283 1285 4339 elatione
1312 4283 1584 4339 deficiant.

976 4399 1206 4457 CAI'UT
1241 4399 1407 4456 XXIL.

1029 4471 1109 4525 De
1137 4472 1340 4542 prunis.

2091 4093 2146 4149 in
2189 4093 2292 4150 Job
2321 4094 2451 4150 dicit
2496 4093 2652 4166 :Ago
2689 4097 3044 4168 ptenitentiam
3090 4098 3146 4152 in
3188 4097 3370 4167 favilla
3412 4108 3461 4153 et
3504 4099 3684 4154 cinere

2090 4185 2234 4260 (Job.
2265 4187 2424 4261 XLII).
2454 4188 2511 4243 In
2541 4187 2722 4243 favilla
2748 4189 2951 4245 etenim
2976 4197 3034 4244 et
3071 4188 3255 4246 cinere
3297 4190 3680 4261 pteniteutiam

2087 4292 2251 4349 agere
2290 4287 2394 4344 est,
2424 4279 2791 4349 contemplata
2837 4293 3047 4334 summa
3082 4280 3338 4346 essentia,
3387 4279 3464 4334 nil
3506 4279 3677 4345 aliud,

2086 4385 2249 4441 quam
2292 4370 2530 4426 favillam
2560 4387 2619 4427 se
2658 4372 3009 4442 cineremque
3050 4387 3398 4444 cognoscere.
3438 4372 3591 4429 Unle
3619 4382 3683 4429 et

2086 4462 2293 4518 civitati
2323 4462 2565 4532 reprobat
2591 4463 2645 4519 in
2672 4462 2969 4534 Evangelio
3012 4462 3277 4519 Dominus
3302 4464 3434 4519 dicit
3468 4481 3481 4518 :
3512 4461 3571 4518 Si
3616 4466 3678 4518 in

470 4557 663 4612 Pruna:
690 4567 868 4613 autem
900 4516 1207 4630 signiﬁcarnt
1254 4559 1470 4615 illicitas
1517 4561 1984 4632 concupiscentia;
2010 4516 2062 4576 θ
2091 4551 2228 4622 Tyro
2259 4562 2306 4605 et
2335 4551 2533 4607 Sidone
2549 4551 2704 4620 factm
2730 4529 2950 4623 fuissent
2975 4554 3211 4618 virtutes,
3232 4571 3351 4624 qua:
3371 4554 3525 4624 facta:
3551 4565 3678 4609 sunt

398 4650 614 4713 animm,
645 4663 765 4717 qum
791 4648 1033 4717 polluant
1057 4664 1276 4719 gressus
1324 4662 1549 4719 operum
1596 4649 1978 4705 humanorum.

400 4738 554 4795 Unde
578 4746 662 4793 est
692 4738 820 4793 illud
846 4756 858 4791 :
897 4737 1037 4791 Dum
1060 4738 1295 4793 ambulat
1323 4755 1480 4810 super
1525 4756 1746 4809 prunas,
1787 4739 1982 4810 plantae

392 4828 512 4899 ejus
531 4843 635 4882 non
671 4826 1039 4882 comburantur
1065 4825 1248 4897 (Prov.
1270 4827 1371 4900 vt).
1403 4828 1541 4884 Hinc
1569 4828 1625 4883 in
1669 4827 1772 4885 Job
1793 4831 1860 4886 de
1883 4830 1983 4885 Le-

393 4918 612 4973 viatban
639 4918 898 4988 scriptum
922 4925 1036 4972 est:
1056 4916 1273 4972 Halitus
1297 4918 1412 4988 ejus
1430 4934 1628 4989 prunas
1649 4920 1833 4973 ardere
1854 4920 1981 4990 facit

395 5009 540 5082 (Job.
565 5008 698 5083 xu).
729 5009 866 5078 Quid
892 5023 1116 5080 prunas,
1151 5009 1253 5062 nisi
1279 5024 1568 5065 succensas
1593 5010 1823 5066 internis
1848 5026 1981 5068 con-

2085 4645 2140 4699 in
2163 4644 2323 4712 vobis,
2357 4643 2480 4700 olim
2521 4646 2575 4699 in
2604 4645 2774 4700 cilicio
2802 4657 2851 4701 et
2876 4647 3049 4702 cinere
3072 4647 3425 4718 penitentiam
3451 4645 3679 4718 egissent

2086 4733 2303 4805 (Matth.
2329 4735 2428 4805 ιιι).
2464 4734 2521 4789 In
2548 4735 2727 4792 cilicio
2752 4736 2949 4807 quippe
2970 4737 3232 4807 asperitas
3248 4747 3304 4792 et
3327 4737 3680 4807 compunCtio

2084 4837 2430 4896 peccatorum
2464 4846 2477 4880 :
2510 4827 2562 4882 in
2587 4828 2769 4883 cinere
2795 4838 2976 4882 autem
2996 4827 3171 4898 pulvis
3194 4829 3500 4884 ostenditur
3527 4843 3679 4883 mor-

2088 4927 2322 4984 tuorum,
2360 4928 2417 4974 et
2458 4919 2664 4975 idcirco
2686 4928 2977 4991 utrumque
3012 4922 3115 4976 hoc
3135 4922 3379 4977 adhiberi
3411 4922 3477 4977 ad
3496 4922 3681 4992 poeni-

2088 5008 2315 5066 tentiam
2344 5010 2502 5078 solet,
2530 5018 2590 5066 ut
2623 5013 2676 5067 in
2706 5015 3000 5085 punctione
3046 5013 3207 5068 cilicii
3257 5029 3676 5085 cognoscamus.

394 5101 745 5170 cupiseentiis
804 5101 1157 5172 reproborum
1214 5095 1453 5167 mentes,
1503 5101 1775 5172 appellat?
1821 5105 1982 5161 toties
2084 5101 2213 5172 quid
2248 5102 2600 5173 per'culpam
2644 5102 2891 5169 fecimus,
2922 5113 2977 5160 et
3011 5104 3065 5159 in
3099 5104 3275 5161 favilla
3311 5104 3513 5160 cineris
3541 5120 3675 5176 per-

394 5195 538 5250 enim
585 5195 883 5249 Leviathan
933 5193 1134 5250 halitus
1191 5209 1394 5265 prunas
1459 5194 1730 5261 accendit,
1769 5197 1982 5265 quoties
2082 5194 2401 5265 pendamus,
2439 5194 2567 5265 quid
2606 5193 2989 5265 perjudicium
3021 5196 3147 5253 facti
3178 5196 3595 5252 sumus.Torris
3614 5205 3682 5252 et

392 5281 602 5338 occulta
623 5283 895 5353 suggestio
926 5283 1190 5338 humanas
1231 5291 1443 5339 mentes
1480 5283 1547 5338 ad
1593 5283 1981 5342 delectationes
2083 5284 2202 5340 titio
2231 5285 2525 5341 Immanum
2550 5302 2722 5358 genus
2753 5288 3021 5360 significat
3047 5305 3142 5360 per
3168 5289 3454 5345 Dominum
3482 5287 3679 5345 .lesum

396 5372 610 5427 illicitas
660 5375 957 5443 pertrahit;
994 5383 1050 5428 et
1076 5372 1287 5429 ﬂamma
1312 5374 1377 5429 de
1411 5389 1507 5429 ore
1531 5372 1650 5445 ejus
1679 5376 1976 5447 egreditur,

395 5465 517 5532 quia
539 5464 798 5534 quidquid
822 5481 919 5535 per
939 5477 1017 5530 se,
1038 5465 1295 5535 quidquid
1324 5482 1421 5535 per
1446 5467 1826 5536 praedicatores
1850 5483 1978 5524 suos

396 5554 656 5625 loquitur,
687 5558 826 5627 ignis
846 5567 949 5623 est,
980 5575 1089 5624 quo
1113 5575 1219 5616 non
1244 5576 1433 5615 aurum
1464 5575 1637 5629 neque
1673 5568 1974 5633 arg'ntum,

399 5647 493 5703 scd
521 5647 747 5720 lignum,
784 5650 992 5709 fenum.
1023 5650 1130 5723 stfp
1151 5650 1218 5704 ila
1244 5663 1639 5708 concrematur.

2082 5375 2356 5431 Christum
2412 5392 2442 5430 a
2488 5386 2745 5447 perpetua
2804 5380 3176 5435 combustione
3235 5394 3296 5436 se
3355 5380 3411 5436 in
3461 5378 3677 5449 justum

2085 5466 2448 5541 [semiustum]
2480 5469 2840 5536 abstractum,
2868 5481 2931 5526 ut
2976 5472 3029 5525 in
3063 5472 3330 5527 Zacliaria
3364 5490 3377 5526 :
3410 5471 3679 5542 Nunquid

2083 5575 2186 5612 non
2216 5560 2311 5614 iste
2338 5562 2496 5615 torris
2512 5572 2694 5616 erutus
2719 5570 2796 5616 est
2821 5562 2885 5616 de
2905 5563 3062 5633 igne?
3077 5560 3265 5634 (Zaclt.
3293 5562 3401 5632 ιιι.)
3427 5562 3681 5617 Titiones

2084 5649 2188 5703 duo
2215 5658 2511 5719 potestates
2539 5651 2723 5707 saeculi
2770 5650 2932 5720 hujus
2982 5662 3146 5723 atque
3189 5653 3430 5709 haeretici
3461 5668 3529 5708 ex
3557 5669 3680 5708 uno

2082 5755 2347 5798 consensu
2374 5742 2659 5799 ecclesiam
2695 5753 3104 5815 persequentes,
3135 5753 3195 5800 ut
3236 5746 3290 5801 in
3320 5745 3457 5802 Isaia
3486 5766 3499 5801 :
3537 5746 3676 5801 Noti
