  <div class='ocr_page' id='page_1' title='image "/cluster/home/n/w/nwhite01/storage/ocr_20150623/111/hvd.32044054759766/146.png"; bbox 0 0 4072 6198; ppageno 0'>
   <div class='ocr_carea' id='block_1_1' title="bbox 349 350 449 410">
    <p class='ocr_par' dir='ltr' id='par_1_1' title="bbox 349 350 449 410">
     <span class='ocr_line' id='line_1_1' title="bbox 349 350 449 410; baseline 0 -1"><span class='ocrx_word' id='word_1_1' title='bbox 349 350 449 410; x_wconf 71' lang='lat'><strong>28!</strong></span> 
     </span>
    </p>
   </div>
   <div class='ocr_carea' id='block_1_2' title="bbox 1356 346 2668 406">
    <p class='ocr_par' dir='ltr' id='par_1_2' title="bbox 1356 346 2668 406">
     <span class='ocr_line' id='line_1_2' title="bbox 1356 346 2668 406; baseline -0.001 0"><span class='ocrx_word' id='word_1_2' title='bbox 1356 349 1445 406; x_wconf 88' lang='lat' dir='ltr'><strong>DE</strong></span> <span class='ocrx_word' id='word_1_3' title='bbox 1487 347 1833 406; x_wconf 80' lang='lat' dir='ltr'><strong>UNIVERSO</strong></span> <span class='ocrx_word' id='word_1_4' title='bbox 1871 346 2050 402; x_wconf 80' lang='lat' dir='ltr'><strong>LIBRI</strong></span> <span class='ocrx_word' id='word_1_5' title='bbox 2090 346 2258 404; x_wconf 74' lang='lat' dir='ltr'><strong>XXII.</strong></span> <span class='ocrx_word' id='word_1_6' title='bbox 2297 379 2370 391; x_wconf 90' lang='lat'><strong><em>—</em></strong></span> <span class='ocrx_word' id='word_1_7' title='bbox 2406 348 2534 405; x_wconf 85' lang='lat' dir='ltr'><strong>LlB.</strong></span> <span class='ocrx_word' id='word_1_8' title='bbox 2576 349 2668 405; x_wconf 70' lang='lat' dir='ltr'><strong>IX.</strong></span> 
     </span>
    </p>
   </div>
   <div class='ocr_carea' id='block_1_3' title="bbox 3537 355 3641 411">
    <p class='ocr_par' dir='ltr' id='par_1_3' title="bbox 3537 355 3641 411">
     <span class='ocr_line' id='line_1_3' title="bbox 3537 355 3641 411; baseline 0.019 -2"><span class='ocrx_word' id='word_1_9' title='bbox 3537 355 3641 411; x_wconf 61' lang='lat'><strong>282</strong></span> 
     </span>
    </p>
   </div>
   <div class='ocr_carea' id='block_1_4' title="bbox 356 457 3643 535">
    <p class='ocr_par' dir='ltr' id='par_1_4' title="bbox 356 457 3643 535">
     <span class='ocr_line' id='line_1_4' title="bbox 356 457 3643 535; baseline 0.001 -19"><span class='ocrx_word' id='word_1_10' title='bbox 356 466 541 520; x_wconf 82' lang='lat' dir='ltr'><strong>timere</strong></span> <span class='ocrx_word' id='word_1_11' title='bbox 568 479 601 519; x_wconf 79' lang='grc' dir='ltr'><em>α</em></span> <span class='ocrx_word' id='word_1_12' title='bbox 624 461 829 519; x_wconf 76' lang='lat' dir='ltr'><strong>duabus</strong></span> <span class='ocrx_word' id='word_1_13' title='bbox 859 461 1043 516; x_wconf 83' lang='lat' dir='ltr'><strong>caudis</strong></span> <span class='ocrx_word' id='word_1_14' title='bbox 1074 462 1315 516; x_wconf 86' lang='lat' dir='ltr'><strong>titionum</strong></span> <span class='ocrx_word' id='word_1_15' title='bbox 1342 460 1713 532; x_wconf 80' lang='lat' dir='ltr'><strong>fumigantium</strong></span> <span class='ocrx_word' id='word_1_16' title='bbox 1737 459 1952 513; x_wconf 81' lang='lat' dir='ltr'><strong>istorum</strong></span> <span class='ocrx_word' id='word_1_17' title='bbox 1983 460 2031 520; x_wconf 83' lang='grc' dir='ltr'>Α</span> <span class='ocrx_word' id='word_1_18' title='bbox 2059 466 2279 528; x_wconf 84' lang='lat' dir='ltr'><strong>guntur,</strong></span> <span class='ocrx_word' id='word_1_19' title='bbox 2306 457 2453 513; x_wconf 89' lang='lat' dir='ltr'><strong>velut</strong></span> <span class='ocrx_word' id='word_1_20' title='bbox 2502 459 2556 513; x_wconf 92' lang='lat' dir='ltr'><strong>in</strong></span> <span class='ocrx_word' id='word_1_21' title='bbox 2609 458 2747 515; x_wconf 78' lang='lat' dir='ltr'><strong>Osee</strong></span> <span class='ocrx_word' id='word_1_22' title='bbox 2773 459 2840 513; x_wconf 90' lang='lat' dir='ltr'><strong>de</strong></span> <span class='ocrx_word' id='word_1_23' title='bbox 2883 459 3151 514; x_wconf 71' lang='lat' dir='ltr'><strong>hmreticis</strong></span> <span class='ocrx_word' id='word_1_24' title='bbox 3176 460 3371 515; x_wconf 79' lang='lat' dir='ltr'><strong>dicitur</strong></span> <span class='ocrx_word' id='word_1_25' title='bbox 3398 479 3411 516; x_wconf 90' lang='lat'><strong>:</strong></span> <span class='ocrx_word' id='word_1_26' title='bbox 3443 462 3643 535; x_wconf 64' lang='lat' dir='ltr'><strong>Liguri:</strong></span> 
     </span>
    </p>
   </div>
   <div class='ocr_carea' id='block_1_5' title="bbox 354 552 647 627">
    <p class='ocr_par' dir='ltr' id='par_1_5' title="bbox 354 552 647 627">
     <span class='ocr_line' id='line_1_5' title="bbox 354 552 647 627; baseline -0.003 -18"><span class='ocrx_word' id='word_1_27' title='bbox 354 552 497 627; x_wconf 85' lang='lat' dir='ltr'><strong>(lsa.</strong></span> <span class='ocrx_word' id='word_1_28' title='bbox 522 552 647 627; x_wconf 73' lang='lat' dir='ltr'><strong>ut).</strong></span> 
     </span>
    </p>
   </div>
   <div class='ocr_carea' id='block_1_6' title="bbox 942 639 1375 697">
    <p class='ocr_par' dir='ltr' id='par_1_6' title="bbox 942 639 1375 697">
     <span class='ocr_line' id='line_1_6' title="bbox 942 639 1375 697; baseline -0.007 0"><span class='ocrx_word' id='word_1_29' title='bbox 942 639 1167 697; x_wconf 80' lang='lat' dir='ltr'><strong>CAPUT</strong></span> <span class='ocrx_word' id='word_1_30' title='bbox 1206 639 1375 694; x_wconf 78' lang='lat' dir='ltr'><strong>XXV.</strong></span> 
     </span>
    </p>
   </div>
   <div class='ocr_carea' id='block_1_7' title="bbox 1003 732 1283 787">
    <p class='ocr_par' dir='ltr' id='par_1_7' title="bbox 1003 732 1283 787">
     <span class='ocr_line' id='line_1_7' title="bbox 1003 732 1283 787; baseline 0.007 -2"><span class='ocrx_word' id='word_1_31' title='bbox 1003 732 1079 787; x_wconf 87' lang='lat' dir='ltr'><strong>De</strong></span> <span class='ocrx_word' id='word_1_32' title='bbox 1102 734 1283 787; x_wconf 78' lang='lat' dir='ltr'><strong>ventis.</strong></span> 
     </span>
    </p>
   </div>
   <div class='ocr_carea' id='block_1_8' title="bbox 431 825 1945 899">
    <p class='ocr_par' dir='ltr' id='par_1_8' title="bbox 431 825 1945 899">
     <span class='ocr_line' id='line_1_8' title="bbox 431 825 1945 899; baseline 0 -17"><span class='ocrx_word' id='word_1_33' title='bbox 431 828 639 883; x_wconf 83' lang='lat' dir='ltr'><strong>Ventus</strong></span> <span class='ocrx_word' id='word_1_34' title='bbox 665 835 750 883; x_wconf 90' lang='lat' dir='ltr'><strong>est</strong></span> <span class='ocrx_word' id='word_1_35' title='bbox 776 841 871 881; x_wconf 88' lang='lat' dir='ltr'><strong>aer</strong></span> <span class='ocrx_word' id='word_1_36' title='bbox 892 835 1193 882; x_wconf 87' lang='lat' dir='ltr'><strong>commotus</strong></span> <span class='ocrx_word' id='word_1_37' title='bbox 1216 835 1271 883; x_wconf 90' lang='lat' dir='ltr'><strong>et</strong></span> <span class='ocrx_word' id='word_1_38' title='bbox 1302 826 1554 899; x_wconf 88' lang='lat' dir='ltr'><strong>agitatus,</strong></span> <span class='ocrx_word' id='word_1_39' title='bbox 1586 841 1684 895; x_wconf 91' lang='lat' dir='ltr'><strong>pro</strong></span> <span class='ocrx_word' id='word_1_40' title='bbox 1713 825 1945 882; x_wconf 79' lang='lat' dir='ltr'><strong>diversis</strong></span> 
     </span>
    </p>
   </div>
   <div class='ocr_carea' id='block_1_9' title="bbox 353 915 1951 995">
    <p class='ocr_par' dir='ltr' id='par_1_9' title="bbox 353 915 1951 995">
     <span class='ocr_line' id='line_1_9' title="bbox 353 915 1951 995; baseline -0.001 -22"><span class='ocrx_word' id='word_1_41' title='bbox 353 920 606 995; x_wconf 84' lang='lat' dir='ltr'><strong>partibus</strong></span> <span class='ocrx_word' id='word_1_42' title='bbox 638 919 761 974; x_wconf 71' lang='lat' dir='ltr'><strong>coeli</strong></span> <span class='ocrx_word' id='word_1_43' title='bbox 784 917 999 973; x_wconf 91' lang='lat' dir='ltr'><strong>nomina</strong></span> <span class='ocrx_word' id='word_1_44' title='bbox 1025 918 1239 973; x_wconf 87' lang='lat' dir='ltr'><strong>diversa</strong></span> <span class='ocrx_word' id='word_1_45' title='bbox 1272 919 1514 973; x_wconf 89' lang='lat' dir='ltr'><strong>sortitus.</strong></span> <span class='ocrx_word' id='word_1_46' title='bbox 1553 915 1740 970; x_wconf 89' lang='lat' dir='ltr'><strong>Dictus</strong></span> <span class='ocrx_word' id='word_1_47' title='bbox 1771 926 1951 971; x_wconf 87' lang='lat' dir='ltr'><strong>autem</strong></span> 
     </span>
    </p>
   </div>
   <div class='ocr_carea' id='block_1_10' title="bbox 356 1007 1951 1080">
    <p class='ocr_par' dir='ltr' id='par_1_10' title="bbox 356 1007 1951 1080">
     <span class='ocr_line' id='line_1_10' title="bbox 356 1007 1951 1080; baseline -0.001 -17"><span class='ocrx_word' id='word_1_48' title='bbox 356 1022 576 1076; x_wconf 83' lang='lat' dir='ltr'><strong>ventus,</strong></span> <span class='ocrx_word' id='word_1_49' title='bbox 605 1008 751 1080; x_wconf 90' lang='lat' dir='ltr'><strong>quod</strong></span> <span class='ocrx_word' id='word_1_50' title='bbox 799 1009 870 1064; x_wconf 85' lang='lat' dir='ltr'><strong>sit</strong></span> <span class='ocrx_word' id='word_1_51' title='bbox 897 1009 1193 1063; x_wconf 82' lang='lat' dir='ltr'><strong>vehemens</strong></span> <span class='ocrx_word' id='word_1_52' title='bbox 1231 1016 1286 1062; x_wconf 91' lang='lat' dir='ltr'><strong>et</strong></span> <span class='ocrx_word' id='word_1_53' title='bbox 1314 1007 1606 1065; x_wconf 87' lang='lat' dir='ltr'><strong>violentus.</strong></span> <span class='ocrx_word' id='word_1_54' title='bbox 1663 1010 1758 1063; x_wconf 81' lang='lat' dir='ltr'><strong>Vis</strong></span> <span class='ocrx_word' id='word_1_55' title='bbox 1806 1008 1951 1062; x_wconf 91' lang='lat' dir='ltr'><strong>enim</strong></span> 
     </span>
    </p>
   </div>
   <div class='ocr_carea' id='block_1_11' title="bbox 355 1099 1947 1170">
    <p class='ocr_par' dir='ltr' id='par_1_11' title="bbox 355 1099 1947 1170">
     <span class='ocr_line' id='line_1_11' title="bbox 355 1099 1947 1170; baseline -0.004 -13"><span class='ocrx_word' id='word_1_56' title='bbox 355 1101 475 1170; x_wconf 82' lang='lat' dir='ltr'><strong>ejus</strong></span> <span class='ocrx_word' id='word_1_57' title='bbox 503 1107 655 1155; x_wconf 87' lang='lat' dir='ltr'><strong>tanta</strong></span> <span class='ocrx_word' id='word_1_58' title='bbox 679 1107 782 1164; x_wconf 87' lang='lat' dir='ltr'><strong>est,</strong></span> <span class='ocrx_word' id='word_1_59' title='bbox 810 1108 871 1153; x_wconf 91' lang='lat' dir='ltr'><strong>ut</strong></span> <span class='ocrx_word' id='word_1_60' title='bbox 907 1113 1012 1153; x_wconf 88' lang='lat' dir='ltr'><strong>non</strong></span> <span class='ocrx_word' id='word_1_61' title='bbox 1043 1099 1217 1153; x_wconf 86' lang='lat' dir='ltr'><strong>solum</strong></span> <span class='ocrx_word' id='word_1_62' title='bbox 1237 1114 1365 1153; x_wconf 77' lang='lat' dir='ltr'><strong>saxa</strong></span> <span class='ocrx_word' id='word_1_63' title='bbox 1396 1107 1452 1153; x_wconf 88' lang='lat' dir='ltr'><strong>et</strong></span> <span class='ocrx_word' id='word_1_64' title='bbox 1476 1101 1700 1155; x_wconf 91' lang='lat' dir='ltr'><strong>arbores</strong></span> <span class='ocrx_word' id='word_1_65' title='bbox 1724 1100 1947 1154; x_wconf 79' lang='lat' dir='ltr'><strong>evellat:</strong></span> 
     </span>
    </p>
   </div>
   <div class='ocr_carea' id='block_1_12' title="bbox 350 1191 1952 1260">
    <p class='ocr_par' dir='ltr' id='par_1_12' title="bbox 350 1191 1952 1260">
     <span class='ocr_line' id='line_1_12' title="bbox 350 1191 1952 1260; baseline -0.004 -11"><span class='ocrx_word' id='word_1_66' title='bbox 350 1192 453 1249; x_wconf 88' lang='lat' dir='ltr'><strong>sed</strong></span> <span class='ocrx_word' id='word_1_67' title='bbox 481 1191 648 1248; x_wconf 86' lang='lat' dir='ltr'><strong>etiam</strong></span> <span class='ocrx_word' id='word_1_68' title='bbox 678 1191 872 1247; x_wconf 72' lang='lat' dir='ltr'><strong>omium</strong></span> <span class='ocrx_word' id='word_1_69' title='bbox 902 1198 1218 1260; x_wconf 79' lang='lat' dir='ltr'><strong>terramque</strong></span> <span class='ocrx_word' id='word_1_70' title='bbox 1251 1191 1561 1257; x_wconf 90' lang='lat' dir='ltr'><strong>conturbet,</strong></span> <span class='ocrx_word' id='word_1_71' title='bbox 1609 1191 1781 1245; x_wconf 89' lang='lat' dir='ltr'><strong>maria</strong></span> <span class='ocrx_word' id='word_1_72' title='bbox 1803 1206 1952 1245; x_wconf 86' lang='lat' dir='ltr'><strong>com-</strong></span> 
     </span>
    </p>
   </div>
   <div class='ocr_carea' id='block_1_13' title="bbox 349 1281 1949 1354">
    <p class='ocr_par' dir='ltr' id='par_1_13' title="bbox 349 1281 1949 1354">
     <span class='ocr_line' id='line_1_13' title="bbox 349 1281 1949 1354; baseline -0.001 -15"><span class='ocrx_word' id='word_1_73' title='bbox 349 1292 591 1339; x_wconf 85' lang='lat' dir='ltr'><strong>moveat.</strong></span> <span class='ocrx_word' id='word_1_74' title='bbox 615 1281 909 1339; x_wconf 79' lang='lat' dir='ltr'><strong>Ventorum</strong></span> <span class='ocrx_word' id='word_1_75' title='bbox 943 1291 1179 1354; x_wconf 82' lang='lat' dir='ltr'><strong>quatuor</strong></span> <span class='ocrx_word' id='word_1_76' title='bbox 1195 1283 1526 1353; x_wconf 82' lang='lat' dir='ltr'><strong>principales</strong></span> <span class='ocrx_word' id='word_1_77' title='bbox 1549 1292 1677 1338; x_wconf 89' lang='lat' dir='ltr'><strong>sunt</strong></span> <span class='ocrx_word' id='word_1_78' title='bbox 1706 1284 1949 1353; x_wconf 80' lang='lat' dir='ltr'><strong>spiritus,</strong></span> 
     </span>
    </p>
   </div>
   <div class='ocr_carea' id='block_1_14' title="bbox 352 1373 1950 1446">
    <p class='ocr_par' dir='ltr' id='par_1_14' title="bbox 352 1373 1950 1446">
     <span class='ocr_line' id='line_1_14' title="bbox 352 1373 1950 1446; baseline 0.003 -19"><span class='ocrx_word' id='word_1_79' title='bbox 352 1390 588 1446; x_wconf 89' lang='lat' dir='ltr'><strong>quorum</strong></span> <span class='ocrx_word' id='word_1_80' title='bbox 628 1374 838 1445; x_wconf 90' lang='lat' dir='ltr'><strong>primus</strong></span> <span class='ocrx_word' id='word_1_81' title='bbox 888 1374 955 1429; x_wconf 89' lang='lat' dir='ltr'><strong>ab</strong></span> <span class='ocrx_word' id='word_1_82' title='bbox 999 1373 1227 1429; x_wconf 83' lang='lat' dir='ltr'><strong>Oriente</strong></span> <span class='ocrx_word' id='word_1_83' title='bbox 1278 1375 1623 1439; x_wconf 78' lang='lat' dir='ltr'><strong>subsolanus,</strong></span> <span class='ocrx_word' id='word_1_84' title='bbox 1658 1391 1688 1430; x_wconf 92' lang='lat' dir='ltr'><strong>a</strong></span> <span class='ocrx_word' id='word_1_85' title='bbox 1730 1376 1950 1432; x_wconf 86' lang='lat' dir='ltr'><strong>Meridie</strong></span> 
     </span>
    </p>
   </div>
   <div class='ocr_carea' id='block_1_15' title="bbox 351 1462 1947 1534">
    <p class='ocr_par' dir='ltr' id='par_1_15' title="bbox 351 1462 1947 1534">
     <span class='ocr_line' id='line_1_15' title="bbox 351 1462 1947 1534; baseline 0 -15"><span class='ocrx_word' id='word_1_86' title='bbox 351 1472 559 1530; x_wconf 79' lang='lat' dir='ltr'><strong>auster,</strong></span> <span class='ocrx_word' id='word_1_87' title='bbox 579 1466 649 1520; x_wconf 90' lang='lat' dir='ltr'><strong>ab</strong></span> <span class='ocrx_word' id='word_1_88' title='bbox 670 1462 964 1520; x_wconf 82' lang='lat' dir='ltr'><strong>Occidente</strong></span> <span class='ocrx_word' id='word_1_89' title='bbox 992 1464 1260 1529; x_wconf 78' lang='lat' dir='ltr'><strong>favonius,</strong></span> <span class='ocrx_word' id='word_1_90' title='bbox 1279 1479 1307 1516; x_wconf 91' lang='lat' dir='ltr'><strong>a</strong></span> <span class='ocrx_word' id='word_1_91' title='bbox 1322 1465 1692 1534; x_wconf 81' lang='lat' dir='ltr'><strong>septentrione</strong></span> <span class='ocrx_word' id='word_1_92' title='bbox 1707 1463 1947 1532; x_wconf 89' lang='lat' dir='ltr'><strong>ejusdem</strong></span> 
     </span>
    </p>
   </div>
   <div class='ocr_carea' id='block_1_16' title="bbox 350 1555 1949 1626">
    <p class='ocr_par' dir='ltr' id='par_1_16' title="bbox 350 1555 1949 1626">
     <span class='ocr_line' id='line_1_16' title="bbox 350 1555 1949 1626; baseline 0.001 -14"><span class='ocrx_word' id='word_1_93' title='bbox 350 1555 592 1612; x_wconf 86' lang='lat' dir='ltr'><strong>nominis</strong></span> <span class='ocrx_word' id='word_1_94' title='bbox 618 1564 813 1610; x_wconf 79' lang='lat' dir='ltr'><strong>ventus</strong></span> <span class='ocrx_word' id='word_1_95' title='bbox 836 1556 1042 1625; x_wconf 83' lang='lat' dir='ltr'><strong>aspirat</strong></span> <span class='ocrx_word' id='word_1_96' title='bbox 1071 1575 1083 1609; x_wconf 89' lang='lat'><strong>:</strong></span> <span class='ocrx_word' id='word_1_97' title='bbox 1108 1556 1373 1610; x_wconf 76' lang='lat' dir='ltr'><strong>habentes</strong></span> <span class='ocrx_word' id='word_1_98' title='bbox 1400 1556 1645 1626; x_wconf 86' lang='lat' dir='ltr'><strong>geminos</strong></span> <span class='ocrx_word' id='word_1_99' title='bbox 1677 1557 1803 1612; x_wconf 88' lang='lat' dir='ltr'><strong>hinc</strong></span> <span class='ocrx_word' id='word_1_100' title='bbox 1824 1557 1949 1613; x_wconf 85' lang='lat' dir='ltr'><strong>inde</strong></span> 
     </span>
    </p>
   </div>
   <div class='ocr_carea' id='block_1_17' title="bbox 348 1643 1948 1715">
    <p class='ocr_par' dir='ltr' id='par_1_17' title="bbox 348 1643 1948 1715">
     <span class='ocr_line' id='line_1_17' title="bbox 348 1643 1948 1715; baseline 0.001 -18"><span class='ocrx_word' id='word_1_101' title='bbox 348 1655 644 1699; x_wconf 74' lang='lat' dir='ltr'><strong>ventorum</strong></span> <span class='ocrx_word' id='word_1_102' title='bbox 675 1644 921 1715; x_wconf 86' lang='lat' dir='ltr'><strong>spiritus.</strong></span> <span class='ocrx_word' id='word_1_103' title='bbox 964 1643 1299 1701; x_wconf 81' lang='lat' dir='ltr'><strong>Subsolanus</strong></span> <span class='ocrx_word' id='word_1_104' title='bbox 1325 1660 1355 1699; x_wconf 92' lang='lat' dir='ltr'><strong>a</strong></span> <span class='ocrx_word' id='word_1_105' title='bbox 1384 1646 1554 1702; x_wconf 88' lang='lat' dir='ltr'><strong>latere</strong></span> <span class='ocrx_word' id='word_1_106' title='bbox 1598 1646 1948 1702; x_wconf 76' lang='lat' dir='ltr'><strong>dextroVul-</strong></span> 
     </span>
    </p>
   </div>
   <div class='ocr_carea' id='block_1_18' title="bbox 348 1734 1947 1800">
    <p class='ocr_par' dir='ltr' id='par_1_18' title="bbox 348 1734 1947 1800">
     <span class='ocr_line' id='line_1_18' title="bbox 348 1734 1947 1800; baseline 0.001 -11"><span class='ocrx_word' id='word_1_107' title='bbox 348 1745 572 1789; x_wconf 91' lang='lat' dir='ltr'><strong>turnum</strong></span> <span class='ocrx_word' id='word_1_108' title='bbox 598 1735 783 1800; x_wconf 91' lang='lat' dir='ltr'><strong>habet,</strong></span> <span class='ocrx_word' id='word_1_109' title='bbox 817 1734 951 1791; x_wconf 77' lang='lat' dir='ltr'><strong>laevo</strong></span> <span class='ocrx_word' id='word_1_110' title='bbox 985 1734 1186 1791; x_wconf 87' lang='lat' dir='ltr'><strong>Eurum</strong></span> <span class='ocrx_word' id='word_1_111' title='bbox 1220 1754 1233 1789; x_wconf 89' lang='lat'>:</span> <span class='ocrx_word' id='word_1_112' title='bbox 1266 1736 1465 1792; x_wconf 84' lang='lat' dir='ltr'><strong>Auster</strong></span> <span class='ocrx_word' id='word_1_113' title='bbox 1487 1752 1518 1792; x_wconf 89' lang='lat' dir='ltr'><strong>a</strong></span> <span class='ocrx_word' id='word_1_114' title='bbox 1549 1737 1754 1793; x_wconf 75' lang='lat' dir='ltr'><strong>dextris</strong></span> <span class='ocrx_word' id='word_1_115' title='bbox 1774 1737 1947 1792; x_wconf 85' lang='lat' dir='ltr'><strong>Euro-</strong></span> 
     </span>
    </p>
   </div>
   <div class='ocr_carea' id='block_1_19' title="bbox 2053 547 3642 621">
    <p class='ocr_par' dir='ltr' id='par_1_19' title="bbox 2053 547 3642 621">
     <span class='ocr_line' id='line_1_19' title="bbox 2053 547 3642 621; baseline 0.008 -21"><span class='ocrx_word' id='word_1_116' title='bbox 2053 563 2172 601; x_wconf 88' lang='lat' dir='ltr'><strong>eum</strong></span> <span class='ocrx_word' id='word_1_117' title='bbox 2199 549 2416 618; x_wconf 75' lang='lat' dir='ltr'><strong>spiritus</strong></span> <span class='ocrx_word' id='word_1_118' title='bbox 2463 549 2517 602; x_wconf 91' lang='lat' dir='ltr'><strong>in</strong></span> <span class='ocrx_word' id='word_1_119' title='bbox 2548 548 2648 603; x_wconf 91' lang='lat' dir='ltr'><strong>alis</strong></span> <span class='ocrx_word' id='word_1_120' title='bbox 2674 550 2784 603; x_wconf 87' lang='lat' dir='ltr'><strong>suis</strong></span> <span class='ocrx_word' id='word_1_121' title='bbox 2812 547 2964 620; x_wconf 84' lang='lat' dir='ltr'><strong>(Ose.</strong></span> <span class='ocrx_word' id='word_1_122' title='bbox 2996 548 3091 621; x_wconf 80' lang='grc' dir='ltr'><strong>ιγ).</strong></span> <span class='ocrx_word' id='word_1_123' title='bbox 3129 550 3259 605; x_wconf 88' lang='lat' dir='ltr'><strong>Item</strong></span> <span class='ocrx_word' id='word_1_124' title='bbox 3287 551 3359 605; x_wconf 85' lang='lat' dir='ltr'><strong>ibi</strong></span> <span class='ocrx_word' id='word_1_125' title='bbox 3405 571 3416 607; x_wconf 94' lang='lat'>:</span> <span class='ocrx_word' id='word_1_126' title='bbox 3449 552 3642 613; x_wconf 83' lang='lat' dir='ltr'><strong>Omnes</strong></span> 
     </span>
    </p>
   </div>
   <div class='ocr_carea' id='block_1_20' title="bbox 2051 638 3643 713">
    <p class='ocr_par' dir='ltr' id='par_1_20' title="bbox 2051 638 3643 713">
     <span class='ocr_line' id='line_1_20' title="bbox 2051 638 3643 713; baseline 0.008 -21"><span class='ocrx_word' id='word_1_127' title='bbox 2051 649 2286 709; x_wconf 82' lang='lat' dir='ltr'><strong>pastores</strong></span> <span class='ocrx_word' id='word_1_128' title='bbox 2306 648 2423 694; x_wconf 84' lang='lat' dir='ltr'><strong>tuos</strong></span> <span class='ocrx_word' id='word_1_129' title='bbox 2448 649 2624 707; x_wconf 86' lang='lat' dir='ltr'><strong>pascet</strong></span> <span class='ocrx_word' id='word_1_130' title='bbox 2649 649 2827 695; x_wconf 83' lang='lat' dir='ltr'><strong>ventus</strong></span> <span class='ocrx_word' id='word_1_131' title='bbox 2853 638 2988 709; x_wconf 81' lang='lat' dir='ltr'><strong>(Jer.</strong></span> <span class='ocrx_word' id='word_1_132' title='bbox 3033 640 3203 712; x_wconf 81' lang='lat' dir='ltr'><strong>xxn);</strong></span> <span class='ocrx_word' id='word_1_133' title='bbox 3248 651 3306 699; x_wconf 90' lang='lat' dir='ltr'><strong>et</strong></span> <span class='ocrx_word' id='word_1_134' title='bbox 3345 643 3471 699; x_wconf 78' lang='lat' dir='ltr'><strong>alibi</strong></span> <span class='ocrx_word' id='word_1_135' title='bbox 3495 660 3510 700; x_wconf 89' lang='lat'><strong>:</strong></span> <span class='ocrx_word' id='word_1_136' title='bbox 3537 647 3643 713; x_wconf 85' lang='lat' dir='ltr'><strong>Qui</strong></span> 
     </span>
    </p>
   </div>
   <div class='ocr_carea' id='block_1_21' title="bbox 2054 731 3642 807">
    <p class='ocr_par' dir='ltr' id='par_1_21' title="bbox 2054 731 3642 807">
     <span class='ocr_line' id='line_1_21' title="bbox 2054 731 3642 807; baseline 0.006 -23"><span class='ocrx_word' id='word_1_137' title='bbox 2054 732 2237 785; x_wconf 78' lang='lat' dir='ltr'><strong>nititur</strong></span> <span class='ocrx_word' id='word_1_138' title='bbox 2255 732 2561 797; x_wconf 84' lang='lat' dir='ltr'><strong>mendaciis,</strong></span> <span class='ocrx_word' id='word_1_139' title='bbox 2593 733 2677 785; x_wconf 89' lang='lat' dir='ltr'><strong>hic</strong></span> <span class='ocrx_word' id='word_1_140' title='bbox 2695 732 2931 803; x_wconf 86' lang='lat' dir='ltr'><strong>pascitur</strong></span> <span class='ocrx_word' id='word_1_141' title='bbox 2948 733 3108 787; x_wconf 84' lang='lat' dir='ltr'><strong>ventis</strong></span> <span class='ocrx_word' id='word_1_142' title='bbox 3132 731 3313 804; x_wconf 82' lang='lat' dir='ltr'><strong>(Prov.</strong></span> <span class='ocrx_word' id='word_1_143' title='bbox 3346 734 3425 807; x_wconf 73' lang='grc' dir='ltr'><strong>χ).</strong></span> <span class='ocrx_word' id='word_1_144' title='bbox 3449 735 3642 793; x_wconf 83' lang='lat' dir='ltr'><strong>Orien-</strong></span> 
     </span>
    </p>
   </div>
   <div class='ocr_carea' id='block_1_22' title="bbox 2054 822 3636 896">
    <p class='ocr_par' dir='ltr' id='par_1_22' title="bbox 2054 822 3636 896">
     <span class='ocr_line' id='line_1_22' title="bbox 2054 822 3636 896; baseline 0.006 -21"><span class='ocrx_word' id='word_1_145' title='bbox 2054 822 2178 877; x_wconf 82' lang='lat' dir='ltr'><strong>talis</strong></span> <span class='ocrx_word' id='word_1_146' title='bbox 2220 833 2401 877; x_wconf 87' lang='lat' dir='ltr'><strong>autem</strong></span> <span class='ocrx_word' id='word_1_147' title='bbox 2452 830 2646 878; x_wconf 89' lang='lat' dir='ltr'><strong>ventus</strong></span> <span class='ocrx_word' id='word_1_148' title='bbox 2694 824 3017 879; x_wconf 69' lang='lat' dir='ltr'><strong>subsolanus</strong></span> <span class='ocrx_word' id='word_1_149' title='bbox 3061 833 3307 890; x_wconf 91' lang='lat' dir='ltr'><strong>vocatur,</strong></span> <span class='ocrx_word' id='word_1_150' title='bbox 3353 826 3477 896; x_wconf 88' lang='lat' dir='ltr'><strong>quia</strong></span> <span class='ocrx_word' id='word_1_151' title='bbox 3533 829 3636 884; x_wconf 90' lang='lat' dir='ltr'><strong>sub</strong></span> 
     </span>
    </p>
   </div>
   <div class='ocr_carea' id='block_1_23' title="bbox 2052 910 3640 983">
    <p class='ocr_par' dir='ltr' id='par_1_23' title="bbox 2052 910 3640 983">
     <span class='ocr_line' id='line_1_23' title="bbox 2052 910 3640 983; baseline 0.003 -17"><span class='ocrx_word' id='word_1_152' title='bbox 2052 911 2183 966; x_wconf 89' lang='lat' dir='ltr'><strong>solis</strong></span> <span class='ocrx_word' id='word_1_153' title='bbox 2238 920 2358 966; x_wconf 89' lang='lat' dir='ltr'><strong>ortu</strong></span> <span class='ocrx_word' id='word_1_154' title='bbox 2388 912 2611 966; x_wconf 80' lang='lat' dir='ltr'><strong>oritur;</strong></span> <span class='ocrx_word' id='word_1_155' title='bbox 2651 910 2920 982; x_wconf 70' lang='lat' dir='ltr'><strong>significat</strong></span> <span class='ocrx_word' id='word_1_156' title='bbox 2970 912 3406 983; x_wconf 84' lang='lat' dir='ltr'><strong>praedicationem</strong></span> <span class='ocrx_word' id='word_1_157' title='bbox 3459 915 3640 971; x_wconf 82' lang='lat' dir='ltr'><strong>Evan-</strong></span> 
     </span>
    </p>
   </div>
   <div class='ocr_carea' id='block_1_24' title="bbox 2051 1002 3641 1073">
    <p class='ocr_par' dir='ltr' id='par_1_24' title="bbox 2051 1002 3641 1073">
     <span class='ocr_line' id='line_1_24' title="bbox 2051 1002 3641 1073; baseline 0.004 -19"><span class='ocrx_word' id='word_1_158' title='bbox 2051 1002 2196 1073; x_wconf 90' lang='lat' dir='ltr'><strong>gelii,</strong></span> <span class='ocrx_word' id='word_1_159' title='bbox 2224 1018 2344 1071; x_wconf 68' lang='lat' dir='ltr'><strong>quae</strong></span> <span class='ocrx_word' id='word_1_160' title='bbox 2369 1018 2397 1056; x_wconf 90' lang='lat' dir='ltr'><strong>a</strong></span> <span class='ocrx_word' id='word_1_161' title='bbox 2430 1002 2544 1057; x_wconf 89' lang='lat' dir='ltr'><strong>sole</strong></span> <span class='ocrx_word' id='word_1_162' title='bbox 2570 1017 2701 1057; x_wconf 89' lang='lat' dir='ltr'><strong>vero</strong></span> <span class='ocrx_word' id='word_1_163' title='bbox 2725 1003 3010 1073; x_wconf 81' lang='lat' dir='ltr'><strong>processit,</strong></span> <span class='ocrx_word' id='word_1_164' title='bbox 3051 1011 3109 1059; x_wconf 90' lang='lat' dir='ltr'><strong>et</strong></span> <span class='ocrx_word' id='word_1_165' title='bbox 3160 1012 3329 1059; x_wconf 93' lang='lat' dir='ltr'><strong>totum</strong></span> <span class='ocrx_word' id='word_1_166' title='bbox 3380 1007 3641 1061; x_wconf 89' lang='lat' dir='ltr'><strong>mundum</strong></span> 
     </span>
    </p>
   </div>
   <div class='ocr_carea' id='block_1_25' title="bbox 2050 1093 3642 1166">
    <p class='ocr_par' dir='ltr' id='par_1_25' title="bbox 2050 1093 3642 1166">
     <span class='ocr_line' id='line_1_25' title="bbox 2050 1093 3642 1166; baseline 0.002 -19"><span class='ocrx_word' id='word_1_167' title='bbox 2050 1093 2170 1148; x_wconf 89' lang='lat' dir='ltr'><strong>luce</strong></span> <span class='ocrx_word' id='word_1_168' title='bbox 2199 1094 2321 1148; x_wconf 87' lang='lat' dir='ltr'><strong>fidei</strong></span> <span class='ocrx_word' id='word_1_169' title='bbox 2346 1101 2507 1164; x_wconf 89' lang='lat' dir='ltr'><strong>atque</strong></span> <span class='ocrx_word' id='word_1_170' title='bbox 2526 1093 2803 1164; x_wconf 70' lang='lat' dir='ltr'><strong>sapientiae</strong></span> <span class='ocrx_word' id='word_1_171' title='bbox 2827 1094 3172 1148; x_wconf 81' lang='lat' dir='ltr'><strong>illuminavit.</strong></span> <span class='ocrx_word' id='word_1_172' title='bbox 3198 1095 3351 1150; x_wconf 88' lang='lat' dir='ltr'><strong>Unde</strong></span> <span class='ocrx_word' id='word_1_173' title='bbox 3377 1097 3642 1166; x_wconf 89' lang='lat' dir='ltr'><strong>scriptum</strong></span> 
     </span>
    </p>
   </div>
   <div class='ocr_carea' id='block_1_26' title="bbox 2050 1185 3643 1257">
    <p class='ocr_par' dir='ltr' id='par_1_26' title="bbox 2050 1185 3643 1257">
     <span class='ocr_line' id='line_1_26' title="bbox 2050 1185 3643 1257; baseline 0 -16"><span class='ocrx_word' id='word_1_174' title='bbox 2050 1195 2135 1241; x_wconf 90' lang='lat' dir='ltr'><strong>est</strong></span> <span class='ocrx_word' id='word_1_175' title='bbox 2167 1205 2179 1240; x_wconf 94' lang='lat'>:</span> <span class='ocrx_word' id='word_1_176' title='bbox 2208 1185 2421 1240; x_wconf 87' lang='lat' dir='ltr'><strong>Orietur</strong></span> <span class='ocrx_word' id='word_1_177' title='bbox 2451 1186 2590 1241; x_wconf 77' lang='lat' dir='ltr'><strong>vobis</strong></span> <span class='ocrx_word' id='word_1_178' title='bbox 2635 1186 2935 1240; x_wconf 77' lang='lat' dir='ltr'><strong>timentibus</strong></span> <span class='ocrx_word' id='word_1_179' title='bbox 2962 1202 3148 1240; x_wconf 84' lang='lat' dir='ltr'><strong>nomen</strong></span> <span class='ocrx_word' id='word_1_180' title='bbox 3178 1202 3349 1239; x_wconf 88' lang='lat' dir='ltr'><strong>meum</strong></span> <span class='ocrx_word' id='word_1_181' title='bbox 3377 1186 3456 1239; x_wconf 84' lang='lat' dir='ltr'><strong>sol</strong></span> <span class='ocrx_word' id='word_1_182' title='bbox 3475 1188 3643 1257; x_wconf 86' lang='lat' dir='ltr'><strong>justi-</strong></span> 
     </span>
    </p>
   </div>
   <div class='ocr_carea' id='block_1_27' title="bbox 2049 1276 3640 1348">
    <p class='ocr_par' dir='ltr' id='par_1_27' title="bbox 2049 1276 3640 1348">
     <span class='ocr_line' id='line_1_27' title="bbox 2049 1276 3640 1348; baseline 0.003 -18"><span class='ocrx_word' id='word_1_183' title='bbox 2049 1277 2156 1342; x_wconf 58' lang='lat' dir='ltr'><strong>tia’,</strong></span> <span class='ocrx_word' id='word_1_184' title='bbox 2182 1287 2228 1330; x_wconf 81' lang='lat' dir='ltr'><strong>et</strong></span> <span class='ocrx_word' id='word_1_185' title='bbox 2257 1277 2456 1331; x_wconf 86' lang='lat' dir='ltr'><strong>sanitas</strong></span> <span class='ocrx_word' id='word_1_186' title='bbox 2485 1278 2539 1331; x_wconf 89' lang='lat' dir='ltr'><strong>in</strong></span> <span class='ocrx_word' id='word_1_187' title='bbox 2563 1276 2745 1346; x_wconf 84' lang='lat' dir='ltr'><strong>pennis</strong></span> <span class='ocrx_word' id='word_1_188' title='bbox 2776 1277 2890 1347; x_wconf 85' lang='lat' dir='ltr'><strong>ejus</strong></span> <span class='ocrx_word' id='word_1_189' title='bbox 2922 1276 3179 1348; x_wconf 78' lang='lat' dir='ltr'><strong>(Malach.</strong></span> <span class='ocrx_word' id='word_1_190' title='bbox 3211 1278 3305 1348; x_wconf 88' lang='lat' dir='ltr'><strong>tv).</strong></span> <span class='ocrx_word' id='word_1_191' title='bbox 3342 1278 3540 1333; x_wconf 85' lang='lat' dir='ltr'><strong>Auster</strong></span> <span class='ocrx_word' id='word_1_192' title='bbox 3570 1280 3640 1335; x_wconf 87' lang='lat' dir='ltr'><strong>ab</strong></span> 
     </span>
    </p>
   </div>
   <div class='ocr_carea' id='block_1_28' title="bbox 2049 1366 3639 1438">
    <p class='ocr_par' dir='ltr' id='par_1_28' title="bbox 2049 1366 3639 1438">
     <span class='ocr_line' id='line_1_28' title="bbox 2049 1366 3639 1438; baseline 0.003 -16"><span class='ocrx_word' id='word_1_193' title='bbox 2049 1368 2349 1423; x_wconf 88' lang='lat' dir='ltr'><strong>hauriendo</strong></span> <span class='ocrx_word' id='word_1_194' title='bbox 2377 1383 2548 1438; x_wconf 89' lang='lat' dir='ltr'><strong>aquas</strong></span> <span class='ocrx_word' id='word_1_195' title='bbox 2573 1376 2815 1423; x_wconf 81' lang='lat' dir='ltr'><strong>vocatus.</strong></span> <span class='ocrx_word' id='word_1_196' title='bbox 2870 1366 3025 1423; x_wconf 89' lang='lat' dir='ltr'><strong>Unde</strong></span> <span class='ocrx_word' id='word_1_197' title='bbox 3069 1375 3126 1422; x_wconf 90' lang='lat' dir='ltr'><strong>et</strong></span> <span class='ocrx_word' id='word_1_198' title='bbox 3164 1383 3410 1423; x_wconf 86' lang='lat' dir='ltr'><strong>crassum</strong></span> <span class='ocrx_word' id='word_1_199' title='bbox 3456 1384 3639 1426; x_wconf 89' lang='lat' dir='ltr'><strong>aerem</strong></span> 
     </span>
    </p>
   </div>
   <div class='ocr_carea' id='block_1_29' title="bbox 2049 1448 3636 1532">
    <p class='ocr_par' dir='ltr' id='par_1_29' title="bbox 2049 1448 3636 1532">
     <span class='ocr_line' id='line_1_29' title="bbox 2049 1448 3636 1532; baseline 0.001 -18"><span class='ocrx_word' id='word_1_200' title='bbox 2049 1458 2200 1525; x_wconf 82' lang='lat' dir='ltr'><strong>facit,</strong></span> <span class='ocrx_word' id='word_1_201' title='bbox 2225 1470 2278 1514; x_wconf 89' lang='lat' dir='ltr'><strong>et</strong></span> <span class='ocrx_word' id='word_1_202' title='bbox 2310 1460 2489 1514; x_wconf 87' lang='lat' dir='ltr'><strong>nubila</strong></span> <span class='ocrx_word' id='word_1_203' title='bbox 2519 1460 2725 1514; x_wconf 88' lang='lat' dir='ltr'><strong>nutrit:</strong></span> <span class='ocrx_word' id='word_1_204' title='bbox 2756 1459 2843 1515; x_wconf 88' lang='lat' dir='ltr'><strong>hic</strong></span> <span class='ocrx_word' id='word_1_205' title='bbox 2859 1458 3046 1515; x_wconf 84' lang='lat' dir='ltr'><strong>Graece</strong></span> <span class='ocrx_word' id='word_1_206' title='bbox 3074 1459 3283 1515; x_wconf 88' lang='lat' dir='ltr'><strong>Nothus</strong></span> <span class='ocrx_word' id='word_1_207' title='bbox 3314 1448 3636 1532; x_wconf 81' lang='lat' dir='ltr'><strong>appellatur,</strong></span> 
     </span>
    </p>
   </div>
   <div class='ocr_carea' id='block_1_30' title="bbox 2048 1551 3641 1625">
    <p class='ocr_par' dir='ltr' id='par_1_30' title="bbox 2048 1551 3641 1625">
     <span class='ocr_line' id='line_1_30' title="bbox 2048 1551 3641 1625; baseline 0.003 -20"><span class='ocrx_word' id='word_1_208' title='bbox 2048 1562 2271 1622; x_wconf 85' lang='lat' dir='ltr'><strong>propter</strong></span> <span class='ocrx_word' id='word_1_209' title='bbox 2292 1551 2437 1621; x_wconf 90' lang='lat' dir='ltr'><strong>quod</strong></span> <span class='ocrx_word' id='word_1_210' title='bbox 2461 1551 2730 1606; x_wconf 86' lang='lat' dir='ltr'><strong>interdum</strong></span> <span class='ocrx_word' id='word_1_211' title='bbox 2756 1560 3071 1622; x_wconf 87' lang='lat' dir='ltr'><strong>corrumpat</strong></span> <span class='ocrx_word' id='word_1_212' title='bbox 3095 1567 3301 1608; x_wconf 89' lang='lat' dir='ltr'><strong>aerem.</strong></span> <span class='ocrx_word' id='word_1_213' title='bbox 3318 1551 3450 1608; x_wconf 83' lang='lat' dir='ltr'><strong>Nam</strong></span> <span class='ocrx_word' id='word_1_214' title='bbox 3476 1555 3641 1625; x_wconf 87' lang='lat' dir='ltr'><strong>pesti-</strong></span> 
     </span>
    </p>
   </div>
   <div class='ocr_carea' id='block_1_31' title="bbox 2049 1643 3639 1713">
    <p class='ocr_par' dir='ltr' id='par_1_31' title="bbox 2049 1643 3639 1713">
     <span class='ocr_line' id='line_1_31' title="bbox 2049 1643 3639 1713; baseline 0.004 -17"><span class='ocrx_word' id='word_1_215' title='bbox 2049 1643 2293 1707; x_wconf 90' lang='lat' dir='ltr'><strong>lentiam,</strong></span> <span class='ocrx_word' id='word_1_216' title='bbox 2324 1657 2446 1712; x_wconf 66' lang='lat' dir='ltr'><strong>qua:</strong></span> <span class='ocrx_word' id='word_1_217' title='bbox 2470 1656 2536 1696; x_wconf 84' lang='lat' dir='ltr'><strong>ex</strong></span> <span class='ocrx_word' id='word_1_218' title='bbox 2563 1653 2817 1713; x_wconf 88' lang='lat' dir='ltr'><strong>corrupto</strong></span> <span class='ocrx_word' id='word_1_219' title='bbox 2839 1659 2967 1698; x_wconf 90' lang='lat' dir='ltr'><strong>aere</strong></span> <span class='ocrx_word' id='word_1_220' title='bbox 2995 1644 3258 1711; x_wconf 87' lang='lat' dir='ltr'><strong>nascitur,</strong></span> <span class='ocrx_word' id='word_1_221' title='bbox 3279 1644 3479 1701; x_wconf 61' lang='lat' dir='ltr'><strong>Auster</strong></span> <span class='ocrx_word' id='word_1_222' title='bbox 3502 1645 3639 1703; x_wconf 82' lang='lat' dir='ltr'><strong>ﬂans</strong></span> 
     </span>
    </p>
   </div>
   <div class='ocr_carea' id='block_1_32' title="bbox 2048 1736 3643 1807">
    <p class='ocr_par' dir='ltr' id='par_1_32' title="bbox 2048 1736 3643 1807">
     <span class='ocr_line' id='line_1_32' title="bbox 2048 1736 3643 1807; baseline 0.001 -15"><span class='ocrx_word' id='word_1_223' title='bbox 2048 1738 2105 1793; x_wconf 90' lang='lat' dir='ltr'><strong>in</strong></span> <span class='ocrx_word' id='word_1_224' title='bbox 2136 1738 2376 1807; x_wconf 87' lang='lat' dir='ltr'><strong>reliquas</strong></span> <span class='ocrx_word' id='word_1_225' title='bbox 2422 1737 2673 1807; x_wconf 77' lang='lat' dir='ltr'><strong>regiones</strong></span> <span class='ocrx_word' id='word_1_226' title='bbox 2717 1736 3058 1793; x_wconf 86' lang='lat' dir='ltr'><strong>transmittit.</strong></span> <span class='ocrx_word' id='word_1_227' title='bbox 3110 1736 3216 1793; x_wconf 87' lang='lat' dir='ltr'><strong>Sed</strong></span> <span class='ocrx_word' id='word_1_228' title='bbox 3262 1738 3408 1794; x_wconf 86' lang='lat' dir='ltr'><strong>sicut</strong></span> <span class='ocrx_word' id='word_1_229' title='bbox 3440 1739 3643 1795; x_wconf 86' lang='lat' dir='ltr'><strong>Auster</strong></span> 
     </span>
    </p>
   </div>
   <div class='ocr_carea' id='block_1_33' title="bbox 348 1825 3640 1903">
    <p class='ocr_par' dir='ltr' id='par_1_33' title="bbox 348 1825 3640 1903">
     <span class='ocr_line' id='line_1_33' title="bbox 348 1825 3640 1903; baseline 0.002 -22"><span class='ocrx_word' id='word_1_230' title='bbox 348 1834 620 1891; x_wconf 85' lang='lat' dir='ltr'><strong>austrum,</strong></span> <span class='ocrx_word' id='word_1_231' title='bbox 645 1842 674 1880; x_wconf 91' lang='lat' dir='ltr'><strong>a</strong></span> <span class='ocrx_word' id='word_1_232' title='bbox 699 1825 937 1882; x_wconf 85' lang='lat' dir='ltr'><strong>sinistris</strong></span> <span class='ocrx_word' id='word_1_233' title='bbox 955 1825 1388 1883; x_wconf 83' lang='lat' dir='ltr'><strong>Austroafricum</strong></span> <span class='ocrx_word' id='word_1_234' title='bbox 1419 1847 1431 1882; x_wconf 90' lang='lat'><strong>:</strong></span> <span class='ocrx_word' id='word_1_235' title='bbox 1455 1828 1729 1885; x_wconf 85' lang='lat' dir='ltr'><strong>Favonius</strong></span> <span class='ocrx_word' id='word_1_236' title='bbox 1747 1840 1942 1901; x_wconf 83' lang='lat' dir='ltr'><strong>aparte</strong></span> <span class='ocrx_word' id='word_1_237' title='bbox 1969 1826 2016 1886; x_wconf 86' lang='lat' dir='ltr'><strong>B</strong></span> <span class='ocrx_word' id='word_1_238' title='bbox 2044 1828 2411 1898; x_wconf 87' lang='lat' dir='ltr'><strong>pestilentiam</strong></span> <span class='ocrx_word' id='word_1_239' title='bbox 2464 1828 2655 1900; x_wconf 82' lang='lat' dir='ltr'><strong>gignit,</strong></span> <span class='ocrx_word' id='word_1_240' title='bbox 2705 1828 2785 1884; x_wconf 87' lang='lat' dir='ltr'><strong>sic</strong></span> <span class='ocrx_word' id='word_1_241' title='bbox 2824 1828 3022 1899; x_wconf 84' lang='lat' dir='ltr'><strong>Aquilo</strong></span> <span class='ocrx_word' id='word_1_242' title='bbox 3070 1829 3300 1900; x_wconf 88' lang='lat' dir='ltr'><strong>repellit.</strong></span> <span class='ocrx_word' id='word_1_243' title='bbox 3360 1829 3640 1903; x_wconf 80' lang='lat' dir='ltr'><strong>Signiﬁcat</strong></span> 
     </span>
    </p>
   </div>
   <div class='ocr_carea' id='block_1_34' title="bbox 346 1916 1943 1992">
    <p class='ocr_par' dir='ltr' id='par_1_34' title="bbox 346 1916 1943 1992">
     <span class='ocr_line' id='line_1_34' title="bbox 346 1916 1943 1992; baseline 0.001 -18"><span class='ocrx_word' id='word_1_244' title='bbox 346 1918 576 1974; x_wconf 72' lang='lat' dir='ltr'><strong>dextera</strong></span> <span class='ocrx_word' id='word_1_245' title='bbox 607 1916 880 1983; x_wconf 83' lang='lat' dir='ltr'><strong>Africum,</strong></span> <span class='ocrx_word' id='word_1_246' title='bbox 911 1934 942 1973; x_wconf 91' lang='lat' dir='ltr'><strong>a</strong></span> <span class='ocrx_word' id='word_1_247' title='bbox 981 1918 1113 1973; x_wconf 75' lang='lat' dir='ltr'><strong>lmva</strong></span> <span class='ocrx_word' id='word_1_248' title='bbox 1159 1918 1357 1974; x_wconf 90' lang='lat' dir='ltr'><strong>Corum</strong></span> <span class='ocrx_word' id='word_1_249' title='bbox 1392 1938 1405 1973; x_wconf 92' lang='lat'><strong>:</strong></span> <span class='ocrx_word' id='word_1_250' title='bbox 1436 1935 1603 1991; x_wconf 91' lang='lat' dir='ltr'><strong>porro</strong></span> <span class='ocrx_word' id='word_1_251' title='bbox 1645 1916 1943 1992; x_wconf 84' lang='lat' dir='ltr'><strong>septentrio</strong></span> 
     </span>
    </p>
   </div>
   <div class='ocr_carea' id='block_1_35' title="bbox 346 2010 1941 2082">
    <p class='ocr_par' dir='ltr' id='par_1_35' title="bbox 346 2010 1941 2082">
     <span class='ocr_line' id='line_1_35' title="bbox 346 2010 1941 2082; baseline 0.001 -16"><span class='ocrx_word' id='word_1_252' title='bbox 346 2026 377 2065; x_wconf 85' lang='lat' dir='ltr'><strong>a</strong></span> <span class='ocrx_word' id='word_1_253' title='bbox 402 2011 612 2070; x_wconf 80' lang='lat' dir='ltr'><strong>dextris</strong></span> <span class='ocrx_word' id='word_1_254' title='bbox 633 2010 894 2077; x_wconf 87' lang='lat' dir='ltr'><strong>Circium,</strong></span> <span class='ocrx_word' id='word_1_255' title='bbox 924 2025 955 2065; x_wconf 88' lang='lat' dir='ltr'><strong>a</strong></span> <span class='ocrx_word' id='word_1_256' title='bbox 985 2010 1222 2067; x_wconf 89' lang='lat' dir='ltr'><strong>sinistris</strong></span> <span class='ocrx_word' id='word_1_257' title='bbox 1244 2010 1586 2082; x_wconf 84' lang='lat' dir='ltr'><strong>Aquilonem.</strong></span> <span class='ocrx_word' id='word_1_258' title='bbox 1606 2011 1670 2066; x_wconf 86' lang='lat' dir='ltr'><strong>Hi</strong></span> <span class='ocrx_word' id='word_1_259' title='bbox 1700 2013 1768 2067; x_wconf 77' lang='lat' dir='ltr'><strong>i2</strong></span> <span class='ocrx_word' id='word_1_260' title='bbox 1797 2012 1941 2067; x_wconf 89' lang='lat' dir='ltr'><strong>venti</strong></span> 
     </span>
    </p>
   </div>
   <div class='ocr_carea' id='block_1_36' title="bbox 346 2086 1943 2175">
    <p class='ocr_par' dir='ltr' id='par_1_36' title="bbox 346 2086 1943 2175">
     <span class='ocr_line' id='line_1_36' title="bbox 346 2086 1943 2175; baseline 0.002 -16"><span class='ocrx_word' id='word_1_261' title='bbox 346 2104 533 2159; x_wconf 81' lang='lat' dir='ltr'><strong>nutndi</strong></span> <span class='ocrx_word' id='word_1_262' title='bbox 550 2102 767 2173; x_wconf 85' lang='lat' dir='ltr'><strong>globum</strong></span> <span class='ocrx_word' id='word_1_263' title='bbox 794 2086 1009 2157; x_wconf 78' lang='lat' dir='ltr'><strong>flatibus</strong></span> <span class='ocrx_word' id='word_1_264' title='bbox 1033 2103 1430 2173; x_wconf 84' lang='lat' dir='ltr'><strong>circumagunt,</strong></span> <span class='ocrx_word' id='word_1_265' title='bbox 1472 2120 1701 2175; x_wconf 83' lang='lat' dir='ltr'><strong>quorum</strong></span> <span class='ocrx_word' id='word_1_266' title='bbox 1725 2106 1943 2162; x_wconf 85' lang='lat' dir='ltr'><strong>nomina</strong></span> 
     </span>
    </p>
   </div>
   <div class='ocr_carea' id='block_1_37' title="bbox 344 2192 1941 2264">
    <p class='ocr_par' dir='ltr' id='par_1_37' title="bbox 344 2192 1941 2264">
     <span class='ocr_line' id='line_1_37' title="bbox 344 2192 1941 2264; baseline 0.003 -19"><span class='ocrx_word' id='word_1_267' title='bbox 344 2192 584 2262; x_wconf 83' lang='lat' dir='ltr'><strong>propriis</strong></span> <span class='ocrx_word' id='word_1_268' title='bbox 608 2208 675 2246; x_wconf 77' lang='lat' dir='ltr'><strong>ex</strong></span> <span class='ocrx_word' id='word_1_269' title='bbox 704 2192 885 2247; x_wconf 89' lang='lat' dir='ltr'><strong>causis</strong></span> <span class='ocrx_word' id='word_1_270' title='bbox 914 2192 1128 2264; x_wconf 89' lang='lat' dir='ltr'><strong>signata</strong></span> <span class='ocrx_word' id='word_1_271' title='bbox 1155 2202 1300 2258; x_wconf 88' lang='lat' dir='ltr'><strong>sunt,</strong></span> <span class='ocrx_word' id='word_1_272' title='bbox 1330 2195 1471 2249; x_wconf 87' lang='lat' dir='ltr'><strong>sicut</strong></span> <span class='ocrx_word' id='word_1_273' title='bbox 1506 2192 1586 2249; x_wconf 92' lang='lat' dir='ltr'><strong>illi</strong></span> <span class='ocrx_word' id='word_1_274' title='bbox 1631 2196 1941 2262; x_wconf 88' lang='lat' dir='ltr'><strong>ostendunt,</strong></span> 
     </span>
    </p>
   </div>
   <div class='ocr_carea' id='block_1_38' title="bbox 344 2281 1940 2355">
    <p class='ocr_par' dir='ltr' id='par_1_38' title="bbox 344 2281 1940 2355">
     <span class='ocr_line' id='line_1_38' title="bbox 344 2281 1940 2355; baseline 0.005 -22"><span class='ocrx_word' id='word_1_275' title='bbox 344 2281 439 2351; x_wconf 89' lang='lat' dir='ltr'><strong>qui</strong></span> <span class='ocrx_word' id='word_1_276' title='bbox 467 2282 537 2336; x_wconf 92' lang='lat' dir='ltr'><strong>de</strong></span> <span class='ocrx_word' id='word_1_277' title='bbox 577 2281 922 2353; x_wconf 79' lang='lat' dir='ltr'><strong>etymologiis</strong></span> <span class='ocrx_word' id='word_1_278' title='bbox 974 2282 1252 2337; x_wconf 87' lang='lat' dir='ltr'><strong>nominum</strong></span> <span class='ocrx_word' id='word_1_279' title='bbox 1296 2284 1537 2354; x_wconf 88' lang='lat' dir='ltr'><strong>ipsorum</strong></span> <span class='ocrx_word' id='word_1_280' title='bbox 1565 2286 1940 2355; x_wconf 89' lang='lat' dir='ltr'><strong>scripserunt:</strong></span> 
     </span>
    </p>
   </div>
   <div class='ocr_carea' id='block_1_39' title="bbox 345 2373 1944 2449">
    <p class='ocr_par' dir='ltr' id='par_1_39' title="bbox 345 2373 1944 2449">
     <span class='ocr_line' id='line_1_39' title="bbox 345 2373 1944 2449; baseline 0.003 -20"><span class='ocrx_word' id='word_1_281' title='bbox 345 2375 439 2429; x_wconf 84' lang='lat' dir='ltr'><strong>sed</strong></span> <span class='ocrx_word' id='word_1_282' title='bbox 475 2389 576 2429; x_wconf 92' lang='lat' dir='ltr'><strong>nos</strong></span> <span class='ocrx_word' id='word_1_283' title='bbox 607 2374 673 2428; x_wconf 90' lang='lat' dir='ltr'><strong>de</strong></span> <span class='ocrx_word' id='word_1_284' title='bbox 702 2374 788 2429; x_wconf 91' lang='lat' dir='ltr'><strong>bis</strong></span> <span class='ocrx_word' id='word_1_285' title='bbox 819 2373 1159 2431; x_wconf 89' lang='lat' dir='ltr'><strong>solummodo</strong></span> <span class='ocrx_word' id='word_1_286' title='bbox 1186 2390 1412 2431; x_wconf 90' lang='lat' dir='ltr'><strong>narrare</strong></span> <span class='ocrx_word' id='word_1_287' title='bbox 1432 2377 1784 2447; x_wconf 84' lang='lat' dir='ltr'><strong>disponimus,</strong></span> <span class='ocrx_word' id='word_1_288' title='bbox 1807 2394 1944 2449; x_wconf 89' lang='lat' dir='ltr'><strong>quos</strong></span> 
     </span>
    </p>
   </div>
   <div class='ocr_carea' id='block_1_40' title="bbox 347 2462 1940 2541">
    <p class='ocr_par' dir='ltr' id='par_1_40' title="bbox 347 2462 1940 2541">
     <span class='ocr_line' id='line_1_40' title="bbox 347 2462 1940 2541; baseline 0.003 -23"><span class='ocrx_word' id='word_1_289' title='bbox 347 2464 678 2520; x_wconf 85' lang='lat' dir='ltr'><strong>celebriores</strong></span> <span class='ocrx_word' id='word_1_290' title='bbox 733 2464 788 2541; x_wconf 86' lang='lat' dir='ltr'><strong>in</strong></span> <span class='ocrx_word' id='word_1_291' title='bbox 835 2462 1136 2534; x_wconf 88' lang='lat' dir='ltr'><strong>Scripturis</strong></span> <span class='ocrx_word' id='word_1_292' title='bbox 1170 2465 1496 2522; x_wconf 90' lang='lat' dir='ltr'><strong>invenimus.</strong></span> <span class='ocrx_word' id='word_1_293' title='bbox 1524 2467 1732 2523; x_wconf 81' lang='lat' dir='ltr'><strong>Ventus</strong></span> <span class='ocrx_word' id='word_1_294' title='bbox 1759 2477 1940 2524; x_wconf 90' lang='lat' dir='ltr'><strong>autem</strong></span> 
     </span>
    </p>
   </div>
   <div class='ocr_carea' id='block_1_41' title="bbox 345 2555 1942 2629">
    <p class='ocr_par' dir='ltr' id='par_1_41' title="bbox 345 2555 1942 2629">
     <span class='ocr_line' id='line_1_41' title="bbox 345 2555 1942 2629; baseline 0.001 -17"><span class='ocrx_word' id='word_1_295' title='bbox 345 2555 638 2627; x_wconf 88' lang='lat' dir='ltr'><strong>aliquando</strong></span> <span class='ocrx_word' id='word_1_296' title='bbox 685 2556 741 2611; x_wconf 91' lang='lat' dir='ltr'><strong>in</strong></span> <span class='ocrx_word' id='word_1_297' title='bbox 789 2557 985 2611; x_wconf 88' lang='lat' dir='ltr'><strong>bonam</strong></span> <span class='ocrx_word' id='word_1_298' title='bbox 1014 2566 1247 2627; x_wconf 88' lang='lat' dir='ltr'><strong>partem,</strong></span> <span class='ocrx_word' id='word_1_299' title='bbox 1296 2557 1588 2629; x_wconf 89' lang='lat' dir='ltr'><strong>aliquando</strong></span> <span class='ocrx_word' id='word_1_300' title='bbox 1631 2559 1685 2613; x_wconf 93' lang='lat' dir='ltr'><strong>in</strong></span> <span class='ocrx_word' id='word_1_301' title='bbox 1726 2568 1942 2614; x_wconf 86' lang='lat' dir='ltr'><strong>contra-</strong></span> 
     </span>
    </p>
   </div>
   <div class='ocr_carea' id='block_1_42' title="bbox 348 2646 1945 2720">
    <p class='ocr_par' dir='ltr' id='par_1_42' title="bbox 348 2646 1945 2720">
     <span class='ocr_line' id='line_1_42' title="bbox 348 2646 1945 2720; baseline 0.003 -18"><span class='ocrx_word' id='word_1_302' title='bbox 348 2649 484 2702; x_wconf 90' lang='lat' dir='ltr'><strong>riam</strong></span> <span class='ocrx_word' id='word_1_303' title='bbox 518 2648 761 2719; x_wconf 89' lang='lat' dir='ltr'><strong>ponitur.</strong></span> <span class='ocrx_word' id='word_1_304' title='bbox 820 2646 878 2701; x_wconf 87' lang='lat' dir='ltr'><strong>ln</strong></span> <span class='ocrx_word' id='word_1_305' title='bbox 928 2648 1126 2702; x_wconf 82' lang='lat' dir='ltr'><strong>bonam</strong></span> <span class='ocrx_word' id='word_1_306' title='bbox 1165 2664 1294 2718; x_wconf 85' lang='lat' dir='ltr'><strong>ergo</strong></span> <span class='ocrx_word' id='word_1_307' title='bbox 1329 2659 1538 2719; x_wconf 86' lang='lat' dir='ltr'><strong>partem</strong></span> <span class='ocrx_word' id='word_1_308' title='bbox 1575 2660 1769 2705; x_wconf 86' lang='lat' dir='ltr'><strong>vcntus</strong></span> <span class='ocrx_word' id='word_1_309' title='bbox 1792 2651 1945 2720; x_wconf 89' lang='lat' dir='ltr'><strong>poni-</strong></span> 
     </span>
    </p>
   </div>
   <div class='ocr_carea' id='block_1_43' title="bbox 348 2738 1943 2810">
    <p class='ocr_par' dir='ltr' id='par_1_43' title="bbox 348 2738 1943 2810">
     <span class='ocr_line' id='line_1_43' title="bbox 348 2738 1943 2810; baseline 0 -15"><span class='ocrx_word' id='word_1_310' title='bbox 348 2749 452 2807; x_wconf 86' lang='lat' dir='ltr'><strong>tur,</strong></span> <span class='ocrx_word' id='word_1_311' title='bbox 482 2748 543 2794; x_wconf 90' lang='lat' dir='ltr'><strong>ut</strong></span> <span class='ocrx_word' id='word_1_312' title='bbox 573 2750 659 2795; x_wconf 90' lang='lat' dir='ltr'><strong>est</strong></span> <span class='ocrx_word' id='word_1_313' title='bbox 704 2738 836 2793; x_wconf 89' lang='lat' dir='ltr'><strong>illud</strong></span> <span class='ocrx_word' id='word_1_314' title='bbox 883 2758 895 2793; x_wconf 94' lang='lat'><strong>:</strong></span> <span class='ocrx_word' id='word_1_315' title='bbox 928 2738 1034 2806; x_wconf 85' lang='lat' dir='ltr'><strong>Qui</strong></span> <span class='ocrx_word' id='word_1_316' title='bbox 1068 2741 1310 2810; x_wconf 75' lang='lat' dir='ltr'><strong>producit</strong></span> <span class='ocrx_word' id='word_1_317' title='bbox 1351 2752 1526 2796; x_wconf 77' lang='lat' dir='ltr'><strong>ventos</strong></span> <span class='ocrx_word' id='word_1_318' title='bbox 1570 2741 1633 2795; x_wconf 87' lang='lat' dir='ltr'><strong>de</strong></span> <span class='ocrx_word' id='word_1_319' title='bbox 1683 2741 1943 2796; x_wconf 81' lang='lat' dir='ltr'><strong>thesauris</strong></span> 
     </span>
    </p>
   </div>
   <div class='ocr_carea' id='block_1_44' title="bbox 343 2829 1942 2904">
    <p class='ocr_par' dir='ltr' id='par_1_44' title="bbox 343 2829 1942 2904">
     <span class='ocr_line' id='line_1_44' title="bbox 343 2829 1942 2904; baseline 0.002 -19"><span class='ocrx_word' id='word_1_320' title='bbox 343 2833 451 2886; x_wconf 84' lang='lat' dir='ltr'><strong>suis</strong></span> <span class='ocrx_word' id='word_1_321' title='bbox 479 2829 655 2902; x_wconf 85' lang='lat' dir='ltr'><strong>(Psal.</strong></span> <span class='ocrx_word' id='word_1_322' title='bbox 679 2831 920 2904; x_wconf 80' lang='lat' dir='ltr'><strong>cxxxtv).</strong></span> <span class='ocrx_word' id='word_1_323' title='bbox 957 2829 1055 2887; x_wconf 87' lang='lat' dir='ltr'><strong>Ubi</strong></span> <span class='ocrx_word' id='word_1_324' title='bbox 1092 2847 1199 2886; x_wconf 93' lang='lat' dir='ltr'><strong>non</strong></span> <span class='ocrx_word' id='word_1_325' title='bbox 1231 2832 1474 2901; x_wconf 88' lang='lat' dir='ltr'><strong>improbe</strong></span> <span class='ocrx_word' id='word_1_326' title='bbox 1504 2832 1768 2888; x_wconf 89' lang='lat' dir='ltr'><strong>sentimus</strong></span> <span class='ocrx_word' id='word_1_327' title='bbox 1792 2832 1942 2904; x_wconf 75' lang='lat' dir='ltr'><strong>Apo~</strong></span> 
     </span>
    </p>
   </div>
   <div class='ocr_carea' id='block_1_45' title="bbox 345 2924 1941 2995">
    <p class='ocr_par' dir='ltr' id='par_1_45' title="bbox 345 2924 1941 2995">
     <span class='ocr_line' id='line_1_45' title="bbox 345 2924 1941 2995; baseline 0.001 -16"><span class='ocrx_word' id='word_1_328' title='bbox 345 2924 513 2979; x_wconf 90' lang='lat' dir='ltr'><strong>stolos</strong></span> <span class='ocrx_word' id='word_1_329' title='bbox 533 2938 845 2994; x_wconf 82' lang='lat' dir='ltr'><strong>expressos,</strong></span> <span class='ocrx_word' id='word_1_330' title='bbox 875 2938 1103 2994; x_wconf 89' lang='lat' dir='ltr'><strong>quorum</strong></span> <span class='ocrx_word' id='word_1_331' title='bbox 1137 2924 1451 2995; x_wconf 85' lang='lat' dir='ltr'><strong>praedicatio</strong></span> <span class='ocrx_word' id='word_1_332' title='bbox 1469 2932 1639 2980; x_wconf 89' lang='lat' dir='ltr'><strong>totum</strong></span> <span class='ocrx_word' id='word_1_333' title='bbox 1660 2926 1941 2993; x_wconf 91' lang='lat' dir='ltr'><strong>mundum,</strong></span> 
     </span>
    </p>
   </div>
   <div class='ocr_carea' id='block_1_46' title="bbox 346 3015 1940 3087">
    <p class='ocr_par' dir='ltr' id='par_1_46' title="bbox 346 3015 1940 3087">
     <span class='ocr_line' id='line_1_46' title="bbox 346 3015 1940 3087; baseline 0.003 -18"><span class='ocrx_word' id='word_1_334' title='bbox 346 3026 611 3086; x_wconf 86' lang='lat' dir='ltr'><strong>tanquam</strong></span> <span class='ocrx_word' id='word_1_335' title='bbox 633 3025 828 3070; x_wconf 88' lang='lat' dir='ltr'><strong>ventus</strong></span> <span class='ocrx_word' id='word_1_336' title='bbox 854 3015 1174 3071; x_wconf 89' lang='lat' dir='ltr'><strong>celerrimus</strong></span> <span class='ocrx_word' id='word_1_337' title='bbox 1202 3017 1489 3086; x_wconf 90' lang='lat' dir='ltr'><strong>percurrit,</strong></span> <span class='ocrx_word' id='word_1_338' title='bbox 1523 3018 1665 3073; x_wconf 88' lang='lat' dir='ltr'><strong>sicut</strong></span> <span class='ocrx_word' id='word_1_339' title='bbox 1702 3027 1757 3074; x_wconf 90' lang='lat' dir='ltr'><strong>et</strong></span> <span class='ocrx_word' id='word_1_340' title='bbox 1787 3018 1940 3087; x_wconf 90' lang='lat' dir='ltr'><strong>illud,</strong></span> 
     </span>
    </p>
   </div>
   <div class='ocr_carea' id='block_1_47' title="bbox 344 3104 1943 3180">
    <p class='ocr_par' dir='ltr' id='par_1_47' title="bbox 344 3104 1943 3180">
     <span class='ocr_line' id='line_1_47' title="bbox 344 3104 1943 3180; baseline 0.003 -19"><span class='ocrx_word' id='word_1_341' title='bbox 344 3108 485 3179; x_wconf 90' lang='lat' dir='ltr'><strong>quod</strong></span> <span class='ocrx_word' id='word_1_342' title='bbox 514 3104 644 3162; x_wconf 89' lang='lat' dir='ltr'><strong>alibi</strong></span> <span class='ocrx_word' id='word_1_343' title='bbox 684 3108 946 3178; x_wconf 91' lang='lat' dir='ltr'><strong>scriptum</strong></span> <span class='ocrx_word' id='word_1_344' title='bbox 970 3116 1055 3163; x_wconf 85' lang='lat' dir='ltr'><strong>est</strong></span> <span class='ocrx_word' id='word_1_345' title='bbox 1086 3125 1100 3161; x_wconf 89' lang='lat'><strong>:</strong></span> <span class='ocrx_word' id='word_1_346' title='bbox 1133 3108 1379 3162; x_wconf 83' lang='lat' dir='ltr'><strong>Ascendit</strong></span> <span class='ocrx_word' id='word_1_347' title='bbox 1402 3125 1559 3180; x_wconf 81' lang='lat' dir='ltr'><strong>super</strong></span> <span class='ocrx_word' id='word_1_348' title='bbox 1585 3109 1857 3177; x_wconf 82' lang='lat' dir='ltr'><strong>cherubin,</strong></span> <span class='ocrx_word' id='word_1_349' title='bbox 1892 3120 1943 3166; x_wconf 86' lang='lat' dir='ltr'><strong>et</strong></span> 
     </span>
    </p>
   </div>
   <div class='ocr_carea' id='block_1_48' title="bbox 2045 1916 3640 1991">
    <p class='ocr_par' dir='ltr' id='par_1_48' title="bbox 2045 1916 3640 1991">
     <span class='ocr_line' id='line_1_48' title="bbox 2045 1916 3640 1991; baseline 0.004 -20"><span class='ocrx_word' id='word_1_350' title='bbox 2045 1917 2242 1973; x_wconf 88' lang='lat' dir='ltr'><strong>Auster</strong></span> <span class='ocrx_word' id='word_1_351' title='bbox 2266 1918 2556 1987; x_wconf 89' lang='lat' dir='ltr'><strong>aliquando</strong></span> <span class='ocrx_word' id='word_1_352' title='bbox 2584 1916 2824 1974; x_wconf 89' lang='lat' dir='ltr'><strong>calorem</strong></span> <span class='ocrx_word' id='word_1_353' title='bbox 2853 1919 2999 1985; x_wconf 90' lang='lat' dir='ltr'><strong>fidei,</strong></span> <span class='ocrx_word' id='word_1_354' title='bbox 3032 1928 3095 1975; x_wconf 89' lang='lat' dir='ltr'><strong>ut</strong></span> <span class='ocrx_word' id='word_1_355' title='bbox 3117 1920 3170 1975; x_wconf 91' lang='lat' dir='ltr'><strong>in</strong></span> <span class='ocrx_word' id='word_1_356' title='bbox 3198 1921 3408 1991; x_wconf 90' lang='lat' dir='ltr'><strong>psalmo</strong></span> <span class='ocrx_word' id='word_1_357' title='bbox 3438 1937 3453 1976; x_wconf 91' lang='lat'><strong>:</strong></span> <span class='ocrx_word' id='word_1_358' title='bbox 3491 1920 3640 1978; x_wconf 84' lang='lat' dir='ltr'><strong>Sicut</strong></span> 
     </span>
    </p>
   </div>
   <div class='ocr_carea' id='block_1_49' title="bbox 2045 2005 3639 2082">
    <p class='ocr_par' dir='ltr' id='par_1_49' title="bbox 2045 2005 3639 2082">
     <span class='ocr_line' id='line_1_49' title="bbox 2045 2005 3639 2082; baseline 0.004 -20"><span class='ocrx_word' id='word_1_359' title='bbox 2045 2018 2250 2062; x_wconf 85' lang='lat' dir='ltr'><strong>torrens</strong></span> <span class='ocrx_word' id='word_1_360' title='bbox 2295 2009 2351 2061; x_wconf 89' lang='lat' dir='ltr'><strong>in</strong></span> <span class='ocrx_word' id='word_1_361' title='bbox 2397 2017 2582 2062; x_wconf 82' lang='lat' dir='ltr'><strong>austro</strong></span> <span class='ocrx_word' id='word_1_362' title='bbox 2631 2005 2804 2078; x_wconf 88' lang='lat' dir='ltr'><strong>(Psal.</strong></span> <span class='ocrx_word' id='word_1_363' title='bbox 2856 2009 3052 2076; x_wconf 84' lang='lat' dir='ltr'><strong>cxxv);</strong></span> <span class='ocrx_word' id='word_1_364' title='bbox 3088 2010 3375 2080; x_wconf 87' lang='lat' dir='ltr'><strong>aliquando</strong></span> <span class='ocrx_word' id='word_1_365' title='bbox 3405 2013 3639 2082; x_wconf 79' lang='lat' dir='ltr'><strong>gratiam</strong></span> 
     </span>
    </p>
   </div>
   <div class='ocr_carea' id='block_1_50' title="bbox 2046 2097 3635 2170">
    <p class='ocr_par' dir='ltr' id='par_1_50' title="bbox 2046 2097 3635 2170">
     <span class='ocr_line' id='line_1_50' title="bbox 2046 2097 3635 2170; baseline 0.003 -17"><span class='ocrx_word' id='word_1_366' title='bbox 2046 2097 2284 2170; x_wconf 89' lang='lat' dir='ltr'><strong>Spiritus</strong></span> <span class='ocrx_word' id='word_1_367' title='bbox 2327 2100 2527 2165; x_wconf 88' lang='lat' dir='ltr'><strong>sancti,</strong></span> <span class='ocrx_word' id='word_1_368' title='bbox 2576 2109 2636 2153; x_wconf 87' lang='lat' dir='ltr'><strong>ut</strong></span> <span class='ocrx_word' id='word_1_369' title='bbox 2667 2100 2719 2154; x_wconf 90' lang='lat' dir='ltr'><strong>in</strong></span> <span class='ocrx_word' id='word_1_370' title='bbox 2772 2100 2995 2156; x_wconf 88' lang='lat' dir='ltr'><strong>Cantico</strong></span> <span class='ocrx_word' id='word_1_371' title='bbox 3025 2102 3359 2157; x_wconf 80' lang='lat' dir='ltr'><strong>canticorum</strong></span> <span class='ocrx_word' id='word_1_372' title='bbox 3386 2103 3588 2158; x_wconf 88' lang='lat' dir='ltr'><strong>dicitur</strong></span> <span class='ocrx_word' id='word_1_373' title='bbox 3621 2122 3635 2158; x_wconf 91' lang='lat'>:</span> 
     </span>
    </p>
   </div>
   <div class='ocr_carea' id='block_1_51' title="bbox 2046 2189 3636 2263">
    <p class='ocr_par' dir='ltr' id='par_1_51' title="bbox 2046 2189 3636 2263">
     <span class='ocr_line' id='line_1_51' title="bbox 2046 2189 3636 2263; baseline 0.003 -17"><span class='ocrx_word' id='word_1_374' title='bbox 2046 2189 2214 2261; x_wconf 86' lang='lat' dir='ltr'><strong>Surge</strong></span> <span class='ocrx_word' id='word_1_375' title='bbox 2248 2190 2459 2257; x_wconf 84' lang='lat' dir='ltr'><strong>Aquilo,</strong></span> <span class='ocrx_word' id='word_1_376' title='bbox 2486 2202 2555 2246; x_wconf 38' lang='lat' dir='ltr'><strong>‘et</strong></span> <span class='ocrx_word' id='word_1_377' title='bbox 2603 2192 2719 2247; x_wconf 86' lang='lat' dir='ltr'><strong>veni</strong></span> <span class='ocrx_word' id='word_1_378' title='bbox 2745 2192 2957 2257; x_wconf 77' lang='lat' dir='ltr'><strong>Auster,</strong></span> <span class='ocrx_word' id='word_1_379' title='bbox 3002 2194 3168 2263; x_wconf 78' lang='lat' dir='ltr'><strong>per/la</strong></span> <span class='ocrx_word' id='word_1_380' title='bbox 3210 2194 3419 2247; x_wconf 84' lang='lat' dir='ltr'><strong>hortum</strong></span> <span class='ocrx_word' id='word_1_381' title='bbox 3462 2211 3636 2251; x_wconf 84' lang='lat' dir='ltr'><strong>meum</strong></span> 
     </span>
    </p>
   </div>
   <div class='ocr_carea' id='block_1_52' title="bbox 2046 2278 3635 2352">
    <p class='ocr_par' dir='ltr' id='par_1_52' title="bbox 2046 2278 3635 2352">
     <span class='ocr_line' id='line_1_52' title="bbox 2046 2278 3635 2352; baseline 0.004 -18"><span class='ocrx_word' id='word_1_382' title='bbox 2046 2278 2224 2347; x_wconf 85' lang='lat' dir='ltr'><strong>(Cant.</strong></span> <span class='ocrx_word' id='word_1_383' title='bbox 2264 2283 2359 2352; x_wconf 82' lang='lat' dir='ltr'><strong>tv).</strong></span> <span class='ocrx_word' id='word_1_384' title='bbox 2414 2281 2718 2352; x_wconf 89' lang='lat' dir='ltr'><strong>Aliquando</strong></span> <span class='ocrx_word' id='word_1_385' title='bbox 2762 2282 3034 2338; x_wconf 79' lang='lat' dir='ltr'><strong>fervorem</strong></span> <span class='ocrx_word' id='word_1_386' title='bbox 3089 2283 3416 2351; x_wconf 88' lang='lat' dir='ltr'><strong>dilectionis,</strong></span> <span class='ocrx_word' id='word_1_387' title='bbox 3473 2294 3533 2340; x_wconf 90' lang='lat' dir='ltr'><strong>ut</strong></span> <span class='ocrx_word' id='word_1_388' title='bbox 3579 2286 3635 2341; x_wconf 92' lang='lat' dir='ltr'><strong>in</strong></span> 
     </span>
    </p>
   </div>
   <div class='ocr_carea' id='block_1_53' title="bbox 2044 2370 3635 2443">
    <p class='ocr_par' dir='ltr' id='par_1_53' title="bbox 2044 2370 3635 2443">
     <span class='ocr_line' id='line_1_53' title="bbox 2044 2370 3635 2443; baseline 0.005 -19"><span class='ocrx_word' id='word_1_389' title='bbox 2044 2370 2307 2427; x_wconf 84' lang='lat' dir='ltr'><strong>Psalterio</strong></span> <span class='ocrx_word' id='word_1_390' title='bbox 2334 2373 2535 2428; x_wconf 89' lang='lat' dir='ltr'><strong>dicitur</strong></span> <span class='ocrx_word' id='word_1_391' title='bbox 2561 2391 2574 2427; x_wconf 91' lang='lat'><strong>:</strong></span> <span class='ocrx_word' id='word_1_392' title='bbox 2603 2372 2865 2428; x_wconf 70' lang='lat' dir='ltr'><strong>Excitarit</strong></span> <span class='ocrx_word' id='word_1_393' title='bbox 2894 2374 3148 2429; x_wconf 80' lang='lat' dir='ltr'><strong>Austrum</strong></span> <span class='ocrx_word' id='word_1_394' title='bbox 3183 2375 3249 2430; x_wconf 89' lang='lat' dir='ltr'><strong>de</strong></span> <span class='ocrx_word' id='word_1_395' title='bbox 3275 2375 3424 2443; x_wconf 73' lang='lat' dir='ltr'><strong>cmlo,</strong></span> <span class='ocrx_word' id='word_1_396' title='bbox 3475 2387 3523 2432; x_wconf 88' lang='lat' dir='ltr'><strong>et</strong></span> <span class='ocrx_word' id='word_1_397' title='bbox 3548 2378 3635 2432; x_wconf 88' lang='lat' dir='ltr'><strong>in-</strong></span> 
     </span>
    </p>
   </div>
   <div class='ocr_carea' id='block_1_54' title="bbox 2043 2462 3635 2541">
    <p class='ocr_par' dir='ltr' id='par_1_54' title="bbox 2043 2462 3635 2541">
     <span class='ocr_line' id='line_1_54' title="bbox 2043 2462 3635 2541; baseline 0.006 -25"><span class='ocrx_word' id='word_1_398' title='bbox 2043 2462 2195 2517; x_wconf 68' lang='lat' dir='ltr'><strong>duxit</strong></span> <span class='ocrx_word' id='word_1_399' title='bbox 2221 2465 2273 2517; x_wconf 73' lang='lat' dir='ltr'><strong>in</strong></span> <span class='ocrx_word' id='word_1_400' title='bbox 2298 2463 2489 2517; x_wconf 81' lang='lat' dir='ltr'><strong>virtute</strong></span> <span class='ocrx_word' id='word_1_401' title='bbox 2531 2479 2629 2517; x_wconf 89' lang='lat' dir='ltr'><strong>sua</strong></span> <span class='ocrx_word' id='word_1_402' title='bbox 2660 2464 2897 2533; x_wconf 78' lang='lat' dir='ltr'><strong>Africum</strong></span> <span class='ocrx_word' id='word_1_403' title='bbox 2925 2464 3098 2536; x_wconf 89' lang='lat' dir='ltr'><strong>(Psal.</strong></span> <span class='ocrx_word' id='word_1_404' title='bbox 3141 2467 3370 2541; x_wconf 75' lang='lat' dir='ltr'><strong>Lxxvn).</strong></span> <span class='ocrx_word' id='word_1_405' title='bbox 3419 2468 3551 2524; x_wconf 82' lang='lat' dir='ltr'><strong>Item</strong></span> <span class='ocrx_word' id='word_1_406' title='bbox 3578 2470 3635 2526; x_wconf 90' lang='lat' dir='ltr'><strong>in</strong></span> 
     </span>
    </p>
   </div>
   <div class='ocr_carea' id='block_1_55' title="bbox 2042 2555 3637 2632">
    <p class='ocr_par' dir='ltr' id='par_1_55' title="bbox 2042 2555 3637 2632">
     <span class='ocr_line' id='line_1_55' title="bbox 2042 2555 3637 2632; baseline 0.006 -24"><span class='ocrx_word' id='word_1_407' title='bbox 2042 2563 2254 2624; x_wconf 89' lang='lat' dir='ltr'><strong>partem</strong></span> <span class='ocrx_word' id='word_1_408' title='bbox 2307 2555 2639 2610; x_wconf 88' lang='lat' dir='ltr'><strong>contrariam</strong></span> <span class='ocrx_word' id='word_1_409' title='bbox 2684 2556 2923 2624; x_wconf 88' lang='lat' dir='ltr'><strong>ponitur,</strong></span> <span class='ocrx_word' id='word_1_410' title='bbox 2955 2559 3170 2627; x_wconf 90' lang='lat' dir='ltr'><strong>quando</strong></span> <span class='ocrx_word' id='word_1_411' title='bbox 3205 2560 3455 2615; x_wconf 86' lang='lat' dir='ltr'><strong>ardorem</strong></span> <span class='ocrx_word' id='word_1_412' title='bbox 3484 2562 3637 2632; x_wconf 90' lang='lat' dir='ltr'><strong>cupi-</strong></span> 
     </span>
    </p>
   </div>
   <div class='ocr_carea' id='block_1_56' title="bbox 2044 2646 3632 2724">
    <p class='ocr_par' dir='ltr' id='par_1_56' title="bbox 2044 2646 3632 2724">
     <span class='ocr_line' id='line_1_56' title="bbox 2044 2646 3632 2724; baseline 0.004 -23"><span class='ocrx_word' id='word_1_413' title='bbox 2044 2646 2234 2701; x_wconf 88' lang='lat' dir='ltr'><strong>ditatis</strong></span> <span class='ocrx_word' id='word_1_414' title='bbox 2260 2646 2549 2717; x_wconf 80' lang='lat' dir='ltr'><strong>significat,</strong></span> <span class='ocrx_word' id='word_1_415' title='bbox 2581 2648 2671 2716; x_wconf 88' lang='lat' dir='ltr'><strong>qui</strong></span> <span class='ocrx_word' id='word_1_416' title='bbox 2722 2655 2875 2716; x_wconf 89' lang='lat' dir='ltr'><strong>peste</strong></span> <span class='ocrx_word' id='word_1_417' title='bbox 2915 2649 3166 2704; x_wconf 77' lang='lat' dir='ltr'><strong>vitiorum</strong></span> <span class='ocrx_word' id='word_1_418' title='bbox 3195 2651 3430 2724; x_wconf 75' lang='lat' dir='ltr'><strong>corripit</strong></span> <span class='ocrx_word' id='word_1_419' title='bbox 3455 2652 3632 2708; x_wconf 88' lang='lat' dir='ltr'><strong>homi-</strong></span> 
     </span>
    </p>
   </div>
   <div class='ocr_carea' id='block_1_57' title="bbox 2044 2742 3636 2813">
    <p class='ocr_par' dir='ltr' id='par_1_57' title="bbox 2044 2742 3636 2813">
     <span class='ocr_line' id='line_1_57' title="bbox 2044 2742 3636 2813; baseline 0.006 -19"><span class='ocrx_word' id='word_1_420' title='bbox 2044 2755 2175 2794; x_wconf 90' lang='lat' dir='ltr'><strong>num</strong></span> <span class='ocrx_word' id='word_1_421' title='bbox 2210 2751 2440 2805; x_wconf 87' lang='lat' dir='ltr'><strong>mentes,</strong></span> <span class='ocrx_word' id='word_1_422' title='bbox 2474 2749 2529 2795; x_wconf 90' lang='lat' dir='ltr'><strong>et</strong></span> <span class='ocrx_word' id='word_1_423' title='bbox 2562 2742 2935 2812; x_wconf 59' lang='lat' dir='ltr'><strong>a‘gritudinem</strong></span> <span class='ocrx_word' id='word_1_424' title='bbox 2964 2754 3311 2813; x_wconf 87' lang='lat' dir='ltr'><strong>peccatorum</strong></span> <span class='ocrx_word' id='word_1_425' title='bbox 3356 2747 3409 2801; x_wconf 92' lang='lat' dir='ltr'><strong>in</strong></span> <span class='ocrx_word' id='word_1_426' title='bbox 3444 2748 3636 2803; x_wconf 87' lang='lat' dir='ltr'><strong>buma-</strong></span> 
     </span>
    </p>
   </div>
   <div class='ocr_carea' id='block_1_58' title="bbox 2044 2831 3629 2905">
    <p class='ocr_par' dir='ltr' id='par_1_58' title="bbox 2044 2831 3629 2905">
     <span class='ocr_line' id='line_1_58' title="bbox 2044 2831 3629 2905; baseline 0.006 -22"><span class='ocrx_word' id='word_1_427' title='bbox 2044 2846 2171 2884; x_wconf 91' lang='lat' dir='ltr'><strong>num</strong></span> <span class='ocrx_word' id='word_1_428' title='bbox 2204 2846 2373 2901; x_wconf 85' lang='lat' dir='ltr'><strong>genus</strong></span> <span class='ocrx_word' id='word_1_429' title='bbox 2425 2832 2739 2886; x_wconf 87' lang='lat' dir='ltr'><strong>introducit.</strong></span> <span class='ocrx_word' id='word_1_430' title='bbox 2797 2831 3159 2889; x_wconf 88' lang='lat' dir='ltr'><strong>Occidentalis</strong></span> <span class='ocrx_word' id='word_1_431' title='bbox 3203 2843 3382 2890; x_wconf 89' lang='lat' dir='ltr'><strong>autem</strong></span> <span class='ocrx_word' id='word_1_432' title='bbox 3416 2845 3629 2905; x_wconf 87' lang='lat' dir='ltr'><strong>ventus,</strong></span> 
     </span>
    </p>
   </div>
   <div class='ocr_carea' id='block_1_59' title="bbox 2041 2922 3634 2998">
    <p class='ocr_par' dir='ltr' id='par_1_59' title="bbox 2041 2922 3634 2998">
     <span class='ocr_line' id='line_1_59' title="bbox 2041 2922 3634 2998; baseline 0.004 -21"><span class='ocrx_word' id='word_1_433' title='bbox 2041 2923 2323 2995; x_wconf 81' lang='lat' dir='ltr'><strong>Zephyrus</strong></span> <span class='ocrx_word' id='word_1_434' title='bbox 2364 2922 2554 2979; x_wconf 74' lang='lat' dir='ltr'><strong>Graeco</strong></span> <span class='ocrx_word' id='word_1_435' title='bbox 2601 2924 2820 2980; x_wconf 89' lang='lat' dir='ltr'><strong>nomine</strong></span> <span class='ocrx_word' id='word_1_436' title='bbox 2864 2925 3168 2997; x_wconf 88' lang='lat' dir='ltr'><strong>appellatur</strong></span> <span class='ocrx_word' id='word_1_437' title='bbox 3217 2942 3283 2983; x_wconf 88' lang='lat' dir='ltr'><strong>eo</strong></span> <span class='ocrx_word' id='word_1_438' title='bbox 3339 2929 3482 2998; x_wconf 89' lang='lat' dir='ltr'><strong>quod</strong></span> <span class='ocrx_word' id='word_1_439' title='bbox 3536 2928 3634 2985; x_wconf 82' lang='lat' dir='ltr'><strong>ﬂo-</strong></span> 
     </span>
    </p>
   </div>
   <div class='ocr_carea' id='block_1_60' title="bbox 2044 3014 3632 3087">
    <p class='ocr_par' dir='ltr' id='par_1_60' title="bbox 2044 3014 3632 3087">
     <span class='ocr_line' id='line_1_60' title="bbox 2044 3014 3632 3087; baseline 0.005 -19"><span class='ocrx_word' id='word_1_440' title='bbox 2044 3029 2133 3069; x_wconf 89' lang='lat' dir='ltr'><strong>res</strong></span> <span class='ocrx_word' id='word_1_441' title='bbox 2181 3024 2235 3069; x_wconf 88' lang='lat' dir='ltr'><strong>et</strong></span> <span class='ocrx_word' id='word_1_442' title='bbox 2291 3017 2535 3087; x_wconf 86' lang='lat' dir='ltr'><strong>germina</strong></span> <span class='ocrx_word' id='word_1_443' title='bbox 2577 3017 2698 3085; x_wconf 77' lang='lat' dir='ltr'><strong>ejus</strong></span> <span class='ocrx_word' id='word_1_444' title='bbox 2739 3014 2869 3071; x_wconf 82' lang='lat' dir='ltr'><strong>flatu</strong></span> <span class='ocrx_word' id='word_1_445' title='bbox 2897 3016 3263 3074; x_wconf 79' lang='lat' dir='ltr'><strong>vivifieentur.</strong></span> <span class='ocrx_word' id='word_1_446' title='bbox 3295 3017 3397 3075; x_wconf 83' lang='lat' dir='ltr'><strong>llic</strong></span> <span class='ocrx_word' id='word_1_447' title='bbox 3437 3019 3632 3076; x_wconf 81' lang='lat' dir='ltr'><strong>Latine</strong></span> 
     </span>
    </p>
   </div>
   <div class='ocr_carea' id='block_1_61' title="bbox 2042 3104 3634 3180">
    <p class='ocr_par' dir='ltr' id='par_1_61' title="bbox 2042 3104 3634 3180">
     <span class='ocr_line' id='line_1_61' title="bbox 2042 3104 3634 3180; baseline 0.005 -22"><span class='ocrx_word' id='word_1_448' title='bbox 2042 3104 2294 3161; x_wconf 75' lang='lat' dir='ltr'><strong>favonius</strong></span> <span class='ocrx_word' id='word_1_449' title='bbox 2318 3106 2534 3173; x_wconf 89' lang='lat' dir='ltr'><strong>dicitur,</strong></span> <span class='ocrx_word' id='word_1_450' title='bbox 2580 3115 2804 3177; x_wconf 87' lang='lat' dir='ltr'><strong>propter</strong></span> <span class='ocrx_word' id='word_1_451' title='bbox 2834 3108 2975 3177; x_wconf 89' lang='lat' dir='ltr'><strong>quod</strong></span> <span class='ocrx_word' id='word_1_452' title='bbox 3020 3108 3202 3164; x_wconf 88' lang='lat' dir='ltr'><strong>foveat</strong></span> <span class='ocrx_word' id='word_1_453' title='bbox 3229 3124 3350 3180; x_wconf 62' lang='lat' dir='ltr'><strong>quae</strong></span> <span class='ocrx_word' id='word_1_454' title='bbox 3397 3126 3634 3166; x_wconf 87' lang='lat' dir='ltr'><strong>nascun-</strong></span> 
     </span>
    </p>
   </div>
   <div class='ocr_carea' id='block_1_62' title="bbox 345 3195 3632 3275">
    <p class='ocr_par' dir='ltr' id='par_1_62' title="bbox 345 3195 3632 3275">
     <span class='ocr_line' id='line_1_62' title="bbox 345 3195 3632 3275; baseline 0 -20"><span class='ocrx_word' id='word_1_455' title='bbox 345 3199 535 3255; x_wconf 77' lang='lat' dir='ltr'><strong>uolavit</strong></span> <span class='ocrx_word' id='word_1_456' title='bbox 564 3217 724 3270; x_wconf 85' lang='lat' dir='ltr'><strong>super</strong></span> <span class='ocrx_word' id='word_1_457' title='bbox 745 3217 944 3272; x_wconf 86' lang='lat' dir='ltr'><strong>pennas</strong></span> <span class='ocrx_word' id='word_1_458' title='bbox 966 3210 1235 3256; x_wconf 74' lang='lat' dir='ltr'><strong>ventorum</strong></span> <span class='ocrx_word' id='word_1_459' title='bbox 1262 3200 1435 3270; x_wconf 88' lang='lat' dir='ltr'><strong>(Psal.</strong></span> <span class='ocrx_word' id='word_1_460' title='bbox 1458 3201 1625 3273; x_wconf 81' lang='lat' dir='ltr'><strong>xvu);</strong></span> <span class='ocrx_word' id='word_1_461' title='bbox 1649 3202 1738 3257; x_wconf 91' lang='lat' dir='ltr'><strong>ubi</strong></span> <span class='ocrx_word' id='word_1_462' title='bbox 1760 3203 1941 3275; x_wconf 78' lang='lat' dir='ltr'><strong>expri-</strong></span> <span class='ocrx_word' id='word_1_463' title='bbox 1966 3204 2011 3266; x_wconf 82' lang='lat' dir='ltr'>C</span> <span class='ocrx_word' id='word_1_464' title='bbox 2045 3202 2148 3249; x_wconf 91' lang='lat' dir='ltr'><strong>tur.</strong></span> <span class='ocrx_word' id='word_1_465' title='bbox 2180 3195 2333 3251; x_wconf 88' lang='lat' dir='ltr'><strong>Tunc</strong></span> <span class='ocrx_word' id='word_1_466' title='bbox 2354 3207 2533 3252; x_wconf 89' lang='lat' dir='ltr'><strong>autem</strong></span> <span class='ocrx_word' id='word_1_467' title='bbox 2564 3196 2654 3252; x_wconf 89' lang='lat' dir='ltr'><strong>hic</strong></span> <span class='ocrx_word' id='word_1_468' title='bbox 2691 3205 2887 3253; x_wconf 88' lang='lat' dir='ltr'><strong>ventus</strong></span> <span class='ocrx_word' id='word_1_469' title='bbox 2928 3197 2983 3253; x_wconf 92' lang='lat' dir='ltr'><strong>in</strong></span> <span class='ocrx_word' id='word_1_470' title='bbox 3014 3198 3212 3254; x_wconf 88' lang='lat' dir='ltr'><strong>bonam</strong></span> <span class='ocrx_word' id='word_1_471' title='bbox 3241 3208 3452 3271; x_wconf 87' lang='lat' dir='ltr'><strong>partem</strong></span> <span class='ocrx_word' id='word_1_472' title='bbox 3483 3201 3632 3270; x_wconf 84' lang='lat' dir='ltr'><strong>posi-</strong></span> 
     </span>
    </p>
   </div>
   <div class='ocr_carea' id='block_1_63' title="bbox 346 3290 1938 3364">
    <p class='ocr_par' dir='ltr' id='par_1_63' title="bbox 346 3290 1938 3364">
     <span class='ocr_line' id='line_1_63' title="bbox 346 3290 1938 3364; baseline 0.004 -18"><span class='ocrx_word' id='word_1_473' title='bbox 346 3292 512 3347; x_wconf 90' lang='lat' dir='ltr'><strong>mitur</strong></span> <span class='ocrx_word' id='word_1_474' title='bbox 536 3290 790 3347; x_wconf 91' lang='lat' dir='ltr'><strong>ascensio</strong></span> <span class='ocrx_word' id='word_1_475' title='bbox 814 3290 1028 3347; x_wconf 90' lang='lat' dir='ltr'><strong>Domini</strong></span> <span class='ocrx_word' id='word_1_476' title='bbox 1054 3307 1218 3361; x_wconf 89' lang='lat' dir='ltr'><strong>super</strong></span> <span class='ocrx_word' id='word_1_477' title='bbox 1244 3292 1411 3348; x_wconf 81' lang='lat' dir='ltr'><strong>caelos</strong></span> <span class='ocrx_word' id='word_1_478' title='bbox 1439 3293 1808 3364; x_wconf 71' lang='lat' dir='ltr'><strong>oculorumque</strong></span> <span class='ocrx_word' id='word_1_479' title='bbox 1827 3295 1938 3352; x_wconf 90' lang='lat' dir='ltr'><strong>vir-</strong></span> 
     </span>
    </p>
   </div>
   <div class='ocr_carea' id='block_1_64' title="bbox 344 3383 1936 3450">
    <p class='ocr_par' dir='ltr' id='par_1_64' title="bbox 344 3383 1936 3450">
     <span class='ocr_line' id='line_1_64' title="bbox 344 3383 1936 3450; baseline 0.001 -11"><span class='ocrx_word' id='word_1_480' title='bbox 344 3393 506 3447; x_wconf 80' lang='lat' dir='ltr'><strong>tutes,</strong></span> <span class='ocrx_word' id='word_1_481' title='bbox 534 3385 628 3439; x_wconf 91' lang='lat' dir='ltr'><strong>ubi</strong></span> <span class='ocrx_word' id='word_1_482' title='bbox 657 3399 804 3439; x_wconf 89' lang='lat' dir='ltr'><strong>nunc</strong></span> <span class='ocrx_word' id='word_1_483' title='bbox 846 3383 915 3438; x_wconf 88' lang='lat' dir='ltr'><strong>ad</strong></span> <span class='ocrx_word' id='word_1_484' title='bbox 942 3383 1221 3439; x_wconf 82' lang='lat' dir='ltr'><strong>dexteram</strong></span> <span class='ocrx_word' id='word_1_485' title='bbox 1245 3383 1425 3439; x_wconf 90' lang='lat' dir='ltr'><strong>Patris</strong></span> <span class='ocrx_word' id='word_1_486' title='bbox 1462 3384 1777 3450; x_wconf 89' lang='lat' dir='ltr'><strong>collocatus,</strong></span> <span class='ocrx_word' id='word_1_487' title='bbox 1810 3401 1936 3441; x_wconf 87' lang='lat' dir='ltr'><strong>cum</strong></span> 
     </span>
    </p>
   </div>
   <div class='ocr_carea' id='block_1_65' title="bbox 345 3475 1938 3548">
    <p class='ocr_par' dir='ltr' id='par_1_65' title="bbox 345 3475 1938 3548">
     <span class='ocr_line' id='line_1_65' title="bbox 345 3475 1938 3548; baseline 0.003 -16"><span class='ocrx_word' id='word_1_488' title='bbox 345 3477 505 3533; x_wconf 86' lang='lat' dir='ltr'><strong>Patre</strong></span> <span class='ocrx_word' id='word_1_489' title='bbox 536 3485 734 3548; x_wconf 86' lang='lat' dir='ltr'><strong>regnat</strong></span> <span class='ocrx_word' id='word_1_490' title='bbox 758 3484 818 3531; x_wconf 90' lang='lat' dir='ltr'><strong>et</strong></span> <span class='ocrx_word' id='word_1_491' title='bbox 848 3475 1053 3547; x_wconf 87' lang='lat' dir='ltr'><strong>Spiritu</strong></span> <span class='ocrx_word' id='word_1_492' title='bbox 1081 3485 1292 3533; x_wconf 87' lang='lat' dir='ltr'><strong>sancto.</strong></span> <span class='ocrx_word' id='word_1_493' title='bbox 1324 3477 1477 3545; x_wconf 84' lang='lat' dir='ltr'><strong>Quod</strong></span> <span class='ocrx_word' id='word_1_494' title='bbox 1511 3488 1694 3534; x_wconf 88' lang='lat' dir='ltr'><strong>autem</strong></span> <span class='ocrx_word' id='word_1_495' title='bbox 1738 3480 1938 3538; x_wconf 89' lang='lat' dir='ltr'><strong>dicitur</strong></span> 
     </span>
    </p>
   </div>
   <div class='ocr_carea' id='block_1_66' title="bbox 342 3568 1937 3638">
    <p class='ocr_par' dir='ltr' id='par_1_66' title="bbox 342 3568 1937 3638">
     <span class='ocr_line' id='line_1_66' title="bbox 342 3568 1937 3638; baseline 0.006 -17"><span class='ocrx_word' id='word_1_496' title='bbox 342 3568 527 3624; x_wconf 81' lang='lat' dir='ltr'><strong>volare</strong></span> <span class='ocrx_word' id='word_1_497' title='bbox 557 3582 724 3638; x_wconf 88' lang='lat' dir='ltr'><strong>super</strong></span> <span class='ocrx_word' id='word_1_498' title='bbox 748 3582 955 3637; x_wconf 85' lang='lat' dir='ltr'><strong>pennas</strong></span> <span class='ocrx_word' id='word_1_499' title='bbox 1002 3577 1312 3635; x_wconf 82' lang='lat' dir='ltr'><strong>ventomm,</strong></span> <span class='ocrx_word' id='word_1_500' title='bbox 1344 3569 1679 3627; x_wconf 89' lang='lat' dir='ltr'><strong>celeritatem</strong></span> <span class='ocrx_word' id='word_1_501' title='bbox 1712 3573 1937 3630; x_wconf 88' lang='lat' dir='ltr'><strong>nimiam</strong></span> 
     </span>
    </p>
   </div>
   <div class='ocr_carea' id='block_1_67' title="bbox 345 3658 1938 3737">
    <p class='ocr_par' dir='ltr' id='par_1_67' title="bbox 345 3658 1938 3737">
     <span class='ocr_line' id='line_1_67' title="bbox 345 3658 1938 3737; baseline 0.006 -24"><span class='ocrx_word' id='word_1_502' title='bbox 345 3659 603 3715; x_wconf 86' lang='lat' dir='ltr'><strong>decenter</strong></span> <span class='ocrx_word' id='word_1_503' title='bbox 629 3659 887 3725; x_wconf 90' lang='lat' dir='ltr'><strong>ostendit,</strong></span> <span class='ocrx_word' id='word_1_504' title='bbox 919 3659 1133 3729; x_wconf 89' lang='lat' dir='ltr'><strong>quando</strong></span> <span class='ocrx_word' id='word_1_505' title='bbox 1155 3658 1300 3715; x_wconf 90' lang='lat' dir='ltr'><strong>fama</strong></span> <span class='ocrx_word' id='word_1_506' title='bbox 1331 3662 1637 3719; x_wconf 85' lang='lat' dir='ltr'><strong>nativitatis</strong></span> <span class='ocrx_word' id='word_1_507' title='bbox 1657 3664 1794 3735; x_wconf 82' lang='lat' dir='ltr'><strong>ejus,</strong></span> <span class='ocrx_word' id='word_1_508' title='bbox 1816 3681 1938 3737; x_wconf 89' lang='lat' dir='ltr'><strong>pas-</strong></span> 
     </span>
    </p>
   </div>
   <div class='ocr_carea' id='block_1_68' title="bbox 345 3744 1933 3818">
    <p class='ocr_par' dir='ltr' id='par_1_68' title="bbox 345 3744 1933 3818">
     <span class='ocr_line' id='line_1_68' title="bbox 345 3744 1933 3818; baseline 0.005 -15"><span class='ocrx_word' id='word_1_509' title='bbox 345 3748 515 3805; x_wconf 85' lang='lat' dir='ltr'><strong>sionis</strong></span> <span class='ocrx_word' id='word_1_510' title='bbox 533 3744 591 3803; x_wconf 81' lang='lat' dir='ltr'><strong>et</strong></span> <span class='ocrx_word' id='word_1_511' title='bbox 618 3749 1037 3805; x_wconf 88' lang='lat' dir='ltr'><strong>resurrectionis</strong></span> <span class='ocrx_word' id='word_1_512' title='bbox 1055 3763 1155 3818; x_wconf 89' lang='lat' dir='ltr'><strong>per</strong></span> <span class='ocrx_word' id='word_1_513' title='bbox 1175 3758 1345 3804; x_wconf 90' lang='lat' dir='ltr'><strong>totum</strong></span> <span class='ocrx_word' id='word_1_514' title='bbox 1370 3753 1631 3807; x_wconf 92' lang='lat' dir='ltr'><strong>mundum</strong></span> <span class='ocrx_word' id='word_1_515' title='bbox 1657 3754 1933 3813; x_wconf 90' lang='lat' dir='ltr'><strong>discurrit.</strong></span> 
     </span>
    </p>
   </div>
   <div class='ocr_carea' id='block_1_69' title="bbox 345 3839 1937 3918">
    <p class='ocr_par' dir='ltr' id='par_1_69' title="bbox 345 3839 1937 3918">
     <span class='ocr_line' id='line_1_69' title="bbox 345 3839 1937 3918; baseline 0.008 -28"><span class='ocrx_word' id='word_1_516' title='bbox 345 3839 481 3905; x_wconf 79' lang='lat' dir='ltr'><strong>Quid</strong></span> <span class='ocrx_word' id='word_1_517' title='bbox 522 3840 670 3894; x_wconf 92' lang='lat' dir='ltr'><strong>enim</strong></span> <span class='ocrx_word' id='word_1_518' title='bbox 726 3839 834 3895; x_wconf 91' lang='lat' dir='ltr'><strong>dici</strong></span> <span class='ocrx_word' id='word_1_519' title='bbox 878 3848 1061 3911; x_wconf 91' lang='lat' dir='ltr'><strong>potest</strong></span> <span class='ocrx_word' id='word_1_520' title='bbox 1115 3840 1374 3908; x_wconf 83' lang='lat' dir='ltr'><strong>velocius,</strong></span> <span class='ocrx_word' id='word_1_521' title='bbox 1432 3845 1670 3912; x_wconf 90' lang='lat' dir='ltr'><strong>quando,</strong></span> <span class='ocrx_word' id='word_1_522' title='bbox 1723 3846 1842 3918; x_wconf 91' lang='lat' dir='ltr'><strong>ipso</strong></span> <span class='ocrx_word' id='word_1_523' title='bbox 1882 3848 1937 3902; x_wconf 92' lang='lat' dir='ltr'><strong>in</strong></span> 
     </span>
    </p>
   </div>
   <div class='ocr_carea' id='block_1_70' title="bbox 348 3930 1935 4002">
    <p class='ocr_par' dir='ltr' id='par_1_70' title="bbox 348 3930 1935 4002">
     <span class='ocr_line' id='line_1_70' title="bbox 348 3930 1935 4002; baseline 0.006 -17"><span class='ocrx_word' id='word_1_524' title='bbox 348 3931 631 3986; x_wconf 87' lang='lat' dir='ltr'><strong>cunabulis</strong></span> <span class='ocrx_word' id='word_1_525' title='bbox 666 3930 905 4001; x_wconf 76' lang='lat' dir='ltr'><strong>iacente,</strong></span> <span class='ocrx_word' id='word_1_526' title='bbox 960 3931 1134 4002; x_wconf 88' lang='lat' dir='ltr'><strong>magis</strong></span> <span class='ocrx_word' id='word_1_527' title='bbox 1162 3947 1285 3987; x_wconf 88' lang='lat' dir='ltr'><strong>eum</strong></span> <span class='ocrx_word' id='word_1_528' title='bbox 1333 3933 1551 3991; x_wconf 89' lang='lat' dir='ltr'><strong>claritas</strong></span> <span class='ocrx_word' id='word_1_529' title='bbox 1604 3936 1773 3993; x_wconf 67' lang='lat' dir='ltr'><strong>stella:</strong></span> <span class='ocrx_word' id='word_1_530' title='bbox 1796 3955 1935 3994; x_wconf 86' lang='lat' dir='ltr'><strong>nuu-</strong></span> 
     </span>
    </p>
   </div>
   <div class='ocr_carea' id='block_1_71' title="bbox 349 4022 1939 4096">
    <p class='ocr_par' dir='ltr' id='par_1_71' title="bbox 349 4022 1939 4096">
     <span class='ocr_line' id='line_1_71' title="bbox 349 4022 1939 4096; baseline 0.006 -22"><span class='ocrx_word' id='word_1_531' title='bbox 349 4022 520 4087; x_wconf 80' lang='lat' dir='ltr'><strong>tiavit,</strong></span> <span class='ocrx_word' id='word_1_532' title='bbox 554 4029 610 4077; x_wconf 89' lang='lat' dir='ltr'><strong>et</strong></span> <span class='ocrx_word' id='word_1_533' title='bbox 629 4038 777 4087; x_wconf 81' lang='lat' dir='ltr'><strong>mox,</strong></span> <span class='ocrx_word' id='word_1_534' title='bbox 801 4029 862 4076; x_wconf 91' lang='lat' dir='ltr'><strong>ut</strong></span> <span class='ocrx_word' id='word_1_535' title='bbox 884 4030 1062 4088; x_wconf 89' lang='lat' dir='ltr'><strong>natus,</strong></span> <span class='ocrx_word' id='word_1_536' title='bbox 1097 4023 1149 4078; x_wconf 93' lang='lat' dir='ltr'><strong>in</strong></span> <span class='ocrx_word' id='word_1_537' title='bbox 1176 4023 1279 4078; x_wconf 88' lang='lat' dir='ltr'><strong>alia</strong></span> <span class='ocrx_word' id='word_1_538' title='bbox 1309 4026 1493 4080; x_wconf 86' lang='lat' dir='ltr'><strong>mundi</strong></span> <span class='ocrx_word' id='word_1_539' title='bbox 1522 4036 1678 4096; x_wconf 89' lang='lat' dir='ltr'><strong>parte</strong></span> <span class='ocrx_word' id='word_1_540' title='bbox 1703 4036 1786 4083; x_wconf 88' lang='lat' dir='ltr'><strong>est</strong></span> <span class='ocrx_word' id='word_1_541' title='bbox 1808 4045 1939 4085; x_wconf 89' lang='lat' dir='ltr'><strong>eon-</strong></span> 
     </span>
    </p>
   </div>
   <div class='ocr_carea' id='block_1_72' title="bbox 346 4112 1936 4190">
    <p class='ocr_par' dir='ltr' id='par_1_72' title="bbox 346 4112 1936 4190">
     <span class='ocr_line' id='line_1_72' title="bbox 346 4112 1936 4190; baseline 0.007 -25"><span class='ocrx_word' id='word_1_542' title='bbox 346 4119 582 4182; x_wconf 82' lang='lat' dir='ltr'><strong>spectus.</strong></span> <span class='ocrx_word' id='word_1_543' title='bbox 611 4112 744 4167; x_wconf 87' lang='lat' dir='ltr'><strong>Item</strong></span> <span class='ocrx_word' id='word_1_544' title='bbox 764 4112 909 4167; x_wconf 85' lang='lat' dir='ltr'><strong>venti</strong></span> <span class='ocrx_word' id='word_1_545' title='bbox 933 4113 1141 4169; x_wconf 87' lang='lat' dir='ltr'><strong>animas</strong></span> <span class='ocrx_word' id='word_1_546' title='bbox 1157 4114 1483 4185; x_wconf 85' lang='lat' dir='ltr'><strong>significant.</strong></span> <span class='ocrx_word' id='word_1_547' title='bbox 1502 4117 1657 4174; x_wconf 86' lang='lat' dir='ltr'><strong>Unde</strong></span> <span class='ocrx_word' id='word_1_548' title='bbox 1673 4120 1936 4190; x_wconf 90' lang='lat' dir='ltr'><strong>scriptum</strong></span> 
     </span>
    </p>
   </div>
   <div class='ocr_carea' id='block_1_73' title="bbox 347 4194 1938 4283">
    <p class='ocr_par' dir='ltr' id='par_1_73' title="bbox 347 4194 1938 4283">
     <span class='ocr_line' id='line_1_73' title="bbox 347 4194 1938 4283; baseline 0.008 -26"><span class='ocrx_word' id='word_1_549' title='bbox 347 4213 428 4259; x_wconf 88' lang='lat' dir='ltr'><strong>est</strong></span> <span class='ocrx_word' id='word_1_550' title='bbox 457 4219 473 4257; x_wconf 90' lang='lat'><strong>:</strong></span> <span class='ocrx_word' id='word_1_551' title='bbox 502 4202 609 4269; x_wconf 85' lang='lat' dir='ltr'><strong>Qui</strong></span> <span class='ocrx_word' id='word_1_552' title='bbox 630 4194 752 4274; x_wconf 76' lang='lat' dir='ltr'><strong>fecit</strong></span> <span class='ocrx_word' id='word_1_553' title='bbox 796 4206 956 4259; x_wconf 85' lang='lat' dir='ltr'><strong>ventis</strong></span> <span class='ocrx_word' id='word_1_554' title='bbox 978 4205 1182 4276; x_wconf 85' lang='lat' dir='ltr'><strong>pondus</strong></span> <span class='ocrx_word' id='word_1_555' title='bbox 1210 4206 1353 4278; x_wconf 85' lang='lat' dir='ltr'><strong>(Job.</strong></span> <span class='ocrx_word' id='word_1_556' title='bbox 1396 4209 1610 4283; x_wconf 84' lang='lat' dir='ltr'><strong>xxvut).</strong></span> <span class='ocrx_word' id='word_1_557' title='bbox 1639 4210 1938 4270; x_wconf 76' lang='lat' dir='ltr'><strong>Velocitate</strong></span> 
     </span>
    </p>
   </div>
   <div class='ocr_carea' id='block_1_74' title="bbox 349 4293 1932 4373">
    <p class='ocr_par' dir='ltr' id='par_1_74' title="bbox 349 4293 1932 4373">
     <span class='ocr_line' id='line_1_74' title="bbox 349 4293 1932 4373; baseline 0.009 -29"><span class='ocrx_word' id='word_1_558' title='bbox 349 4309 411 4347; x_wconf 79' lang='lat' dir='ltr'><strong>ac</strong></span> <span class='ocrx_word' id='word_1_559' title='bbox 469 4293 803 4350; x_wconf 86' lang='lat' dir='ltr'><strong>sublimitate</strong></span> <span class='ocrx_word' id='word_1_560' title='bbox 852 4305 1136 4351; x_wconf 89' lang='lat' dir='ltr'><strong>ventorum</strong></span> <span class='ocrx_word' id='word_1_561' title='bbox 1195 4296 1587 4356; x_wconf 72' lang='lat' dir='ltr'><strong>solentanimte</strong></span> <span class='ocrx_word' id='word_1_562' title='bbox 1632 4301 1932 4373; x_wconf 84' lang='lat' dir='ltr'><strong>designari.</strong></span> 
     </span>
    </p>
   </div>
   <div class='ocr_carea' id='block_1_75' title="bbox 348 4381 1935 4456">
    <p class='ocr_par' dir='ltr' id='par_1_75' title="bbox 348 4381 1935 4456">
     <span class='ocr_line' id='line_1_75' title="bbox 348 4381 1935 4456; baseline 0.008 -19"><span class='ocrx_word' id='word_1_563' title='bbox 348 4381 562 4441; x_wconf 81' lang='lat' dir='ltr'><strong>Pondus</strong></span> <span class='ocrx_word' id='word_1_564' title='bbox 587 4399 719 4456; x_wconf 87' lang='lat' dir='ltr'><strong>ergo</strong></span> <span class='ocrx_word' id='word_1_565' title='bbox 742 4386 1013 4456; x_wconf 89' lang='lat' dir='ltr'><strong>accipiunt</strong></span> <span class='ocrx_word' id='word_1_566' title='bbox 1041 4387 1256 4451; x_wconf 68' lang='lat' dir='ltr'><strong>animae,</strong></span> <span class='ocrx_word' id='word_1_567' title='bbox 1295 4397 1355 4443; x_wconf 90' lang='lat' dir='ltr'><strong>ut</strong></span> <span class='ocrx_word' id='word_1_568' title='bbox 1392 4389 1461 4444; x_wconf 89' lang='lat' dir='ltr'><strong>ab</strong></span> <span class='ocrx_word' id='word_1_569' title='bbox 1502 4392 1798 4448; x_wconf 88' lang='lat' dir='ltr'><strong>intentione</strong></span> <span class='ocrx_word' id='word_1_570' title='bbox 1841 4395 1935 4450; x_wconf 85' lang='lat' dir='ltr'><strong>Dei</strong></span> 
     </span>
    </p>
   </div>
   <div class='ocr_carea' id='block_1_76' title="bbox 350 4473 1937 4545">
    <p class='ocr_par' dir='ltr' id='par_1_76' title="bbox 350 4473 1937 4545">
     <span class='ocr_line' id='line_1_76' title="bbox 350 4473 1937 4545; baseline 0.008 -20"><span class='ocrx_word' id='word_1_571' title='bbox 350 4490 450 4529; x_wconf 87' lang='lat' dir='ltr'><strong>non</strong></span> <span class='ocrx_word' id='word_1_572' title='bbox 470 4473 585 4545; x_wconf 83' lang='lat' dir='ltr'><strong>jam</strong></span> <span class='ocrx_word' id='word_1_573' title='bbox 606 4474 711 4529; x_wconf 86' lang='lat' dir='ltr'><strong>levi</strong></span> <span class='ocrx_word' id='word_1_574' title='bbox 739 4483 884 4529; x_wconf 90' lang='lat' dir='ltr'><strong>motu</strong></span> <span class='ocrx_word' id='word_1_575' title='bbox 907 4475 1179 4542; x_wconf 77' lang='lat' dir='ltr'><strong>desiliunt,</strong></span> <span class='ocrx_word' id='word_1_576' title='bbox 1197 4477 1289 4532; x_wconf 90' lang='lat' dir='ltr'><strong>sed</strong></span> <span class='ocrx_word' id='word_1_577' title='bbox 1319 4478 1372 4532; x_wconf 92' lang='lat' dir='ltr'><strong>in</strong></span> <span class='ocrx_word' id='word_1_578' title='bbox 1402 4493 1525 4533; x_wconf 91' lang='lat' dir='ltr'><strong>eum</strong></span> <span class='ocrx_word' id='word_1_579' title='bbox 1558 4478 1661 4535; x_wconf 79' lang='lat' dir='ltr'><strong>fixa</strong></span> <span class='ocrx_word' id='word_1_580' title='bbox 1684 4492 1937 4537; x_wconf 88' lang='lat' dir='ltr'><strong>constan-</strong></span> 
     </span>
    </p>
   </div>
   <div class='ocr_carea' id='block_1_77' title="bbox 2040 3287 3633 3356">
    <p class='ocr_par' dir='ltr' id='par_1_77' title="bbox 2040 3287 3633 3356">
     <span class='ocr_line' id='line_1_77' title="bbox 2040 3287 3633 3356; baseline 0.007 -17"><span class='ocrx_word' id='word_1_581' title='bbox 2040 3292 2127 3339; x_wconf 85' lang='lat' dir='ltr'><strong>tns</strong></span> <span class='ocrx_word' id='word_1_582' title='bbox 2156 3287 2447 3356; x_wconf 89' lang='lat' dir='ltr'><strong>reperitur,</strong></span> <span class='ocrx_word' id='word_1_583' title='bbox 2473 3302 2597 3342; x_wconf 89' lang='lat' dir='ltr'><strong>cum</strong></span> <span class='ocrx_word' id='word_1_584' title='bbox 2632 3289 2825 3345; x_wconf 90' lang='lat' dir='ltr'><strong>mortis</strong></span> <span class='ocrx_word' id='word_1_585' title='bbox 2853 3288 3058 3347; x_wconf 86' lang='lat' dir='ltr'><strong>Christi</strong></span> <span class='ocrx_word' id='word_1_586' title='bbox 3095 3299 3151 3346; x_wconf 88' lang='lat' dir='ltr'><strong>et</strong></span> <span class='ocrx_word' id='word_1_587' title='bbox 3177 3293 3293 3348; x_wconf 84' lang='lat' dir='ltr'><strong>veri</strong></span> <span class='ocrx_word' id='word_1_588' title='bbox 3318 3293 3448 3349; x_wconf 88' lang='lat' dir='ltr'><strong>solis</strong></span> <span class='ocrx_word' id='word_1_589' title='bbox 3471 3309 3633 3349; x_wconf 87' lang='lat' dir='ltr'><strong>occu-</strong></span> 
     </span>
    </p>
   </div>
   <div class='ocr_carea' id='block_1_78' title="bbox 2035 3377 3635 3456">
    <p class='ocr_par' dir='ltr' id='par_1_78' title="bbox 2035 3377 3635 3456">
     <span class='ocr_line' id='line_1_78' title="bbox 2035 3377 3635 3456; baseline 0.007 -23"><span class='ocrx_word' id='word_1_590' title='bbox 2035 3377 2209 3433; x_wconf 88' lang='lat' dir='ltr'><strong>bitum</strong></span> <span class='ocrx_word' id='word_1_591' title='bbox 2232 3378 2525 3449; x_wconf 78' lang='lat' dir='ltr'><strong>significat,</strong></span> <span class='ocrx_word' id='word_1_592' title='bbox 2553 3381 2695 3436; x_wconf 89' lang='lat' dir='ltr'><strong>unde</strong></span> <span class='ocrx_word' id='word_1_593' title='bbox 2729 3383 2972 3437; x_wconf 88' lang='lat' dir='ltr'><strong>omnium</strong></span> <span class='ocrx_word' id='word_1_594' title='bbox 3003 3384 3248 3456; x_wconf 84' lang='lat' dir='ltr'><strong>germina</strong></span> <span class='ocrx_word' id='word_1_595' title='bbox 3288 3386 3550 3443; x_wconf 85' lang='lat' dir='ltr'><strong>virtutum</strong></span> <span class='ocrx_word' id='word_1_596' title='bbox 3576 3401 3635 3444; x_wconf 87' lang='lat' dir='ltr'><strong>et</strong></span> 
     </span>
    </p>
   </div>
   <div class='ocr_carea' id='block_1_79' title="bbox 2036 3470 3630 3544">
    <p class='ocr_par' dir='ltr' id='par_1_79' title="bbox 2036 3470 3630 3544">
     <span class='ocr_line' id='line_1_79' title="bbox 2036 3470 3630 3544; baseline 0.006 -17"><span class='ocrx_word' id='word_1_597' title='bbox 2036 3470 2301 3527; x_wconf 84' lang='lat' dir='ltr'><strong>bonorum</strong></span> <span class='ocrx_word' id='word_1_598' title='bbox 2330 3487 2555 3544; x_wconf 90' lang='lat' dir='ltr'><strong>operum</strong></span> <span class='ocrx_word' id='word_1_599' title='bbox 2579 3474 2633 3529; x_wconf 92' lang='lat' dir='ltr'><strong>in</strong></span> <span class='ocrx_word' id='word_1_600' title='bbox 2664 3477 2866 3532; x_wconf 90' lang='lat' dir='ltr'><strong>mundo</strong></span> <span class='ocrx_word' id='word_1_601' title='bbox 2895 3486 3213 3534; x_wconf 88' lang='lat' dir='ltr'><strong>nascuntur.</strong></span> <span class='ocrx_word' id='word_1_602' title='bbox 3267 3478 3419 3536; x_wconf 89' lang='lat' dir='ltr'><strong>Tunc</strong></span> <span class='ocrx_word' id='word_1_603' title='bbox 3445 3488 3630 3537; x_wconf 89' lang='lat' dir='ltr'><strong>autem</strong></span> 
     </span>
    </p>
   </div>
   <div class='ocr_carea' id='block_1_80' title="bbox 2040 3562 3628 3638">
    <p class='ocr_par' dir='ltr' id='par_1_80' title="bbox 2040 3562 3628 3638">
     <span class='ocr_line' id='line_1_80' title="bbox 2040 3562 3628 3638; baseline 0.007 -21"><span class='ocrx_word' id='word_1_604' title='bbox 2040 3562 2094 3617; x_wconf 89' lang='lat' dir='ltr'><strong>in</strong></span> <span class='ocrx_word' id='word_1_605' title='bbox 2126 3565 2455 3621; x_wconf 87' lang='lat' dir='ltr'><strong>contrariam</strong></span> <span class='ocrx_word' id='word_1_606' title='bbox 2509 3573 2717 3637; x_wconf 88' lang='lat' dir='ltr'><strong>partem</strong></span> <span class='ocrx_word' id='word_1_607' title='bbox 2758 3569 2997 3638; x_wconf 89' lang='lat' dir='ltr'><strong>ponitur,</strong></span> <span class='ocrx_word' id='word_1_608' title='bbox 3033 3585 3155 3625; x_wconf 93' lang='lat' dir='ltr'><strong>cum</strong></span> <span class='ocrx_word' id='word_1_609' title='bbox 3212 3570 3454 3629; x_wconf 90' lang='lat' dir='ltr'><strong>melioris</strong></span> <span class='ocrx_word' id='word_1_610' title='bbox 3503 3575 3628 3628; x_wconf 75' lang='lat' dir='ltr'><strong>vita:</strong></span> 
     </span>
    </p>
   </div>
   <div class='ocr_carea' id='block_1_81' title="bbox 2039 3652 3631 3734">
    <p class='ocr_par' dir='ltr' id='par_1_81' title="bbox 2039 3652 3631 3734">
     <span class='ocr_line' id='line_1_81' title="bbox 2039 3652 3631 3734; baseline 0.008 -25"><span class='ocrx_word' id='word_1_611' title='bbox 2039 3652 2307 3710; x_wconf 88' lang='lat' dir='ltr'><strong>defectum</strong></span> <span class='ocrx_word' id='word_1_612' title='bbox 2329 3656 2615 3727; x_wconf 85' lang='lat' dir='ltr'><strong>significat.</strong></span> <span class='ocrx_word' id='word_1_613' title='bbox 2650 3657 2803 3716; x_wconf 91' lang='lat' dir='ltr'><strong>Unde</strong></span> <span class='ocrx_word' id='word_1_614' title='bbox 2838 3660 2893 3714; x_wconf 91' lang='lat' dir='ltr'><strong>in</strong></span> <span class='ocrx_word' id='word_1_615' title='bbox 2941 3662 3201 3732; x_wconf 89' lang='lat' dir='ltr'><strong>propheta</strong></span> <span class='ocrx_word' id='word_1_616' title='bbox 3253 3665 3631 3734; x_wconf 84' lang='lat' dir='ltr'><strong>peccatoribus</strong></span> 
     </span>
    </p>
   </div>
   <div class='ocr_carea' id='block_1_82' title="bbox 2037 3738 3645 3827">
    <p class='ocr_par' dir='ltr' id='par_1_82' title="bbox 2037 3738 3645 3827">
     <span class='ocr_line' id='line_1_82' title="bbox 2037 3738 3645 3827; baseline 0.007 -26"><span class='ocrx_word' id='word_1_617' title='bbox 2037 3745 2239 3803; x_wconf 87' lang='lat' dir='ltr'><strong>dicitur</strong></span> <span class='ocrx_word' id='word_1_618' title='bbox 2265 3762 2281 3803; x_wconf 92' lang='lat'><strong>:</strong></span> <span class='ocrx_word' id='word_1_619' title='bbox 2309 3746 2520 3803; x_wconf 83' lang='lat' dir='ltr'><strong>Occidet</strong></span> <span class='ocrx_word' id='word_1_620' title='bbox 2539 3749 2680 3805; x_wconf 82' lang='lat' dir='ltr'><strong>vobis</strong></span> <span class='ocrx_word' id='word_1_621' title='bbox 2701 3750 2780 3805; x_wconf 89' lang='lat' dir='ltr'><strong>sol</strong></span> <span class='ocrx_word' id='word_1_622' title='bbox 2803 3753 3018 3807; x_wconf 81' lang='lat' dir='ltr'><strong>meridie</strong></span> <span class='ocrx_word' id='word_1_623' title='bbox 3040 3753 3223 3827; x_wconf 84' lang='lat' dir='ltr'><strong>(Amos</strong></span> <span class='ocrx_word' id='word_1_624' title='bbox 3265 3756 3406 3821; x_wconf 86' lang='lat' dir='ltr'><strong>vnt).</strong></span> <span class='ocrx_word' id='word_1_625' title='bbox 3432 3738 3645 3827; x_wconf 81' lang='lat' dir='ltr'><strong>Aquilo</strong></span> 
     </span>
    </p>
   </div>
   <div class='ocr_carea' id='block_1_83' title="bbox 2038 3837 3627 3918">
    <p class='ocr_par' dir='ltr' id='par_1_83' title="bbox 2038 3837 3627 3918">
     <span class='ocr_line' id='line_1_83' title="bbox 2038 3837 3627 3918; baseline 0.006 -24"><span class='ocrx_word' id='word_1_626' title='bbox 2038 3837 2217 3894; x_wconf 89' lang='lat' dir='ltr'><strong>dictus</strong></span> <span class='ocrx_word' id='word_1_627' title='bbox 2252 3854 2319 3895; x_wconf 90' lang='lat' dir='ltr'><strong>eo</strong></span> <span class='ocrx_word' id='word_1_628' title='bbox 2365 3840 2507 3910; x_wconf 89' lang='lat' dir='ltr'><strong>quod</strong></span> <span class='ocrx_word' id='word_1_629' title='bbox 2554 3855 2726 3910; x_wconf 88' lang='lat' dir='ltr'><strong>aquas</strong></span> <span class='ocrx_word' id='word_1_630' title='bbox 2758 3841 2990 3914; x_wconf 85' lang='lat' dir='ltr'><strong>stringat</strong></span> <span class='ocrx_word' id='word_1_631' title='bbox 3030 3854 3085 3899; x_wconf 86' lang='lat' dir='ltr'><strong>et</strong></span> <span class='ocrx_word' id='word_1_632' title='bbox 3137 3846 3307 3901; x_wconf 85' lang='lat' dir='ltr'><strong>nubes</strong></span> <span class='ocrx_word' id='word_1_633' title='bbox 3357 3847 3627 3918; x_wconf 85' lang='lat' dir='ltr'><strong>dissipet:</strong></span> 
     </span>
    </p>
   </div>
   <div class='ocr_carea' id='block_1_84' title="bbox 2038 3930 3626 4006">
    <p class='ocr_par' dir='ltr' id='par_1_84' title="bbox 2038 3930 3626 4006">
     <span class='ocr_line' id='line_1_84' title="bbox 2038 3930 3626 4006; baseline 0.004 -21"><span class='ocrx_word' id='word_1_634' title='bbox 2038 3930 2246 4001; x_wconf 86' lang='lat' dir='ltr'><strong>gelidus</strong></span> <span class='ocrx_word' id='word_1_635' title='bbox 2265 3940 2350 3986; x_wconf 87' lang='lat' dir='ltr'><strong>est</strong></span> <span class='ocrx_word' id='word_1_636' title='bbox 2368 3932 2513 3986; x_wconf 89' lang='lat' dir='ltr'><strong>enim</strong></span> <span class='ocrx_word' id='word_1_637' title='bbox 2526 3939 2721 3987; x_wconf 88' lang='lat' dir='ltr'><strong>ventus</strong></span> <span class='ocrx_word' id='word_1_638' title='bbox 2735 3942 2789 3987; x_wconf 89' lang='lat' dir='ltr'><strong>ct</strong></span> <span class='ocrx_word' id='word_1_639' title='bbox 2816 3934 3013 3989; x_wconf 88' lang='lat' dir='ltr'><strong>siccus.</strong></span> <span class='ocrx_word' id='word_1_640' title='bbox 3040 3934 3319 4006; x_wconf 85' lang='lat' dir='ltr'><strong>Significat</strong></span> <span class='ocrx_word' id='word_1_641' title='bbox 3342 3947 3524 3993; x_wconf 88' lang='lat' dir='ltr'><strong>autem</strong></span> <span class='ocrx_word' id='word_1_642' title='bbox 3543 3937 3626 3994; x_wconf 86' lang='lat' dir='ltr'><strong>vel</strong></span> 
     </span>
    </p>
   </div>
   <div class='ocr_carea' id='block_1_85' title="bbox 2038 4021 3631 4098">
    <p class='ocr_par' dir='ltr' id='par_1_85' title="bbox 2038 4021 3631 4098">
     <span class='ocr_line' id='line_1_85' title="bbox 2038 4021 3631 4098; baseline 0.005 -21"><span class='ocrx_word' id='word_1_643' title='bbox 2038 4021 2311 4077; x_wconf 86' lang='lat' dir='ltr'><strong>diabolum</strong></span> <span class='ocrx_word' id='word_1_644' title='bbox 2332 4023 2418 4077; x_wconf 83' lang='lat' dir='ltr'><strong>vel</strong></span> <span class='ocrx_word' id='word_1_645' title='bbox 2445 4024 2688 4079; x_wconf 88' lang='lat' dir='ltr'><strong>homines</strong></span> <span class='ocrx_word' id='word_1_646' title='bbox 2711 4024 2979 4091; x_wconf 86' lang='lat' dir='ltr'><strong>infideles,</strong></span> <span class='ocrx_word' id='word_1_647' title='bbox 3031 4036 3091 4080; x_wconf 89' lang='lat' dir='ltr'><strong>ut</strong></span> <span class='ocrx_word' id='word_1_648' title='bbox 3126 4028 3426 4098; x_wconf 87' lang='lat' dir='ltr'><strong>iniquitatis</strong></span> <span class='ocrx_word' id='word_1_649' title='bbox 3454 4030 3631 4085; x_wconf 83' lang='lat' dir='ltr'><strong>abun-</strong></span> 
     </span>
    </p>
   </div>
   <div class='ocr_carea' id='block_1_86' title="bbox 2037 4112 3627 4189">
    <p class='ocr_par' dir='ltr' id='par_1_86' title="bbox 2037 4112 3627 4189">
     <span class='ocr_line' id='line_1_86' title="bbox 2037 4112 3627 4189; baseline 0.004 -21"><span class='ocrx_word' id='word_1_650' title='bbox 2037 4112 2279 4168; x_wconf 91' lang='lat' dir='ltr'><strong>dantiam</strong></span> <span class='ocrx_word' id='word_1_651' title='bbox 2314 4121 2370 4167; x_wconf 89' lang='lat' dir='ltr'><strong>et</strong></span> <span class='ocrx_word' id='word_1_652' title='bbox 2413 4113 2683 4169; x_wconf 87' lang='lat' dir='ltr'><strong>defectum</strong></span> <span class='ocrx_word' id='word_1_653' title='bbox 2709 4115 3011 4171; x_wconf 77' lang='lat' dir='ltr'><strong>cbaritatis.</strong></span> <span class='ocrx_word' id='word_1_654' title='bbox 3055 4116 3206 4172; x_wconf 89' lang='lat' dir='ltr'><strong>Unde</strong></span> <span class='ocrx_word' id='word_1_655' title='bbox 3238 4120 3498 4189; x_wconf 85' lang='lat' dir='ltr'><strong>scriptum</strong></span> <span class='ocrx_word' id='word_1_656' title='bbox 3540 4128 3627 4177; x_wconf 86' lang='lat' dir='ltr'><strong>est</strong></span> 
     </span>
    </p>
   </div>
   <div class='ocr_carea' id='block_1_87' title="bbox 2038 4205 3630 4279">
    <p class='ocr_par' dir='ltr' id='par_1_87' title="bbox 2038 4205 3630 4279">
     <span class='ocr_line' id='line_1_87' title="bbox 2038 4205 3630 4279; baseline 0.006 -19"><span class='ocrx_word' id='word_1_657' title='bbox 2038 4206 2093 4261; x_wconf 89' lang='lat' dir='ltr'><strong>in</strong></span> <span class='ocrx_word' id='word_1_658' title='bbox 2140 4205 2404 4276; x_wconf 88' lang='lat' dir='ltr'><strong>propheta</strong></span> <span class='ocrx_word' id='word_1_659' title='bbox 2439 4223 2451 4260; x_wconf 93' lang='lat'><strong>:</strong></span> <span class='ocrx_word' id='word_1_660' title='bbox 2482 4206 2560 4260; x_wconf 87' lang='lat' dir='ltr'><strong>Ab</strong></span> <span class='ocrx_word' id='word_1_661' title='bbox 2608 4206 2855 4277; x_wconf 86' lang='lat' dir='ltr'><strong>aquilone</strong></span> <span class='ocrx_word' id='word_1_662' title='bbox 2893 4209 3228 4264; x_wconf 74' lang='lat' dir='ltr'><strong>exardescent</strong></span> <span class='ocrx_word' id='word_1_663' title='bbox 3278 4210 3423 4266; x_wconf 89' lang='lat' dir='ltr'><strong>mala</strong></span> <span class='ocrx_word' id='word_1_664' title='bbox 3467 4227 3630 4279; x_wconf 67' lang='grc' dir='ltr'><strong>ευμεν</strong></span> 
     </span>
    </p>
   </div>
   <div class='ocr_carea' id='block_1_88' title="bbox 2039 4287 2893 4369">
    <p class='ocr_par' dir='ltr' id='par_1_88' title="bbox 2039 4287 2893 4369">
     <span class='ocr_line' id='line_1_88' title="bbox 2039 4287 2893 4369; baseline 0.002 -19"><span class='ocrx_word' id='word_1_665' title='bbox 2039 4295 2390 4369; x_wconf 58' lang='grc' dir='ltr'><strong>ιετναηινυεα.</strong></span> <span class='ocrx_word' id='word_1_666' title='bbox 2413 4296 2547 4369; x_wconf 62' lang='grc' dir='ltr'><strong>ειν).</strong></span> <span class='ocrx_word' id='word_1_667' title='bbox 2874 4287 2893 4302; x_wconf 72' lang='grc'><strong>’</strong></span> 
     </span>
    </p>
   </div>
   <div class='ocr_carea' id='block_1_89' title="bbox 2124 4372 3050 4445">
    <p class='ocr_par' dir='ltr' id='par_1_89' title="bbox 2124 4372 3050 4445">
     <span class='ocr_line' id='line_1_89' title="bbox 2124 4372 3050 4445; baseline 0.001 -4"><span class='ocrx_word' id='word_1_668' title='bbox 2124 4372 2127 4377; x_wconf 83' lang='grc'><em>’</em></span> <span class='ocrx_word' id='word_1_669' title='bbox 2595 4387 2824 4444; x_wconf 76' lang='lat' dir='ltr'><strong>CAPUT</strong></span> <span class='ocrx_word' id='word_1_670' title='bbox 2860 4388 3050 4445; x_wconf 78' lang='lat' dir='ltr'><strong>XXVI.</strong></span> 
     </span>
    </p>
   </div>
   <div class='ocr_carea' id='block_1_90' title="bbox 2550 4478 3097 4534">
    <p class='ocr_par' dir='ltr' id='par_1_90' title="bbox 2550 4478 3097 4534">
     <span class='ocr_line' id='line_1_90' title="bbox 2550 4478 3097 4534; baseline 0.004 -2"><span class='ocrx_word' id='word_1_671' title='bbox 2550 4478 2628 4533; x_wconf 88' lang='lat' dir='ltr'><strong>De</strong></span> <span class='ocrx_word' id='word_1_672' title='bbox 2657 4494 2791 4532; x_wconf 85' lang='lat' dir='ltr'><strong>aura</strong></span> <span class='ocrx_word' id='word_1_673' title='bbox 2817 4487 2867 4533; x_wconf 87' lang='lat' dir='ltr'><strong>et</strong></span> <span class='ocrx_word' id='word_1_674' title='bbox 2895 4478 3097 4534; x_wconf 89' lang='lat' dir='ltr'><strong>altano.</strong></span> 
     </span>
    </p>
   </div>
   <div class='ocr_carea' id='block_1_91' title="bbox 352 4558 3622 4642">
    <p class='ocr_par' dir='ltr' id='par_1_91' title="bbox 352 4558 3622 4642">
     <span class='ocr_line' id='line_1_91' title="bbox 352 4558 3622 4642; baseline 0.006 -24"><span class='ocrx_word' id='word_1_675' title='bbox 352 4565 436 4619; x_wconf 70' lang='lat' dir='ltr'><strong>the</strong></span> <span class='ocrx_word' id='word_1_676' title='bbox 481 4566 750 4637; x_wconf 81' lang='lat' dir='ltr'><strong>gravitate</strong></span> <span class='ocrx_word' id='word_1_677' title='bbox 794 4567 1115 4621; x_wconf 85' lang='lat' dir='ltr'><strong>consistant.</strong></span> <span class='ocrx_word' id='word_1_678' title='bbox 1158 4567 1253 4622; x_wconf 79' lang='lat' dir='ltr'><strong>Vel</strong></span> <span class='ocrx_word' id='word_1_679' title='bbox 1306 4578 1454 4624; x_wconf 89' lang='lat' dir='ltr'><strong>certe</strong></span> <span class='ocrx_word' id='word_1_680' title='bbox 1500 4571 1676 4626; x_wconf 81' lang='lat' dir='ltr'><strong>ventis</strong></span> <span class='ocrx_word' id='word_1_681' title='bbox 1726 4575 1936 4642; x_wconf 87' lang='lat' dir='ltr'><strong>pondus</strong></span> <span class='ocrx_word' id='word_1_682' title='bbox 1964 4558 2014 4617; x_wconf 76' lang='grc' dir='ltr'>Π</span> <span class='ocrx_word' id='word_1_683' title='bbox 2108 4568 2254 4623; x_wconf 70' lang='lat' dir='ltr'><strong>Aura</strong></span> <span class='ocrx_word' id='word_1_684' title='bbox 2283 4583 2350 4623; x_wconf 73' lang='lat'><strong>80</strong></span> <span class='ocrx_word' id='word_1_685' title='bbox 2377 4583 2506 4624; x_wconf 64' lang='lat' dir='ltr'><strong>aere</strong></span> <span class='ocrx_word' id='word_1_686' title='bbox 2527 4569 2689 4634; x_wconf 60' lang='lat' dir='ltr'><strong>diem:</strong></span> <span class='ocrx_word' id='word_1_687' title='bbox 2716 4568 2870 4639; x_wconf 72' lang='grc' dir='ltr'><strong>(ιιιειδί</strong></span> <span class='ocrx_word' id='word_1_688' title='bbox 2893 4569 3064 4635; x_wconf 61' lang='lat' dir='ltr'><strong>aeria.</strong></span> <span class='ocrx_word' id='word_1_689' title='bbox 3092 4570 3236 4640; x_wconf 74' lang='lat' dir='ltr'><strong>fll|0d</strong></span> <span class='ocrx_word' id='word_1_690' title='bbox 3256 4570 3390 4629; x_wconf 76' lang='grc' dir='ltr'><strong>Ῐθνίε</strong></span> <span class='ocrx_word' id='word_1_691' title='bbox 3413 4573 3486 4630; x_wconf 77' lang='lat' dir='ltr'><strong>Sil</strong></span> <span class='ocrx_word' id='word_1_692' title='bbox 3504 4589 3622 4632; x_wconf 87' lang='lat' dir='ltr'><strong>m0-</strong></span> 
     </span>
    </p>
   </div>
   <div class='ocr_carea' id='block_1_92' title="bbox 352 4659 1935 4736">
    <p class='ocr_par' dir='ltr' id='par_1_92' title="bbox 352 4659 1935 4736">
     <span class='ocr_line' id='line_1_92' title="bbox 352 4659 1935 4736; baseline 0.004 -23"><span class='ocrx_word' id='word_1_693' title='bbox 352 4659 527 4716; x_wconf 86' lang='lat' dir='ltr'><strong>l&#39;.-.cere</strong></span> <span class='ocrx_word' id='word_1_694' title='bbox 553 4668 655 4721; x_wconf 84' lang='lat' dir='ltr'><strong>est.</strong></span> <span class='ocrx_word' id='word_1_695' title='bbox 688 4674 1003 4715; x_wconf 84' lang='lat' dir='ltr'><strong>concessam</strong></span> <span class='ocrx_word' id='word_1_696' title='bbox 1033 4660 1124 4715; x_wconf 90' lang='lat' dir='ltr'><strong>hic</strong></span> <span class='ocrx_word' id='word_1_697' title='bbox 1151 4660 1340 4716; x_wconf 85' lang='lat' dir='ltr'><strong>electis</strong></span> <span class='ocrx_word' id='word_1_698' title='bbox 1389 4662 1457 4717; x_wconf 71' lang='lat' dir='ltr'><strong>de</strong></span> <span class='ocrx_word' id='word_1_699' title='bbox 1504 4663 1794 4719; x_wconf 88' lang='lat' dir='ltr'><strong>virtutibus</strong></span> <span class='ocrx_word' id='word_1_700' title='bbox 1824 4665 1935 4736; x_wconf 86' lang='lat' dir='ltr'><strong>glo-</strong></span> 
     </span>
    </p>
   </div>
   <div class='ocr_carea' id='block_1_93' title="bbox 355 4750 1931 4823">
    <p class='ocr_par' dir='ltr' id='par_1_93' title="bbox 355 4750 1931 4823">
     <span class='ocr_line' id='line_1_93' title="bbox 355 4750 1931 4823; baseline 0.001 -15"><span class='ocrx_word' id='word_1_701' title='bbox 355 4753 485 4809; x_wconf 86' lang='lat' dir='ltr'><strong>riam</strong></span> <span class='ocrx_word' id='word_1_702' title='bbox 513 4752 775 4823; x_wconf 86' lang='lat' dir='ltr'><strong>permista</strong></span> <span class='ocrx_word' id='word_1_703' title='bbox 802 4750 1122 4806; x_wconf 80' lang='lat' dir='ltr'><strong>infirmitate</strong></span> <span class='ocrx_word' id='word_1_704' title='bbox 1163 4758 1487 4820; x_wconf 87' lang='lat' dir='ltr'><strong>temperare.</strong></span> <span class='ocrx_word' id='word_1_705' title='bbox 1520 4752 1574 4807; x_wconf 91' lang='lat' dir='ltr'><strong>In</strong></span> <span class='ocrx_word' id='word_1_706' title='bbox 1606 4756 1931 4810; x_wconf 87' lang='lat' dir='ltr'><strong>contrariam</strong></span> 
     </span>
    </p>
   </div>
   <div class='ocr_carea' id='block_1_94' title="bbox 350 4840 1934 4916">
    <p class='ocr_par' dir='ltr' id='par_1_94' title="bbox 350 4840 1934 4916">
     <span class='ocr_line' id='line_1_94' title="bbox 350 4840 1934 4916; baseline 0.002 -17"><span class='ocrx_word' id='word_1_707' title='bbox 350 4859 474 4899; x_wconf 83' lang='lat' dir='ltr'><strong>vero</strong></span> <span class='ocrx_word' id='word_1_708' title='bbox 491 4851 700 4914; x_wconf 89' lang='lat' dir='ltr'><strong>partem</strong></span> <span class='ocrx_word' id='word_1_709' title='bbox 733 4851 925 4899; x_wconf 74' lang='lat' dir='ltr'><strong>ventus</strong></span> <span class='ocrx_word' id='word_1_710' title='bbox 951 4840 1190 4912; x_wconf 87' lang='lat' dir='ltr'><strong>punitur,</strong></span> <span class='ocrx_word' id='word_1_711' title='bbox 1241 4849 1301 4895; x_wconf 90' lang='lat' dir='ltr'><strong>ut</strong></span> <span class='ocrx_word' id='word_1_712' title='bbox 1322 4850 1405 4898; x_wconf 88' lang='lat' dir='ltr'><strong>est</strong></span> <span class='ocrx_word' id='word_1_713' title='bbox 1442 4843 1569 4898; x_wconf 88' lang='lat' dir='ltr'><strong>illud</strong></span> <span class='ocrx_word' id='word_1_714' title='bbox 1594 4843 1648 4899; x_wconf 90' lang='lat' dir='ltr'><strong>in</strong></span> <span class='ocrx_word' id='word_1_715' title='bbox 1692 4844 1934 4916; x_wconf 86' lang='lat' dir='ltr'><strong>Evange-</strong></span> 
     </span>
    </p>
   </div>
   <div class='ocr_carea' id='block_1_95' title="bbox 352 4930 1931 5003">
    <p class='ocr_par' dir='ltr' id='par_1_95' title="bbox 352 4930 1931 5003">
     <span class='ocr_line' id='line_1_95' title="bbox 352 4930 1931 5003; baseline 0.002 -15"><span class='ocrx_word' id='word_1_716' title='bbox 352 4933 419 4988; x_wconf 88' lang='lat' dir='ltr'><strong>lio</strong></span> <span class='ocrx_word' id='word_1_717' title='bbox 451 4951 464 4988; x_wconf 93' lang='lat'><strong>:</strong></span> <span class='ocrx_word' id='word_1_718' title='bbox 499 4931 774 4987; x_wconf 84' lang='lat' dir='ltr'><strong>Descendit</strong></span> <span class='ocrx_word' id='word_1_719' title='bbox 799 4930 997 5001; x_wconf 84' lang='lat' dir='ltr'><strong>pluvia,</strong></span> <span class='ocrx_word' id='word_1_720' title='bbox 1038 4940 1085 4985; x_wconf 88' lang='lat' dir='ltr'><strong>et</strong></span> <span class='ocrx_word' id='word_1_721' title='bbox 1132 4941 1380 4985; x_wconf 76' lang='lat' dir='ltr'><strong>uenerunt</strong></span> <span class='ocrx_word' id='word_1_722' title='bbox 1410 4933 1648 5002; x_wconf 82' lang='lat' dir='ltr'><strong>ﬂumina,</strong></span> <span class='ocrx_word' id='word_1_723' title='bbox 1672 4934 1931 5003; x_wconf 78' lang='lat' dir='ltr'><strong>ﬂaverant</strong></span> 
     </span>
    </p>
   </div>
   <div class='ocr_carea' id='block_1_96' title="bbox 350 5021 1929 5097">
    <p class='ocr_par' dir='ltr' id='par_1_96' title="bbox 350 5021 1929 5097">
     <span class='ocr_line' id='line_1_96' title="bbox 350 5021 1929 5097; baseline 0.006 -24"><span class='ocrx_word' id='word_1_724' title='bbox 350 5025 502 5090; x_wconf 77' lang='lat' dir='ltr'><strong>renti,</strong></span> <span class='ocrx_word' id='word_1_725' title='bbox 534 5034 580 5077; x_wconf 85' lang='lat' dir='ltr'><strong>et</strong></span> <span class='ocrx_word' id='word_1_726' title='bbox 602 5024 869 5076; x_wconf 85' lang='lat' dir='ltr'><strong>irruerunt</strong></span> <span class='ocrx_word' id='word_1_727' title='bbox 911 5022 965 5075; x_wconf 88' lang='lat' dir='ltr'><strong>in</strong></span> <span class='ocrx_word' id='word_1_728' title='bbox 991 5021 1205 5075; x_wconf 88' lang='lat' dir='ltr'><strong>domum</strong></span> <span class='ocrx_word' id='word_1_729' title='bbox 1249 5021 1396 5074; x_wconf 82' lang='lat' dir='ltr'><strong>illam</strong></span> <span class='ocrx_word' id='word_1_730' title='bbox 1427 5022 1641 5095; x_wconf 75' lang='lat' dir='ltr'><strong>(Matth.</strong></span> <span class='ocrx_word' id='word_1_731' title='bbox 1673 5026 1790 5097; x_wconf 80' lang='lat' dir='ltr'><strong>vn).</strong></span> <span class='ocrx_word' id='word_1_732' title='bbox 1829 5025 1929 5083; x_wconf 86' lang='lat' dir='ltr'><strong>Hic</strong></span> 
     </span>
    </p>
   </div>
   <div class='ocr_carea' id='block_1_97' title="bbox 349 5109 1929 5187">
    <p class='ocr_par' dir='ltr' id='par_1_97' title="bbox 349 5109 1929 5187">
     <span class='ocr_line' id='line_1_97' title="bbox 349 5109 1929 5187; baseline 0 -18"><span class='ocrx_word' id='word_1_733' title='bbox 349 5130 443 5187; x_wconf 87' lang='lat' dir='ltr'><strong>per</strong></span> <span class='ocrx_word' id='word_1_734' title='bbox 464 5114 698 5185; x_wconf 88' lang='lat' dir='ltr'><strong>pluviam</strong></span> <span class='ocrx_word' id='word_1_735' title='bbox 722 5110 1067 5164; x_wconf 87' lang='lat' dir='ltr'><strong>multimodas</strong></span> <span class='ocrx_word' id='word_1_736' title='bbox 1087 5109 1283 5164; x_wconf 82' lang='lat' dir='ltr'><strong>diaboli</strong></span> <span class='ocrx_word' id='word_1_737' title='bbox 1319 5113 1663 5177; x_wconf 88' lang='lat' dir='ltr'><strong>tentationes,</strong></span> <span class='ocrx_word' id='word_1_738' title='bbox 1712 5128 1810 5184; x_wconf 90' lang='lat' dir='ltr'><strong>per</strong></span> <span class='ocrx_word' id='word_1_739' title='bbox 1832 5114 1929 5170; x_wconf 79' lang='grc' dir='ltr'><strong>Πυ-</strong></span> 
     </span>
    </p>
   </div>
   <div class='ocr_carea' id='block_1_98' title="bbox 348 5199 1930 5273">
    <p class='ocr_par' dir='ltr' id='par_1_98' title="bbox 348 5199 1930 5273">
     <span class='ocr_line' id='line_1_98' title="bbox 348 5199 1930 5273; baseline -0.001 -12"><span class='ocrx_word' id='word_1_740' title='bbox 348 5207 489 5261; x_wconf 87' lang='lat' dir='ltr'><strong>mina</strong></span> <span class='ocrx_word' id='word_1_741' title='bbox 517 5208 736 5273; x_wconf 88' lang='lat' dir='ltr'><strong>apertas</strong></span> <span class='ocrx_word' id='word_1_742' title='bbox 777 5199 1200 5270; x_wconf 84' lang='lat' dir='ltr'><strong>manifestasque</strong></span> <span class='ocrx_word' id='word_1_743' title='bbox 1229 5202 1653 5270; x_wconf 89' lang='lat' dir='ltr'><strong>persecutiones,</strong></span> <span class='ocrx_word' id='word_1_744' title='bbox 1682 5218 1780 5273; x_wconf 87' lang='lat' dir='ltr'><strong>per</strong></span> <span class='ocrx_word' id='word_1_745' title='bbox 1799 5218 1930 5260; x_wconf 85' lang='lat' dir='ltr'><strong>ven-</strong></span> 
     </span>
    </p>
   </div>
   <div class='ocr_carea' id='block_1_99' title="bbox 348 5290 1925 5363">
    <p class='ocr_par' dir='ltr' id='par_1_99' title="bbox 348 5290 1925 5363">
     <span class='ocr_line' id='line_1_99' title="bbox 348 5290 1925 5363; baseline 0 -14"><span class='ocrx_word' id='word_1_746' title='bbox 348 5307 430 5351; x_wconf 83' lang='lat' dir='ltr'><strong>tos</strong></span> <span class='ocrx_word' id='word_1_747' title='bbox 454 5293 718 5363; x_wconf 85' lang='lat' dir='ltr'><strong>malignos</strong></span> <span class='ocrx_word' id='word_1_748' title='bbox 737 5290 961 5360; x_wconf 84' lang='lat' dir='ltr'><strong>spiritus</strong></span> <span class='ocrx_word' id='word_1_749' title='bbox 991 5290 1213 5360; x_wconf 82' lang='lat' dir='ltr'><strong>intelligi</strong></span> <span class='ocrx_word' id='word_1_750' title='bbox 1242 5292 1448 5346; x_wconf 82' lang='lat' dir='ltr'><strong>volunt.</strong></span> <span class='ocrx_word' id='word_1_751' title='bbox 1483 5291 1743 5348; x_wconf 88' lang='lat' dir='ltr'><strong>Similiter</strong></span> <span class='ocrx_word' id='word_1_752' title='bbox 1774 5294 1925 5361; x_wconf 86' lang='lat' dir='ltr'><strong>illud,</strong></span> 
     </span>
    </p>
   </div>
   <div class='ocr_carea' id='block_1_100' title="bbox 344 5380 1927 5457">
    <p class='ocr_par' dir='ltr' id='par_1_100' title="bbox 344 5380 1927 5457">
     <span class='ocr_line' id='line_1_100' title="bbox 344 5380 1927 5457; baseline -0.001 -13"><span class='ocrx_word' id='word_1_753' title='bbox 344 5387 562 5457; x_wconf 84' lang='lat' dir='ltr'><strong>quodin</strong></span> <span class='ocrx_word' id='word_1_754' title='bbox 590 5383 694 5441; x_wconf 84' lang='lat' dir='ltr'><strong>Job</strong></span> <span class='ocrx_word' id='word_1_755' title='bbox 720 5380 933 5452; x_wconf 81' lang='lat' dir='ltr'><strong>legitur,</strong></span> <span class='ocrx_word' id='word_1_756' title='bbox 962 5382 1014 5435; x_wconf 89' lang='lat' dir='ltr'><strong>in</strong></span> <span class='ocrx_word' id='word_1_757' title='bbox 1035 5383 1360 5438; x_wconf 84' lang='lat' dir='ltr'><strong>contrariam</strong></span> <span class='ocrx_word' id='word_1_758' title='bbox 1386 5392 1594 5453; x_wconf 87' lang='lat' dir='ltr'><strong>partem</strong></span> <span class='ocrx_word' id='word_1_759' title='bbox 1626 5384 1927 5457; x_wconf 88' lang='lat' dir='ltr'><strong>intelligen-</strong></span> 
     </span>
    </p>
   </div>
   <div class='ocr_carea' id='block_1_101' title="bbox 346 5471 1928 5545">
    <p class='ocr_par' dir='ltr' id='par_1_101' title="bbox 346 5471 1928 5545">
     <span class='ocr_line' id='line_1_101' title="bbox 346 5471 1928 5545; baseline -0.002 -11"><span class='ocrx_word' id='word_1_760' title='bbox 346 5484 468 5534; x_wconf 83' lang='lat' dir='ltr'><strong>dum</strong></span> <span class='ocrx_word' id='word_1_761' title='bbox 494 5486 579 5534; x_wconf 90' lang='lat' dir='ltr'><strong>est</strong></span> <span class='ocrx_word' id='word_1_762' title='bbox 607 5497 621 5531; x_wconf 88' lang='lat'><strong>:</strong></span> <span class='ocrx_word' id='word_1_763' title='bbox 656 5474 796 5529; x_wconf 82' lang='lat' dir='ltr'><strong>Tulit</strong></span> <span class='ocrx_word' id='word_1_764' title='bbox 818 5488 934 5527; x_wconf 87' lang='lat' dir='ltr'><strong>eum</strong></span> <span class='ocrx_word' id='word_1_765' title='bbox 962 5482 1139 5525; x_wconf 80' lang='lat' dir='ltr'><strong>reatus</strong></span> <span class='ocrx_word' id='word_1_766' title='bbox 1162 5488 1317 5526; x_wconf 89' lang='lat' dir='ltr'><strong>urens</strong></span> <span class='ocrx_word' id='word_1_767' title='bbox 1343 5471 1487 5543; x_wconf 82' lang='lat' dir='ltr'><strong>(Job.</strong></span> <span class='ocrx_word' id='word_1_768' title='bbox 1505 5474 1695 5545; x_wconf 78' lang='lat' dir='ltr'><strong>xxvn).</strong></span> <span class='ocrx_word' id='word_1_769' title='bbox 1725 5473 1928 5532; x_wconf 75' lang='lat' dir='ltr'><strong>Ventus</strong></span> 
     </span>
    </p>
   </div>
   <div class='ocr_carea' id='block_1_102' title="bbox 346 5571 1926 5641">
    <p class='ocr_par' dir='ltr' id='par_1_102' title="bbox 346 5571 1926 5641">
     <span class='ocr_line' id='line_1_102' title="bbox 346 5571 1926 5641; baseline 0.004 -18"><span class='ocrx_word' id='word_1_770' title='bbox 346 5587 504 5627; x_wconf 87' lang='lat' dir='ltr'><strong>urens</strong></span> <span class='ocrx_word' id='word_1_771' title='bbox 533 5571 806 5641; x_wconf 86' lang='lat' dir='ltr'><strong>malignus</strong></span> <span class='ocrx_word' id='word_1_772' title='bbox 840 5571 1076 5640; x_wconf 86' lang='lat' dir='ltr'><strong>Spiritus</strong></span> <span class='ocrx_word' id='word_1_773' title='bbox 1124 5580 1369 5637; x_wconf 86' lang='lat' dir='ltr'><strong>vocatur,</strong></span> <span class='ocrx_word' id='word_1_774' title='bbox 1415 5571 1505 5641; x_wconf 88' lang='lat' dir='ltr'><strong>qui</strong></span> <span class='ocrx_word' id='word_1_775' title='bbox 1533 5572 1926 5629; x_wconf 87' lang='lat' dir='ltr'><strong>desideriorum</strong></span> 
     </span>
    </p>
   </div>
   <div class='ocr_carea' id='block_1_103' title="bbox 346 5663 1926 5734">
    <p class='ocr_par' dir='ltr' id='par_1_103' title="bbox 346 5663 1926 5734">
     <span class='ocr_line' id='line_1_103' title="bbox 346 5663 1926 5734; baseline 0.001 -17"><span class='ocrx_word' id='word_1_776' title='bbox 346 5663 587 5720; x_wconf 78' lang='lat' dir='ltr'><strong>ﬂarttmas</strong></span> <span class='ocrx_word' id='word_1_777' title='bbox 610 5665 663 5717; x_wconf 90' lang='lat' dir='ltr'><strong>in</strong></span> <span class='ocrx_word' id='word_1_778' title='bbox 687 5663 851 5719; x_wconf 84' lang='lat' dir='ltr'><strong>corde</strong></span> <span class='ocrx_word' id='word_1_779' title='bbox 870 5664 1093 5729; x_wconf 76' lang='lat' dir='ltr'><strong>excitat,</strong></span> <span class='ocrx_word' id='word_1_780' title='bbox 1125 5671 1185 5717; x_wconf 91' lang='lat' dir='ltr'><strong>ut</strong></span> <span class='ocrx_word' id='word_1_781' title='bbox 1225 5664 1294 5717; x_wconf 88' lang='lat' dir='ltr'><strong>ad</strong></span> <span class='ocrx_word' id='word_1_782' title='bbox 1335 5664 1695 5718; x_wconf 57' lang='lat' dir='ltr'><strong>aeternitatem</strong></span> <span class='ocrx_word' id='word_1_783' title='bbox 1720 5666 1926 5734; x_wconf 85' lang='lat' dir='ltr'><strong>suppli-</strong></span> 
     </span>
    </p>
   </div>
   <div class='ocr_carea' id='block_1_104' title="bbox 342 5754 1929 5827">
    <p class='ocr_par' dir='ltr' id='par_1_104' title="bbox 342 5754 1929 5827">
     <span class='ocr_line' id='line_1_104' title="bbox 342 5754 1929 5827; baseline -0.001 -15"><span class='ocrx_word' id='word_1_784' title='bbox 342 5758 546 5812; x_wconf 86' lang='lat' dir='ltr'><strong>ciorum</strong></span> <span class='ocrx_word' id='word_1_785' title='bbox 576 5756 780 5812; x_wconf 84' lang='lat' dir='ltr'><strong>trabat.</strong></span> <span class='ocrx_word' id='word_1_786' title='bbox 811 5754 945 5811; x_wconf 85' lang='lat' dir='ltr'><strong>Item</strong></span> <span class='ocrx_word' id='word_1_787' title='bbox 974 5755 1120 5810; x_wconf 87' lang='lat' dir='ltr'><strong>venti</strong></span> <span class='ocrx_word' id='word_1_788' title='bbox 1170 5755 1434 5827; x_wconf 76' lang='lat' dir='ltr'><strong>superbia:</strong></span> <span class='ocrx_word' id='word_1_789' title='bbox 1462 5755 1685 5825; x_wconf 89' lang='lat' dir='ltr'><strong>spiritus</strong></span> <span class='ocrx_word' id='word_1_790' title='bbox 1730 5756 1929 5811; x_wconf 89' lang='lat' dir='ltr'><strong>intelli-</strong></span> 
     </span>
    </p>
   </div>
   <div class='ocr_carea' id='block_1_105' title="bbox 2038 4659 3622 4730">
    <p class='ocr_par' dir='ltr' id='par_1_105' title="bbox 2038 4659 3622 4730">
     <span class='ocr_line' id='line_1_105' title="bbox 2038 4659 3622 4730; baseline 0.006 -16"><span class='ocrx_word' id='word_1_791' title='bbox 2038 4667 2124 4716; x_wconf 92' lang='lat' dir='ltr'><strong>tns</strong></span> <span class='ocrx_word' id='word_1_792' title='bbox 2151 4660 2313 4715; x_wconf 89' lang='lat' dir='ltr'><strong>aeris.</strong></span> <span class='ocrx_word' id='word_1_793' title='bbox 2343 4659 2593 4730; x_wconf 81' lang='lat' dir='ltr'><strong>Agitatus</strong></span> <span class='ocrx_word' id='word_1_794' title='bbox 2628 4669 2807 4713; x_wconf 88' lang='lat' dir='ltr'><strong>autem</strong></span> <span class='ocrx_word' id='word_1_795' title='bbox 2846 4675 2943 4714; x_wconf 86' lang='lat' dir='ltr'><strong>aer</strong></span> <span class='ocrx_word' id='word_1_796' title='bbox 2979 4676 3170 4717; x_wconf 88' lang='lat' dir='ltr'><strong>auram</strong></span> <span class='ocrx_word' id='word_1_797' title='bbox 3197 4662 3354 4719; x_wconf 76' lang='lat' dir='ltr'><strong>facit.</strong></span> <span class='ocrx_word' id='word_1_798' title='bbox 3385 4664 3537 4722; x_wconf 89' lang='lat' dir='ltr'><strong>Unde</strong></span> <span class='ocrx_word' id='word_1_799' title='bbox 3565 4677 3622 4724; x_wconf 89' lang='lat' dir='ltr'><strong>et</strong></span> 
     </span>
    </p>
   </div>
   <div class='ocr_carea' id='block_1_106' title="bbox 2034 4744 3619 4830">
    <p class='ocr_par' dir='ltr' id='par_1_106' title="bbox 2034 4744 3619 4830">
     <span class='ocr_line' id='line_1_106' title="bbox 2034 4744 3619 4830; baseline 0.008 -25"><span class='ocrx_word' id='word_1_800' title='bbox 2034 4751 2319 4806; x_wconf 84' lang='lat' dir='ltr'><strong>Lucretius</strong></span> <span class='ocrx_word' id='word_1_801' title='bbox 2348 4752 2481 4807; x_wconf 82' lang='lat' dir='ltr'><strong>dicit</strong></span> <span class='ocrx_word' id='word_1_802' title='bbox 2517 4744 2691 4807; x_wconf 84' lang='lat' dir='ltr'><strong>aerias</strong></span> <span class='ocrx_word' id='word_1_803' title='bbox 2737 4769 2920 4808; x_wconf 89' lang='lat' dir='ltr'><strong>auras.</strong></span> <span class='ocrx_word' id='word_1_804' title='bbox 2962 4754 3189 4812; x_wconf 84' lang='lat' dir='ltr'><strong>Altanus</strong></span> <span class='ocrx_word' id='word_1_805' title='bbox 3214 4758 3303 4827; x_wconf 90' lang='lat' dir='ltr'><strong>qui</strong></span> <span class='ocrx_word' id='word_1_806' title='bbox 3337 4758 3393 4813; x_wconf 91' lang='lat' dir='ltr'><strong>in</strong></span> <span class='ocrx_word' id='word_1_807' title='bbox 3427 4758 3619 4830; x_wconf 79' lang='lat' dir='ltr'><strong>pelago</strong></span> 
     </span>
    </p>
   </div>
   <div class='ocr_carea' id='block_1_107' title="bbox 2034 4843 3613 4917">
    <p class='ocr_par' dir='ltr' id='par_1_107' title="bbox 2034 4843 3613 4917">
     <span class='ocr_line' id='line_1_107' title="bbox 2034 4843 3613 4917; baseline 0.005 -20"><span class='ocrx_word' id='word_1_808' title='bbox 2034 4851 2137 4917; x_wconf 80' lang='lat' dir='ltr'><strong>est,</strong></span> <span class='ocrx_word' id='word_1_809' title='bbox 2169 4860 2267 4915; x_wconf 90' lang='lat' dir='ltr'><strong>per</strong></span> <span class='ocrx_word' id='word_1_810' title='bbox 2291 4844 2684 4901; x_wconf 83' lang='lat' dir='ltr'><strong>derivationem</strong></span> <span class='ocrx_word' id='word_1_811' title='bbox 2710 4844 2778 4899; x_wconf 84' lang='lat' dir='ltr'><strong>a&#39;b</strong></span> <span class='ocrx_word' id='word_1_812' title='bbox 2808 4843 2942 4913; x_wconf 89' lang='lat' dir='ltr'><strong>alto,</strong></span> <span class='ocrx_word' id='word_1_813' title='bbox 2972 4846 3026 4902; x_wconf 91' lang='lat' dir='ltr'><strong>id</strong></span> <span class='ocrx_word' id='word_1_814' title='bbox 3059 4858 3144 4902; x_wconf 90' lang='lat' dir='ltr'><strong>cst</strong></span> <span class='ocrx_word' id='word_1_815' title='bbox 3176 4849 3340 4915; x_wconf 85' lang='lat' dir='ltr'><strong>mari,</strong></span> <span class='ocrx_word' id='word_1_816' title='bbox 3365 4858 3613 4905; x_wconf 89' lang='lat' dir='ltr'><strong>vocatur.</strong></span> 
     </span>
    </p>
   </div>
   <div class='ocr_carea' id='block_1_108' title="bbox 2032 4933 3612 5007">
    <p class='ocr_par' dir='ltr' id='par_1_108' title="bbox 2032 4933 3612 5007">
     <span class='ocr_line' id='line_1_108' title="bbox 2032 4933 3612 5007; baseline 0.005 -19"><span class='ocrx_word' id='word_1_817' title='bbox 2032 4933 2167 4990; x_wconf 84' lang='lat' dir='ltr'><strong>Nam</strong></span> <span class='ocrx_word' id='word_1_818' title='bbox 2199 4935 2337 4991; x_wconf 89' lang='lat' dir='ltr'><strong>alter</strong></span> <span class='ocrx_word' id='word_1_819' title='bbox 2361 4945 2443 4992; x_wconf 90' lang='lat' dir='ltr'><strong>est</strong></span> <span class='ocrx_word' id='word_1_820' title='bbox 2470 4934 2629 4992; x_wconf 69' lang='lat' dir='ltr'><strong>ﬂatus</strong></span> <span class='ocrx_word' id='word_1_821' title='bbox 2658 4935 2711 4990; x_wconf 92' lang='lat' dir='ltr'><strong>in</strong></span> <span class='ocrx_word' id='word_1_822' title='bbox 2743 4935 2907 5007; x_wconf 84' lang='lat' dir='ltr'><strong>ripis,</strong></span> <span class='ocrx_word' id='word_1_823' title='bbox 2937 4951 3096 5007; x_wconf 87' lang='lat' dir='ltr'><strong>quem</strong></span> <span class='ocrx_word' id='word_1_824' title='bbox 3123 4937 3356 4993; x_wconf 79' lang='lat' dir='ltr'><strong>diximus</strong></span> <span class='ocrx_word' id='word_1_825' title='bbox 3383 4954 3570 4994; x_wconf 88' lang='lat' dir='ltr'><strong>auram</strong></span> <span class='ocrx_word' id='word_1_826' title='bbox 3597 4958 3612 4996; x_wconf 90' lang='lat'><strong>:</strong></span> 
     </span>
    </p>
   </div>
   <div class='ocr_carea' id='block_1_109' title="bbox 2032 5025 3612 5098">
    <p class='ocr_par' dir='ltr' id='par_1_109' title="bbox 2032 5025 3612 5098">
     <span class='ocr_line' id='line_1_109' title="bbox 2032 5025 3612 5098; baseline 0.001 -16"><span class='ocrx_word' id='word_1_827' title='bbox 2032 5042 2156 5082; x_wconf 90' lang='lat' dir='ltr'><strong>nam</strong></span> <span class='ocrx_word' id='word_1_828' title='bbox 2180 5042 2307 5080; x_wconf 82' lang='lat' dir='ltr'><strong>aura</strong></span> <span class='ocrx_word' id='word_1_829' title='bbox 2337 5026 2390 5081; x_wconf 91' lang='lat' dir='ltr'><strong>in</strong></span> <span class='ocrx_word' id='word_1_830' title='bbox 2421 5035 2562 5081; x_wconf 88' lang='lat' dir='ltr'><strong>terra</strong></span> <span class='ocrx_word' id='word_1_831' title='bbox 2586 5034 2686 5080; x_wconf 89' lang='lat' dir='ltr'><strong>est.</strong></span> <span class='ocrx_word' id='word_1_832' title='bbox 2708 5025 2852 5080; x_wconf 87' lang='lat' dir='ltr'><strong>Aura</strong></span> <span class='ocrx_word' id='word_1_833' title='bbox 2881 5026 3156 5097; x_wconf 27' lang='lat' dir='ltr'><strong>significat.</strong></span> <span class='ocrx_word' id='word_1_834' title='bbox 3173 5027 3612 5098; x_wconf 88' lang='lat' dir='ltr'><strong>tranquillitatem</strong></span> 
     </span>
    </p>
   </div>
   <div class='ocr_carea' id='block_1_110' title="bbox 2031 5115 3613 5185">
    <p class='ocr_par' dir='ltr' id='par_1_110' title="bbox 2031 5115 3613 5185">
     <span class='ocr_line' id='line_1_110' title="bbox 2031 5115 3613 5185; baseline 0.003 -13"><span class='ocrx_word' id='word_1_835' title='bbox 2031 5119 2187 5172; x_wconf 73' lang='lat' dir='ltr'><strong>bona:</strong></span> <span class='ocrx_word' id='word_1_836' title='bbox 2208 5118 2407 5172; x_wconf 87' lang='lat' dir='ltr'><strong>mentis</strong></span> <span class='ocrx_word' id='word_1_837' title='bbox 2433 5117 2846 5185; x_wconf 86' lang='lat' dir='ltr'><strong>contemplantis</strong></span> <span class='ocrx_word' id='word_1_838' title='bbox 2866 5117 3057 5172; x_wconf 88' lang='lat' dir='ltr'><strong>Deum.</strong></span> <span class='ocrx_word' id='word_1_839' title='bbox 3097 5115 3249 5171; x_wconf 87' lang='lat' dir='ltr'><strong>Unde</strong></span> <span class='ocrx_word' id='word_1_840' title='bbox 3283 5117 3429 5173; x_wconf 82' lang='lat' dir='ltr'><strong>Elius</strong></span> <span class='ocrx_word' id='word_1_841' title='bbox 3462 5130 3613 5176; x_wconf 76' lang='lat' dir='ltr'><strong>Stans</strong></span> 
     </span>
    </p>
   </div>
   <div class='ocr_carea' id='block_1_111' title="bbox 2031 5207 3665 5283">
    <p class='ocr_par' dir='ltr' id='par_1_111' title="bbox 2031 5207 3665 5283">
     <span class='ocr_line' id='line_1_111' title="bbox 2031 5207 3665 5283; baseline 0.002 -20"><span class='ocrx_word' id='word_1_842' title='bbox 2031 5209 2087 5263; x_wconf 92' lang='lat' dir='ltr'><strong>in</strong></span> <span class='ocrx_word' id='word_1_843' title='bbox 2118 5217 2301 5263; x_wconf 91' lang='lat' dir='ltr'><strong>monte</strong></span> <span class='ocrx_word' id='word_1_844' title='bbox 2335 5222 2514 5262; x_wconf 86' lang='lat' dir='ltr'><strong>coram</strong></span> <span class='ocrx_word' id='word_1_845' title='bbox 2539 5207 2788 5272; x_wconf 79' lang='lat' dir='ltr'><strong>Dotnino,</strong></span> <span class='ocrx_word' id='word_1_846' title='bbox 2811 5224 2935 5262; x_wconf 89' lang='lat' dir='ltr'><strong>cum</strong></span> <span class='ocrx_word' id='word_1_847' title='bbox 2968 5208 3179 5261; x_wconf 86' lang='lat' dir='ltr'><strong>videret</strong></span> <span class='ocrx_word' id='word_1_848' title='bbox 3205 5218 3423 5264; x_wconf 86' lang='lat' dir='ltr'><strong>ventum</strong></span> <span class='ocrx_word' id='word_1_849' title='bbox 3448 5225 3613 5280; x_wconf 83' lang='lat' dir='ltr'><strong>gran-</strong></span> <span class='ocrx_word' id='word_1_850' title='bbox 3656 5279 3665 5283; x_wconf 92' lang='lat'><strong>_</strong></span> 
     </span>
    </p>
   </div>
   <div class='ocr_carea' id='block_1_112' title="bbox 2032 5296 3615 5368">
    <p class='ocr_par' dir='ltr' id='par_1_112' title="bbox 2032 5296 3615 5368">
     <span class='ocr_line' id='line_1_112' title="bbox 2032 5296 3615 5368; baseline 0 -12"><span class='ocrx_word' id='word_1_851' title='bbox 2032 5302 2153 5358; x_wconf 88' lang='lat' dir='ltr'><strong>dem</strong></span> <span class='ocrx_word' id='word_1_852' title='bbox 2177 5302 2580 5356; x_wconf 88' lang='lat' dir='ltr'><strong>subvertentem</strong></span> <span class='ocrx_word' id='word_1_853' title='bbox 2612 5307 2840 5363; x_wconf 89' lang='lat' dir='ltr'><strong>montes,</strong></span> <span class='ocrx_word' id='word_1_854' title='bbox 2867 5297 2980 5351; x_wconf 90' lang='lat' dir='ltr'><strong>ait:</strong></span> <span class='ocrx_word' id='word_1_855' title='bbox 3008 5296 3133 5350; x_wconf 85' lang='lat' dir='ltr'><strong>Non</strong></span> <span class='ocrx_word' id='word_1_856' title='bbox 3154 5297 3206 5350; x_wconf 88' lang='lat' dir='ltr'><strong>in</strong></span> <span class='ocrx_word' id='word_1_857' title='bbox 3231 5299 3416 5368; x_wconf 85' lang='lat' dir='ltr'><strong>spiritu</strong></span> <span class='ocrx_word' id='word_1_858' title='bbox 3438 5300 3615 5356; x_wconf 88' lang='lat' dir='ltr'><strong>Domi-</strong></span> 
     </span>
    </p>
   </div>
   <div class='ocr_carea' id='block_1_113' title="bbox 2032 5386 3609 5461">
    <p class='ocr_par' dir='ltr' id='par_1_113' title="bbox 2032 5386 3609 5461">
     <span class='ocr_line' id='line_1_113' title="bbox 2032 5386 3609 5461; baseline 0.001 -16"><span class='ocrx_word' id='word_1_859' title='bbox 2032 5407 2130 5445; x_wconf 87' lang='lat' dir='ltr'><strong>nus</strong></span> <span class='ocrx_word' id='word_1_860' title='bbox 2158 5388 2276 5461; x_wconf 89' lang='grc' dir='ltr'><strong>(ΙΙΙ</strong></span> <span class='ocrx_word' id='word_1_861' title='bbox 2304 5387 2426 5458; x_wconf 82' lang='lat' dir='ltr'><strong>Reg.</strong></span> <span class='ocrx_word' id='word_1_862' title='bbox 2451 5386 2597 5457; x_wconf 78' lang='lat' dir='ltr'><strong>xix);</strong></span> <span class='ocrx_word' id='word_1_863' title='bbox 2622 5394 2677 5440; x_wconf 91' lang='lat' dir='ltr'><strong>et</strong></span> <span class='ocrx_word' id='word_1_864' title='bbox 2696 5393 2819 5457; x_wconf 89' lang='lat' dir='ltr'><strong>post</strong></span> <span class='ocrx_word' id='word_1_865' title='bbox 2837 5386 3252 5440; x_wconf 85' lang='lat' dir='ltr'><strong>commotionem</strong></span> <span class='ocrx_word' id='word_1_866' title='bbox 3279 5387 3416 5459; x_wconf 83' lang='lat' dir='ltr'><strong>ignis</strong></span> <span class='ocrx_word' id='word_1_867' title='bbox 3434 5388 3609 5447; x_wconf 83' lang='lat' dir='ltr'><strong>dixit:</strong></span> 
     </span>
    </p>
   </div>
   <div class='ocr_carea' id='block_1_114' title="bbox 2031 5476 3614 5549">
    <p class='ocr_par' dir='ltr' id='par_1_114' title="bbox 2031 5476 3614 5549">
     <span class='ocr_line' id='line_1_114' title="bbox 2031 5476 3614 5549; baseline -0.001 -14"><span class='ocrx_word' id='word_1_868' title='bbox 2031 5480 2157 5535; x_wconf 84' lang='lat' dir='ltr'><strong>Non</strong></span> <span class='ocrx_word' id='word_1_869' title='bbox 2182 5480 2237 5534; x_wconf 87' lang='lat' dir='ltr'><strong>in</strong></span> <span class='ocrx_word' id='word_1_870' title='bbox 2271 5478 2389 5549; x_wconf 87' lang='lat' dir='ltr'><strong>igne</strong></span> <span class='ocrx_word' id='word_1_871' title='bbox 2430 5476 2716 5530; x_wconf 84' lang='lat' dir='ltr'><strong>Dominus:</strong></span> <span class='ocrx_word' id='word_1_872' title='bbox 2736 5484 2783 5529; x_wconf 87' lang='lat' dir='ltr'><strong>et</strong></span> <span class='ocrx_word' id='word_1_873' title='bbox 2809 5484 2922 5545; x_wconf 83' lang='lat' dir='ltr'><strong>post</strong></span> <span class='ocrx_word' id='word_1_874' title='bbox 2954 5477 3125 5546; x_wconf 87' lang='lat' dir='ltr'><strong>ignem</strong></span> <span class='ocrx_word' id='word_1_875' title='bbox 3155 5476 3339 5531; x_wconf 84' lang='lat' dir='ltr'><strong>sibilus</strong></span> <span class='ocrx_word' id='word_1_876' title='bbox 3363 5494 3511 5532; x_wconf 77' lang='lat' dir='ltr'><strong>curre</strong></span> <span class='ocrx_word' id='word_1_877' title='bbox 3531 5488 3614 5535; x_wconf 82' lang='lat' dir='ltr'><strong>te-</strong></span> 
     </span>
    </p>
   </div>
   <div class='ocr_carea' id='block_1_115' title="bbox 2031 5564 3611 5644">
    <p class='ocr_par' dir='ltr' id='par_1_115' title="bbox 2031 5564 3611 5644">
     <span class='ocr_line' id='line_1_115' title="bbox 2031 5564 3611 5644; baseline 0.001 -20"><span class='ocrx_word' id='word_1_878' title='bbox 2031 5572 2169 5625; x_wconf 84' lang='lat' dir='ltr'><strong>nnis.</strong></span> <span class='ocrx_word' id='word_1_879' title='bbox 2205 5567 2358 5644; x_wconf 71' lang='lat' dir='ltr'><strong>Quod</strong></span> <span class='ocrx_word' id='word_1_880' title='bbox 2388 5583 2506 5621; x_wconf 86' lang='lat' dir='ltr'><strong>cum</strong></span> <span class='ocrx_word' id='word_1_881' title='bbox 2537 5566 2745 5620; x_wconf 71' lang='lat' dir='ltr'><strong>vidisset</strong></span> <span class='ocrx_word' id='word_1_882' title='bbox 2774 5564 2942 5631; x_wconf 83' lang='lat' dir='ltr'><strong>Elius,</strong></span> <span class='ocrx_word' id='word_1_883' title='bbox 2970 5566 3171 5637; x_wconf 82' lang='lat' dir='ltr'><strong>operuit</strong></span> <span class='ocrx_word' id='word_1_884' title='bbox 3218 5566 3415 5623; x_wconf 77' lang='lat' dir='ltr'><strong>uultum</strong></span> <span class='ocrx_word' id='word_1_885' title='bbox 3454 5585 3611 5626; x_wconf 69' lang='lat' dir='ltr'><strong>suum</strong></span> 
     </span>
    </p>
   </div>
   <div class='ocr_carea' id='block_1_116' title="bbox 2030 5657 3614 5732">
    <p class='ocr_par' dir='ltr' id='par_1_116' title="bbox 2030 5657 3614 5732">
     <span class='ocr_line' id='line_1_116' title="bbox 2030 5657 3614 5732; baseline 0.002 -18"><span class='ocrx_word' id='word_1_886' title='bbox 2030 5663 2191 5732; x_wconf 81' lang='lat' dir='ltr'><strong>pallio</strong></span> <span class='ocrx_word' id='word_1_887' title='bbox 2208 5702 2221 5727; x_wconf 94' lang='lat'><strong>,</strong></span> <span class='ocrx_word' id='word_1_888' title='bbox 2247 5670 2293 5714; x_wconf 90' lang='lat' dir='ltr'><strong>et</strong></span> <span class='ocrx_word' id='word_1_889' title='bbox 2328 5675 2565 5726; x_wconf 82' lang='lat' dir='ltr'><strong>egressus</strong></span> <span class='ocrx_word' id='word_1_890' title='bbox 2589 5659 2727 5712; x_wconf 71' lang='lat' dir='ltr'><strong>stetit</strong></span> <span class='ocrx_word' id='word_1_891' title='bbox 2748 5658 2802 5713; x_wconf 84' lang='lat' dir='ltr'><strong>in</strong></span> <span class='ocrx_word' id='word_1_892' title='bbox 2827 5659 2959 5713; x_wconf 85' lang='lat' dir='ltr'><strong>ostio</strong></span> <span class='ocrx_word' id='word_1_893' title='bbox 2979 5657 3258 5729; x_wconf 72' lang='lat' dir='ltr'><strong>spelunca’.</strong></span> <span class='ocrx_word' id='word_1_894' title='bbox 3289 5659 3397 5716; x_wconf 87' lang='lat' dir='ltr'><strong>Sed</strong></span> <span class='ocrx_word' id='word_1_895' title='bbox 3421 5660 3477 5716; x_wconf 89' lang='lat' dir='ltr'><strong>in</strong></span> <span class='ocrx_word' id='word_1_896' title='bbox 3503 5662 3614 5732; x_wconf 87' lang='lat' dir='ltr'><strong>spi-</strong></span> 
     </span>
    </p>
   </div>
   <div class='ocr_carea' id='block_1_117' title="bbox 2035 5750 3609 5822">
    <p class='ocr_par' dir='ltr' id='par_1_117' title="bbox 2035 5750 3609 5822">
     <span class='ocr_line' id='line_1_117' title="bbox 2035 5750 3609 5822; baseline -0.001 -13"><span class='ocrx_word' id='word_1_897' title='bbox 2035 5756 2138 5809; x_wconf 89' lang='lat' dir='ltr'><strong>ritu</strong></span> <span class='ocrx_word' id='word_1_898' title='bbox 2183 5750 2561 5808; x_wconf 78' lang='lat' dir='ltr'><strong>cornmotionis</strong></span> <span class='ocrx_word' id='word_1_899' title='bbox 2603 5758 2659 5806; x_wconf 90' lang='lat' dir='ltr'><strong>et</strong></span> <span class='ocrx_word' id='word_1_900' title='bbox 2702 5750 2842 5822; x_wconf 83' lang='lat' dir='ltr'><strong>ignis</strong></span> <span class='ocrx_word' id='word_1_901' title='bbox 2880 5765 2985 5806; x_wconf 90' lang='lat' dir='ltr'><strong>non</strong></span> <span class='ocrx_word' id='word_1_902' title='bbox 3034 5767 3154 5808; x_wconf 87' lang='lat' dir='ltr'><strong>esse</strong></span> <span class='ocrx_word' id='word_1_903' title='bbox 3179 5752 3444 5810; x_wconf 78' lang='lat' dir='ltr'><strong>Dominus</strong></span> <span class='ocrx_word' id='word_1_904' title='bbox 3476 5752 3609 5809; x_wconf 87' lang='lat' dir='ltr'><strong>dici-</strong></span> 
     </span>
    </p>
   </div>
  </div>
