  <div class='ocr_page' id='page_1' title='image "/cluster/home/n/w/nwhite01/storage/ocr_20150623/111/hvd.32044054759766/147.png"; bbox 0 0 4072 6198; ppageno 0'>
   <div class='ocr_carea' id='block_1_1' title="bbox 436 341 541 398">
    <p class='ocr_par' dir='ltr' id='par_1_1' title="bbox 436 341 541 398">
     <span class='ocr_line' id='line_1_1' title="bbox 436 341 541 398; baseline 0.019 -2"><span class='ocrx_word' id='word_1_1' title='bbox 436 341 541 398; x_wconf 75' lang='grc'><strong>985</strong></span> 
     </span>
    </p>
   </div>
   <div class='ocr_carea' id='block_1_2' title="bbox 1073 333 3016 394">
    <p class='ocr_par' dir='ltr' id='par_1_2' title="bbox 1073 333 3016 394">
     <span class='ocr_line' id='line_1_2' title="bbox 1073 333 3016 394; baseline -0.001 -3"><span class='ocrx_word' id='word_1_2' title='bbox 1073 335 1135 394; x_wconf 87' lang='grc' dir='ltr'><strong>Β.</strong></span> <span class='ocrx_word' id='word_1_3' title='bbox 1178 334 1432 392; x_wconf 76' lang='lat' dir='ltr'><strong>RABANI</strong></span> <span class='ocrx_word' id='word_1_4' title='bbox 1471 334 1688 392; x_wconf 75' lang='lat' dir='ltr'><strong>MAURI</strong></span> <span class='ocrx_word' id='word_1_5' title='bbox 1724 335 2042 394; x_wconf 71' lang='lat' dir='ltr'><strong>ARCHIEP.</strong></span> <span class='ocrx_word' id='word_1_6' title='bbox 2081 333 2392 391; x_wconf 69' lang='lat' dir='ltr'><strong>MOGUNT.</strong></span> <span class='ocrx_word' id='word_1_7' title='bbox 2417 333 2704 392; x_wconf 73' lang='lat' dir='ltr'><strong>Ol‘EllUM</strong></span> <span class='ocrx_word' id='word_1_8' title='bbox 2745 335 2920 392; x_wconf 74' lang='lat' dir='ltr'><strong>PARS</strong></span> <span class='ocrx_word' id='word_1_9' title='bbox 2956 336 3016 391; x_wconf 91' lang='lat' dir='ltr'><strong>ll.</strong></span> 
     </span>
    </p>
   </div>
   <div class='ocr_carea' id='block_1_3' title="bbox 3597 335 3704 392">
    <p class='ocr_par' dir='ltr' id='par_1_3' title="bbox 3597 335 3704 392">
     <span class='ocr_line' id='line_1_3' title="bbox 3597 335 3704 392; baseline -0.047 0"><span class='ocrx_word' id='word_1_10' title='bbox 3597 335 3704 392; x_wconf 44' lang='lat' dir='ltr'><strong>ait</strong></span> 
     </span>
    </p>
   </div>
   <div class='ocr_carea' id='block_1_4' title="bbox 437 447 3711 522">
    <p class='ocr_par' dir='ltr' id='par_1_4' title="bbox 437 447 3711 522">
     <span class='ocr_line' id='line_1_4' title="bbox 437 447 3711 522; baseline 0 -14"><span class='ocrx_word' id='word_1_11' title='bbox 437 455 561 508; x_wconf 83' lang='lat' dir='ltr'><strong>tur&#39;:</strong></span> <span class='ocrx_word' id='word_1_12' title='bbox 586 465 704 508; x_wconf 85' lang='lat' dir='ltr'><strong>esse</strong></span> <span class='ocrx_word' id='word_1_13' title='bbox 733 466 862 507; x_wconf 86' lang='lat' dir='ltr'><strong>vero</strong></span> <span class='ocrx_word' id='word_1_14' title='bbox 900 449 954 506; x_wconf 87' lang='lat' dir='ltr'><strong>in</strong></span> <span class='ocrx_word' id='word_1_15' title='bbox 1000 450 1158 507; x_wconf 84' lang='lat' dir='ltr'><strong>sibilo</strong></span> <span class='ocrx_word' id='word_1_16' title='bbox 1186 465 1332 506; x_wconf 64' lang='grc' dir='ltr'><strong>θυι-ω</strong></span> <span class='ocrx_word' id='word_1_17' title='bbox 1377 451 1555 506; x_wconf 85' lang='lat' dir='ltr'><strong>tenuis</strong></span> <span class='ocrx_word' id='word_1_18' title='bbox 1600 466 1706 506; x_wconf 87' lang='lat' dir='ltr'><strong>non</strong></span> <span class='ocrx_word' id='word_1_19' title='bbox 1751 463 1978 522; x_wconf 76' lang='lat' dir='ltr'><strong>negatur</strong></span> <span class='ocrx_word' id='word_1_20' title='bbox 2004 468 2016 505; x_wconf 92' lang='lat'><strong>:</strong></span> <span class='ocrx_word' id='word_1_21' title='bbox 2050 454 2097 512; x_wconf 76' lang='grc' dir='ltr'><strong>Α</strong></span> <span class='ocrx_word' id='word_1_22' title='bbox 2129 447 2381 503; x_wconf 81' lang='lat' dir='ltr'><strong>Dominus</strong></span> <span class='ocrx_word' id='word_1_23' title='bbox 2405 449 2461 503; x_wconf 86' lang='lat' dir='ltr'><strong>in</strong></span> <span class='ocrx_word' id='word_1_24' title='bbox 2482 459 2778 522; x_wconf 79' lang='lat' dir='ltr'><strong>tempestate</strong></span> <span class='ocrx_word' id='word_1_25' title='bbox 2803 459 2850 505; x_wconf 89' lang='lat' dir='ltr'><strong>et</strong></span> <span class='ocrx_word' id='word_1_26' title='bbox 2892 451 2947 505; x_wconf 86' lang='lat' dir='ltr'><strong>in</strong></span> <span class='ocrx_word' id='word_1_27' title='bbox 2968 450 3176 505; x_wconf 86' lang='lat' dir='ltr'><strong>turbine</strong></span> <span class='ocrx_word' id='word_1_28' title='bbox 3198 452 3291 505; x_wconf 77' lang='lat' dir='ltr'><strong>eiu:</strong></span> <span class='ocrx_word' id='word_1_29' title='bbox 3310 452 3446 517; x_wconf 84' lang='lat' dir='ltr'><strong>ejus.</strong></span> <span class='ocrx_word' id='word_1_30' title='bbox 3473 451 3711 509; x_wconf 83' lang='lat' dir='ltr'><strong>Blandus</strong></span> 
     </span>
    </p>
   </div>
   <div class='ocr_carea' id='block_1_5' title="bbox 435 541 2017 614">
    <p class='ocr_par' dir='ltr' id='par_1_5' title="bbox 435 541 2017 614">
     <span class='ocr_line' id='line_1_5' title="bbox 435 541 2017 614; baseline 0 -18"><span class='ocrx_word' id='word_1_31' title='bbox 435 543 562 614; x_wconf 84' lang='lat' dir='ltr'><strong>quia</strong></span> <span class='ocrx_word' id='word_1_32' title='bbox 613 541 868 597; x_wconf 83' lang='lat' dir='ltr'><strong>nimirum</strong></span> <span class='ocrx_word' id='word_1_33' title='bbox 915 555 1070 596; x_wconf 88' lang='lat' dir='ltr'><strong>mens</strong></span> <span class='ocrx_word' id='word_1_34' title='bbox 1107 555 1230 596; x_wconf 90' lang='lat' dir='ltr'><strong>cum</strong></span> <span class='ocrx_word' id='word_1_35' title='bbox 1263 541 1321 596; x_wconf 89' lang='lat' dir='ltr'><strong>in</strong></span> <span class='ocrx_word' id='word_1_36' title='bbox 1351 541 1824 611; x_wconf 75' lang='lat' dir='ltr'><strong>contemplationis</strong></span> <span class='ocrx_word' id='word_1_37' title='bbox 1852 541 2017 596; x_wconf 80' lang='lat' dir='ltr'><strong>subli-</strong></span> 
     </span>
    </p>
   </div>
   <div class='ocr_carea' id='block_1_6' title="bbox 433 631 2019 703">
    <p class='ocr_par' dir='ltr' id='par_1_6' title="bbox 433 631 2019 703">
     <span class='ocr_line' id='line_1_6' title="bbox 433 631 2019 703; baseline 0.001 -15"><span class='ocrx_word' id='word_1_38' title='bbox 433 634 626 689; x_wconf 90' lang='lat' dir='ltr'><strong>mitate</strong></span> <span class='ocrx_word' id='word_1_39' title='bbox 672 631 1053 703; x_wconf 76' lang='lat' dir='ltr'><strong>suspenditur,</strong></span> <span class='ocrx_word' id='word_1_40' title='bbox 1103 633 1364 702; x_wconf 74' lang='lat' dir='ltr'><strong>quidquid</strong></span> <span class='ocrx_word' id='word_1_41' title='bbox 1413 634 1653 703; x_wconf 73' lang='lat' dir='ltr'><strong>perfecte</strong></span> <span class='ocrx_word' id='word_1_42' title='bbox 1705 635 2019 703; x_wconf 78' lang='lat' dir='ltr'><strong>couSpieere</strong></span> 
     </span>
    </p>
   </div>
   <div class='ocr_carea' id='block_1_7' title="bbox 433 723 2019 798">
    <p class='ocr_par' dir='ltr' id='par_1_7' title="bbox 433 723 2019 798">
     <span class='ocr_line' id='line_1_7' title="bbox 433 723 2019 798; baseline 0.001 -19"><span class='ocrx_word' id='word_1_43' title='bbox 433 723 721 798; x_wconf 74' lang='lat' dir='ltr'><strong>praevalet,</strong></span> <span class='ocrx_word' id='word_1_44' title='bbox 773 724 914 780; x_wconf 89' lang='lat' dir='ltr'><strong>Dens</strong></span> <span class='ocrx_word' id='word_1_45' title='bbox 949 740 1058 780; x_wconf 91' lang='lat' dir='ltr'><strong>non</strong></span> <span class='ocrx_word' id='word_1_46' title='bbox 1095 733 1180 780; x_wconf 89' lang='lat' dir='ltr'><strong>est</strong></span> <span class='ocrx_word' id='word_1_47' title='bbox 1206 743 1220 778; x_wconf 90' lang='lat'><strong>:</strong></span> <span class='ocrx_word' id='word_1_48' title='bbox 1249 739 1372 782; x_wconf 89' lang='lat' dir='ltr'><strong>cum</strong></span> <span class='ocrx_word' id='word_1_49' title='bbox 1407 741 1536 780; x_wconf 88' lang='lat' dir='ltr'><strong>vero</strong></span> <span class='ocrx_word' id='word_1_50' title='bbox 1575 725 1770 782; x_wconf 83' lang='lat' dir='ltr'><strong>subtile</strong></span> <span class='ocrx_word' id='word_1_51' title='bbox 1817 725 2019 796; x_wconf 86' lang='lat' dir='ltr'><strong>aliquid</strong></span> 
     </span>
    </p>
   </div>
   <div class='ocr_carea' id='block_1_8' title="bbox 433 813 2016 885">
    <p class='ocr_par' dir='ltr' id='par_1_8' title="bbox 433 813 2016 885">
     <span class='ocr_line' id='line_1_8' title="bbox 433 813 2016 885; baseline 0 -15"><span class='ocrx_word' id='word_1_52' title='bbox 433 814 720 885; x_wconf 83' lang='lat' dir='ltr'><strong>conspicit,</strong></span> <span class='ocrx_word' id='word_1_53' title='bbox 754 817 854 869; x_wconf 88' lang='lat' dir='ltr'><strong>hoc</strong></span> <span class='ocrx_word' id='word_1_54' title='bbox 880 822 986 880; x_wconf 92' lang='lat' dir='ltr'><strong>est,</strong></span> <span class='ocrx_word' id='word_1_55' title='bbox 1011 815 1155 884; x_wconf 90' lang='lat' dir='ltr'><strong>quod</strong></span> <span class='ocrx_word' id='word_1_56' title='bbox 1197 814 1264 869; x_wconf 88' lang='lat' dir='ltr'><strong>de</strong></span> <span class='ocrx_word' id='word_1_57' title='bbox 1304 813 1836 884; x_wconf 86' lang='lat' dir='ltr'><strong>incomprehensibili</strong></span> <span class='ocrx_word' id='word_1_58' title='bbox 1884 816 2016 872; x_wconf 88' lang='lat' dir='ltr'><strong>sub-</strong></span> 
     </span>
    </p>
   </div>
   <div class='ocr_carea' id='block_1_9' title="bbox 434 903 2022 970">
    <p class='ocr_par' dir='ltr' id='par_1_9' title="bbox 434 903 2022 970">
     <span class='ocr_line' id='line_1_9' title="bbox 434 903 2022 970; baseline 0.002 -11"><span class='ocrx_word' id='word_1_59' title='bbox 434 904 633 960; x_wconf 76' lang='lat' dir='ltr'><strong>stantia</strong></span> <span class='ocrx_word' id='word_1_60' title='bbox 661 903 982 959; x_wconf 74' lang='lat' dir='ltr'><strong>mternitatis</strong></span> <span class='ocrx_word' id='word_1_61' title='bbox 1015 903 1184 958; x_wconf 90' lang='lat' dir='ltr'><strong>audit.</strong></span> <span class='ocrx_word' id='word_1_62' title='bbox 1215 903 1380 970; x_wconf 81' lang='lat' dir='ltr'><strong>Quasi</strong></span> <span class='ocrx_word' id='word_1_63' title='bbox 1409 904 1556 958; x_wconf 89' lang='lat' dir='ltr'><strong>enim</strong></span> <span class='ocrx_word' id='word_1_64' title='bbox 1591 904 1810 959; x_wconf 78' lang='lat' dir='ltr'><strong>sibilum</strong></span> <span class='ocrx_word' id='word_1_65' title='bbox 1842 906 2022 962; x_wconf 86' lang='lat' dir='ltr'><strong>tenuis</strong></span> 
     </span>
    </p>
   </div>
   <div class='ocr_carea' id='block_1_10' title="bbox 435 995 2020 1068">
    <p class='ocr_par' dir='ltr' id='par_1_10' title="bbox 435 995 2020 1068">
     <span class='ocr_line' id='line_1_10' title="bbox 435 995 2020 1068; baseline 0.001 -16"><span class='ocrx_word' id='word_1_66' title='bbox 435 1011 584 1052; x_wconf 71' lang='lat' dir='ltr'><strong>aurre</strong></span> <span class='ocrx_word' id='word_1_67' title='bbox 634 995 1000 1066; x_wconf 78' lang='lat' dir='ltr'><strong>percipimus,</strong></span> <span class='ocrx_word' id='word_1_68' title='bbox 1051 1010 1174 1051; x_wconf 89' lang='lat' dir='ltr'><strong>cum</strong></span> <span class='ocrx_word' id='word_1_69' title='bbox 1233 1010 1482 1066; x_wconf 85' lang='lat' dir='ltr'><strong>saporem</strong></span> <span class='ocrx_word' id='word_1_70' title='bbox 1537 995 2020 1068; x_wconf 57' lang='lat' dir='ltr'><strong>incircumscriptus</strong></span> 
     </span>
    </p>
   </div>
   <div class='ocr_carea' id='block_1_11' title="bbox 433 1085 2019 1158">
    <p class='ocr_par' dir='ltr' id='par_1_11' title="bbox 433 1085 2019 1158">
     <span class='ocr_line' id='line_1_11' title="bbox 433 1085 2019 1158; baseline 0.001 -18"><span class='ocrx_word' id='word_1_71' title='bbox 433 1087 686 1142; x_wconf 82' lang='lat' dir='ltr'><strong>veritatis</strong></span> <span class='ocrx_word' id='word_1_72' title='bbox 714 1085 1171 1156; x_wconf 81' lang='lat' dir='ltr'><strong>contemplatione</strong></span> <span class='ocrx_word' id='word_1_73' title='bbox 1208 1086 1390 1142; x_wconf 90' lang='lat' dir='ltr'><strong>subita</strong></span> <span class='ocrx_word' id='word_1_74' title='bbox 1428 1086 1800 1158; x_wconf 78' lang='lat' dir='ltr'><strong>degustamus.</strong></span> <span class='ocrx_word' id='word_1_75' title='bbox 1841 1087 2019 1142; x_wconf 86' lang='lat' dir='ltr'><strong>Tran-</strong></span> 
     </span>
    </p>
   </div>
   <div class='ocr_carea' id='block_1_12' title="bbox 430 1176 2020 1249">
    <p class='ocr_par' dir='ltr' id='par_1_12' title="bbox 430 1176 2020 1249">
     <span class='ocr_line' id='line_1_12' title="bbox 430 1176 2020 1249; baseline 0.001 -17"><span class='ocrx_word' id='word_1_76' title='bbox 430 1177 672 1248; x_wconf 82' lang='lat' dir='ltr'><strong>quillitas</strong></span> <span class='ocrx_word' id='word_1_77' title='bbox 716 1186 896 1232; x_wconf 87' lang='lat' dir='ltr'><strong>autem</strong></span> <span class='ocrx_word' id='word_1_78' title='bbox 943 1177 1140 1248; x_wconf 80' lang='lat' dir='ltr'><strong>pelagi,</strong></span> <span class='ocrx_word' id='word_1_79' title='bbox 1169 1192 1333 1248; x_wconf 89' lang='lat' dir='ltr'><strong>quam</strong></span> <span class='ocrx_word' id='word_1_80' title='bbox 1376 1176 1615 1233; x_wconf 85' lang='lat' dir='ltr'><strong>altanum</strong></span> <span class='ocrx_word' id='word_1_81' title='bbox 1663 1186 1890 1237; x_wconf 89' lang='lat' dir='ltr'><strong>vocant.</strong></span> <span class='ocrx_word' id='word_1_82' title='bbox 1925 1193 2020 1249; x_wconf 82' lang='lat' dir='ltr'><strong>pa-</strong></span> 
     </span>
    </p>
   </div>
   <div class='ocr_carea' id='block_1_13' title="bbox 433 1267 2016 1341">
    <p class='ocr_par' dir='ltr' id='par_1_13' title="bbox 433 1267 2016 1341">
     <span class='ocr_line' id='line_1_13' title="bbox 433 1267 2016 1341; baseline 0.003 -19"><span class='ocrx_word' id='word_1_83' title='bbox 433 1283 551 1323; x_wconf 88' lang='lat' dir='ltr'><strong>cem</strong></span> <span class='ocrx_word' id='word_1_84' title='bbox 582 1267 836 1324; x_wconf 75' lang='lat' dir='ltr'><strong>Ecclesia:</strong></span> <span class='ocrx_word' id='word_1_85' title='bbox 862 1268 1130 1340; x_wconf 86' lang='lat' dir='ltr'><strong>signiﬁeat</strong></span> <span class='ocrx_word' id='word_1_86' title='bbox 1161 1269 1475 1326; x_wconf 89' lang='lat' dir='ltr'><strong>inmundo:</strong></span> <span class='ocrx_word' id='word_1_87' title='bbox 1500 1285 1654 1340; x_wconf 73' lang='lat' dir='ltr'><strong>quae,</strong></span> <span class='ocrx_word' id='word_1_88' title='bbox 1685 1285 1816 1326; x_wconf 87' lang='lat' dir='ltr'><strong>aura</strong></span> <span class='ocrx_word' id='word_1_89' title='bbox 1843 1270 2016 1341; x_wconf 81' lang='lat' dir='ltr'><strong>Spiri-</strong></span> 
     </span>
    </p>
   </div>
   <div class='ocr_carea' id='block_1_14' title="bbox 431 1359 2019 1432">
    <p class='ocr_par' dir='ltr' id='par_1_14' title="bbox 431 1359 2019 1432">
     <span class='ocr_line' id='line_1_14' title="bbox 431 1359 2019 1432; baseline 0.001 -16"><span class='ocrx_word' id='word_1_90' title='bbox 431 1369 517 1416; x_wconf 89' lang='lat' dir='ltr'><strong>tus</strong></span> <span class='ocrx_word' id='word_1_91' title='bbox 539 1359 714 1416; x_wconf 87' lang='lat' dir='ltr'><strong>sancti</strong></span> <span class='ocrx_word' id='word_1_92' title='bbox 746 1359 909 1416; x_wconf 91' lang='lat' dir='ltr'><strong>ﬂante</strong></span> <span class='ocrx_word' id='word_1_93' title='bbox 930 1401 946 1427; x_wconf 95' lang='lat'><strong>,</strong></span> <span class='ocrx_word' id='word_1_94' title='bbox 977 1375 1240 1432; x_wconf 87' lang='lat' dir='ltr'><strong>prospero</strong></span> <span class='ocrx_word' id='word_1_95' title='bbox 1269 1376 1433 1418; x_wconf 82' lang='lat' dir='ltr'><strong>cursu</strong></span> <span class='ocrx_word' id='word_1_96' title='bbox 1471 1368 1596 1432; x_wconf 90' lang='lat' dir='ltr'><strong>post</strong></span> <span class='ocrx_word' id='word_1_97' title='bbox 1637 1369 2019 1432; x_wconf 86' lang='lat' dir='ltr'><strong>tempestatem</strong></span> 
     </span>
    </p>
   </div>
   <div class='ocr_carea' id='block_1_15' title="bbox 437 1453 2018 1526">
    <p class='ocr_par' dir='ltr' id='par_1_15' title="bbox 437 1453 2018 1526">
     <span class='ocr_line' id='line_1_15' title="bbox 437 1453 2018 1526; baseline 0.001 -18"><span class='ocrx_word' id='word_1_98' title='bbox 437 1454 492 1509; x_wconf 92' lang='lat' dir='ltr'><strong>in</strong></span> <span class='ocrx_word' id='word_1_99' title='bbox 523 1455 734 1511; x_wconf 89' lang='lat' dir='ltr'><strong>mundo.</strong></span> <span class='ocrx_word' id='word_1_100' title='bbox 753 1453 958 1512; x_wconf 80' lang='lat' dir='ltr'><strong>factam</strong></span> <span class='ocrx_word' id='word_1_101' title='bbox 983 1455 1050 1511; x_wconf 91' lang='lat' dir='ltr'><strong>ad</strong></span> <span class='ocrx_word' id='word_1_102' title='bbox 1079 1463 1322 1526; x_wconf 88' lang='lat' dir='ltr'><strong>optatum</strong></span> <span class='ocrx_word' id='word_1_103' title='bbox 1345 1461 1563 1510; x_wconf 69' lang='lat' dir='ltr'><strong>aeterna:</strong></span> <span class='ocrx_word' id='word_1_104' title='bbox 1581 1455 1780 1526; x_wconf 84' lang='lat' dir='ltr'><strong>quietis</strong></span> <span class='ocrx_word' id='word_1_105' title='bbox 1803 1463 2018 1526; x_wconf 85' lang='lat' dir='ltr'><strong>portum</strong></span> 
     </span>
    </p>
   </div>
   <div class='ocr_carea' id='block_1_16' title="bbox 439 1545 2020 1618">
    <p class='ocr_par' dir='ltr' id='par_1_16' title="bbox 439 1545 2020 1618">
     <span class='ocr_line' id='line_1_16' title="bbox 439 1545 2020 1618; baseline -0.001 -14"><span class='ocrx_word' id='word_1_106' title='bbox 439 1547 624 1604; x_wconf 85' lang='lat' dir='ltr'><strong>studet</strong></span> <span class='ocrx_word' id='word_1_107' title='bbox 665 1563 858 1603; x_wconf 88' lang='lat' dir='ltr'><strong>secura</strong></span> <span class='ocrx_word' id='word_1_108' title='bbox 901 1547 1224 1618; x_wconf 89' lang='lat' dir='ltr'><strong>pervenire:</strong></span> <span class='ocrx_word' id='word_1_109' title='bbox 1255 1547 1398 1604; x_wconf 86' lang='lat' dir='ltr'><strong>sicut</strong></span> <span class='ocrx_word' id='word_1_110' title='bbox 1441 1547 1496 1602; x_wconf 88' lang='lat' dir='ltr'><strong>in</strong></span> <span class='ocrx_word' id='word_1_111' title='bbox 1539 1546 1634 1602; x_wconf 85' lang='lat' dir='ltr'><strong>illa</strong></span> <span class='ocrx_word' id='word_1_112' title='bbox 1676 1545 2020 1618; x_wconf 76' lang='lat' dir='ltr'><strong>navigatione</strong></span> 
     </span>
    </p>
   </div>
   <div class='ocr_carea' id='block_1_17' title="bbox 441 1638 2020 1711">
    <p class='ocr_par' dir='ltr' id='par_1_17' title="bbox 441 1638 2020 1711">
     <span class='ocr_line' id='line_1_17' title="bbox 441 1638 2020 1711; baseline 0.001 -17"><span class='ocrx_word' id='word_1_113' title='bbox 441 1640 656 1695; x_wconf 88' lang='lat' dir='ltr'><strong>Domini</strong></span> <span class='ocrx_word' id='word_1_114' title='bbox 691 1656 814 1696; x_wconf 90' lang='lat' dir='ltr'><strong>cum</strong></span> <span class='ocrx_word' id='word_1_115' title='bbox 843 1640 1119 1711; x_wconf 86' lang='lat' dir='ltr'><strong>discipulis</strong></span> <span class='ocrx_word' id='word_1_116' title='bbox 1148 1640 1204 1695; x_wconf 90' lang='lat' dir='ltr'><strong>in</strong></span> <span class='ocrx_word' id='word_1_117' title='bbox 1234 1655 1392 1706; x_wconf 89' lang='lat' dir='ltr'><strong>nave,</strong></span> <span class='ocrx_word' id='word_1_118' title='bbox 1415 1655 1541 1696; x_wconf 88' lang='lat' dir='ltr'><strong>cum</strong></span> <span class='ocrx_word' id='word_1_119' title='bbox 1566 1639 1812 1696; x_wconf 83' lang='lat' dir='ltr'><strong>navicula</strong></span> <span class='ocrx_word' id='word_1_120' title='bbox 1841 1638 2020 1710; x_wconf 78' lang='lat' dir='ltr'><strong>operi~</strong></span> 
     </span>
    </p>
   </div>
   <div class='ocr_carea' id='block_1_18' title="bbox 436 1729 2018 1802">
    <p class='ocr_par' dir='ltr' id='par_1_18' title="bbox 436 1729 2018 1802">
     <span class='ocr_line' id='line_1_18' title="bbox 436 1729 2018 1802; baseline 0 -18"><span class='ocrx_word' id='word_1_121' title='bbox 436 1740 588 1785; x_wconf 88' lang='lat' dir='ltr'><strong>retur</strong></span> <span class='ocrx_word' id='word_1_122' title='bbox 610 1729 879 1796; x_wconf 87' lang='lat' dir='ltr'><strong>ﬂuctibus,</strong></span> <span class='ocrx_word' id='word_1_123' title='bbox 920 1747 1136 1802; x_wconf 89' lang='lat' dir='ltr'><strong>surgens</strong></span> <span class='ocrx_word' id='word_1_124' title='bbox 1187 1731 1439 1795; x_wconf 80' lang='lat' dir='ltr'><strong>Dominus</strong></span> <span class='ocrx_word' id='word_1_125' title='bbox 1485 1731 1755 1802; x_wconf 83' lang='lat' dir='ltr'><strong>imperavit</strong></span> <span class='ocrx_word' id='word_1_126' title='bbox 1779 1731 1943 1786; x_wconf 83' lang='lat' dir='ltr'><strong>ventis</strong></span> <span class='ocrx_word' id='word_1_127' title='bbox 1971 1740 2018 1786; x_wconf 87' lang='lat' dir='ltr'><strong>et</strong></span> 
     </span>
    </p>
   </div>
   <div class='ocr_carea' id='block_1_19' title="bbox 2120 539 3708 610">
    <p class='ocr_par' dir='ltr' id='par_1_19' title="bbox 2120 539 3708 610">
     <span class='ocr_line' id='line_1_19' title="bbox 2120 539 3708 610; baseline 0.003 -19"><span class='ocrx_word' id='word_1_128' title='bbox 2120 539 2318 610; x_wconf 88' lang='lat' dir='ltr'><strong>quippe</strong></span> <span class='ocrx_word' id='word_1_129' title='bbox 2346 548 2454 604; x_wconf 90' lang='lat' dir='ltr'><strong>est,</strong></span> <span class='ocrx_word' id='word_1_130' title='bbox 2489 539 2602 609; x_wconf 91' lang='lat' dir='ltr'><strong>qui,</strong></span> <span class='ocrx_word' id='word_1_131' title='bbox 2635 549 2695 594; x_wconf 92' lang='lat' dir='ltr'><strong>ut</strong></span> <span class='ocrx_word' id='word_1_132' title='bbox 2722 540 2775 595; x_wconf 91' lang='lat' dir='ltr'><strong>in</strong></span> <span class='ocrx_word' id='word_1_133' title='bbox 2805 541 2983 595; x_wconf 85' lang='lat' dir='ltr'><strong>medio</strong></span> <span class='ocrx_word' id='word_1_134' title='bbox 3011 541 3306 596; x_wconf 81' lang='lat' dir='ltr'><strong>inhabilem</strong></span> <span class='ocrx_word' id='word_1_135' title='bbox 3327 582 3342 605; x_wconf 89' lang='lat'><strong>,</strong></span> <span class='ocrx_word' id='word_1_136' title='bbox 3376 543 3555 597; x_wconf 89' lang='lat' dir='ltr'><strong>venit:</strong></span> <span class='ocrx_word' id='word_1_137' title='bbox 3586 559 3708 597; x_wconf 86' lang='lat' dir='ltr'><strong>cum</strong></span> 
     </span>
    </p>
   </div>
   <div class='ocr_carea' id='block_1_20' title="bbox 2118 630 3711 701">
    <p class='ocr_par' dir='ltr' id='par_1_20' title="bbox 2118 630 3711 701">
     <span class='ocr_line' id='line_1_20' title="bbox 2118 630 3711 701; baseline 0 -15"><span class='ocrx_word' id='word_1_138' title='bbox 2118 645 2249 686; x_wconf 91' lang='lat' dir='ltr'><strong>vero</strong></span> <span class='ocrx_word' id='word_1_139' title='bbox 2273 646 2332 686; x_wconf 90' lang='lat' dir='ltr'><strong>se</strong></span> <span class='ocrx_word' id='word_1_140' title='bbox 2359 645 2456 700; x_wconf 89' lang='lat' dir='ltr'><strong>per</strong></span> <span class='ocrx_word' id='word_1_141' title='bbox 2487 639 2861 701; x_wconf 82' lang='lat' dir='ltr'><strong>tempestatem</strong></span> <span class='ocrx_word' id='word_1_142' title='bbox 2885 641 2942 686; x_wconf 88' lang='lat' dir='ltr'><strong>et</strong></span> <span class='ocrx_word' id='word_1_143' title='bbox 2971 630 3238 686; x_wconf 91' lang='lat' dir='ltr'><strong>turbinem</strong></span> <span class='ocrx_word' id='word_1_144' title='bbox 3265 631 3524 697; x_wconf 81' lang='lat' dir='ltr'><strong>insinuat,</strong></span> <span class='ocrx_word' id='word_1_145' title='bbox 3551 632 3711 686; x_wconf 78' lang='lat' dir='ltr'><strong>nimi-</strong></span> 
     </span>
    </p>
   </div>
   <div class='ocr_carea' id='block_1_21' title="bbox 2118 710 3707 794">
    <p class='ocr_par' dir='ltr' id='par_1_21' title="bbox 2118 710 3707 794">
     <span class='ocr_line' id='line_1_21' title="bbox 2118 710 3707 794; baseline 0.002 -17"><span class='ocrx_word' id='word_1_146' title='bbox 2118 739 2238 778; x_wconf 86' lang='lat' dir='ltr'><strong>rum</strong></span> <span class='ocrx_word' id='word_1_147' title='bbox 2267 739 2387 794; x_wconf 75' lang='lat' dir='ltr'><strong>qnte</strong></span> <span class='ocrx_word' id='word_1_148' title='bbox 2409 710 2581 793; x_wconf 77' lang='lat' dir='ltr'><strong>tangit</strong></span> <span class='ocrx_word' id='word_1_149' title='bbox 2606 725 2770 779; x_wconf 86' lang='lat' dir='ltr'><strong>corda</strong></span> <span class='ocrx_word' id='word_1_150' title='bbox 2791 765 2806 790; x_wconf 96' lang='lat'><strong>,</strong></span> <span class='ocrx_word' id='word_1_151' title='bbox 2829 723 3106 794; x_wconf 69' lang='lat' dir='ltr'><strong>perturbat</strong></span> <span class='ocrx_word' id='word_1_152' title='bbox 3144 735 3310 794; x_wconf 88' lang='lat' dir='ltr'><strong>atque</strong></span> <span class='ocrx_word' id='word_1_153' title='bbox 3344 725 3411 779; x_wconf 90' lang='lat' dir='ltr'><strong>ad</strong></span> <span class='ocrx_word' id='word_1_154' title='bbox 3441 726 3707 780; x_wconf 85' lang='lat' dir='ltr'><strong>edoman-</strong></span> 
     </span>
    </p>
   </div>
   <div class='ocr_carea' id='block_1_22' title="bbox 2119 812 3698 885">
    <p class='ocr_par' dir='ltr' id='par_1_22' title="bbox 2119 812 3698 885">
     <span class='ocr_line' id='line_1_22' title="bbox 2119 812 3698 885; baseline 0.002 -18"><span class='ocrx_word' id='word_1_155' title='bbox 2119 812 2242 867; x_wconf 86' lang='lat' dir='ltr'><strong>dam</strong></span> <span class='ocrx_word' id='word_1_156' title='bbox 2264 813 2549 870; x_wconf 83' lang='lat' dir='ltr'><strong>elationem</strong></span> <span class='ocrx_word' id='word_1_157' title='bbox 2575 829 2634 870; x_wconf 90' lang='lat' dir='ltr'><strong>se</strong></span> <span class='ocrx_word' id='word_1_158' title='bbox 2660 815 2852 880; x_wconf 78' lang='lat' dir='ltr'><strong>exerit,</strong></span> <span class='ocrx_word' id='word_1_159' title='bbox 2884 815 3097 885; x_wconf 81' lang='lat' dir='ltr'><strong>quando</strong></span> <span class='ocrx_word' id='word_1_160' title='bbox 3118 823 3311 884; x_wconf 89' lang='lat' dir='ltr'><strong>potens</strong></span> <span class='ocrx_word' id='word_1_161' title='bbox 3345 823 3402 870; x_wconf 93' lang='lat' dir='ltr'><strong>et</strong></span> <span class='ocrx_word' id='word_1_162' title='bbox 3437 816 3698 872; x_wconf 78' lang='lat' dir='ltr'><strong>terribilis</strong></span> 
     </span>
    </p>
   </div>
   <div class='ocr_carea' id='block_1_23' title="bbox 2119 903 3709 978">
    <p class='ocr_par' dir='ltr' id='par_1_23' title="bbox 2119 903 3709 978">
     <span class='ocr_line' id='line_1_23' title="bbox 2119 903 3709 978; baseline 0.003 -20"><span class='ocrx_word' id='word_1_163' title='bbox 2119 903 2426 960; x_wconf 88' lang='lat' dir='ltr'><strong>innoteseit.</strong></span> <span class='ocrx_word' id='word_1_164' title='bbox 2457 905 2594 962; x_wconf 81' lang='lat' dir='ltr'><strong>[line</strong></span> <span class='ocrx_word' id='word_1_165' title='bbox 2614 906 2666 961; x_wconf 91' lang='lat' dir='ltr'><strong>in</strong></span> <span class='ocrx_word' id='word_1_166' title='bbox 2691 906 2900 978; x_wconf 85' lang='lat' dir='ltr'><strong>psalmo</strong></span> <span class='ocrx_word' id='word_1_167' title='bbox 2925 907 3189 978; x_wconf 87' lang='lat' dir='ltr'><strong>scriptum</strong></span> <span class='ocrx_word' id='word_1_168' title='bbox 3210 916 3296 962; x_wconf 87' lang='lat' dir='ltr'><strong>est</strong></span> <span class='ocrx_word' id='word_1_169' title='bbox 3321 923 3336 960; x_wconf 90' lang='lat'><strong>:</strong></span> <span class='ocrx_word' id='word_1_170' title='bbox 3369 906 3709 978; x_wconf 83' lang='lat' dir='ltr'><strong>Persequeris</strong></span> 
     </span>
    </p>
   </div>
   <div class='ocr_carea' id='block_1_24' title="bbox 2115 997 3709 1079">
    <p class='ocr_par' dir='ltr' id='par_1_24' title="bbox 2115 997 3709 1079">
     <span class='ocr_line' id='line_1_24' title="bbox 2115 997 3709 1079; baseline 0.002 -27"><span class='ocrx_word' id='word_1_171' title='bbox 2115 1014 2203 1052; x_wconf 90' lang='lat' dir='ltr'><strong>eos</strong></span> <span class='ocrx_word' id='word_1_172' title='bbox 2247 997 2306 1052; x_wconf 91' lang='lat' dir='ltr'><strong>in</strong></span> <span class='ocrx_word' id='word_1_173' title='bbox 2351 1007 2654 1068; x_wconf 73' lang='lat' dir='ltr'><strong>tempestate</strong></span> <span class='ocrx_word' id='word_1_174' title='bbox 2689 1009 2802 1066; x_wconf 84' lang='lat' dir='ltr'><strong>tua,</strong></span> <span class='ocrx_word' id='word_1_175' title='bbox 2845 1010 2894 1053; x_wconf 88' lang='lat' dir='ltr'><strong>et</strong></span> <span class='ocrx_word' id='word_1_176' title='bbox 2933 999 2988 1054; x_wconf 89' lang='lat' dir='ltr'><strong>in</strong></span> <span class='ocrx_word' id='word_1_177' title='bbox 3018 1000 3102 1053; x_wconf 89' lang='lat' dir='ltr'><strong>ira</strong></span> <span class='ocrx_word' id='word_1_178' title='bbox 3140 999 3590 1079; x_wconf 46' lang='lat' dir='ltr'><strong>tua‘conturbabis</strong></span> <span class='ocrx_word' id='word_1_179' title='bbox 3620 1017 3709 1056; x_wconf 87' lang='lat' dir='ltr'><strong>cos</strong></span> 
     </span>
    </p>
   </div>
   <div class='ocr_carea' id='block_1_25' title="bbox 2117 1087 3710 1161">
    <p class='ocr_par' dir='ltr' id='par_1_25' title="bbox 2117 1087 3710 1161">
     <span class='ocr_line' id='line_1_25' title="bbox 2117 1087 3710 1161; baseline 0.003 -20"><span class='ocrx_word' id='word_1_180' title='bbox 2117 1087 2292 1158; x_wconf 59' lang='lat' dir='ltr'><strong>tPsal.</strong></span> <span class='ocrx_word' id='word_1_181' title='bbox 2309 1088 2538 1161; x_wconf 82' lang='lat' dir='ltr'><strong>Lxxxu).</strong></span> <span class='ocrx_word' id='word_1_182' title='bbox 2552 1089 2610 1146; x_wconf 86' lang='lat' dir='ltr'><strong>1n</strong></span> <span class='ocrx_word' id='word_1_183' title='bbox 2627 1097 2947 1160; x_wconf 84' lang='lat' dir='ltr'><strong>tempestate</strong></span> <span class='ocrx_word' id='word_1_184' title='bbox 2961 1089 3113 1154; x_wconf 85' lang='lat' dir='ltr'><strong>dicit,</strong></span> <span class='ocrx_word' id='word_1_185' title='bbox 3129 1089 3233 1144; x_wconf 91' lang='lat' dir='ltr'><strong>hoc</strong></span> <span class='ocrx_word' id='word_1_186' title='bbox 3246 1099 3350 1155; x_wconf 90' lang='lat' dir='ltr'><strong>est,</strong></span> <span class='ocrx_word' id='word_1_187' title='bbox 3364 1090 3552 1161; x_wconf 76' lang='lat' dir='ltr'><strong>iudicii</strong></span> <span class='ocrx_word' id='word_1_188' title='bbox 3579 1101 3684 1146; x_wconf 75' lang='lat' dir='ltr'><strong>tea;</strong></span> <span class='ocrx_word' id='word_1_189' title='bbox 3696 1122 3710 1132; x_wconf 93' lang='lat'><strong><em>-</em></strong></span> 
     </span>
    </p>
   </div>
   <div class='ocr_carea' id='block_1_26' title="bbox 2117 1180 3709 1253">
    <p class='ocr_par' dir='ltr' id='par_1_26' title="bbox 2117 1180 3709 1253">
     <span class='ocr_line' id='line_1_26' title="bbox 2117 1180 3709 1253; baseline 0.003 -19"><span class='ocrx_word' id='word_1_190' title='bbox 2117 1195 2267 1250; x_wconf 91' lang='lat' dir='ltr'><strong>pore.</strong></span> <span class='ocrx_word' id='word_1_191' title='bbox 2295 1180 2428 1236; x_wconf 89' lang='lat' dir='ltr'><strong>Item</strong></span> <span class='ocrx_word' id='word_1_192' title='bbox 2458 1189 2751 1252; x_wconf 84' lang='lat' dir='ltr'><strong>tempestas</strong></span> <span class='ocrx_word' id='word_1_193' title='bbox 2782 1196 3014 1237; x_wconf 81' lang='lat' dir='ltr'><strong>examen</strong></span> <span class='ocrx_word' id='word_1_194' title='bbox 3037 1181 3226 1253; x_wconf 69' lang='lat' dir='ltr'><strong>iudicii</strong></span> <span class='ocrx_word' id='word_1_195' title='bbox 3249 1182 3544 1253; x_wconf 83' lang='lat' dir='ltr'><strong>signiﬁcat,</strong></span> <span class='ocrx_word' id='word_1_196' title='bbox 3567 1193 3630 1238; x_wconf 93' lang='lat' dir='ltr'><strong>ut</strong></span> <span class='ocrx_word' id='word_1_197' title='bbox 3652 1183 3709 1238; x_wconf 84' lang='lat' dir='ltr'><strong>in</strong></span> 
     </span>
    </p>
   </div>
   <div class='ocr_carea' id='block_1_27' title="bbox 2117 1271 3704 1345">
    <p class='ocr_par' dir='ltr' id='par_1_27' title="bbox 2117 1271 3704 1345">
     <span class='ocr_line' id='line_1_27' title="bbox 2117 1271 3704 1345; baseline 0.001 -18"><span class='ocrx_word' id='word_1_198' title='bbox 2117 1272 2324 1343; x_wconf 83' lang='lat' dir='ltr'><strong>psalmo</strong></span> <span class='ocrx_word' id='word_1_199' title='bbox 2349 1292 2364 1328; x_wconf 89' lang='lat'><strong>:</strong></span> <span class='ocrx_word' id='word_1_200' title='bbox 2389 1273 2456 1327; x_wconf 88' lang='lat' dir='ltr'><strong>In</strong></span> <span class='ocrx_word' id='word_1_201' title='bbox 2475 1273 2698 1329; x_wconf 79' lang='lat' dir='ltr'><strong>circuitu</strong></span> <span class='ocrx_word' id='word_1_202' title='bbox 2712 1273 2830 1344; x_wconf 84' lang='lat' dir='ltr'><strong>ejus</strong></span> <span class='ocrx_word' id='word_1_203' title='bbox 2842 1282 3116 1343; x_wconf 78' lang='lat' dir='ltr'><strong>tempestas</strong></span> <span class='ocrx_word' id='word_1_204' title='bbox 3137 1271 3310 1330; x_wconf 79' lang='lat' dir='ltr'><strong>valida</strong></span> <span class='ocrx_word' id='word_1_205' title='bbox 3327 1271 3704 1345; x_wconf 79' lang='lat' dir='ltr'><strong>(Psal._xr.lx):</strong></span> 
     </span>
    </p>
   </div>
   <div class='ocr_carea' id='block_1_28' title="bbox 2117 1363 3712 1434">
    <p class='ocr_par' dir='ltr' id='par_1_28' title="bbox 2117 1363 3712 1434">
     <span class='ocr_line' id='line_1_28' title="bbox 2117 1363 3712 1434; baseline 0 -16"><span class='ocrx_word' id='word_1_206' title='bbox 2117 1363 2263 1432; x_wconf 90' lang='lat' dir='ltr'><strong>quod</strong></span> <span class='ocrx_word' id='word_1_207' title='bbox 2303 1364 2614 1434; x_wconf 88' lang='lat' dir='ltr'><strong>tempestati</strong></span> <span class='ocrx_word' id='word_1_208' title='bbox 2665 1363 2861 1418; x_wconf 86' lang='lat' dir='ltr'><strong>merito</strong></span> <span class='ocrx_word' id='word_1_209' title='bbox 2893 1372 3282 1434; x_wconf 85' lang='lat' dir='ltr'><strong>comparatur:</strong></span> <span class='ocrx_word' id='word_1_210' title='bbox 3314 1364 3550 1433; x_wconf 88' lang='lat' dir='ltr'><strong>primum</strong></span> <span class='ocrx_word' id='word_1_211' title='bbox 3581 1365 3712 1433; x_wconf 88' lang='lat' dir='ltr'><strong>quia</strong></span> 
     </span>
    </p>
   </div>
   <div class='ocr_carea' id='block_1_29' title="bbox 2119 1450 3714 1524">
    <p class='ocr_par' dir='ltr' id='par_1_29' title="bbox 2119 1450 3714 1524">
     <span class='ocr_line' id='line_1_29' title="bbox 2119 1450 3714 1524; baseline -0.001 -14"><span class='ocrx_word' id='word_1_212' title='bbox 2119 1452 2470 1524; x_wconf 77' lang='lat' dir='ltr'><strong>improvisum</strong></span> <span class='ocrx_word' id='word_1_213' title='bbox 2494 1463 2614 1511; x_wconf 90' lang='lat' dir='ltr'><strong>est:</strong></span> <span class='ocrx_word' id='word_1_214' title='bbox 2641 1453 2836 1510; x_wconf 85' lang='lat' dir='ltr'><strong>deinde</strong></span> <span class='ocrx_word' id='word_1_215' title='bbox 2864 1453 3009 1522; x_wconf 89' lang='lat' dir='ltr'><strong>quod</strong></span> <span class='ocrx_word' id='word_1_216' title='bbox 3035 1452 3212 1509; x_wconf 89' lang='lat' dir='ltr'><strong>subito</strong></span> <span class='ocrx_word' id='word_1_217' title='bbox 3239 1450 3457 1524; x_wconf 78' lang='lat' dir='ltr'><strong>fragore</strong></span> <span class='ocrx_word' id='word_1_218' title='bbox 3492 1462 3714 1509; x_wconf 79' lang='lat' dir='ltr'><strong>contur-</strong></span> 
     </span>
    </p>
   </div>
   <div class='ocr_carea' id='block_1_30' title="bbox 2117 1531 3713 1614">
    <p class='ocr_par' dir='ltr' id='par_1_30' title="bbox 2117 1531 3713 1614">
     <span class='ocr_line' id='line_1_30' title="bbox 2117 1531 3713 1614; baseline -0.003 -12"><span class='ocrx_word' id='word_1_219' title='bbox 2117 1547 2212 1602; x_wconf 87' lang='lat' dir='ltr'><strong>bat</strong></span> <span class='ocrx_word' id='word_1_220' title='bbox 2237 1565 2250 1600; x_wconf 89' lang='lat'><strong>:</strong></span> <span class='ocrx_word' id='word_1_221' title='bbox 2277 1556 2332 1602; x_wconf 90' lang='lat' dir='ltr'><strong>et</strong></span> <span class='ocrx_word' id='word_1_222' title='bbox 2353 1545 2530 1602; x_wconf 90' lang='lat' dir='ltr'><strong>locum</strong></span> <span class='ocrx_word' id='word_1_223' title='bbox 2561 1531 2704 1601; x_wconf 85' lang='lat' dir='ltr'><strong>tollit</strong></span> <span class='ocrx_word' id='word_1_224' title='bbox 2744 1543 2976 1601; x_wconf 89' lang='lat' dir='ltr'><strong>consilio</strong></span> <span class='ocrx_word' id='word_1_225' title='bbox 3014 1543 3302 1614; x_wconf 88' lang='lat' dir='ltr'><strong>repentina</strong></span> <span class='ocrx_word' id='word_1_226' title='bbox 3335 1543 3565 1614; x_wconf 85' lang='lat' dir='ltr'><strong>periculi</strong></span> <span class='ocrx_word' id='word_1_227' title='bbox 3595 1560 3713 1598; x_wconf 84' lang='lat' dir='ltr'><strong>ma-</strong></span> 
     </span>
    </p>
   </div>
   <div class='ocr_carea' id='block_1_31' title="bbox 2117 1635 3713 1708">
    <p class='ocr_par' dir='ltr' id='par_1_31' title="bbox 2117 1635 3713 1708">
     <span class='ocr_line' id='line_1_31' title="bbox 2117 1635 3713 1708; baseline 0.001 -18"><span class='ocrx_word' id='word_1_228' title='bbox 2117 1637 2360 1708; x_wconf 86' lang='lat' dir='ltr'><strong>gnitudo.</strong></span> <span class='ocrx_word' id='word_1_229' title='bbox 2393 1635 2710 1708; x_wconf 62' lang='lat' dir='ltr'><strong>Tempestas</strong></span> <span class='ocrx_word' id='word_1_230' title='bbox 2736 1635 2882 1690; x_wconf 90' lang='lat' dir='ltr'><strong>enim</strong></span> <span class='ocrx_word' id='word_1_231' title='bbox 2913 1635 3165 1692; x_wconf 85' lang='lat' dir='ltr'><strong>imbrium</strong></span> <span class='ocrx_word' id='word_1_232' title='bbox 3189 1636 3334 1692; x_wconf 89' lang='lat' dir='ltr'><strong>aeris</strong></span> <span class='ocrx_word' id='word_1_233' title='bbox 3352 1643 3438 1691; x_wconf 88' lang='lat' dir='ltr'><strong>est</strong></span> <span class='ocrx_word' id='word_1_234' title='bbox 3464 1635 3713 1706; x_wconf 70' lang='lat' dir='ltr'><strong>quaedam</strong></span> 
     </span>
    </p>
   </div>
   <div class='ocr_carea' id='block_1_32' title="bbox 2117 1729 3711 1798">
    <p class='ocr_par' dir='ltr' id='par_1_32' title="bbox 2117 1729 3711 1798">
     <span class='ocr_line' id='line_1_32' title="bbox 2117 1729 3711 1798; baseline -0.001 -13"><span class='ocrx_word' id='word_1_235' title='bbox 2117 1729 2390 1785; x_wconf 86' lang='lat' dir='ltr'><strong>concitata</strong></span> <span class='ocrx_word' id='word_1_236' title='bbox 2447 1729 2679 1795; x_wconf 90' lang='lat' dir='ltr'><strong>seditio,</strong></span> <span class='ocrx_word' id='word_1_237' title='bbox 2729 1729 2783 1783; x_wconf 90' lang='lat' dir='ltr'><strong>in</strong></span> <span class='ocrx_word' id='word_1_238' title='bbox 2827 1743 2934 1798; x_wconf 87' lang='lat' dir='ltr'><strong>qua</strong></span> <span class='ocrx_word' id='word_1_239' title='bbox 2977 1729 3328 1784; x_wconf 86' lang='lat' dir='ltr'><strong>vehementer</strong></span> <span class='ocrx_word' id='word_1_240' title='bbox 3367 1729 3711 1792; x_wconf 87' lang='lat' dir='ltr'><strong>terminatur,</strong></span> 
     </span>
    </p>
   </div>
   <div class='ocr_carea' id='block_1_33' title="bbox 433 1812 3712 1896">
    <p class='ocr_par' dir='ltr' id='par_1_33' title="bbox 433 1812 3712 1896">
     <span class='ocr_line' id='line_1_33' title="bbox 433 1812 3712 1896; baseline -0.001 -18"><span class='ocrx_word' id='word_1_241' title='bbox 433 1824 591 1888; x_wconf 80' lang='lat' dir='ltr'><strong>mari,</strong></span> <span class='ocrx_word' id='word_1_242' title='bbox 631 1833 677 1878; x_wconf 92' lang='lat' dir='ltr'><strong>et</strong></span> <span class='ocrx_word' id='word_1_243' title='bbox 709 1822 851 1894; x_wconf 79' lang='lat' dir='ltr'><strong>facta</strong></span> <span class='ocrx_word' id='word_1_244' title='bbox 889 1833 964 1878; x_wconf 87' lang='lat' dir='ltr'><strong>est</strong></span> <span class='ocrx_word' id='word_1_245' title='bbox 1005 1822 1364 1896; x_wconf 73' lang='lat' dir='ltr'><strong>tranquillitas</strong></span> <span class='ocrx_word' id='word_1_246' title='bbox 1399 1839 1590 1895; x_wconf 86' lang='lat' dir='ltr'><strong>magna</strong></span> <span class='ocrx_word' id='word_1_247' title='bbox 1637 1822 1852 1896; x_wconf 83' lang='lat' dir='ltr'><strong>(Matth.</strong></span> <span class='ocrx_word' id='word_1_248' title='bbox 1874 1824 2018 1895; x_wconf 87' lang='lat' dir='ltr'><strong>vnt).</strong></span> <span class='ocrx_word' id='word_1_249' title='bbox 2055 1812 2097 1869; x_wconf 82' lang='grc' dir='ltr'><strong>Β</strong></span> <span class='ocrx_word' id='word_1_250' title='bbox 2123 1823 2252 1878; x_wconf 85' lang='lat' dir='ltr'><strong>dum</strong></span> <span class='ocrx_word' id='word_1_251' title='bbox 2284 1837 2547 1893; x_wconf 87' lang='lat' dir='ltr'><strong>aquarum</strong></span> <span class='ocrx_word' id='word_1_252' title='bbox 2586 1821 2868 1877; x_wconf 83' lang='lat' dir='ltr'><strong>nimietate</strong></span> <span class='ocrx_word' id='word_1_253' title='bbox 2906 1835 3190 1876; x_wconf 74' lang='lat' dir='ltr'><strong>vexamur.</strong></span> <span class='ocrx_word' id='word_1_254' title='bbox 3224 1819 3522 1891; x_wconf 79' lang='lat' dir='ltr'><strong>Sequitur:</strong></span> <span class='ocrx_word' id='word_1_255' title='bbox 3552 1819 3618 1874; x_wconf 83' lang='lat' dir='ltr'><strong>Et</strong></span> <span class='ocrx_word' id='word_1_256' title='bbox 3657 1821 3712 1874; x_wconf 90' lang='lat' dir='ltr'><strong>in</strong></span> 
     </span>
    </p>
   </div>
   <div class='ocr_carea' id='block_1_34' title="bbox 433 1911 2019 1986">
    <p class='ocr_par' dir='ltr' id='par_1_34' title="bbox 433 1911 2019 1986">
     <span class='ocr_line' id='line_1_34' title="bbox 433 1911 2019 1986; baseline 0 -18"><span class='ocrx_word' id='word_1_257' title='bbox 433 1911 788 1984; x_wconf 88' lang='lat' dir='ltr'><strong>Tropologice</strong></span> <span class='ocrx_word' id='word_1_258' title='bbox 815 1925 998 1968; x_wconf 86' lang='lat' dir='ltr'><strong>autem</strong></span> <span class='ocrx_word' id='word_1_259' title='bbox 1026 1921 1083 1969; x_wconf 91' lang='lat' dir='ltr'><strong>et</strong></span> <span class='ocrx_word' id='word_1_260' title='bbox 1123 1928 1220 1969; x_wconf 89' lang='lat' dir='ltr'><strong>nos</strong></span> <span class='ocrx_word' id='word_1_261' title='bbox 1251 1913 1450 1986; x_wconf 76' lang='lat' dir='ltr'><strong>singuli</strong></span> <span class='ocrx_word' id='word_1_262' title='bbox 1492 1913 1762 1969; x_wconf 87' lang='lat' dir='ltr'><strong>catholica</strong></span> <span class='ocrx_word' id='word_1_263' title='bbox 1797 1913 1903 1970; x_wconf 89' lang='lat' dir='ltr'><strong>ﬁde</strong></span> <span class='ocrx_word' id='word_1_264' title='bbox 1937 1914 2019 1968; x_wconf 87' lang='lat' dir='ltr'><strong>in-</strong></span> 
     </span>
    </p>
   </div>
   <div class='ocr_carea' id='block_1_35' title="bbox 433 2003 2017 2075">
    <p class='ocr_par' dir='ltr' id='par_1_35' title="bbox 433 2003 2017 2075">
     <span class='ocr_line' id='line_1_35' title="bbox 433 2003 2017 2075; baseline 0 -17"><span class='ocrx_word' id='word_1_265' title='bbox 433 2003 648 2068; x_wconf 87' lang='lat' dir='ltr'><strong>structi,</strong></span> <span class='ocrx_word' id='word_1_266' title='bbox 678 2011 734 2058; x_wconf 94' lang='lat' dir='ltr'><strong>et</strong></span> <span class='ocrx_word' id='word_1_267' title='bbox 759 2005 914 2075; x_wconf 89' lang='lat' dir='ltr'><strong>signo</strong></span> <span class='ocrx_word' id='word_1_268' title='bbox 939 2003 1232 2059; x_wconf 73' lang='lat' dir='ltr'><strong>Dominica:</strong></span> <span class='ocrx_word' id='word_1_269' title='bbox 1260 2003 1438 2062; x_wconf 90' lang='lat' dir='ltr'><strong>erucis</strong></span> <span class='ocrx_word' id='word_1_270' title='bbox 1468 2003 1662 2059; x_wconf 90' lang='lat' dir='ltr'><strong>imbuti</strong></span> <span class='ocrx_word' id='word_1_271' title='bbox 1685 2005 1811 2059; x_wconf 89' lang='lat' dir='ltr'><strong>dum</strong></span> <span class='ocrx_word' id='word_1_272' title='bbox 1844 2019 2017 2060; x_wconf 71' lang='lat' dir='ltr'><strong>samu-</strong></span> 
     </span>
    </p>
   </div>
   <div class='ocr_carea' id='block_1_36' title="bbox 434 2094 2018 2168">
    <p class='ocr_par' dir='ltr' id='par_1_36' title="bbox 434 2094 2018 2168">
     <span class='ocr_line' id='line_1_36' title="bbox 434 2094 2018 2168; baseline 0.001 -18"><span class='ocrx_word' id='word_1_273' title='bbox 434 2094 547 2150; x_wconf 89' lang='lat' dir='ltr'><strong>lum</strong></span> <span class='ocrx_word' id='word_1_274' title='bbox 597 2096 906 2168; x_wconf 86' lang='lat' dir='ltr'><strong>relinquere</strong></span> <span class='ocrx_word' id='word_1_275' title='bbox 953 2096 1324 2168; x_wconf 88' lang='lat' dir='ltr'><strong>disponimus,</strong></span> <span class='ocrx_word' id='word_1_276' title='bbox 1369 2112 1562 2152; x_wconf 89' lang='lat' dir='ltr'><strong>navem</strong></span> <span class='ocrx_word' id='word_1_277' title='bbox 1613 2096 1856 2166; x_wconf 79' lang='lat' dir='ltr'><strong>profecto</strong></span> <span class='ocrx_word' id='word_1_278' title='bbox 1895 2112 2018 2153; x_wconf 91' lang='lat' dir='ltr'><strong>cum</strong></span> 
     </span>
    </p>
   </div>
   <div class='ocr_carea' id='block_1_37' title="bbox 433 2187 2018 2260">
    <p class='ocr_par' dir='ltr' id='par_1_37' title="bbox 433 2187 2018 2260">
     <span class='ocr_line' id='line_1_37' title="bbox 433 2187 2018 2260; baseline 0 -16"><span class='ocrx_word' id='word_1_279' title='bbox 433 2187 559 2245; x_wconf 79' lang='lat' dir='ltr'><strong>Jesn</strong></span> <span class='ocrx_word' id='word_1_280' title='bbox 586 2190 1020 2256; x_wconf 87' lang='lat' dir='ltr'><strong>conscendimus,</strong></span> <span class='ocrx_word' id='word_1_281' title='bbox 1050 2205 1200 2246; x_wconf 91' lang='lat' dir='ltr'><strong>mare</strong></span> <span class='ocrx_word' id='word_1_282' title='bbox 1229 2190 1463 2246; x_wconf 89' lang='lat' dir='ltr'><strong>transire</strong></span> <span class='ocrx_word' id='word_1_283' title='bbox 1488 2204 1787 2245; x_wconf 87' lang='lat' dir='ltr'><strong>conamur:</strong></span> <span class='ocrx_word' id='word_1_284' title='bbox 1813 2190 1907 2246; x_wconf 91' lang='lat' dir='ltr'><strong>sed</strong></span> <span class='ocrx_word' id='word_1_285' title='bbox 1925 2190 2018 2260; x_wconf 89' lang='lat' dir='ltr'><strong>qui</strong></span> 
     </span>
    </p>
   </div>
   <div class='ocr_carea' id='block_1_38' title="bbox 437 2281 2022 2352">
    <p class='ocr_par' dir='ltr' id='par_1_38' title="bbox 437 2281 2022 2352">
     <span class='ocr_line' id='line_1_38' title="bbox 437 2281 2022 2352; baseline 0.003 -17"><span class='ocrx_word' id='word_1_286' title='bbox 437 2296 545 2336; x_wconf 90' lang='lat' dir='ltr'><strong>non</strong></span> <span class='ocrx_word' id='word_1_287' title='bbox 579 2281 892 2337; x_wconf 87' lang='lat' dir='ltr'><strong>dormitavit</strong></span> <span class='ocrx_word' id='word_1_288' title='bbox 932 2297 1107 2352; x_wconf 89' lang='lat' dir='ltr'><strong>neque</strong></span> <span class='ocrx_word' id='word_1_289' title='bbox 1149 2282 1454 2338; x_wconf 90' lang='lat' dir='ltr'><strong>obdormiet</strong></span> <span class='ocrx_word' id='word_1_290' title='bbox 1497 2281 1664 2337; x_wconf 85' lang='lat' dir='ltr'><strong>lsrael</strong></span> <span class='ocrx_word' id='word_1_291' title='bbox 1713 2283 2022 2340; x_wconf 86' lang='lat' dir='ltr'><strong>custodiens</strong></span> 
     </span>
    </p>
   </div>
   <div class='ocr_carea' id='block_1_39' title="bbox 434 2371 2024 2443">
    <p class='ocr_par' dir='ltr' id='par_1_39' title="bbox 434 2371 2024 2443">
     <span class='ocr_line' id='line_1_39' title="bbox 434 2371 2024 2443; baseline 0.001 -17"><span class='ocrx_word' id='word_1_292' title='bbox 434 2383 674 2442; x_wconf 77' lang='lat' dir='ltr'><strong>semper,</strong></span> <span class='ocrx_word' id='word_1_293' title='bbox 701 2371 857 2428; x_wconf 90' lang='lat' dir='ltr'><strong>nobis</strong></span> <span class='ocrx_word' id='word_1_294' title='bbox 878 2380 1058 2428; x_wconf 88' lang='lat' dir='ltr'><strong>tamen</strong></span> <span class='ocrx_word' id='word_1_295' title='bbox 1087 2389 1228 2442; x_wconf 64' lang='lat' dir='ltr'><strong>saepe</strong></span> <span class='ocrx_word' id='word_1_296' title='bbox 1258 2373 1658 2442; x_wconf 77' lang='lat' dir='ltr'><strong>navigantibus,</strong></span> <span class='ocrx_word' id='word_1_297' title='bbox 1693 2374 1849 2443; x_wconf 90' lang='lat' dir='ltr'><strong>quasi</strong></span> <span class='ocrx_word' id='word_1_298' title='bbox 1879 2373 2024 2430; x_wconf 87' lang='lat' dir='ltr'><strong>inter</strong></span> 
     </span>
    </p>
   </div>
   <div class='ocr_carea' id='block_1_40' title="bbox 437 2461 2022 2533">
    <p class='ocr_par' dir='ltr' id='par_1_40' title="bbox 437 2461 2022 2533">
     <span class='ocr_line' id='line_1_40' title="bbox 437 2461 2022 2533; baseline 0.003 -17"><span class='ocrx_word' id='word_1_299' title='bbox 437 2463 676 2532; x_wconf 66' lang='lat' dir='ltr'><strong>atqu-oris</strong></span> <span class='ocrx_word' id='word_1_300' title='bbox 723 2461 968 2518; x_wconf 84' lang='lat' dir='ltr'><strong>fremitus</strong></span> <span class='ocrx_word' id='word_1_301' title='bbox 1006 2463 1307 2528; x_wconf 87' lang='lat' dir='ltr'><strong>obdormit,</strong></span> <span class='ocrx_word' id='word_1_302' title='bbox 1341 2465 1588 2533; x_wconf 87' lang='lat' dir='ltr'><strong>quando,</strong></span> <span class='ocrx_word' id='word_1_303' title='bbox 1642 2466 2022 2520; x_wconf 84' lang='lat' dir='ltr'><strong>crebrescente</strong></span> 
     </span>
    </p>
   </div>
   <div class='ocr_carea' id='block_1_41' title="bbox 437 2552 2024 2625">
    <p class='ocr_par' dir='ltr' id='par_1_41' title="bbox 437 2552 2024 2625">
     <span class='ocr_line' id='line_1_41' title="bbox 437 2552 2024 2625; baseline 0.002 -18"><span class='ocrx_word' id='word_1_304' title='bbox 437 2552 582 2608; x_wconf 90' lang='lat' dir='ltr'><strong>inter</strong></span> <span class='ocrx_word' id='word_1_305' title='bbox 618 2553 825 2608; x_wconf 89' lang='lat' dir='ltr'><strong>medios</strong></span> <span class='ocrx_word' id='word_1_306' title='bbox 850 2554 1108 2609; x_wconf 83' lang='lat' dir='ltr'><strong>virtutum</strong></span> <span class='ocrx_word' id='word_1_307' title='bbox 1139 2555 1290 2610; x_wconf 90' lang='lat' dir='ltr'><strong>nisus</strong></span> <span class='ocrx_word' id='word_1_308' title='bbox 1330 2555 1414 2610; x_wconf 88' lang='lat' dir='ltr'><strong>vel</strong></span> <span class='ocrx_word' id='word_1_309' title='bbox 1439 2556 1837 2611; x_wconf 89' lang='lat' dir='ltr'><strong>immundorum</strong></span> <span class='ocrx_word' id='word_1_310' title='bbox 1865 2557 2024 2625; x_wconf 88' lang='lat' dir='ltr'><strong>spiri-</strong></span> 
     </span>
    </p>
   </div>
   <div class='ocr_carea' id='block_1_42' title="bbox 443 2640 2020 2722">
    <p class='ocr_par' dir='ltr' id='par_1_42' title="bbox 443 2640 2020 2722">
     <span class='ocr_line' id='line_1_42' title="bbox 443 2640 2020 2722; baseline 0.004 -27"><span class='ocrx_word' id='word_1_311' title='bbox 443 2649 594 2695; x_wconf 87' lang='lat' dir='ltr'><strong>tuum</strong></span> <span class='ocrx_word' id='word_1_312' title='bbox 641 2640 728 2696; x_wconf 91' lang='lat' dir='ltr'><strong>vel</strong></span> <span class='ocrx_word' id='word_1_313' title='bbox 755 2642 1034 2722; x_wconf 83' lang='lat' dir='ltr'><strong>hominum</strong></span> <span class='ocrx_word' id='word_1_314' title='bbox 1085 2657 1375 2714; x_wconf 89' lang='lat' dir='ltr'><strong>pravorum</strong></span> <span class='ocrx_word' id='word_1_315' title='bbox 1421 2645 1505 2700; x_wconf 87' lang='lat' dir='ltr'><strong>vel</strong></span> <span class='ocrx_word' id='word_1_316' title='bbox 1549 2646 1665 2717; x_wconf 89' lang='lat' dir='ltr'><strong>ipso</strong></span> <span class='ocrx_word' id='word_1_317' title='bbox 1711 2656 2020 2702; x_wconf 86' lang='lat' dir='ltr'><strong>nostrarum</strong></span> 
     </span>
    </p>
   </div>
   <div class='ocr_carea' id='block_1_43' title="bbox 443 2731 2020 2806">
    <p class='ocr_par' dir='ltr' id='par_1_43' title="bbox 443 2731 2020 2806">
     <span class='ocr_line' id='line_1_43' title="bbox 443 2731 2020 2806; baseline 0.003 -18"><span class='ocrx_word' id='word_1_318' title='bbox 443 2731 831 2802; x_wconf 84' lang='lat' dir='ltr'><strong>cogitationum</strong></span> <span class='ocrx_word' id='word_1_319' title='bbox 876 2734 1110 2806; x_wconf 65' lang='lat' dir='ltr'><strong>impetu,</strong></span> <span class='ocrx_word' id='word_1_320' title='bbox 1147 2734 1270 2792; x_wconf 90' lang='lat' dir='ltr'><strong>ﬁdei</strong></span> <span class='ocrx_word' id='word_1_321' title='bbox 1311 2735 1565 2806; x_wconf 88' lang='lat' dir='ltr'><strong>splendor</strong></span> <span class='ocrx_word' id='word_1_322' title='bbox 1587 2737 2020 2804; x_wconf 88' lang='lat' dir='ltr'><strong>obtenebrescit,</strong></span> 
     </span>
    </p>
   </div>
   <div class='ocr_carea' id='block_1_44' title="bbox 436 2821 2020 2899">
    <p class='ocr_par' dir='ltr' id='par_1_44' title="bbox 436 2821 2020 2899">
     <span class='ocr_line' id='line_1_44' title="bbox 436 2821 2020 2899; baseline 0.003 -21"><span class='ocrx_word' id='word_1_323' title='bbox 436 2821 554 2892; x_wconf 85' lang='lat' dir='ltr'><strong>spei</strong></span> <span class='ocrx_word' id='word_1_324' title='bbox 582 2822 846 2880; x_wconf 80' lang='lat' dir='ltr'><strong>celsitudo</strong></span> <span class='ocrx_word' id='word_1_325' title='bbox 866 2826 1220 2892; x_wconf 83' lang='lat' dir='ltr'><strong>contabescit,</strong></span> <span class='ocrx_word' id='word_1_326' title='bbox 1235 2827 1437 2882; x_wconf 90' lang='lat' dir='ltr'><strong>amoris</strong></span> <span class='ocrx_word' id='word_1_327' title='bbox 1454 2825 1670 2881; x_wconf 89' lang='lat' dir='ltr'><strong>ﬂamma</strong></span> <span class='ocrx_word' id='word_1_328' title='bbox 1695 2826 2020 2899; x_wconf 75' lang='lat' dir='ltr'><strong>refrigescit.</strong></span> 
     </span>
    </p>
   </div>
   <div class='ocr_carea' id='block_1_45' title="bbox 444 2911 2024 2988">
    <p class='ocr_par' dir='ltr' id='par_1_45' title="bbox 444 2911 2024 2988">
     <span class='ocr_line' id='line_1_45' title="bbox 444 2911 2024 2988; baseline 0.004 -20"><span class='ocrx_word' id='word_1_329' title='bbox 444 2911 644 2968; x_wconf 78' lang='lat' dir='ltr'><strong>Verum</strong></span> <span class='ocrx_word' id='word_1_330' title='bbox 683 2914 827 2971; x_wconf 88' lang='lat' dir='ltr'><strong>inter</strong></span> <span class='ocrx_word' id='word_1_331' title='bbox 852 2915 1160 2988; x_wconf 74' lang='lat' dir='ltr'><strong>huiusmodi</strong></span> <span class='ocrx_word' id='word_1_332' title='bbox 1190 2917 1458 2988; x_wconf 86' lang='lat' dir='ltr'><strong>procellas</strong></span> <span class='ocrx_word' id='word_1_333' title='bbox 1505 2918 1572 2974; x_wconf 89' lang='lat' dir='ltr'><strong>ad</strong></span> <span class='ocrx_word' id='word_1_334' title='bbox 1607 2917 1756 2972; x_wconf 89' lang='lat' dir='ltr'><strong>illum</strong></span> <span class='ocrx_word' id='word_1_335' title='bbox 1803 2934 2024 2975; x_wconf 87' lang='lat' dir='ltr'><strong>necesse</strong></span> 
     </span>
    </p>
   </div>
   <div class='ocr_carea' id='block_1_46' title="bbox 439 3005 2024 3076">
    <p class='ocr_par' dir='ltr' id='par_1_46' title="bbox 439 3005 2024 3076">
     <span class='ocr_line' id='line_1_46' title="bbox 439 3005 2024 3076; baseline 0.003 -16"><span class='ocrx_word' id='word_1_336' title='bbox 439 3011 527 3060; x_wconf 90' lang='lat' dir='ltr'><strong>est</strong></span> <span class='ocrx_word' id='word_1_337' title='bbox 569 3005 984 3076; x_wconf 80' lang='lat' dir='ltr'><strong>gubernatorem</strong></span> <span class='ocrx_word' id='word_1_338' title='bbox 1042 3024 1355 3075; x_wconf 87' lang='lat' dir='ltr'><strong>curramus,</strong></span> <span class='ocrx_word' id='word_1_339' title='bbox 1406 3009 1556 3064; x_wconf 88' lang='lat' dir='ltr'><strong>illum</strong></span> <span class='ocrx_word' id='word_1_340' title='bbox 1601 3009 1788 3066; x_wconf 88' lang='lat' dir='ltr'><strong>sedulo</strong></span> <span class='ocrx_word' id='word_1_341' title='bbox 1822 3009 2024 3065; x_wconf 77' lang='lat' dir='ltr'><strong>excite-</strong></span> 
     </span>
    </p>
   </div>
   <div class='ocr_carea' id='block_1_47' title="bbox 439 3098 2022 3174">
    <p class='ocr_par' dir='ltr' id='par_1_47' title="bbox 439 3098 2022 3174">
     <span class='ocr_line' id='line_1_47' title="bbox 439 3098 2022 3174; baseline 0.005 -24"><span class='ocrx_word' id='word_1_342' title='bbox 439 3112 580 3160; x_wconf 88' lang='lat' dir='ltr'><strong>mus,</strong></span> <span class='ocrx_word' id='word_1_343' title='bbox 605 3098 699 3170; x_wconf 89' lang='lat' dir='ltr'><strong>qui</strong></span> <span class='ocrx_word' id='word_1_344' title='bbox 729 3116 839 3155; x_wconf 90' lang='lat' dir='ltr'><strong>non</strong></span> <span class='ocrx_word' id='word_1_345' title='bbox 868 3101 1069 3156; x_wconf 90' lang='lat' dir='ltr'><strong>serviat</strong></span> <span class='ocrx_word' id='word_1_346' title='bbox 1098 3103 1192 3158; x_wconf 87' lang='lat' dir='ltr'><strong>sed</strong></span> <span class='ocrx_word' id='word_1_347' title='bbox 1231 3102 1458 3174; x_wconf 85' lang='lat' dir='ltr'><strong>imperet</strong></span> <span class='ocrx_word' id='word_1_348' title='bbox 1496 3103 1692 3160; x_wconf 90' lang='lat' dir='ltr'><strong>ventis.</strong></span> <span class='ocrx_word' id='word_1_349' title='bbox 1722 3103 1844 3160; x_wconf 80' lang='lat' dir='ltr'><strong>Mox</strong></span> <span class='ocrx_word' id='word_1_350' title='bbox 1881 3111 2022 3160; x_wconf 88' lang='lat' dir='ltr'><strong>tem-</strong></span> 
     </span>
    </p>
   </div>
   <div class='ocr_carea' id='block_1_48' title="bbox 2121 1900 3712 1982">
    <p class='ocr_par' dir='ltr' id='par_1_48' title="bbox 2121 1900 3712 1982">
     <span class='ocr_line' id='line_1_48' title="bbox 2121 1900 3712 1982; baseline -0.002 -14"><span class='ocrx_word' id='word_1_351' title='bbox 2121 1915 2202 1968; x_wconf 85' lang='lat' dir='ltr'><strong>ira</strong></span> <span class='ocrx_word' id='word_1_352' title='bbox 2225 1925 2317 1968; x_wconf 87' lang='lat' dir='ltr'><strong>tua</strong></span> <span class='ocrx_word' id='word_1_353' title='bbox 2338 1912 2674 1968; x_wconf 80' lang='lat' dir='ltr'><strong>conturbabis</strong></span> <span class='ocrx_word' id='word_1_354' title='bbox 2697 1929 2804 1967; x_wconf 93' lang='lat' dir='ltr'><strong>eos.</strong></span> <span class='ocrx_word' id='word_1_355' title='bbox 2829 1910 2986 1982; x_wconf 79' lang='lat' dir='ltr'><strong>Stepe</strong></span> <span class='ocrx_word' id='word_1_356' title='bbox 3001 1911 3116 1982; x_wconf 82' lang='lat' dir='ltr'><strong>jam</strong></span> <span class='ocrx_word' id='word_1_357' title='bbox 3137 1900 3247 1966; x_wconf 75' lang='lat' dir='ltr'><strong>dixi</strong></span> <span class='ocrx_word' id='word_1_358' title='bbox 3276 1913 3413 1966; x_wconf 84' lang='lat' dir='ltr'><strong>iram</strong></span> <span class='ocrx_word' id='word_1_359' title='bbox 3429 1910 3712 1966; x_wconf 86' lang='lat' dir='ltr'><strong>Divinitati</strong></span> 
     </span>
    </p>
   </div>
   <div class='ocr_carea' id='block_1_49' title="bbox 2121 2001 3711 2074">
    <p class='ocr_par' dir='ltr' id='par_1_49' title="bbox 2121 2001 3711 2074">
     <span class='ocr_line' id='line_1_49' title="bbox 2121 2001 3711 2074; baseline 0 -16"><span class='ocrx_word' id='word_1_360' title='bbox 2121 2017 2228 2058; x_wconf 87' lang='lat' dir='ltr'><strong>non</strong></span> <span class='ocrx_word' id='word_1_361' title='bbox 2258 2018 2420 2074; x_wconf 88' lang='lat' dir='ltr'><strong>posse</strong></span> <span class='ocrx_word' id='word_1_362' title='bbox 2438 2017 2770 2072; x_wconf 80' lang='lat' dir='ltr'><strong>congruere:</strong></span> <span class='ocrx_word' id='word_1_363' title='bbox 2797 2001 2892 2058; x_wconf 87' lang='lat' dir='ltr'><strong>sed</strong></span> <span class='ocrx_word' id='word_1_364' title='bbox 2913 2002 2984 2058; x_wconf 89' lang='lat' dir='ltr'><strong>ab</strong></span> <span class='ocrx_word' id='word_1_365' title='bbox 3006 2001 3317 2058; x_wconf 88' lang='lat' dir='ltr'><strong>hominibus</strong></span> <span class='ocrx_word' id='word_1_366' title='bbox 3345 2011 3582 2058; x_wconf 88' lang='lat' dir='ltr'><strong>tractum</strong></span> <span class='ocrx_word' id='word_1_367' title='bbox 3604 2011 3711 2067; x_wconf 88' lang='lat' dir='ltr'><strong>est,</strong></span> 
     </span>
    </p>
   </div>
   <div class='ocr_carea' id='block_1_50' title="bbox 2121 2090 3710 2164">
    <p class='ocr_par' dir='ltr' id='par_1_50' title="bbox 2121 2090 3710 2164">
     <span class='ocr_line' id='line_1_50' title="bbox 2121 2090 3710 2164; baseline 0.001 -18"><span class='ocrx_word' id='word_1_368' title='bbox 2121 2093 2214 2163; x_wconf 88' lang='lat' dir='ltr'><strong>qui</strong></span> <span class='ocrx_word' id='word_1_369' title='bbox 2243 2091 2459 2164; x_wconf 88' lang='lat' dir='ltr'><strong>quando</strong></span> <span class='ocrx_word' id='word_1_370' title='bbox 2487 2091 2783 2149; x_wconf 87' lang='lat' dir='ltr'><strong>sceleratos</strong></span> <span class='ocrx_word' id='word_1_371' title='bbox 2799 2090 3046 2161; x_wconf 77' lang='lat' dir='ltr'><strong>iudicant</strong></span> <span class='ocrx_word' id='word_1_372' title='bbox 3064 2133 3080 2158; x_wconf 98' lang='lat'><strong>,</strong></span> <span class='ocrx_word' id='word_1_373' title='bbox 3099 2090 3324 2149; x_wconf 70' lang='lat' dir='ltr'><strong>fervore</strong></span> <span class='ocrx_word' id='word_1_374' title='bbox 3363 2093 3533 2147; x_wconf 88' lang='lat' dir='ltr'><strong>animi</strong></span> <span class='ocrx_word' id='word_1_375' title='bbox 3559 2109 3710 2147; x_wconf 91' lang='lat' dir='ltr'><strong>com-</strong></span> 
     </span>
    </p>
   </div>
   <div class='ocr_carea' id='block_1_51' title="bbox 2123 2183 3712 2240">
    <p class='ocr_par' dir='ltr' id='par_1_51' title="bbox 2123 2183 3712 2240">
     <span class='ocr_line' id='line_1_51' title="bbox 2123 2183 3712 2240; baseline 0.001 -2"><span class='ocrx_word' id='word_1_376' title='bbox 2123 2191 2444 2239; x_wconf 82' lang='lat' dir='ltr'><strong>moventur:</strong></span> <span class='ocrx_word' id='word_1_377' title='bbox 2479 2198 2579 2238; x_wconf 89' lang='lat' dir='ltr'><strong>nec</strong></span> <span class='ocrx_word' id='word_1_378' title='bbox 2609 2183 2768 2239; x_wconf 88' lang='lat' dir='ltr'><strong>aliter</strong></span> <span class='ocrx_word' id='word_1_379' title='bbox 2789 2183 2861 2238; x_wconf 89' lang='lat' dir='ltr'><strong>ad</strong></span> <span class='ocrx_word' id='word_1_380' title='bbox 2897 2183 3265 2240; x_wconf 86' lang='lat' dir='ltr'><strong>damnandum</strong></span> <span class='ocrx_word' id='word_1_381' title='bbox 3301 2183 3576 2238; x_wconf 84' lang='lat' dir='ltr'><strong>hominem</strong></span> <span class='ocrx_word' id='word_1_382' title='bbox 3617 2198 3712 2239; x_wconf 87' lang='lat' dir='ltr'><strong>ve-</strong></span> 
     </span>
    </p>
   </div>
   <div class='ocr_carea' id='block_1_52' title="bbox 2121 2275 3715 2342">
    <p class='ocr_par' dir='ltr' id='par_1_52' title="bbox 2121 2275 3715 2342">
     <span class='ocr_line' id='line_1_52' title="bbox 2121 2275 3715 2342; baseline -0.001 -10"><span class='ocrx_word' id='word_1_383' title='bbox 2121 2277 2300 2342; x_wconf 83' lang='lat' dir='ltr'><strong>niunt,</strong></span> <span class='ocrx_word' id='word_1_384' title='bbox 2331 2275 2433 2330; x_wconf 81' lang='lat' dir='ltr'><strong>nisi</strong></span> <span class='ocrx_word' id='word_1_385' title='bbox 2462 2275 2526 2330; x_wconf 91' lang='lat' dir='ltr'><strong>de</strong></span> <span class='ocrx_word' id='word_1_386' title='bbox 2552 2275 2858 2332; x_wconf 87' lang='lat' dir='ltr'><strong>commissis</strong></span> <span class='ocrx_word' id='word_1_387' title='bbox 2887 2291 3074 2330; x_wconf 90' lang='lat' dir='ltr'><strong>eorum</strong></span> <span class='ocrx_word' id='word_1_388' title='bbox 3109 2275 3432 2331; x_wconf 82' lang='lat' dir='ltr'><strong>criminibus</strong></span> <span class='ocrx_word' id='word_1_389' title='bbox 3469 2277 3715 2334; x_wconf 77' lang='lat' dir='ltr'><strong>exciten-</strong></span> 
     </span>
    </p>
   </div>
   <div class='ocr_carea' id='block_1_53' title="bbox 2123 2365 3712 2436">
    <p class='ocr_par' dir='ltr' id='par_1_53' title="bbox 2123 2365 3712 2436">
     <span class='ocr_line' id='line_1_53' title="bbox 2123 2365 3712 2436; baseline -0.001 -14"><span class='ocrx_word' id='word_1_390' title='bbox 2123 2375 2231 2422; x_wconf 88' lang='lat' dir='ltr'><strong>tur.</strong></span> <span class='ocrx_word' id='word_1_391' title='bbox 2285 2365 2727 2422; x_wconf 87' lang='lat' dir='ltr'><strong>Persccutionem</strong></span> <span class='ocrx_word' id='word_1_392' title='bbox 2780 2374 2966 2422; x_wconf 92' lang='lat' dir='ltr'><strong>autem</strong></span> <span class='ocrx_word' id='word_1_393' title='bbox 3027 2381 3324 2436; x_wconf 88' lang='lat' dir='ltr'><strong>pravorum</strong></span> <span class='ocrx_word' id='word_1_394' title='bbox 3380 2367 3469 2424; x_wconf 79' lang='lat' dir='ltr'><strong>ille</strong></span> <span class='ocrx_word' id='word_1_395' title='bbox 3523 2383 3712 2426; x_wconf 86' lang='lat' dir='ltr'><strong>versus</strong></span> 
     </span>
    </p>
   </div>
   <div class='ocr_carea' id='block_1_54' title="bbox 2122 2445 3716 2528">
    <p class='ocr_par' dir='ltr' id='par_1_54' title="bbox 2122 2445 3716 2528">
     <span class='ocr_line' id='line_1_54' title="bbox 2122 2445 3716 2528; baseline 0 -14"><span class='ocrx_word' id='word_1_396' title='bbox 2122 2457 2478 2526; x_wconf 76' lang='lat' dir='ltr'><strong>signiﬁcatex</strong></span> <span class='ocrx_word' id='word_1_397' title='bbox 2513 2470 2745 2527; x_wconf 88' lang='lat' dir='ltr'><strong>persona</strong></span> <span class='ocrx_word' id='word_1_398' title='bbox 2773 2456 2987 2512; x_wconf 87' lang='lat' dir='ltr'><strong>Domini</strong></span> <span class='ocrx_word' id='word_1_399' title='bbox 3016 2457 3298 2528; x_wconf 89' lang='lat' dir='ltr'><strong>prolatus:</strong></span> <span class='ocrx_word' id='word_1_400' title='bbox 3335 2445 3463 2513; x_wconf 85' lang='lat' dir='ltr'><strong>Veni</strong></span> <span class='ocrx_word' id='word_1_401' title='bbox 3496 2459 3553 2514; x_wconf 87' lang='lat' dir='ltr'><strong>in</strong></span> <span class='ocrx_word' id='word_1_402' title='bbox 3590 2458 3716 2514; x_wconf 86' lang='lat' dir='ltr'><strong>alti-</strong></span> 
     </span>
    </p>
   </div>
   <div class='ocr_carea' id='block_1_55' title="bbox 2123 2548 3711 2623">
    <p class='ocr_par' dir='ltr' id='par_1_55' title="bbox 2123 2548 3711 2623">
     <span class='ocr_line' id='line_1_55' title="bbox 2123 2548 3711 2623; baseline 0.002 -18"><span class='ocrx_word' id='word_1_403' title='bbox 2123 2549 2354 2606; x_wconf 79' lang='lat' dir='ltr'><strong>tudinem</strong></span> <span class='ocrx_word' id='word_1_404' title='bbox 2377 2552 2563 2617; x_wconf 78' lang='lat' dir='ltr'><strong>tuuris,</strong></span> <span class='ocrx_word' id='word_1_405' title='bbox 2577 2561 2916 2622; x_wconf 85' lang='lat' dir='ltr'><strong>ettempestas</strong></span> <span class='ocrx_word' id='word_1_406' title='bbox 2936 2551 3180 2606; x_wconf 84' lang='lat' dir='ltr'><strong>demersit</strong></span> <span class='ocrx_word' id='word_1_407' title='bbox 3200 2568 3279 2605; x_wconf 85' lang='lat' dir='ltr'><strong>me</strong></span> <span class='ocrx_word' id='word_1_408' title='bbox 3298 2548 3472 2622; x_wconf 88' lang='lat' dir='ltr'><strong>(Psal.</strong></span> <span class='ocrx_word' id='word_1_409' title='bbox 3499 2553 3711 2623; x_wconf 77' lang='lat' dir='ltr'><strong>vant).</strong></span> 
     </span>
    </p>
   </div>
   <div class='ocr_carea' id='block_1_56' title="bbox 2119 2642 3711 2715">
    <p class='ocr_par' dir='ltr' id='par_1_56' title="bbox 2119 2642 3711 2715">
     <span class='ocr_line' id='line_1_56' title="bbox 2119 2642 3711 2715; baseline 0 -17"><span class='ocrx_word' id='word_1_410' title='bbox 2119 2642 2246 2710; x_wconf 90' lang='lat' dir='ltr'><strong>llle,</strong></span> <span class='ocrx_word' id='word_1_411' title='bbox 2274 2644 2364 2712; x_wconf 87' lang='lat' dir='ltr'><strong>qui</strong></span> <span class='ocrx_word' id='word_1_412' title='bbox 2397 2658 2560 2715; x_wconf 87' lang='lat' dir='ltr'><strong>super</strong></span> <span class='ocrx_word' id='word_1_413' title='bbox 2584 2644 2754 2699; x_wconf 89' lang='lat' dir='ltr'><strong>maria</strong></span> <span class='ocrx_word' id='word_1_414' title='bbox 2790 2644 2914 2698; x_wconf 87' lang='lat' dir='ltr'><strong>ﬁxis</strong></span> <span class='ocrx_word' id='word_1_415' title='bbox 2944 2643 3221 2715; x_wconf 89' lang='lat' dir='ltr'><strong>gressibus</strong></span> <span class='ocrx_word' id='word_1_416' title='bbox 3259 2643 3587 2708; x_wconf 87' lang='lat' dir='ltr'><strong>ambulavit,</strong></span> <span class='ocrx_word' id='word_1_417' title='bbox 3619 2645 3711 2714; x_wconf 79' lang='lat' dir='ltr'><strong>qui</strong></span> 
     </span>
    </p>
   </div>
   <div class='ocr_carea' id='block_1_57' title="bbox 2121 2732 3714 2804">
    <p class='ocr_par' dir='ltr' id='par_1_57' title="bbox 2121 2732 3714 2804">
     <span class='ocr_line' id='line_1_57' title="bbox 2121 2732 3714 2804; baseline 0 -17"><span class='ocrx_word' id='word_1_418' title='bbox 2121 2732 2283 2788; x_wconf 79' lang='lat' dir='ltr'><strong>Petro</strong></span> <span class='ocrx_word' id='word_1_419' title='bbox 2314 2733 2627 2799; x_wconf 80' lang='lat' dir='ltr'><strong>dexteram,</strong></span> <span class='ocrx_word' id='word_1_420' title='bbox 2657 2750 2726 2790; x_wconf 89' lang='lat' dir='ltr'><strong>uc</strong></span> <span class='ocrx_word' id='word_1_421' title='bbox 2763 2741 3128 2804; x_wconf 78' lang='lat' dir='ltr'><strong>mergeretur,</strong></span> <span class='ocrx_word' id='word_1_422' title='bbox 3152 2733 3426 2800; x_wconf 76' lang='lat' dir='ltr'><strong>extendit,</strong></span> <span class='ocrx_word' id='word_1_423' title='bbox 3455 2734 3714 2804; x_wconf 88' lang='lat' dir='ltr'><strong>quemad—</strong></span> 
     </span>
    </p>
   </div>
   <div class='ocr_carea' id='block_1_58' title="bbox 2121 2825 3715 2896">
    <p class='ocr_par' dir='ltr' id='par_1_58' title="bbox 2121 2825 3715 2896">
     <span class='ocr_line' id='line_1_58' title="bbox 2121 2825 3715 2896; baseline 0.003 -17"><span class='ocrx_word' id='word_1_424' title='bbox 2121 2825 2342 2880; x_wconf 90' lang='lat' dir='ltr'><strong>modum</strong></span> <span class='ocrx_word' id='word_1_425' title='bbox 2390 2841 2448 2881; x_wconf 91' lang='lat' dir='ltr'><strong>se</strong></span> <span class='ocrx_word' id='word_1_426' title='bbox 2497 2833 2820 2896; x_wconf 79' lang='lat' dir='ltr'><strong>tempestate</strong></span> <span class='ocrx_word' id='word_1_427' title='bbox 2864 2825 2997 2882; x_wconf 85' lang='lat' dir='ltr'><strong>dicit</strong></span> <span class='ocrx_word' id='word_1_428' title='bbox 3049 2841 3172 2883; x_wconf 85' lang='lat' dir='ltr'><strong>esse</strong></span> <span class='ocrx_word' id='word_1_429' title='bbox 3225 2827 3579 2882; x_wconf 85' lang='lat' dir='ltr'><strong>demersum?</strong></span> <span class='ocrx_word' id='word_1_430' title='bbox 3615 2825 3715 2884; x_wconf 85' lang='lat' dir='ltr'><strong>llic</strong></span> 
     </span>
    </p>
   </div>
   <div class='ocr_carea' id='block_1_59' title="bbox 2121 2914 3706 2988">
    <p class='ocr_par' dir='ltr' id='par_1_59' title="bbox 2121 2914 3706 2988">
     <span class='ocr_line' id='line_1_59' title="bbox 2121 2914 3706 2988; baseline 0.004 -18"><span class='ocrx_word' id='word_1_431' title='bbox 2121 2914 2346 2971; x_wconf 90' lang='lat' dir='ltr'><strong>altitudo</strong></span> <span class='ocrx_word' id='word_1_432' title='bbox 2390 2916 2558 2971; x_wconf 87' lang='lat' dir='ltr'><strong>maris</strong></span> <span class='ocrx_word' id='word_1_433' title='bbox 2600 2917 2821 2986; x_wconf 88' lang='lat' dir='ltr'><strong>copiosa</strong></span> <span class='ocrx_word' id='word_1_434' title='bbox 2869 2917 3052 2988; x_wconf 84' lang='lat' dir='ltr'><strong>populi</strong></span> <span class='ocrx_word' id='word_1_435' title='bbox 3089 2917 3432 2988; x_wconf 87' lang='lat' dir='ltr'><strong>signiﬁcatur</strong></span> <span class='ocrx_word' id='word_1_436' title='bbox 3468 2917 3706 2976; x_wconf 88' lang='lat' dir='ltr'><strong>insania.</strong></span> 
     </span>
    </p>
   </div>
   <div class='ocr_carea' id='block_1_60' title="bbox 2121 3005 3709 3078">
    <p class='ocr_par' dir='ltr' id='par_1_60' title="bbox 2121 3005 3709 3078">
     <span class='ocr_line' id='line_1_60' title="bbox 2121 3005 3709 3078; baseline 0.004 -16"><span class='ocrx_word' id='word_1_437' title='bbox 2121 3005 2254 3062; x_wconf 82' lang='lat' dir='ltr'><strong>Item</strong></span> <span class='ocrx_word' id='word_1_438' title='bbox 2311 3015 2604 3078; x_wconf 85' lang='lat' dir='ltr'><strong>tempestas</strong></span> <span class='ocrx_word' id='word_1_439' title='bbox 2649 3016 2736 3064; x_wconf 88' lang='lat' dir='ltr'><strong>est</strong></span> <span class='ocrx_word' id='word_1_440' title='bbox 2776 3008 2974 3064; x_wconf 89' lang='lat' dir='ltr'><strong>seditio</strong></span> <span class='ocrx_word' id='word_1_441' title='bbox 3017 3008 3289 3064; x_wconf 85' lang='lat' dir='ltr'><strong>concitata</strong></span> <span class='ocrx_word' id='word_1_442' title='bbox 3353 3009 3709 3068; x_wconf 79' lang='lat' dir='ltr'><strong>dementiam.</strong></span> 
     </span>
    </p>
   </div>
   <div class='ocr_carea' id='block_1_61' title="bbox 2123 3099 3714 3172">
    <p class='ocr_par' dir='ltr' id='par_1_61' title="bbox 2123 3099 3714 3172">
     <span class='ocr_line' id='line_1_61' title="bbox 2123 3099 3714 3172; baseline 0 -17"><span class='ocrx_word' id='word_1_443' title='bbox 2123 3099 2244 3171; x_wconf 81' lang='lat' dir='ltr'><strong>ipsa</strong></span> <span class='ocrx_word' id='word_1_444' title='bbox 2285 3099 2429 3156; x_wconf 89' lang='lat' dir='ltr'><strong>enim</strong></span> <span class='ocrx_word' id='word_1_445' title='bbox 2476 3099 2737 3156; x_wconf 87' lang='lat' dir='ltr'><strong>demersit</strong></span> <span class='ocrx_word' id='word_1_446' title='bbox 2781 3099 3068 3156; x_wconf 90' lang='lat' dir='ltr'><strong>Dominum</strong></span> <span class='ocrx_word' id='word_1_447' title='bbox 3101 3099 3473 3166; x_wconf 84' lang='lat' dir='ltr'><strong>Salvatorem,</strong></span> <span class='ocrx_word' id='word_1_448' title='bbox 3495 3101 3714 3172; x_wconf 84' lang='lat' dir='ltr'><strong>quando</strong></span> 
     </span>
    </p>
   </div>
   <div class='ocr_carea' id='block_1_62' title="bbox 437 3169 3082 3266">
    <p class='ocr_par' dir='ltr' id='par_1_62' title="bbox 437 3169 3082 3266">
     <span class='ocr_line' id='line_1_62' title="bbox 437 3169 3082 3266; baseline 0.002 -26"><span class='ocrx_word' id='word_1_449' title='bbox 437 3169 1012 3261; x_wconf 83' lang='lat' dir='ltr'><strong>pestatescompeseet,</strong></span> <span class='ocrx_word' id='word_1_450' title='bbox 1041 3191 1290 3248; x_wconf 83' lang='lat' dir='ltr'><strong>relundet</strong></span> <span class='ocrx_word' id='word_1_451' title='bbox 1309 3169 1780 3264; x_wconf 78' lang='lat' dir='ltr'><strong>tranquillitatem,</strong></span> <span class='ocrx_word' id='word_1_452' title='bbox 1802 3202 2020 3266; x_wconf 90' lang='lat' dir='ltr'><strong>portum</strong></span> <span class='ocrx_word' id='word_1_453' title='bbox 2048 3169 2092 3233; x_wconf 64' lang='grc' dir='ltr'><strong>(ἶ</strong></span> <span class='ocrx_word' id='word_1_454' title='bbox 2125 3169 2250 3247; x_wconf 78' lang='lat' dir='ltr'><strong>eum</strong></span> <span class='ocrx_word' id='word_1_455' title='bbox 2283 3190 2568 3262; x_wconf 88' lang='lat' dir='ltr'><strong>pervenire</strong></span> <span class='ocrx_word' id='word_1_456' title='bbox 2589 3189 3082 3266; x_wconf 27' lang='lat' dir='ltr'><strong>fecitAa_t[c_ru_c_em.</strong></span> 
     </span>
    </p>
   </div>
   <div class='ocr_carea' id='block_1_63' title="bbox 438 3278 977 3354">
    <p class='ocr_par' dir='ltr' id='par_1_63' title="bbox 438 3278 977 3354">
     <span class='ocr_line' id='line_1_63' title="bbox 438 3278 977 3354; baseline 0.009 -20"><span class='ocrx_word' id='word_1_457' title='bbox 438 3278 632 3336; x_wconf 88' lang='lat' dir='ltr'><strong>salutis</strong></span> <span class='ocrx_word' id='word_1_458' title='bbox 660 3280 977 3354; x_wconf 82' lang='lat' dir='ltr'><strong>indulgebit.</strong></span> 
     </span>
    </p>
   </div>
   <div class='ocr_carea' id='block_1_64' title="bbox 996 3375 1472 3436">
    <p class='ocr_par' dir='ltr' id='par_1_64' title="bbox 996 3375 1472 3436">
     <span class='ocr_line' id='line_1_64' title="bbox 996 3375 1472 3436; baseline 0.004 -4"><span class='ocrx_word' id='word_1_459' title='bbox 996 3375 1223 3434; x_wconf 83' lang='lat' dir='ltr'><strong>CAPUT</strong></span> <span class='ocrx_word' id='word_1_460' title='bbox 1263 3377 1472 3436; x_wconf 74' lang='lat' dir='ltr'><strong>XXVII.</strong></span> 
     </span>
    </p>
   </div>
   <div class='ocr_carea' id='block_1_65' title="bbox 1066 3467 1392 3524">
    <p class='ocr_par' dir='ltr' id='par_1_65' title="bbox 1066 3467 1392 3524">
     <span class='ocr_line' id='line_1_65' title="bbox 1066 3467 1392 3524; baseline 0.006 -2"><span class='ocrx_word' id='word_1_461' title='bbox 1066 3467 1141 3522; x_wconf 88' lang='lat' dir='ltr'><strong>De</strong></span> <span class='ocrx_word' id='word_1_462' title='bbox 1165 3469 1392 3524; x_wconf 84' lang='lat' dir='ltr'><strong>turbine.</strong></span> 
     </span>
    </p>
   </div>
   <div class='ocr_carea' id='block_1_66' title="bbox 511 3553 2023 3626">
    <p class='ocr_par' dir='ltr' id='par_1_66' title="bbox 511 3553 2023 3626">
     <span class='ocr_line' id='line_1_66' title="bbox 511 3553 2023 3626; baseline 0.005 -18"><span class='ocrx_word' id='word_1_463' title='bbox 511 3553 693 3612; x_wconf 86' lang='lat' dir='ltr'><strong>Turbo</strong></span> <span class='ocrx_word' id='word_1_464' title='bbox 715 3564 799 3614; x_wconf 88' lang='lat' dir='ltr'><strong>est</strong></span> <span class='ocrx_word' id='word_1_465' title='bbox 826 3555 1134 3612; x_wconf 87' lang='lat' dir='ltr'><strong>volubilitas</strong></span> <span class='ocrx_word' id='word_1_466' title='bbox 1160 3565 1442 3614; x_wconf 87' lang='lat' dir='ltr'><strong>ventorum</strong></span> <span class='ocrx_word' id='word_1_467' title='bbox 1463 3599 1480 3626; x_wconf 90' lang='lat'><strong>,</strong></span> <span class='ocrx_word' id='word_1_468' title='bbox 1507 3567 1562 3614; x_wconf 89' lang='lat' dir='ltr'><strong>et</strong></span> <span class='ocrx_word' id='word_1_469' title='bbox 1596 3559 1753 3616; x_wconf 90' lang='lat' dir='ltr'><strong>turbo</strong></span> <span class='ocrx_word' id='word_1_470' title='bbox 1783 3561 1960 3618; x_wconf 88' lang='lat' dir='ltr'><strong>dictus</strong></span> <span class='ocrx_word' id='word_1_471' title='bbox 1991 3577 2023 3616; x_wconf 89' lang='lat' dir='ltr'><strong>a</strong></span> 
     </span>
    </p>
   </div>
   <div class='ocr_carea' id='block_1_67' title="bbox 439 3648 2026 3722">
    <p class='ocr_par' dir='ltr' id='par_1_67' title="bbox 439 3648 2026 3722">
     <span class='ocr_line' id='line_1_67' title="bbox 439 3648 2026 3722; baseline 0.005 -21"><span class='ocrx_word' id='word_1_472' title='bbox 439 3654 606 3712; x_wconf 87' lang='lat' dir='ltr'><strong>terra,</strong></span> <span class='ocrx_word' id='word_1_473' title='bbox 652 3648 866 3718; x_wconf 87' lang='lat' dir='ltr'><strong>quoties</strong></span> <span class='ocrx_word' id='word_1_474' title='bbox 908 3657 1104 3706; x_wconf 85' lang='lat' dir='ltr'><strong>ventus</strong></span> <span class='ocrx_word' id='word_1_475' title='bbox 1135 3650 1411 3722; x_wconf 86' lang='lat' dir='ltr'><strong>consurgit</strong></span> <span class='ocrx_word' id='word_1_476' title='bbox 1433 3659 1490 3707; x_wconf 92' lang='lat' dir='ltr'><strong>et</strong></span> <span class='ocrx_word' id='word_1_477' title='bbox 1517 3661 1720 3708; x_wconf 90' lang='lat' dir='ltr'><strong>terram</strong></span> <span class='ocrx_word' id='word_1_478' title='bbox 1749 3653 1802 3708; x_wconf 93' lang='lat' dir='ltr'><strong>in</strong></span> <span class='ocrx_word' id='word_1_479' title='bbox 1835 3653 2026 3710; x_wconf 87' lang='lat' dir='ltr'><strong>circui-</strong></span> 
     </span>
    </p>
   </div>
   <div class='ocr_carea' id='block_1_68' title="bbox 440 3737 2024 3811">
    <p class='ocr_par' dir='ltr' id='par_1_68' title="bbox 440 3737 2024 3811">
     <span class='ocr_line' id='line_1_68' title="bbox 440 3737 2024 3811; baseline 0.005 -19"><span class='ocrx_word' id='word_1_480' title='bbox 440 3747 556 3792; x_wconf 89' lang='lat' dir='ltr'><strong>tum</strong></span> <span class='ocrx_word' id='word_1_481' title='bbox 583 3737 768 3794; x_wconf 89' lang='lat' dir='ltr'><strong>mittit.</strong></span> <span class='ocrx_word' id='word_1_482' title='bbox 795 3739 976 3794; x_wconf 90' lang='lat' dir='ltr'><strong>Turbo</strong></span> <span class='ocrx_word' id='word_1_483' title='bbox 1013 3741 1452 3811; x_wconf 88' lang='lat' dir='ltr'><strong>persecutionum</strong></span> <span class='ocrx_word' id='word_1_484' title='bbox 1487 3741 1572 3797; x_wconf 91' lang='lat' dir='ltr'><strong>vel</strong></span> <span class='ocrx_word' id='word_1_485' title='bbox 1613 3743 2024 3800; x_wconf 87' lang='lat' dir='ltr'><strong>tribulationum</strong></span> 
     </span>
    </p>
   </div>
   <div class='ocr_carea' id='block_1_69' title="bbox 439 3829 2026 3906">
    <p class='ocr_par' dir='ltr' id='par_1_69' title="bbox 439 3829 2026 3906">
     <span class='ocr_line' id='line_1_69' title="bbox 439 3829 2026 3906; baseline 0.005 -21"><span class='ocrx_word' id='word_1_486' title='bbox 439 3829 675 3901; x_wconf 87' lang='lat' dir='ltr'><strong>impetus</strong></span> <span class='ocrx_word' id='word_1_487' title='bbox 709 3832 1017 3904; x_wconf 88' lang='lat' dir='ltr'><strong>signiﬁcat,</strong></span> <span class='ocrx_word' id='word_1_488' title='bbox 1047 3842 1108 3889; x_wconf 92' lang='lat' dir='ltr'><strong>ut</strong></span> <span class='ocrx_word' id='word_1_489' title='bbox 1139 3835 1194 3890; x_wconf 90' lang='lat' dir='ltr'><strong>in</strong></span> <span class='ocrx_word' id='word_1_490' title='bbox 1227 3833 1371 3890; x_wconf 82' lang='lat' dir='ltr'><strong>Isaia</strong></span> <span class='ocrx_word' id='word_1_491' title='bbox 1397 3853 1410 3889; x_wconf 92' lang='lat'><strong>:</strong></span> <span class='ocrx_word' id='word_1_492' title='bbox 1439 3833 1640 3890; x_wconf 85' lang='lat' dir='ltr'><strong>Factus</strong></span> <span class='ocrx_word' id='word_1_493' title='bbox 1665 3846 1740 3890; x_wconf 86' lang='lat' dir='ltr'><strong>est</strong></span> <span class='ocrx_word' id='word_1_494' title='bbox 1770 3837 2026 3906; x_wconf 79' lang='lat' dir='ltr'><strong>fortitudo</strong></span> 
     </span>
    </p>
   </div>
   <div class='ocr_carea' id='block_1_70' title="bbox 435 3922 2026 3996">
    <p class='ocr_par' dir='ltr' id='par_1_70' title="bbox 435 3922 2026 3996">
     <span class='ocr_line' id='line_1_70' title="bbox 435 3922 2026 3996; baseline 0.006 -23"><span class='ocrx_word' id='word_1_495' title='bbox 435 3922 706 3992; x_wconf 75' lang='lat' dir='ltr'><strong>pauperis,</strong></span> <span class='ocrx_word' id='word_1_496' title='bbox 749 3939 866 3992; x_wconf 84' lang='lat' dir='ltr'><strong>spes</strong></span> <span class='ocrx_word' id='word_1_497' title='bbox 899 3939 932 3978; x_wconf 90' lang='lat' dir='ltr'><strong>a</strong></span> <span class='ocrx_word' id='word_1_498' title='bbox 963 3924 1168 3979; x_wconf 83' lang='lat' dir='ltr'><strong>turbine</strong></span> <span class='ocrx_word' id='word_1_499' title='bbox 1212 3923 1349 3996; x_wconf 80' lang='lat' dir='ltr'><strong>(Isa.</strong></span> <span class='ocrx_word' id='word_1_500' title='bbox 1377 3924 1528 3996; x_wconf 82' lang='lat' dir='ltr'><strong>xxv).</strong></span> <span class='ocrx_word' id='word_1_501' title='bbox 1573 3925 1888 3996; x_wconf 87' lang='lat' dir='ltr'><strong>Tempestas</strong></span> <span class='ocrx_word' id='word_1_502' title='bbox 1931 3935 2026 3982; x_wconf 89' lang='lat' dir='ltr'><strong>aut</strong></span> 
     </span>
    </p>
   </div>
   <div class='ocr_carea' id='block_1_71' title="bbox 439 4014 2026 4089">
    <p class='ocr_par' dir='ltr' id='par_1_71' title="bbox 439 4014 2026 4089">
     <span class='ocr_line' id='line_1_71' title="bbox 439 4014 2026 4089; baseline 0.004 -24"><span class='ocrx_word' id='word_1_503' title='bbox 439 4025 542 4081; x_wconf 92' lang='lat' dir='ltr'><strong>pro</strong></span> <span class='ocrx_word' id='word_1_504' title='bbox 571 4018 812 4083; x_wconf 87' lang='lat' dir='ltr'><strong>tempore</strong></span> <span class='ocrx_word' id='word_1_505' title='bbox 837 4014 1060 4078; x_wconf 90' lang='lat' dir='ltr'><strong>dicitur,</strong></span> <span class='ocrx_word' id='word_1_506' title='bbox 1088 4015 1228 4070; x_wconf 88' lang='lat' dir='ltr'><strong>sicut</strong></span> <span class='ocrx_word' id='word_1_507' title='bbox 1265 4015 1462 4085; x_wconf 90' lang='lat' dir='ltr'><strong>ubique</strong></span> <span class='ocrx_word' id='word_1_508' title='bbox 1494 4015 1913 4089; x_wconf 88' lang='lat' dir='ltr'><strong>historiographi</strong></span> <span class='ocrx_word' id='word_1_509' title='bbox 1947 4017 2026 4072; x_wconf 91' lang='lat' dir='ltr'><strong>lo-</strong></span> 
     </span>
    </p>
   </div>
   <div class='ocr_carea' id='block_1_72' title="bbox 435 4101 2025 4177">
    <p class='ocr_par' dir='ltr' id='par_1_72' title="bbox 435 4101 2025 4177">
     <span class='ocr_line' id='line_1_72' title="bbox 435 4101 2025 4177; baseline 0.006 -22"><span class='ocrx_word' id='word_1_510' title='bbox 435 4101 530 4171; x_wconf 89' lang='lat' dir='ltr'><strong>qui</strong></span> <span class='ocrx_word' id='word_1_511' title='bbox 555 4103 751 4170; x_wconf 86' lang='lat' dir='ltr'><strong>solent,</strong></span> <span class='ocrx_word' id='word_1_512' title='bbox 783 4105 910 4160; x_wconf 90' lang='lat' dir='ltr'><strong>dum</strong></span> <span class='ocrx_word' id='word_1_513' title='bbox 937 4105 1122 4162; x_wconf 90' lang='lat' dir='ltr'><strong>dicunt</strong></span> <span class='ocrx_word' id='word_1_514' title='bbox 1149 4121 1212 4161; x_wconf 86' lang='lat' dir='ltr'><strong>ea</strong></span> <span class='ocrx_word' id='word_1_515' title='bbox 1250 4114 1601 4177; x_wconf 88' lang='lat' dir='ltr'><strong>tempestate,</strong></span> <span class='ocrx_word' id='word_1_516' title='bbox 1635 4119 1728 4163; x_wconf 90' lang='lat' dir='ltr'><strong>aut</strong></span> <span class='ocrx_word' id='word_1_517' title='bbox 1765 4110 1834 4164; x_wconf 87' lang='lat' dir='ltr'><strong>ab</strong></span> <span class='ocrx_word' id='word_1_518' title='bbox 1881 4117 2025 4164; x_wconf 86' lang='lat' dir='ltr'><strong>statu</strong></span> 
     </span>
    </p>
   </div>
   <div class='ocr_carea' id='block_1_73' title="bbox 439 4191 2024 4266">
    <p class='ocr_par' dir='ltr' id='par_1_73' title="bbox 439 4191 2024 4266">
     <span class='ocr_line' id='line_1_73' title="bbox 439 4191 2024 4266; baseline 0.004 -20"><span class='ocrx_word' id='word_1_519' title='bbox 439 4191 596 4258; x_wconf 65' lang='lat' dir='ltr'><strong>celi,</strong></span> <span class='ocrx_word' id='word_1_520' title='bbox 649 4193 776 4264; x_wconf 90' lang='lat' dir='ltr'><strong>quia</strong></span> <span class='ocrx_word' id='word_1_521' title='bbox 821 4195 1189 4266; x_wconf 85' lang='lat' dir='ltr'><strong>magnitudine</strong></span> <span class='ocrx_word' id='word_1_522' title='bbox 1226 4210 1324 4252; x_wconf 83' lang='lat' dir='ltr'><strong>sua</strong></span> <span class='ocrx_word' id='word_1_523' title='bbox 1370 4197 1554 4252; x_wconf 90' lang='lat' dir='ltr'><strong>multis</strong></span> <span class='ocrx_word' id='word_1_524' title='bbox 1596 4197 1785 4254; x_wconf 85' lang='lat' dir='ltr'><strong>diebus</strong></span> <span class='ocrx_word' id='word_1_525' title='bbox 1827 4199 2024 4253; x_wconf 78' lang='lat' dir='ltr'><strong>oritur.</strong></span> 
     </span>
    </p>
   </div>
   <div class='ocr_carea' id='block_1_74' title="bbox 439 4281 2024 4358">
    <p class='ocr_par' dir='ltr' id='par_1_74' title="bbox 439 4281 2024 4358">
     <span class='ocr_line' id='line_1_74' title="bbox 439 4281 2024 4358; baseline 0.006 -21"><span class='ocrx_word' id='word_1_526' title='bbox 439 4281 622 4340; x_wconf 85' lang='lat' dir='ltr'><strong>Turbo</strong></span> <span class='ocrx_word' id='word_1_527' title='bbox 647 4286 790 4341; x_wconf 88' lang='lat' dir='ltr'><strong>enim</strong></span> <span class='ocrx_word' id='word_1_528' title='bbox 827 4297 922 4342; x_wconf 91' lang='lat' dir='ltr'><strong>aut</strong></span> <span class='ocrx_word' id='word_1_529' title='bbox 954 4287 1219 4358; x_wconf 87' lang='lat' dir='ltr'><strong>ﬂagellum</strong></span> <span class='ocrx_word' id='word_1_530' title='bbox 1252 4287 1462 4343; x_wconf 89' lang='lat' dir='ltr'><strong>Domini</strong></span> <span class='ocrx_word' id='word_1_531' title='bbox 1494 4289 1546 4343; x_wconf 90' lang='lat' dir='ltr'><strong>in</strong></span> <span class='ocrx_word' id='word_1_532' title='bbox 1585 4289 1858 4346; x_wconf 90' lang='lat' dir='ltr'><strong>hominem</strong></span> <span class='ocrx_word' id='word_1_533' title='bbox 1892 4291 2024 4346; x_wconf 86' lang='lat' dir='ltr'><strong>mis-</strong></span> 
     </span>
    </p>
   </div>
   <div class='ocr_carea' id='block_1_75' title="bbox 439 4375 2022 4450">
    <p class='ocr_par' dir='ltr' id='par_1_75' title="bbox 439 4375 2022 4450">
     <span class='ocr_line' id='line_1_75' title="bbox 439 4375 2022 4450; baseline 0.004 -21"><span class='ocrx_word' id='word_1_534' title='bbox 439 4389 560 4430; x_wconf 87' lang='lat' dir='ltr'><strong>sum</strong></span> <span class='ocrx_word' id='word_1_535' title='bbox 592 4375 870 4448; x_wconf 88' lang='lat' dir='ltr'><strong>designat,</strong></span> <span class='ocrx_word' id='word_1_536' title='bbox 910 4386 1004 4432; x_wconf 88' lang='lat' dir='ltr'><strong>aut</strong></span> <span class='ocrx_word' id='word_1_537' title='bbox 1037 4393 1324 4449; x_wconf 83' lang='lat' dir='ltr'><strong>pravorum</strong></span> <span class='ocrx_word' id='word_1_538' title='bbox 1369 4379 1645 4435; x_wconf 89' lang='lat' dir='ltr'><strong>hominum</strong></span> <span class='ocrx_word' id='word_1_539' title='bbox 1687 4381 2022 4450; x_wconf 72' lang='lat' dir='ltr'><strong>persecutio-</strong></span> 
     </span>
    </p>
   </div>
   <div class='ocr_carea' id='block_1_76' title="bbox 437 4465 2024 4541">
    <p class='ocr_par' dir='ltr' id='par_1_76' title="bbox 437 4465 2024 4541">
     <span class='ocr_line' id='line_1_76' title="bbox 437 4465 2024 4541; baseline 0.003 -20"><span class='ocrx_word' id='word_1_540' title='bbox 437 4481 556 4522; x_wconf 87' lang='lat' dir='ltr'><strong>nes.</strong></span> <span class='ocrx_word' id='word_1_541' title='bbox 587 4465 721 4522; x_wconf 87' lang='lat' dir='ltr'><strong>Nam</strong></span> <span class='ocrx_word' id='word_1_542' title='bbox 749 4468 804 4524; x_wconf 90' lang='lat' dir='ltr'><strong>in</strong></span> <span class='ocrx_word' id='word_1_543' title='bbox 829 4467 930 4526; x_wconf 81' lang='lat' dir='ltr'><strong>Job</strong></span> <span class='ocrx_word' id='word_1_544' title='bbox 952 4468 1150 4541; x_wconf 83' lang='lat' dir='ltr'><strong>legitur</strong></span> <span class='ocrx_word' id='word_1_545' title='bbox 1174 4488 1187 4524; x_wconf 92' lang='lat'><strong>:</strong></span> <span class='ocrx_word' id='word_1_546' title='bbox 1217 4469 1546 4541; x_wconf 80' lang='lat' dir='ltr'><strong>Respondeas</strong></span> <span class='ocrx_word' id='word_1_547' title='bbox 1566 4483 1740 4526; x_wconf 88' lang='lat' dir='ltr'><strong>autem</strong></span> <span class='ocrx_word' id='word_1_548' title='bbox 1768 4472 2024 4526; x_wconf 84' lang='lat' dir='ltr'><strong>Dominus</strong></span> 
     </span>
    </p>
   </div>
   <div class='ocr_carea' id='block_1_77' title="bbox 436 4556 2020 4636">
    <p class='ocr_par' dir='ltr' id='par_1_77' title="bbox 436 4556 2020 4636">
     <span class='ocr_line' id='line_1_77' title="bbox 436 4556 2020 4636; baseline 0.003 -23"><span class='ocrx_word' id='word_1_549' title='bbox 436 4556 542 4614; x_wconf 77' lang='lat' dir='ltr'><strong>Job</strong></span> <span class='ocrx_word' id='word_1_550' title='bbox 561 4559 627 4614; x_wconf 85' lang='lat' dir='ltr'><strong>de</strong></span> <span class='ocrx_word' id='word_1_551' title='bbox 649 4561 855 4617; x_wconf 82' lang='lat' dir='ltr'><strong>turbine</strong></span> <span class='ocrx_word' id='word_1_552' title='bbox 879 4562 1012 4617; x_wconf 74' lang='lat' dir='ltr'><strong>dixit</strong></span> <span class='ocrx_word' id='word_1_553' title='bbox 1051 4561 1195 4636; x_wconf 78' lang='lat' dir='ltr'><strong>(Job.</strong></span> <span class='ocrx_word' id='word_1_554' title='bbox 1223 4563 1474 4636; x_wconf 78' lang='lat' dir='ltr'><strong>xxxvttt).</strong></span> <span class='ocrx_word' id='word_1_555' title='bbox 1506 4563 1812 4620; x_wconf 85' lang='lat' dir='ltr'><strong>Notandum</strong></span> <span class='ocrx_word' id='word_1_556' title='bbox 1833 4565 2020 4630; x_wconf 88' lang='lat' dir='ltr'><strong>video,</strong></span> 
     </span>
    </p>
   </div>
   <div class='ocr_carea' id='block_1_78' title="bbox 435 4650 2027 4728">
    <p class='ocr_par' dir='ltr' id='par_1_78' title="bbox 435 4650 2027 4728">
     <span class='ocr_line' id='line_1_78' title="bbox 435 4650 2027 4728; baseline 0.006 -23"><span class='ocrx_word' id='word_1_557' title='bbox 435 4650 566 4722; x_wconf 90' lang='lat' dir='ltr'><strong>quia</strong></span> <span class='ocrx_word' id='word_1_558' title='bbox 587 4651 634 4706; x_wconf 89' lang='lat' dir='ltr'><strong>si</strong></span> <span class='ocrx_word' id='word_1_559' title='bbox 660 4667 794 4709; x_wconf 86' lang='lat' dir='ltr'><strong>sano</strong></span> <span class='ocrx_word' id='word_1_560' title='bbox 814 4665 978 4725; x_wconf 89' lang='lat' dir='ltr'><strong>atque</strong></span> <span class='ocrx_word' id='word_1_561' title='bbox 1005 4655 1262 4711; x_wconf 88' lang='lat' dir='ltr'><strong>incolumi</strong></span> <span class='ocrx_word' id='word_1_562' title='bbox 1288 4655 1602 4727; x_wconf 89' lang='lat' dir='ltr'><strong>loqueretur</strong></span> <span class='ocrx_word' id='word_1_563' title='bbox 1621 4673 1688 4713; x_wconf 87' lang='lat' dir='ltr'><strong>ex</strong></span> <span class='ocrx_word' id='word_1_564' title='bbox 1723 4659 2027 4728; x_wconf 88' lang='lat' dir='ltr'><strong>tranquilli-</strong></span> 
     </span>
    </p>
   </div>
   <div class='ocr_carea' id='block_1_79' title="bbox 441 4740 2029 4820">
    <p class='ocr_par' dir='ltr' id='par_1_79' title="bbox 441 4740 2029 4820">
     <span class='ocr_line' id='line_1_79' title="bbox 441 4740 2029 4820; baseline 0.004 -22"><span class='ocrx_word' id='word_1_565' title='bbox 441 4750 555 4800; x_wconf 84' lang='lat' dir='ltr'><strong>tate</strong></span> <span class='ocrx_word' id='word_1_566' title='bbox 584 4740 872 4800; x_wconf 86' lang='lat' dir='ltr'><strong>Dominica</strong></span> <span class='ocrx_word' id='word_1_567' title='bbox 921 4743 1122 4802; x_wconf 90' lang='lat' dir='ltr'><strong>locutio</strong></span> <span class='ocrx_word' id='word_1_568' title='bbox 1160 4745 1303 4802; x_wconf 78' lang='lat' dir='ltr'><strong>facta</strong></span> <span class='ocrx_word' id='word_1_569' title='bbox 1332 4746 1640 4803; x_wconf 88' lang='lat' dir='ltr'><strong>diceretur:</strong></span> <span class='ocrx_word' id='word_1_570' title='bbox 1667 4748 1874 4805; x_wconf 90' lang='lat' dir='ltr'><strong>scilicet</strong></span> <span class='ocrx_word' id='word_1_571' title='bbox 1902 4749 2029 4820; x_wconf 88' lang='lat' dir='ltr'><strong>quia</strong></span> 
     </span>
    </p>
   </div>
   <div class='ocr_carea' id='block_1_80' title="bbox 434 4832 2030 4906">
    <p class='ocr_par' dir='ltr' id='par_1_80' title="bbox 434 4832 2030 4906">
     <span class='ocr_line' id='line_1_80' title="bbox 434 4832 2030 4906; baseline 0.005 -16"><span class='ocrx_word' id='word_1_572' title='bbox 434 4832 614 4892; x_wconf 77' lang='lat' dir='ltr'><strong>fracto</strong></span> <span class='ocrx_word' id='word_1_573' title='bbox 635 4833 760 4891; x_wconf 90' lang='lat' dir='ltr'><strong>ﬂatu</strong></span> <span class='ocrx_word' id='word_1_574' title='bbox 785 4833 1046 4906; x_wconf 89' lang='lat' dir='ltr'><strong>loquitur,</strong></span> <span class='ocrx_word' id='word_1_575' title='bbox 1074 4837 1139 4892; x_wconf 91' lang='lat' dir='ltr'><strong>de</strong></span> <span class='ocrx_word' id='word_1_576' title='bbox 1159 4837 1373 4894; x_wconf 88' lang='lat' dir='ltr'><strong>turbine</strong></span> <span class='ocrx_word' id='word_1_577' title='bbox 1394 4837 1605 4895; x_wconf 90' lang='lat' dir='ltr'><strong>locutus</strong></span> <span class='ocrx_word' id='word_1_578' title='bbox 1626 4839 1794 4896; x_wconf 81' lang='lat' dir='ltr'><strong>fuisse</strong></span> <span class='ocrx_word' id='word_1_579' title='bbox 1822 4841 2030 4898; x_wconf 84' lang='lat' dir='ltr'><strong>descri-</strong></span> 
     </span>
    </p>
   </div>
   <div class='ocr_carea' id='block_1_81' title="bbox 434 4927 2025 5002">
    <p class='ocr_par' dir='ltr' id='par_1_81' title="bbox 434 4927 2025 5002">
     <span class='ocr_line' id='line_1_81' title="bbox 434 4927 2025 5002; baseline 0.003 -17"><span class='ocrx_word' id='word_1_580' title='bbox 434 4927 603 4985; x_wconf 86' lang='lat' dir='ltr'><strong>bitur.</strong></span> <span class='ocrx_word' id='word_1_581' title='bbox 627 4927 802 4984; x_wconf 83' lang='lat' dir='ltr'><strong>Aliter</strong></span> <span class='ocrx_word' id='word_1_582' title='bbox 827 4928 974 4985; x_wconf 89' lang='lat' dir='ltr'><strong>enim</strong></span> <span class='ocrx_word' id='word_1_583' title='bbox 991 4929 1253 4986; x_wconf 91' lang='lat' dir='ltr'><strong>Dominus</strong></span> <span class='ocrx_word' id='word_1_584' title='bbox 1275 4931 1450 4987; x_wconf 88' lang='lat' dir='ltr'><strong>servis</strong></span> <span class='ocrx_word' id='word_1_585' title='bbox 1475 4932 1588 4988; x_wconf 89' lang='lat' dir='ltr'><strong>suis</strong></span> <span class='ocrx_word' id='word_1_586' title='bbox 1615 4931 1880 5002; x_wconf 67' lang='lat' dir='ltr'><strong>loqu&#39;tur,‘</strong></span> <span class='ocrx_word' id='word_1_587' title='bbox 1897 4951 2025 4990; x_wconf 89' lang='lat' dir='ltr'><strong>cum</strong></span> 
     </span>
    </p>
   </div>
   <div class='ocr_carea' id='block_1_82' title="bbox 437 5019 2026 5092">
    <p class='ocr_par' dir='ltr' id='par_1_82' title="bbox 437 5019 2026 5092">
     <span class='ocr_line' id='line_1_82' title="bbox 437 5019 2026 5092; baseline 0.001 -16"><span class='ocrx_word' id='word_1_588' title='bbox 437 5035 535 5076; x_wconf 89' lang='lat' dir='ltr'><strong>eos</strong></span> <span class='ocrx_word' id='word_1_589' title='bbox 563 5019 890 5076; x_wconf 88' lang='lat' dir='ltr'><strong>intrinsecus</strong></span> <span class='ocrx_word' id='word_1_590' title='bbox 913 5035 1012 5091; x_wconf 90' lang='lat' dir='ltr'><strong>per</strong></span> <span class='ocrx_word' id='word_1_591' title='bbox 1035 5021 1503 5090; x_wconf 89' lang='lat' dir='ltr'><strong>compunetiouem</strong></span> <span class='ocrx_word' id='word_1_592' title='bbox 1534 5022 1818 5092; x_wconf 88' lang='lat' dir='ltr'><strong>provehit:</strong></span> <span class='ocrx_word' id='word_1_593' title='bbox 1848 5023 2026 5086; x_wconf 86' lang='lat' dir='ltr'><strong>aliter.</strong></span> 
     </span>
    </p>
   </div>
   <div class='ocr_carea' id='block_1_83' title="bbox 438 5110 2029 5182">
    <p class='ocr_par' dir='ltr' id='par_1_83' title="bbox 438 5110 2029 5182">
     <span class='ocr_line' id='line_1_83' title="bbox 438 5110 2029 5182; baseline 0.001 -14"><span class='ocrx_word' id='word_1_594' title='bbox 438 5127 563 5168; x_wconf 90' lang='lat' dir='ltr'><strong>cum</strong></span> <span class='ocrx_word' id='word_1_595' title='bbox 597 5126 698 5182; x_wconf 88' lang='lat' dir='ltr'><strong>per</strong></span> <span class='ocrx_word' id='word_1_596' title='bbox 727 5110 1150 5176; x_wconf 91' lang='lat' dir='ltr'><strong>districtionem,</strong></span> <span class='ocrx_word' id='word_1_597' title='bbox 1190 5125 1258 5165; x_wconf 89' lang='lat' dir='ltr'><strong>ne</strong></span> <span class='ocrx_word' id='word_1_598' title='bbox 1287 5110 1640 5177; x_wconf 79' lang='lat' dir='ltr'><strong>extollantur,</strong></span> <span class='ocrx_word' id='word_1_599' title='bbox 1675 5113 1891 5182; x_wconf 85' lang='lat' dir='ltr'><strong>premit.</strong></span> <span class='ocrx_word' id='word_1_600' title='bbox 1923 5113 2029 5170; x_wconf 84' lang='lat' dir='ltr'><strong>Per</strong></span> 
     </span>
    </p>
   </div>
   <div class='ocr_carea' id='block_1_84' title="bbox 438 5203 2029 5278">
    <p class='ocr_par' dir='ltr' id='par_1_84' title="bbox 438 5203 2029 5278">
     <span class='ocr_line' id='line_1_84' title="bbox 438 5203 2029 5278; baseline 0.003 -18"><span class='ocrx_word' id='word_1_601' title='bbox 438 5203 694 5260; x_wconf 90' lang='lat' dir='ltr'><strong>blandam</strong></span> <span class='ocrx_word' id='word_1_602' title='bbox 737 5206 1069 5262; x_wconf 91' lang='lat' dir='ltr'><strong>locutionem</strong></span> <span class='ocrx_word' id='word_1_603' title='bbox 1105 5205 1317 5262; x_wconf 91' lang='lat' dir='ltr'><strong>Domini</strong></span> <span class='ocrx_word' id='word_1_604' title='bbox 1367 5207 1599 5262; x_wconf 90' lang='lat' dir='ltr'><strong>amanda</strong></span> <span class='ocrx_word' id='word_1_605' title='bbox 1641 5205 1870 5264; x_wconf 88' lang='lat' dir='ltr'><strong>dulcedo</strong></span> <span class='ocrx_word' id='word_1_606' title='bbox 1910 5208 2029 5278; x_wconf 86' lang='lat' dir='ltr'><strong>ejus</strong></span> 
     </span>
    </p>
   </div>
   <div class='ocr_carea' id='block_1_85' title="bbox 439 5293 2030 5367">
    <p class='ocr_par' dir='ltr' id='par_1_85' title="bbox 439 5293 2030 5367">
     <span class='ocr_line' id='line_1_85' title="bbox 439 5293 2030 5367; baseline 0.001 -16"><span class='ocrx_word' id='word_1_607' title='bbox 439 5295 780 5352; x_wconf 86' lang='lat' dir='ltr'><strong>ostenditur:</strong></span> <span class='ocrx_word' id='word_1_608' title='bbox 809 5311 908 5367; x_wconf 87' lang='lat' dir='ltr'><strong>per</strong></span> <span class='ocrx_word' id='word_1_609' title='bbox 956 5295 1254 5352; x_wconf 86' lang='lat' dir='ltr'><strong>terribilem</strong></span> <span class='ocrx_word' id='word_1_610' title='bbox 1299 5310 1430 5350; x_wconf 90' lang='lat' dir='ltr'><strong>vero</strong></span> <span class='ocrx_word' id='word_1_611' title='bbox 1475 5303 1714 5364; x_wconf 69' lang='lat' dir='ltr'><strong>potestas</strong></span> <span class='ocrx_word' id='word_1_612' title='bbox 1752 5293 1869 5363; x_wconf 80' lang='lat' dir='ltr'><strong>ejus</strong></span> <span class='ocrx_word' id='word_1_613' title='bbox 1917 5311 2030 5352; x_wconf 91' lang='lat' dir='ltr'><strong>me-</strong></span> 
     </span>
    </p>
   </div>
   <div class='ocr_carea' id='block_1_86' title="bbox 442 5387 2031 5457">
    <p class='ocr_par' dir='ltr' id='par_1_86' title="bbox 442 5387 2031 5457">
     <span class='ocr_line' id='line_1_86' title="bbox 442 5387 2031 5457; baseline 0 -15"><span class='ocrx_word' id='word_1_614' title='bbox 442 5387 639 5446; x_wconf 88' lang='lat' dir='ltr'><strong>tuenda</strong></span> <span class='ocrx_word' id='word_1_615' title='bbox 688 5395 1044 5444; x_wconf 87' lang='lat' dir='ltr'><strong>monstratur.</strong></span> <span class='ocrx_word' id='word_1_616' title='bbox 1080 5387 1136 5442; x_wconf 90' lang='lat' dir='ltr'><strong>lu</strong></span> <span class='ocrx_word' id='word_1_617' title='bbox 1182 5387 1268 5442; x_wconf 88' lang='lat' dir='ltr'><strong>illa</strong></span> <span class='ocrx_word' id='word_1_618' title='bbox 1309 5387 1666 5457; x_wconf 88' lang='lat' dir='ltr'><strong>persuadetur</strong></span> <span class='ocrx_word' id='word_1_619' title='bbox 1707 5387 1930 5453; x_wconf 72' lang='lat' dir='ltr'><strong>animm,</strong></span> <span class='ocrx_word' id='word_1_620' title='bbox 1971 5397 2031 5442; x_wconf 89' lang='lat' dir='ltr'><strong>ut</strong></span> 
     </span>
    </p>
   </div>
   <div class='ocr_carea' id='block_1_87' title="bbox 453 5479 2030 5552">
    <p class='ocr_par' dir='ltr' id='par_1_87' title="bbox 453 5479 2030 5552">
     <span class='ocr_line' id='line_1_87' title="bbox 453 5479 2030 5552; baseline -0.001 -16"><span class='ocrx_word' id='word_1_621' title='bbox 453 5479 740 5552; x_wconf 84' lang='lat' dir='ltr'><strong>proﬁciat:</strong></span> <span class='ocrx_word' id='word_1_622' title='bbox 769 5481 823 5535; x_wconf 91' lang='lat' dir='ltr'><strong>in</strong></span> <span class='ocrx_word' id='word_1_623' title='bbox 851 5481 956 5536; x_wconf 90' lang='lat' dir='ltr'><strong>ista</strong></span> <span class='ocrx_word' id='word_1_624' title='bbox 1002 5480 1335 5551; x_wconf 77' lang='lat' dir='ltr'><strong>reprimizur,</strong></span> <span class='ocrx_word' id='word_1_625' title='bbox 1384 5496 1504 5550; x_wconf 78' lang='lat' dir='ltr'><strong>quae</strong></span> <span class='ocrx_word' id='word_1_626' title='bbox 1547 5479 1780 5550; x_wconf 86' lang='lat' dir='ltr'><strong>proﬁcit.</strong></span> <span class='ocrx_word' id='word_1_627' title='bbox 1835 5481 1891 5535; x_wconf 92' lang='lat' dir='ltr'><strong>ln</strong></span> <span class='ocrx_word' id='word_1_628' title='bbox 1940 5480 2030 5535; x_wconf 88' lang='lat' dir='ltr'><strong>illa</strong></span> 
     </span>
    </p>
   </div>
   <div class='ocr_carea' id='block_1_88' title="bbox 451 5563 2030 5642">
    <p class='ocr_par' dir='ltr' id='par_1_88' title="bbox 451 5563 2030 5642">
     <span class='ocr_line' id='line_1_88' title="bbox 451 5563 2030 5642; baseline 0 -16"><span class='ocrx_word' id='word_1_629' title='bbox 451 5571 632 5637; x_wconf 86' lang='lat' dir='ltr'><strong>discit,</strong></span> <span class='ocrx_word' id='word_1_630' title='bbox 655 5563 800 5640; x_wconf 85' lang='lat' dir='ltr'><strong>quod</strong></span> <span class='ocrx_word' id='word_1_631' title='bbox 825 5580 1044 5642; x_wconf 87' lang='lat' dir='ltr'><strong>appetat</strong></span> <span class='ocrx_word' id='word_1_632' title='bbox 1070 5590 1082 5624; x_wconf 88' lang='lat'><strong>:</strong></span> <span class='ocrx_word' id='word_1_633' title='bbox 1113 5571 1166 5626; x_wconf 91' lang='lat' dir='ltr'><strong>in</strong></span> <span class='ocrx_word' id='word_1_634' title='bbox 1192 5571 1315 5637; x_wconf 86' lang='lat' dir='ltr'><strong>ista,</strong></span> <span class='ocrx_word' id='word_1_635' title='bbox 1339 5571 1484 5642; x_wconf 91' lang='lat' dir='ltr'><strong>quod</strong></span> <span class='ocrx_word' id='word_1_636' title='bbox 1507 5580 1731 5628; x_wconf 87' lang='lat' dir='ltr'><strong>metuat.</strong></span> <span class='ocrx_word' id='word_1_637' title='bbox 1757 5571 2030 5627; x_wconf 86' lang='lat' dir='ltr'><strong>Perillam</strong></span> 
     </span>
    </p>
   </div>
   <div class='ocr_carea' id='block_1_89' title="bbox 447 5660 2032 5734">
    <p class='ocr_par' dir='ltr' id='par_1_89' title="bbox 447 5660 2032 5734">
     <span class='ocr_line' id='line_1_89' title="bbox 447 5660 2032 5734; baseline -0.001 -16"><span class='ocrx_word' id='word_1_638' title='bbox 447 5661 579 5718; x_wconf 83' lang='lat' dir='ltr'><strong>dicit</strong></span> <span class='ocrx_word' id='word_1_639' title='bbox 605 5679 621 5718; x_wconf 92' lang='lat'><strong>:</strong></span> <span class='ocrx_word' id='word_1_640' title='bbox 652 5660 837 5718; x_wconf 80' lang='lat' dir='ltr'><strong>Gaude</strong></span> <span class='ocrx_word' id='word_1_641' title='bbox 860 5673 908 5717; x_wconf 86' lang='lat' dir='ltr'><strong>et</strong></span> <span class='ocrx_word' id='word_1_642' title='bbox 939 5661 1148 5727; x_wconf 64' lang='lat' dir='ltr'><strong>la&#39;tarc,</strong></span> <span class='ocrx_word' id='word_1_643' title='bbox 1175 5661 1290 5730; x_wconf 77' lang='lat' dir='ltr'><strong>ﬁlia</strong></span> <span class='ocrx_word' id='word_1_644' title='bbox 1317 5661 1445 5718; x_wconf 88' lang='lat' dir='ltr'><strong>Sion</strong></span> <span class='ocrx_word' id='word_1_645' title='bbox 1463 5703 1478 5728; x_wconf 94' lang='lat'><strong>,</strong></span> <span class='ocrx_word' id='word_1_646' title='bbox 1511 5664 1634 5734; x_wconf 84' lang='lat' dir='ltr'><strong>quia</strong></span> <span class='ocrx_word' id='word_1_647' title='bbox 1661 5679 1776 5718; x_wconf 76' lang='lat' dir='ltr'><strong>cccc</strong></span> <span class='ocrx_word' id='word_1_648' title='bbox 1811 5663 1958 5718; x_wconf 72' lang='lat' dir='ltr'><strong>venio</strong></span> <span class='ocrx_word' id='word_1_649' title='bbox 1983 5672 2032 5717; x_wconf 90' lang='lat' dir='ltr'><strong>et</strong></span> 
     </span>
    </p>
   </div>
   <div class='ocr_carea' id='block_1_90' title="bbox 426 5751 2028 5825">
    <p class='ocr_par' dir='ltr' id='par_1_90' title="bbox 426 5751 2028 5825">
     <span class='ocr_line' id='line_1_90' title="bbox 426 5751 2028 5825; baseline 0.001 -19"><span class='ocrx_word' id='word_1_650' title='bbox 426 5753 688 5812; x_wconf 68' lang='lat' dir='ltr'><strong>habitabo</strong></span> <span class='ocrx_word' id='word_1_651' title='bbox 728 5755 784 5811; x_wconf 85' lang='lat' dir='ltr'><strong>in</strong></span> <span class='ocrx_word' id='word_1_652' title='bbox 825 5753 994 5808; x_wconf 84' lang='lat' dir='ltr'><strong>medio</strong></span> <span class='ocrx_word' id='word_1_653' title='bbox 1026 5752 1105 5807; x_wconf 86' lang='lat' dir='ltr'><strong>tui</strong></span> <span class='ocrx_word' id='word_1_654' title='bbox 1147 5751 1316 5824; x_wconf 77' lang='lat' dir='ltr'><strong>(Nan.</strong></span> <span class='ocrx_word' id='word_1_655' title='bbox 1343 5751 1414 5825; x_wconf 84' lang='lat' dir='ltr'><strong>t);</strong></span> <span class='ocrx_word' id='word_1_656' title='bbox 1458 5769 1552 5823; x_wconf 84' lang='lat' dir='ltr'><strong>per</strong></span> <span class='ocrx_word' id='word_1_657' title='bbox 1595 5754 1750 5808; x_wconf 83' lang='lat' dir='ltr'><strong>istaut</strong></span> <span class='ocrx_word' id='word_1_658' title='bbox 1791 5753 2028 5809; x_wconf 78' lang='lat' dir='ltr'><strong>dicitur:</strong></span> 
     </span>
    </p>
   </div>
   <div class='ocr_carea' id='block_1_91' title="bbox 2669 3259 3174 3317">
    <p class='ocr_par' dir='ltr' id='par_1_91' title="bbox 2669 3259 3174 3317">
     <span class='ocr_line' id='line_1_91' title="bbox 2669 3259 3174 3317; baseline -0.002 0"><span class='ocrx_word' id='word_1_659' title='bbox 2669 3259 2897 3317; x_wconf 81' lang='lat' dir='ltr'><strong>CAPUT</strong></span> <span class='ocrx_word' id='word_1_660' title='bbox 2939 3259 3174 3316; x_wconf 75' lang='lat' dir='ltr'><strong>XXVIII.</strong></span> 
     </span>
    </p>
   </div>
   <div class='ocr_carea' id='block_1_92' title="bbox 2741 3329 3097 3402">
    <p class='ocr_par' dir='ltr' id='par_1_92' title="bbox 2741 3329 3097 3402">
     <span class='ocr_line' id='line_1_92' title="bbox 2741 3329 3097 3402; baseline 0.003 -18"><span class='ocrx_word' id='word_1_661' title='bbox 2741 3329 2820 3385; x_wconf 84' lang='lat' dir='ltr'><strong>D&#39;e</strong></span> <span class='ocrx_word' id='word_1_662' title='bbox 2847 3330 3097 3402; x_wconf 72' lang='lat' dir='ltr'><strong>procella.</strong></span> 
     </span>
    </p>
   </div>
   <div class='ocr_carea' id='block_1_93' title="bbox 2196 3386 3718 3459">
    <p class='ocr_par' dir='ltr' id='par_1_93' title="bbox 2196 3386 3718 3459">
     <span class='ocr_line' id='line_1_93' title="bbox 2196 3386 3718 3459; baseline 0 -3"><span class='ocrx_word' id='word_1_663' title='bbox 2196 3400 2452 3458; x_wconf 73' lang='lat' dir='ltr'><strong>Procella:</strong></span> <span class='ocrx_word' id='word_1_664' title='bbox 2503 3401 2650 3457; x_wconf 89' lang='lat' dir='ltr'><strong>enim</strong></span> <span class='ocrx_word' id='word_1_665' title='bbox 2697 3409 2792 3458; x_wconf 88' lang='lat' dir='ltr'><strong>aut</strong></span> <span class='ocrx_word' id='word_1_666' title='bbox 2839 3386 2906 3457; x_wconf 78' lang='lat' dir='ltr'><strong>de</strong></span> <span class='ocrx_word' id='word_1_667' title='bbox 2954 3400 3266 3456; x_wconf 90' lang='lat' dir='ltr'><strong>ﬂuminibus</strong></span> <span class='ocrx_word' id='word_1_668' title='bbox 3307 3386 3401 3456; x_wconf 85' lang='lat' dir='ltr'><strong>aut</strong></span> <span class='ocrx_word' id='word_1_669' title='bbox 3439 3401 3508 3457; x_wconf 90' lang='lat' dir='ltr'><strong>de</strong></span> <span class='ocrx_word' id='word_1_670' title='bbox 3541 3402 3718 3459; x_wconf 88' lang='lat' dir='ltr'><strong>ventis</strong></span> 
     </span>
    </p>
   </div>
   <div class='ocr_carea' id='block_1_94' title="bbox 2127 3490 3720 3564">
    <p class='ocr_par' dir='ltr' id='par_1_94' title="bbox 2127 3490 3720 3564">
     <span class='ocr_line' id='line_1_94' title="bbox 2127 3490 3720 3564; baseline 0.001 -18"><span class='ocrx_word' id='word_1_671' title='bbox 2127 3490 2281 3547; x_wconf 86' lang='lat' dir='ltr'><strong>ﬁunt.</strong></span> <span class='ocrx_word' id='word_1_672' title='bbox 2308 3491 2456 3547; x_wconf 82' lang='lat' dir='ltr'><strong>Nihil</strong></span> <span class='ocrx_word' id='word_1_673' title='bbox 2482 3503 2666 3548; x_wconf 86' lang='lat' dir='ltr'><strong>autem</strong></span> <span class='ocrx_word' id='word_1_674' title='bbox 2705 3493 2946 3549; x_wconf 88' lang='lat' dir='ltr'><strong>velocius</strong></span> <span class='ocrx_word' id='word_1_675' title='bbox 2986 3493 3185 3549; x_wconf 82' lang='lat' dir='ltr'><strong>ventis.</strong></span> <span class='ocrx_word' id='word_1_676' title='bbox 3215 3492 3370 3550; x_wconf 90' lang='lat' dir='ltr'><strong>Unde</strong></span> <span class='ocrx_word' id='word_1_677' title='bbox 3401 3501 3457 3549; x_wconf 87' lang='lat' dir='ltr'><strong>et</strong></span> <span class='ocrx_word' id='word_1_678' title='bbox 3494 3502 3720 3564; x_wconf 81' lang='lat' dir='ltr'><strong>propter</strong></span> 
     </span>
    </p>
   </div>
   <div class='ocr_carea' id='block_1_95' title="bbox 2125 3584 3721 3658">
    <p class='ocr_par' dir='ltr' id='par_1_95' title="bbox 2125 3584 3721 3658">
     <span class='ocr_line' id='line_1_95' title="bbox 2125 3584 3721 3658; baseline -0.001 -18"><span class='ocrx_word' id='word_1_679' title='bbox 2125 3584 2459 3641; x_wconf 87' lang='lat' dir='ltr'><strong>celeritatem</strong></span> <span class='ocrx_word' id='word_1_680' title='bbox 2497 3594 2606 3640; x_wconf 87' lang='lat' dir='ltr'><strong>tam</strong></span> <span class='ocrx_word' id='word_1_681' title='bbox 2644 3595 2836 3642; x_wconf 90' lang='lat' dir='ltr'><strong>ventos</strong></span> <span class='ocrx_word' id='word_1_682' title='bbox 2871 3601 3034 3656; x_wconf 87' lang='lat' dir='ltr'><strong>quam</strong></span> <span class='ocrx_word' id='word_1_683' title='bbox 3073 3585 3296 3642; x_wconf 88' lang='lat' dir='ltr'><strong>ﬂumina</strong></span> <span class='ocrx_word' id='word_1_684' title='bbox 3331 3587 3473 3642; x_wconf 88' lang='lat' dir='ltr'><strong>alata</strong></span> <span class='ocrx_word' id='word_1_685' title='bbox 3512 3586 3721 3658; x_wconf 84' lang='lat' dir='ltr'><strong>ﬁngunt</strong></span> 
     </span>
    </p>
   </div>
   <div class='ocr_carea' id='block_1_96' title="bbox 2125 3675 3721 3748">
    <p class='ocr_par' dir='ltr' id='par_1_96' title="bbox 2125 3675 3721 3748">
     <span class='ocr_line' id='line_1_96' title="bbox 2125 3675 3721 3748; baseline 0 -18"><span class='ocrx_word' id='word_1_686' title='bbox 2125 3684 2318 3746; x_wconf 69' lang='lat' dir='ltr'><strong>poetae,</strong></span> <span class='ocrx_word' id='word_1_687' title='bbox 2358 3683 2419 3731; x_wconf 91' lang='lat' dir='ltr'><strong>ut</strong></span> <span class='ocrx_word' id='word_1_688' title='bbox 2453 3675 2599 3730; x_wconf 86' lang='lat' dir='ltr'><strong>alata</strong></span> <span class='ocrx_word' id='word_1_689' title='bbox 2644 3679 2722 3731; x_wconf 80' lang='lat' dir='ltr'><strong>vis</strong></span> <span class='ocrx_word' id='word_1_690' title='bbox 2765 3676 2966 3731; x_wconf 77' lang='lat' dir='ltr'><strong>Austri.</strong></span> <span class='ocrx_word' id='word_1_691' title='bbox 3014 3675 3257 3733; x_wconf 89' lang='lat' dir='ltr'><strong>Procella</strong></span> <span class='ocrx_word' id='word_1_692' title='bbox 3313 3678 3458 3732; x_wconf 92' lang='lat' dir='ltr'><strong>enim</strong></span> <span class='ocrx_word' id='word_1_693' title='bbox 3512 3675 3721 3748; x_wconf 86' lang='lat' dir='ltr'><strong>signiﬁ-</strong></span> 
     </span>
    </p>
   </div>
   <div class='ocr_carea' id='block_1_97' title="bbox 2125 3765 3722 3838">
    <p class='ocr_par' dir='ltr' id='par_1_97' title="bbox 2125 3765 3722 3838">
     <span class='ocr_line' id='line_1_97' title="bbox 2125 3765 3722 3838; baseline -0.001 -16"><span class='ocrx_word' id='word_1_694' title='bbox 2125 3775 2217 3828; x_wconf 87' lang='lat' dir='ltr'><strong>cat</strong></span> <span class='ocrx_word' id='word_1_695' title='bbox 2242 3774 2636 3838; x_wconf 88' lang='lat' dir='ltr'><strong>tcmpestuosos</strong></span> <span class='ocrx_word' id='word_1_696' title='bbox 2665 3775 3077 3838; x_wconf 87' lang='lat' dir='ltr'><strong>persecutorum</strong></span> <span class='ocrx_word' id='word_1_697' title='bbox 3114 3765 3360 3833; x_wconf 79' lang='lat' dir='ltr'><strong>furores,</strong></span> <span class='ocrx_word' id='word_1_698' title='bbox 3400 3767 3495 3838; x_wconf 90' lang='lat' dir='ltr'><strong>qui</strong></span> <span class='ocrx_word' id='word_1_699' title='bbox 3531 3766 3722 3822; x_wconf 87' lang='lat' dir='ltr'><strong>Eccle-</strong></span> 
     </span>
    </p>
   </div>
   <div class='ocr_carea' id='block_1_98' title="bbox 2126 3857 3724 3931">
    <p class='ocr_par' dir='ltr' id='par_1_98' title="bbox 2126 3857 3724 3931">
     <span class='ocr_line' id='line_1_98' title="bbox 2126 3857 3724 3931; baseline 0.001 -19"><span class='ocrx_word' id='word_1_700' title='bbox 2126 3859 2262 3912; x_wconf 91' lang='lat' dir='ltr'><strong>siam</strong></span> <span class='ocrx_word' id='word_1_701' title='bbox 2312 3857 2515 3914; x_wconf 90' lang='lat' dir='ltr'><strong>Christi</strong></span> <span class='ocrx_word' id='word_1_702' title='bbox 2569 3858 2768 3929; x_wconf 89' lang='lat' dir='ltr'><strong>partim</strong></span> <span class='ocrx_word' id='word_1_703' title='bbox 2820 3859 3013 3924; x_wconf 89' lang='lat' dir='ltr'><strong>minis,</strong></span> <span class='ocrx_word' id='word_1_704' title='bbox 3071 3859 3270 3928; x_wconf 90' lang='lat' dir='ltr'><strong>partim</strong></span> <span class='ocrx_word' id='word_1_705' title='bbox 3327 3858 3512 3931; x_wconf 87' lang='lat' dir='ltr'><strong>ﬂagris</strong></span> <span class='ocrx_word' id='word_1_706' title='bbox 3555 3868 3724 3930; x_wconf 85' lang='lat' dir='ltr'><strong>atque</strong></span> 
     </span>
    </p>
   </div>
   <div class='ocr_carea' id='block_1_99' title="bbox 2127 3945 3723 4018">
    <p class='ocr_par' dir='ltr' id='par_1_99' title="bbox 2127 3945 3723 4018">
     <span class='ocr_line' id='line_1_99' title="bbox 2127 3945 3723 4018; baseline 0.002 -17"><span class='ocrx_word' id='word_1_707' title='bbox 2127 3947 2414 4003; x_wconf 89' lang='lat' dir='ltr'><strong>tormentis</strong></span> <span class='ocrx_word' id='word_1_708' title='bbox 2473 3945 2730 4002; x_wconf 79' lang='lat' dir='ltr'><strong>alliciunt.</strong></span> <span class='ocrx_word' id='word_1_709' title='bbox 2789 3946 2902 4003; x_wconf 87' lang='lat' dir='ltr'><strong>Sed</strong></span> <span class='ocrx_word' id='word_1_710' title='bbox 2965 3947 3258 4018; x_wconf 83' lang='lat' dir='ltr'><strong>aliquando</strong></span> <span class='ocrx_word' id='word_1_711' title='bbox 3319 3949 3463 4018; x_wconf 88' lang='lat' dir='ltr'><strong>ipsas</strong></span> <span class='ocrx_word' id='word_1_712' title='bbox 3535 3963 3723 4018; x_wconf 85' lang='lat' dir='ltr'><strong>perse-</strong></span> 
     </span>
    </p>
   </div>
   <div class='ocr_carea' id='block_1_100' title="bbox 2126 4037 3723 4106">
    <p class='ocr_par' dir='ltr' id='par_1_100' title="bbox 2126 4037 3723 4106">
     <span class='ocr_line' id='line_1_100' title="bbox 2126 4037 3723 4106; baseline 0.002 -15"><span class='ocrx_word' id='word_1_713' title='bbox 2126 4044 2372 4106; x_wconf 83' lang='lat' dir='ltr'><strong>cuturum</strong></span> <span class='ocrx_word' id='word_1_714' title='bbox 2426 4046 2635 4092; x_wconf 88' lang='lat' dir='ltr'><strong>mentes</strong></span> <span class='ocrx_word' id='word_1_715' title='bbox 2687 4037 2946 4094; x_wconf 89' lang='lat' dir='ltr'><strong>Dominus</strong></span> <span class='ocrx_word' id='word_1_716' title='bbox 2991 4040 3048 4092; x_wconf 90' lang='lat' dir='ltr'><strong>in</strong></span> <span class='ocrx_word' id='word_1_717' title='bbox 3084 4038 3277 4094; x_wconf 90' lang='lat' dir='ltr'><strong>melius</strong></span> <span class='ocrx_word' id='word_1_718' title='bbox 3318 4041 3622 4105; x_wconf 86' lang='lat' dir='ltr'><strong>convertit,</strong></span> <span class='ocrx_word' id='word_1_719' title='bbox 3661 4049 3723 4094; x_wconf 91' lang='lat' dir='ltr'><strong>ut</strong></span> 
     </span>
    </p>
   </div>
   <div class='ocr_carea' id='block_1_101' title="bbox 2125 4127 3718 4199">
    <p class='ocr_par' dir='ltr' id='par_1_101' title="bbox 2125 4127 3718 4199">
     <span class='ocr_line' id='line_1_101' title="bbox 2125 4127 3718 4199; baseline 0.004 -20"><span class='ocrx_word' id='word_1_720' title='bbox 2125 4141 2224 4195; x_wconf 91' lang='lat' dir='ltr'><strong>per</strong></span> <span class='ocrx_word' id='word_1_721' title='bbox 2268 4127 2643 4196; x_wconf 74' lang='lat' dir='ltr'><strong>pmuitcntiam</strong></span> <span class='ocrx_word' id='word_1_722' title='bbox 2703 4143 2734 4182; x_wconf 88' lang='lat' dir='ltr'><strong>a</strong></span> <span class='ocrx_word' id='word_1_723' title='bbox 2783 4128 3030 4199; x_wconf 87' lang='lat' dir='ltr'><strong>pristinis</strong></span> <span class='ocrx_word' id='word_1_724' title='bbox 3085 4129 3383 4186; x_wconf 87' lang='lat' dir='ltr'><strong>sceleribus</strong></span> <span class='ocrx_word' id='word_1_725' title='bbox 3434 4145 3495 4185; x_wconf 90' lang='lat' dir='ltr'><strong>se</strong></span> <span class='ocrx_word' id='word_1_726' title='bbox 3558 4145 3718 4185; x_wconf 87' lang='lat' dir='ltr'><strong>mun-</strong></span> 
     </span>
    </p>
   </div>
   <div class='ocr_carea' id='block_1_102' title="bbox 2127 4218 3716 4292">
    <p class='ocr_par' dir='ltr' id='par_1_102' title="bbox 2127 4218 3716 4292">
     <span class='ocr_line' id='line_1_102' title="bbox 2127 4218 3716 4292; baseline 0.003 -20"><span class='ocrx_word' id='word_1_727' title='bbox 2127 4219 2317 4274; x_wconf 90' lang='lat' dir='ltr'><strong>dantes</strong></span> <span class='ocrx_word' id='word_1_728' title='bbox 2341 4220 2408 4274; x_wconf 91' lang='lat' dir='ltr'><strong>ad</strong></span> <span class='ocrx_word' id='word_1_729' title='bbox 2436 4218 2608 4275; x_wconf 89' lang='lat' dir='ltr'><strong>bonos</strong></span> <span class='ocrx_word' id='word_1_730' title='bbox 2638 4228 2792 4276; x_wconf 88' lang='lat' dir='ltr'><strong>actus</strong></span> <span class='ocrx_word' id='word_1_731' title='bbox 2820 4229 3229 4277; x_wconf 84' lang='lat' dir='ltr'><strong>convertantur.</strong></span> <span class='ocrx_word' id='word_1_732' title='bbox 3256 4221 3390 4277; x_wconf 89' lang='lat' dir='ltr'><strong>Nam</strong></span> <span class='ocrx_word' id='word_1_733' title='bbox 3415 4225 3468 4276; x_wconf 93' lang='lat' dir='ltr'><strong>in</strong></span> <span class='ocrx_word' id='word_1_734' title='bbox 3498 4221 3716 4292; x_wconf 88' lang='lat' dir='ltr'><strong>psalmo</strong></span> 
     </span>
    </p>
   </div>
   <div class='ocr_carea' id='block_1_103' title="bbox 2126 4309 3717 4383">
    <p class='ocr_par' dir='ltr' id='par_1_103' title="bbox 2126 4309 3717 4383">
     <span class='ocr_line' id='line_1_103' title="bbox 2126 4309 3717 4383; baseline 0.002 -21"><span class='ocrx_word' id='word_1_735' title='bbox 2126 4309 2386 4379; x_wconf 85' lang='lat' dir='ltr'><strong>scriptum</strong></span> <span class='ocrx_word' id='word_1_736' title='bbox 2427 4317 2545 4365; x_wconf 86' lang='lat' dir='ltr'><strong>est:</strong></span> <span class='ocrx_word' id='word_1_737' title='bbox 2572 4309 2721 4380; x_wconf 82' lang='lat' dir='ltr'><strong>Ignis</strong></span> <span class='ocrx_word' id='word_1_738' title='bbox 2747 4351 2763 4377; x_wconf 92' lang='lat'><strong>,</strong></span> <span class='ocrx_word' id='word_1_739' title='bbox 2804 4311 3038 4382; x_wconf 82' lang='lat' dir='ltr'><strong>grando,</strong></span> <span class='ocrx_word' id='word_1_740' title='bbox 3075 4312 3198 4378; x_wconf 75' lang='lat' dir='ltr'><strong>nix,</strong></span> <span class='ocrx_word' id='word_1_741' title='bbox 3241 4312 3466 4383; x_wconf 84' lang='lat' dir='ltr'><strong>glacies,</strong></span> <span class='ocrx_word' id='word_1_742' title='bbox 3495 4313 3717 4382; x_wconf 85' lang='lat' dir='ltr'><strong>spiritus</strong></span> 
     </span>
    </p>
   </div>
   <div class='ocr_carea' id='block_1_104' title="bbox 2125 4399 3712 4476">
    <p class='ocr_par' dir='ltr' id='par_1_104' title="bbox 2125 4399 3712 4476">
     <span class='ocr_line' id='line_1_104' title="bbox 2125 4399 3712 4476; baseline 0.001 -22"><span class='ocrx_word' id='word_1_743' title='bbox 2125 4399 2496 4472; x_wconf 84' lang='lat' dir='ltr'><strong>procellarum,</strong></span> <span class='ocrx_word' id='word_1_744' title='bbox 2525 4418 2643 4474; x_wconf 73' lang='lat' dir='ltr'><strong>qua:</strong></span> <span class='ocrx_word' id='word_1_745' title='bbox 2666 4402 2869 4472; x_wconf 78' lang='lat' dir='ltr'><strong>faciunt</strong></span> <span class='ocrx_word' id='word_1_746' title='bbox 2897 4403 3106 4458; x_wconf 81' lang='lat' dir='ltr'><strong>verbum</strong></span> <span class='ocrx_word' id='word_1_747' title='bbox 3127 4404 3244 4474; x_wconf 84' lang='lat' dir='ltr'><strong>ejus</strong></span> <span class='ocrx_word' id='word_1_748' title='bbox 3267 4403 3438 4476; x_wconf 81' lang='lat' dir='ltr'><strong>(Psul.</strong></span> <span class='ocrx_word' id='word_1_749' title='bbox 3461 4403 3712 4472; x_wconf 68' lang='lat' dir='ltr'><strong>cxcvm).</strong></span> 
     </span>
    </p>
   </div>
   <div class='ocr_carea' id='block_1_105' title="bbox 2052 4491 3724 4580">
    <p class='ocr_par' dir='ltr' id='par_1_105' title="bbox 2052 4491 3724 4580">
     <span class='ocr_line' id='line_1_105' title="bbox 2052 4491 3724 4580; baseline 0.004 -35"><span class='ocrx_word' id='word_1_750' title='bbox 2052 4521 2102 4580; x_wconf 67' lang='grc' dir='ltr'>Β</span> <span class='ocrx_word' id='word_1_751' title='bbox 2128 4491 2292 4562; x_wconf 90' lang='lat' dir='ltr'><strong>Ignis,</strong></span> <span class='ocrx_word' id='word_1_752' title='bbox 2319 4492 2553 4564; x_wconf 88' lang='lat' dir='ltr'><strong>grando,</strong></span> <span class='ocrx_word' id='word_1_753' title='bbox 2585 4493 2708 4560; x_wconf 85' lang='lat' dir='ltr'><strong>nix,</strong></span> <span class='ocrx_word' id='word_1_754' title='bbox 2733 4493 2933 4580; x_wconf 77' lang='lat' dir='ltr'><strong>glacies</strong></span> <span class='ocrx_word' id='word_1_755' title='bbox 2972 4510 3070 4565; x_wconf 90' lang='lat' dir='ltr'><strong>per</strong></span> <span class='ocrx_word' id='word_1_756' title='bbox 3095 4494 3410 4566; x_wconf 83' lang='lat' dir='ltr'><strong>allegoriam</strong></span> <span class='ocrx_word' id='word_1_757' title='bbox 3447 4495 3615 4566; x_wconf 83' lang='lat' dir='ltr'><strong>{sicut</strong></span> <span class='ocrx_word' id='word_1_758' title='bbox 3639 4495 3724 4551; x_wconf 78' lang='lat' dir='ltr'><strong>di-</strong></span> 
     </span>
    </p>
   </div>
   <div class='ocr_carea' id='block_1_106' title="bbox 2132 4587 3720 4659">
    <p class='ocr_par' dir='ltr' id='par_1_106' title="bbox 2132 4587 3720 4659">
     <span class='ocr_line' id='line_1_106' title="bbox 2132 4587 3720 4659; baseline 0.001 -17"><span class='ocrx_word' id='word_1_759' title='bbox 2132 4595 2280 4642; x_wconf 90' lang='lat' dir='ltr'><strong>ctum</strong></span> <span class='ocrx_word' id='word_1_760' title='bbox 2301 4587 2405 4659; x_wconf 90' lang='lat' dir='ltr'><strong>est)</strong></span> <span class='ocrx_word' id='word_1_761' title='bbox 2431 4587 2680 4643; x_wconf 86' lang='lat' dir='ltr'><strong>homines</strong></span> <span class='ocrx_word' id='word_1_762' title='bbox 2710 4587 3012 4658; x_wconf 87' lang='lat' dir='ltr'><strong>signiﬁcat,</strong></span> <span class='ocrx_word' id='word_1_763' title='bbox 3045 4588 3138 4658; x_wconf 88' lang='lat' dir='ltr'><strong>qui</strong></span> <span class='ocrx_word' id='word_1_764' title='bbox 3177 4589 3232 4643; x_wconf 92' lang='lat' dir='ltr'><strong>in</strong></span> <span class='ocrx_word' id='word_1_765' title='bbox 3268 4589 3373 4644; x_wconf 88' lang='lat' dir='ltr'><strong>hoc</strong></span> <span class='ocrx_word' id='word_1_766' title='bbox 3413 4589 3612 4644; x_wconf 58' lang='lat' dir='ltr'><strong>saeculo</strong></span> <span class='ocrx_word' id='word_1_767' title='bbox 3651 4603 3720 4646; x_wconf 80' lang='lat' dir='ltr'><strong>cx</strong></span> 
     </span>
    </p>
   </div>
   <div class='ocr_carea' id='block_1_107' title="bbox 2133 4677 3724 4750">
    <p class='ocr_par' dir='ltr' id='par_1_107' title="bbox 2133 4677 3724 4750">
     <span class='ocr_line' id='line_1_107' title="bbox 2133 4677 3724 4750; baseline 0.002 -18"><span class='ocrx_word' id='word_1_768' title='bbox 2133 4677 2457 4734; x_wconf 90' lang='lat' dir='ltr'><strong>turbulentis</strong></span> <span class='ocrx_word' id='word_1_769' title='bbox 2481 4686 2536 4734; x_wconf 90' lang='lat' dir='ltr'><strong>et</strong></span> <span class='ocrx_word' id='word_1_770' title='bbox 2558 4678 2812 4749; x_wconf 88' lang='lat' dir='ltr'><strong>pessimis</strong></span> <span class='ocrx_word' id='word_1_771' title='bbox 2849 4679 2918 4734; x_wconf 91' lang='lat' dir='ltr'><strong>ad</strong></span> <span class='ocrx_word' id='word_1_772' title='bbox 2942 4679 3245 4736; x_wconf 84' lang='lat' dir='ltr'><strong>devot&#39;onis</strong></span> <span class='ocrx_word' id='word_1_773' title='bbox 3274 4680 3724 4750; x_wconf 87' lang='lat' dir='ltr'><strong>tranquillissima</strong></span> 
     </span>
    </p>
   </div>
   <div class='ocr_carea' id='block_1_108' title="bbox 2131 4767 3726 4840">
    <p class='ocr_par' dir='ltr' id='par_1_108' title="bbox 2131 4767 3726 4840">
     <span class='ocr_line' id='line_1_108' title="bbox 2131 4767 3726 4840; baseline 0.002 -17"><span class='ocrx_word' id='word_1_774' title='bbox 2131 4768 2306 4823; x_wconf 85' lang='lat' dir='ltr'><strong>studia</strong></span> <span class='ocrx_word' id='word_1_775' title='bbox 2335 4777 2719 4840; x_wconf 89' lang='lat' dir='ltr'><strong>pervenerunt.</strong></span> <span class='ocrx_word' id='word_1_776' title='bbox 2758 4769 2861 4838; x_wconf 84' lang='lat' dir='ltr'><strong>Qui</strong></span> <span class='ocrx_word' id='word_1_777' title='bbox 2901 4767 3110 4826; x_wconf 80' lang='lat' dir='ltr'><strong>faciunt</strong></span> <span class='ocrx_word' id='word_1_778' title='bbox 3146 4772 3374 4826; x_wconf 83' lang='lat' dir='ltr'><strong>verbum</strong></span> <span class='ocrx_word' id='word_1_779' title='bbox 3410 4770 3529 4840; x_wconf 84' lang='lat' dir='ltr'><strong>ejus</strong></span> <span class='ocrx_word' id='word_1_780' title='bbox 3558 4785 3576 4826; x_wconf 92' lang='lat'><strong>:</strong></span> <span class='ocrx_word' id='word_1_781' title='bbox 3611 4771 3726 4828; x_wconf 88' lang='lat' dir='ltr'><strong>nisi</strong></span> 
     </span>
    </p>
   </div>
   <div class='ocr_carea' id='block_1_109' title="bbox 2133 4860 3729 4932">
    <p class='ocr_par' dir='ltr' id='par_1_109' title="bbox 2133 4860 3729 4932">
     <span class='ocr_line' id='line_1_109' title="bbox 2133 4860 3729 4932; baseline 0.004 -18"><span class='ocrx_word' id='word_1_782' title='bbox 2133 4860 2224 4930; x_wconf 91' lang='lat' dir='ltr'><strong>qui</strong></span> <span class='ocrx_word' id='word_1_783' title='bbox 2271 4875 2338 4914; x_wconf 87' lang='lat' dir='ltr'><strong>ex</strong></span> <span class='ocrx_word' id='word_1_784' title='bbox 2385 4861 2765 4931; x_wconf 88' lang='lat' dir='ltr'><strong>tempestuosis</strong></span> <span class='ocrx_word' id='word_1_785' title='bbox 2811 4870 2869 4917; x_wconf 91' lang='lat' dir='ltr'><strong>et</strong></span> <span class='ocrx_word' id='word_1_786' title='bbox 2915 4862 3180 4932; x_wconf 90' lang='lat' dir='ltr'><strong>improbis</strong></span> <span class='ocrx_word' id='word_1_787' title='bbox 3235 4863 3303 4919; x_wconf 87' lang='lat' dir='ltr'><strong>ad</strong></span> <span class='ocrx_word' id='word_1_788' title='bbox 3362 4863 3729 4921; x_wconf 78' lang='lat' dir='ltr'><strong>confessionis</strong></span> 
     </span>
    </p>
   </div>
   <div class='ocr_carea' id='block_1_110' title="bbox 2135 4952 3728 5025">
    <p class='ocr_par' dir='ltr' id='par_1_110' title="bbox 2135 4952 3728 5025">
     <span class='ocr_line' id='line_1_110' title="bbox 2135 4952 3728 5025; baseline 0.004 -19"><span class='ocrx_word' id='word_1_789' title='bbox 2135 4952 2304 5021; x_wconf 89' lang='lat' dir='ltr'><strong>ipsius</strong></span> <span class='ocrx_word' id='word_1_790' title='bbox 2346 4953 2575 5024; x_wconf 87' lang='lat' dir='ltr'><strong>gratiam</strong></span> <span class='ocrx_word' id='word_1_791' title='bbox 2621 4954 2805 5009; x_wconf 91' lang='lat' dir='ltr'><strong>venire</strong></span> <span class='ocrx_word' id='word_1_792' title='bbox 2841 4955 3202 5010; x_wconf 85' lang='lat' dir='ltr'><strong>meruerunt?</strong></span> <span class='ocrx_word' id='word_1_793' title='bbox 3241 4954 3546 5025; x_wconf 83' lang='lat' dir='ltr'><strong>Aliquando</strong></span> <span class='ocrx_word' id='word_1_794' title='bbox 3594 4971 3728 5012; x_wconf 88' lang='lat' dir='ltr'><strong>vero</strong></span> 
     </span>
    </p>
   </div>
   <div class='ocr_carea' id='block_1_111' title="bbox 2131 5044 3726 5118">
    <p class='ocr_par' dir='ltr' id='par_1_111' title="bbox 2131 5044 3726 5118">
     <span class='ocr_line' id='line_1_111' title="bbox 2131 5044 3726 5118; baseline 0.003 -20"><span class='ocrx_word' id='word_1_795' title='bbox 2131 5044 2257 5098; x_wconf 92' lang='lat' dir='ltr'><strong>dum</strong></span> <span class='ocrx_word' id='word_1_796' title='bbox 2288 5045 2342 5099; x_wconf 90' lang='lat' dir='ltr'><strong>in</strong></span> <span class='ocrx_word' id='word_1_797' title='bbox 2371 5045 2554 5116; x_wconf 88' lang='lat' dir='ltr'><strong>pravis</strong></span> <span class='ocrx_word' id='word_1_798' title='bbox 2580 5045 2795 5100; x_wconf 86' lang='lat' dir='ltr'><strong>actibus</strong></span> <span class='ocrx_word' id='word_1_799' title='bbox 2825 5055 3197 5116; x_wconf 88' lang='lat' dir='ltr'><strong>perseverant,</strong></span> <span class='ocrx_word' id='word_1_800' title='bbox 3223 5057 3428 5102; x_wconf 76' lang='lat' dir='ltr'><strong>mterna</strong></span> <span class='ocrx_word' id='word_1_801' title='bbox 3449 5063 3542 5102; x_wconf 91' lang='lat' dir='ltr'><strong>eos</strong></span> <span class='ocrx_word' id='word_1_802' title='bbox 3562 5063 3726 5118; x_wconf 67' lang='lat' dir='ltr'><strong>pinna</strong></span> 
     </span>
    </p>
   </div>
   <div class='ocr_carea' id='block_1_112' title="bbox 2131 5136 3732 5211">
    <p class='ocr_par' dir='ltr' id='par_1_112' title="bbox 2131 5136 3732 5211">
     <span class='ocr_line' id='line_1_112' title="bbox 2131 5136 3732 5211; baseline 0.003 -20"><span class='ocrx_word' id='word_1_803' title='bbox 2131 5137 2417 5192; x_wconf 87' lang='lat' dir='ltr'><strong>cruciabit.</strong></span> <span class='ocrx_word' id='word_1_804' title='bbox 2445 5137 2599 5194; x_wconf 89' lang='lat' dir='ltr'><strong>Unde</strong></span> <span class='ocrx_word' id='word_1_805' title='bbox 2622 5139 2886 5209; x_wconf 90' lang='lat' dir='ltr'><strong>scriptum</strong></span> <span class='ocrx_word' id='word_1_806' title='bbox 2913 5147 2998 5194; x_wconf 92' lang='lat' dir='ltr'><strong>est</strong></span> <span class='ocrx_word' id='word_1_807' title='bbox 3023 5156 3036 5193; x_wconf 91' lang='lat'><strong>:</strong></span> <span class='ocrx_word' id='word_1_808' title='bbox 3074 5136 3222 5192; x_wconf 87' lang='lat' dir='ltr'><strong>Pluit</strong></span> <span class='ocrx_word' id='word_1_809' title='bbox 3244 5155 3402 5210; x_wconf 84' lang='lat' dir='ltr'><strong>super</strong></span> <span class='ocrx_word' id='word_1_810' title='bbox 3429 5150 3732 5211; x_wconf 83' lang='lat' dir='ltr'><strong>peccatores</strong></span> 
     </span>
    </p>
   </div>
   <div class='ocr_carea' id='block_1_113' title="bbox 2131 5225 3729 5302">
    <p class='ocr_par' dir='ltr' id='par_1_113' title="bbox 2131 5225 3729 5302">
     <span class='ocr_line' id='line_1_113' title="bbox 2131 5225 3729 5302; baseline 0.004 -23"><span class='ocrx_word' id='word_1_811' title='bbox 2131 5225 2342 5298; x_wconf 82' lang='lat' dir='ltr'><strong>laqueos</strong></span> <span class='ocrx_word' id='word_1_812' title='bbox 2384 5230 2551 5299; x_wconf 84' lang='lat' dir='ltr'><strong>ignis,</strong></span> <span class='ocrx_word' id='word_1_813' title='bbox 2581 5228 2804 5301; x_wconf 77' lang='lat' dir='ltr'><strong>sulphur</strong></span> <span class='ocrx_word' id='word_1_814' title='bbox 2851 5240 2899 5282; x_wconf 89' lang='lat' dir='ltr'><strong>et</strong></span> <span class='ocrx_word' id='word_1_815' title='bbox 2937 5230 3155 5300; x_wconf 85' lang='lat' dir='ltr'><strong>spiritus</strong></span> <span class='ocrx_word' id='word_1_816' title='bbox 3200 5227 3572 5301; x_wconf 79' lang='lat' dir='ltr'><strong>procellarum,</strong></span> <span class='ocrx_word' id='word_1_817' title='bbox 3603 5249 3729 5302; x_wconf 83' lang='lat' dir='ltr'><strong>pars</strong></span> 
     </span>
    </p>
   </div>
   <div class='ocr_carea' id='block_1_114' title="bbox 2132 5316 3731 5390">
    <p class='ocr_par' dir='ltr' id='par_1_114' title="bbox 2132 5316 3731 5390">
     <span class='ocr_line' id='line_1_114' title="bbox 2132 5316 3731 5390; baseline 0.002 -19"><span class='ocrx_word' id='word_1_818' title='bbox 2132 5318 2310 5372; x_wconf 83' lang='lat' dir='ltr'><strong>colicis</strong></span> <span class='ocrx_word' id='word_1_819' title='bbox 2347 5335 2529 5373; x_wconf 87' lang='lat' dir='ltr'><strong>eorum</strong></span> <span class='ocrx_word' id='word_1_820' title='bbox 2558 5316 2732 5390; x_wconf 83' lang='lat' dir='ltr'><strong>(Psal.</strong></span> <span class='ocrx_word' id='word_1_821' title='bbox 2762 5320 2839 5386; x_wconf 66' lang='grc' dir='ltr'><strong>Χ).</strong></span> <span class='ocrx_word' id='word_1_822' title='bbox 2873 5319 3016 5390; x_wconf 86' lang='lat' dir='ltr'><strong>Ignis</strong></span> <span class='ocrx_word' id='word_1_823' title='bbox 3041 5329 3159 5384; x_wconf 90' lang='lat' dir='ltr'><strong>est,</strong></span> <span class='ocrx_word' id='word_1_824' title='bbox 3187 5321 3406 5389; x_wconf 83' lang='lat' dir='ltr'><strong>quando</strong></span> <span class='ocrx_word' id='word_1_825' title='bbox 3441 5335 3536 5376; x_wconf 89' lang='lat' dir='ltr'><strong>eos</strong></span> <span class='ocrx_word' id='word_1_826' title='bbox 3574 5320 3731 5374; x_wconf 84' lang='lat' dir='ltr'><strong>ﬂam-</strong></span> 
     </span>
    </p>
   </div>
   <div class='ocr_carea' id='block_1_115' title="bbox 2139 5409 3734 5482">
    <p class='ocr_par' dir='ltr' id='par_1_115' title="bbox 2139 5409 3734 5482">
     <span class='ocr_line' id='line_1_115' title="bbox 2139 5409 3734 5482; baseline 0.002 -19"><span class='ocrx_word' id='word_1_827' title='bbox 2139 5423 2259 5463; x_wconf 87' lang='lat' dir='ltr'><strong>mea</strong></span> <span class='ocrx_word' id='word_1_828' title='bbox 2290 5424 2422 5465; x_wconf 88' lang='lat' dir='ltr'><strong>cura</strong></span> <span class='ocrx_word' id='word_1_829' title='bbox 2461 5409 2766 5476; x_wconf 89' lang='lat' dir='ltr'><strong>consumit;</strong></span> <span class='ocrx_word' id='word_1_830' title='bbox 2804 5409 3055 5480; x_wconf 88' lang='lat' dir='ltr'><strong>sulphur,</strong></span> <span class='ocrx_word' id='word_1_831' title='bbox 3092 5411 3218 5479; x_wconf 88' lang='lat' dir='ltr'><strong>quia</strong></span> <span class='ocrx_word' id='word_1_832' title='bbox 3251 5410 3611 5482; x_wconf 87' lang='lat' dir='ltr'><strong>cogitationes</strong></span> <span class='ocrx_word' id='word_1_833' title='bbox 3635 5426 3734 5466; x_wconf 84' lang='lat' dir='ltr'><strong>co-</strong></span> 
     </span>
    </p>
   </div>
   <div class='ocr_carea' id='block_1_116' title="bbox 2137 5499 3732 5572">
    <p class='ocr_par' dir='ltr' id='par_1_116' title="bbox 2137 5499 3732 5572">
     <span class='ocr_line' id='line_1_116' title="bbox 2137 5499 3732 5572; baseline 0.001 -18"><span class='ocrx_word' id='word_1_834' title='bbox 2137 5515 2258 5555; x_wconf 88' lang='lat' dir='ltr'><strong>rum</strong></span> <span class='ocrx_word' id='word_1_835' title='bbox 2303 5499 2607 5557; x_wconf 89' lang='lat' dir='ltr'><strong>detestabili</strong></span> <span class='ocrx_word' id='word_1_836' title='bbox 2647 5501 2818 5557; x_wconf 75' lang='lat' dir='ltr'><strong>fetere</strong></span> <span class='ocrx_word' id='word_1_837' title='bbox 2851 5500 3212 5556; x_wconf 89' lang='lat' dir='ltr'><strong>sordescunt:</strong></span> <span class='ocrx_word' id='word_1_838' title='bbox 3247 5501 3473 5571; x_wconf 90' lang='lat' dir='ltr'><strong>spiritus</strong></span> <span class='ocrx_word' id='word_1_839' title='bbox 3513 5502 3732 5572; x_wconf 85' lang='lat' dir='ltr'><strong>procel-</strong></span> 
     </span>
    </p>
   </div>
   <div class='ocr_carea' id='block_1_117' title="bbox 2137 5591 3735 5664">
    <p class='ocr_par' dir='ltr' id='par_1_117' title="bbox 2137 5591 3735 5664">
     <span class='ocr_line' id='line_1_117' title="bbox 2137 5591 3735 5664; baseline 0.002 -18"><span class='ocrx_word' id='word_1_840' title='bbox 2137 5591 2333 5658; x_wconf 90' lang='lat' dir='ltr'><strong>larum,</strong></span> <span class='ocrx_word' id='word_1_841' title='bbox 2359 5594 2486 5648; x_wconf 91' lang='lat' dir='ltr'><strong>dum</strong></span> <span class='ocrx_word' id='word_1_842' title='bbox 2517 5591 2580 5650; x_wconf 74' lang='grc' dir='ltr'><strong>δε</strong></span> <span class='ocrx_word' id='word_1_843' title='bbox 2605 5591 2932 5649; x_wconf 84' lang='lat' dir='ltr'><strong>tumultuosa</strong></span> <span class='ocrx_word' id='word_1_844' title='bbox 2971 5602 3154 5649; x_wconf 89' lang='lat' dir='ltr'><strong>mente</strong></span> <span class='ocrx_word' id='word_1_845' title='bbox 3188 5593 3562 5649; x_wconf 79' lang='lat' dir='ltr'><strong>confundunt:</strong></span> <span class='ocrx_word' id='word_1_846' title='bbox 3601 5610 3735 5664; x_wconf 86' lang='lat' dir='ltr'><strong>pars</strong></span> 
     </span>
    </p>
   </div>
   <div class='ocr_carea' id='block_1_118' title="bbox 2141 5683 3738 5756">
    <p class='ocr_par' dir='ltr' id='par_1_118' title="bbox 2141 5683 3738 5756">
     <span class='ocr_line' id='line_1_118' title="bbox 2141 5683 3738 5756; baseline 0.001 -16"><span class='ocrx_word' id='word_1_847' title='bbox 2141 5685 2328 5742; x_wconf 85' lang='lat' dir='ltr'><strong>calicis</strong></span> <span class='ocrx_word' id='word_1_848' title='bbox 2349 5701 2560 5752; x_wconf 86' lang='lat' dir='ltr'><strong>eorum,</strong></span> <span class='ocrx_word' id='word_1_849' title='bbox 2592 5685 2643 5742; x_wconf 86' lang='lat' dir='ltr'><strong>id</strong></span> <span class='ocrx_word' id='word_1_850' title='bbox 2677 5693 2780 5748; x_wconf 85' lang='lat' dir='ltr'><strong>est,</strong></span> <span class='ocrx_word' id='word_1_851' title='bbox 2810 5699 3100 5750; x_wconf 86' lang='lat' dir='ltr'><strong>mensura,</strong></span> <span class='ocrx_word' id='word_1_852' title='bbox 3134 5699 3242 5756; x_wconf 87' lang='lat' dir='ltr'><strong>qua</strong></span> <span class='ocrx_word' id='word_1_853' title='bbox 3269 5683 3492 5756; x_wconf 90' lang='lat' dir='ltr'><strong>pollutis</strong></span> <span class='ocrx_word' id='word_1_854' title='bbox 3515 5686 3738 5742; x_wconf 80' lang='lat' dir='ltr'><strong>actibus</strong></span> 
     </span>
    </p>
   </div>
   <div class='ocr_carea' id='block_1_119' title="bbox 2098 5777 2437 5831">
    <p class='ocr_par' dir='ltr' id='par_1_119' title="bbox 2098 5777 2437 5831">
     <span class='ocr_line' id='line_1_119' title="bbox 2098 5777 2437 5831; baseline 0.006 -3"><span class='ocrx_word' id='word_1_855' title='bbox 2098 5821 2107 5828; x_wconf 96' lang='lat'><strong>.</strong></span> <span class='ocrx_word' id='word_1_856' title='bbox 2142 5777 2437 5831; x_wconf 78' lang='lat' dir='ltr'><strong>cln&#39;iantut&#39;.</strong></span> 
     </span>
    </p>
   </div>
  </div>
