4072 6198
291 332 400 392 285

1313 340 1400 398 DE
1442 342 1790 402 UNIVERSO
1828 344 2006 403 LIBRI
2041 346 2204 405 XXII.
2231 379 2302 392 --
2339 348 2467 405 LIB.
2509 351 2575 407 Χ.

3466 366 3574 425 281;

291 511 3555 565 .——.——__———————__.___________.______________

1519 658 1815 735 LIBER
1894 660 2368 741 DECIMUS.

1705 840 2111 856 ——————_——

806 935 1033 994 CAPUT
1070 934 1363 992 PRIMUM.

859 1046 939 1101 De
963 1047 1302 1119 temporibus.

353 1161 627 1231 Tempora
654 1160 823 1229 igitur
842 1175 871 1214 a
895 1168 1320 1230 temperamento
1344 1177 1538 1221 nomen
1560 1162 1870 1234 accipiunt:

282 1253 400 1309 sive
426 1252 573 1321 quod
600 1251 1021 1322 unumquodque
1065 1251 1279 1306 illorum
1308 1254 1541 1322 spatium
1579 1254 1873 1325 separatim

284 1351 650 1414 temperatum
675 1343 749 1397 sit
774 1359 790 1396 :
819 1356 912 1396 seu
936 1340 1079 1411 quod
1108 1342 1421 1406 momentis,
1449 1343 1619 1408 horis,
1657 1343 1870 1408 diclms,

284 1436 588 1500 mensibus,
604 1434 782 1500 annis,
799 1433 1003 1498 lustris,
1018 1435 1338 1504 saeculisque
1351 1442 1408 1490 et
1423 1436 1677 1492 aetatibus
1689 1437 1872 1492 omnia

282 1525 541 1582 mortalis
575 1525 701 1580 vitae
741 1524 1014 1580 curricula
1060 1532 1449 1595 temperentur.
1482 1526 1709 1582 Constat
1744 1542 1875 1599 ergo

284 1616 522 1671 trimoda
556 1615 768 1671 ratione
794 1622 1106 1686 computum
1133 1616 1392 1686 temporis
1412 1629 1533 1672 esse
1553 1618 1871 1673 discretum.

282 1704 392 1758 Aut
420 1704 569 1759 enim
594 1712 817 1769 natura,
844 1712 940 1758 aut
956 1705 1368 1771 consuetudine,
1398 1713 1493 1760 aut
1514 1714 1663 1762 certe
1681 1716 1875 1763 aucto-

283 1794 450 1849 ritate
483 1793 749 1848 decurrit.
776 1792 844 1849 Et
873 1793 990 1863 ipsa
1031 1793 1250 1864 quidem
1300 1796 1630 1851 auctoritate
1674 1795 1873 1853 hilaris

282 1884 497 1950 divisa,
534 1883 785 1939 humana
833 1883 1116 1949 videlicet,
1156 1893 1219 1939 ut
1269 1885 1604 1956 olympiades
1640 1894 1875 1958 quatuor

282 1988 577 2038 minorum,
615 1973 885 2029 nundinas
908 1982 1033 2029 octo
1063 1974 1276 2030 dierum
1294 2016 1309 2041 ,
1334 1976 1659 2033 indictiones
1694 1978 1760 2033 14
1781 1994 1875 2034 an-

280 2081 480 2121 norum
523 2065 728 2137 ambitu
766 2065 1052 2122 celcbrari.
1083 2067 1235 2123 Diem
1265 2084 1482 2139 quoque
1518 2070 1610 2141 qui
1645 2086 1713 2127 ex
1741 2087 1875 2143 qua-

280 2156 575 2212 drantibus
603 2156 910 2222 conﬁcitur,
941 2174 1133 2216 mense
1152 2160 1450 2217 Februario
1496 2163 1583 2219 vel
1624 2165 1871 2235 Augusto

280 2250 596 2307 iutercalari
622 2252 816 2319 Grzeci,
841 2252 1105 2326 Egyptii,
1132 2255 1361 2311 Romani
1389 2273 1490 2328 pro
1532 2274 1632 2315 suo
1671 2262 1873 2332 quique

281 2352 443 2414 captu
474 2346 779 2414 jusserunt.
809 2346 1001 2404 Divina
1027 2357 1230 2415 autem,
1264 2359 1324 2404 ut
1355 2352 1587 2421 septima
1623 2352 1715 2409 die
1741 2352 1874 2411 Sab-

281 2435 469 2490 hatnm
517 2436 646 2506 agi,
693 2438 926 2508 septimo
972 2455 1117 2496 anno
1156 2456 1187 2495 a
1234 2443 1402 2496 rurali
1441 2458 1608 2514 opere
1654 2445 1871 2513 vacari,

281 2526 791 2596 quinquagesimum
830 2528 1108 2599 jubilaeum
1145 2532 1329 2586 vocari
1368 2531 1628 2588 Dominus
1659 2534 1713 2589 in
1756 2533 1875 2605 lege

281 2617 562 2687 pnecepit.
613 2616 785 2674 Porro
829 2626 1024 2674 natura
1068 2621 1207 2676 duce
1252 2631 1531 2692 repertum
1577 2632 1700 2689 est,
1744 2624 1875 2680 solis

281 2725 485 2765 annum
513 2711 776 2766 trecentis
815 2712 1097 2783 sexaginta
1140 2712 1381 2783 quinque
1414 2714 1607 2771 diebus
1641 2725 1699 2771 et
1734 2731 1872 2786 qua-

281 2801 474 2856 drante
502 2800 730 2866 conﬁci,
759 2800 900 2856 lunae
938 2816 1068 2857 vero
1097 2817 1301 2858 annum
1321 2843 1336 2869 ,
1365 2803 1412 2858 si
1440 2805 1748 2861 communis
1772 2807 1872 2872 sit,

282 2892 544 2950 trecentis
570 2892 963 2965 quinquaginta
1002 2903 1259 2964 quatuor,
1296 2895 1342 2950 si
1370 2896 1740 2962 embolismus,
1768 2898 1874 2954 584

280 2989 474 3045 diebus
492 2988 798 3054 terminari,
823 2996 1100 3060 totumque
1122 2989 1263 3046 lunae
1285 3005 1502 3047 cursum
1525 2991 1875 3048 decennovali

281 3081 489 3138 circulo
515 3082 923 3152 comprehendi.
948 3081 1056 3138 Sed
1078 3090 1134 3138 et
1167 3085 1410 3139 errantia
1447 3084 1625 3140 sidera
1655 3085 1876 3157 suisque

283 3174 477 3245 spatiis
520 3174 746 3230 zodiaco
790 3174 1166 3241 circumferri,
1204 3190 1326 3245 qum
1362 3184 1553 3231 natura
1580 3191 1688 3232 non
1717 3176 1875 3247 juxta

282 3266 627 3322 ethnicorum
658 3264 985 3321 dementiam
1023 3265 1126 3322 dea
1163 3266 1436 3333 creatrix,
1467 3281 1573 3322 una
1603 3267 1669 3322 de
1710 3265 1875 3337 pluri-

285 3357 407 3423 bus,
434 3357 533 3413 sed
562 3355 633 3412 ab
661 3372 768 3412 uno
794 3371 925 3413 vero
954 3357 1068 3413 Deo
1095 3367 1278 3415 creata
1305 3366 1406 3422 est,
1440 3358 1656 3428 quando
1682 3358 1877 3414 sideri-

282 3447 383 3502 bus
404 3446 551 3503 cmlo
579 3446 766 3503 inditis
787 3448 1041 3519 praecepit
1071 3456 1132 3503 ut
1154 3447 1263 3504 sint
1290 3448 1347 3503 in
1373 3448 1524 3518 signa
1549 3456 1606 3505 et
1634 3457 1876 3520 tempora

282 3548 337 3593 ct
363 3539 484 3594 dies
506 3546 568 3595 et
593 3552 785 3594 annos.
811 3538 1049 3610 Tempus
1075 3546 1256 3594 autem
1276 3579 1292 3605 ,
1319 3540 1463 3612 quod
1494 3538 1681 3595 Graece
1714 3540 1877 3595 chro-

284 3645 381 3686 nos
406 3629 633 3694 dicitur,
675 3629 744 3685 ab
776 3629 933 3684 initio
959 3630 1144 3685 mundi
1174 3644 1346 3699 usque
1388 3630 1456 3685 ad
1496 3629 1663 3685 ﬁnem
1692 3630 1872 3686 smculi
1900 3653 1945 3715 ρ

283 3721 526 3776 decurrit
550 3738 565 3775 :
600 3720 673 3775 ita
701 3730 764 3777 ut
791 3721 1102 3785 momentis,
1140 3721 1313 3787 horis,
1336 3719 1546 3785 diebus,
1574 3722 1871 3788 mensibus,

284 3810 479 3875 annis,
506 3808 729 3875 lustris,
761 3809 1008 3876 saeculis,
1035 3811 1291 3866 aetatibus
1314 3811 1397 3881 (ut
1421 3825 1584 3881 supra
1616 3810 1871 3884 diximus)

286 3901 582 3956 divilatur.
606 3898 889 3972 Signiﬁcat
913 3910 1096 3957 autem
1137 3910 1497 3972 opportunam
1533 3899 1871 3956 distributio-

284 4007 404 4047 nem
428 3992 630 4047 divinze
648 3991 1129 4049 voluntatis.-Unde
1145 4001 1228 4049 est
1254 3990 1385 4048 illud
1415 4010 1428 4046 :
1463 3991 1616 4049 Oculi
1639 3992 1872 4047 omnium

285 4086 407 4139 inte
423 4094 667 4155 sperant,
684 4084 929 4152 Domine,
953 4096 1002 4141 et
1025 4097 1081 4141 tu
1104 4086 1201 4141 das
1226 4102 1398 4141 escam
1430 4086 1536 4139 illis
1563 4085 1618 4139 in
1646 4095 1872 4155 tempore

283 4187 578 4247 opportuno
608 4174 784 4249 (Psal.
829 4177 1030 4246 cxuv),
1070 4194 1170 4234 nec
1195 4194 1302 4233 non
1347 4186 1404 4234 et
1451 4177 1622 4232 illud:
1652 4176 1870 4247 Tempus

287 4266 539 4335 faciendi,
573 4264 821 4332 Domine,
875 4268 1255 4339 dissipaverunt
1308 4269 1475 4340 iniqui
1519 4267 1680 4339 legem
1724 4277 1871 4321 tuam

286 4357 457 4427 (Psal.
486 4356 702 4429 cxvm).
736 4357 953 4429 Sprevit
979 4374 1107 4430 ergo
1130 4359 1360 4430 populus
1399 4361 1625 4415 devotus
1666 4367 1873 4428 tempo-

286 4450 433 4506 ribus
459 4449 716 4505 Antiochi
748 4464 779 4504 a
806 4450 961 4520 plebe
998 4448 1224 4506 Iudaica
1264 4450 1438 4521 legem
1481 4450 1691 4505 Domini
1721 4450 1870 4505 cultu

287 4542 590 4598 daemonum
635 4542 1021 4613 polluendam:
1051 4542 1196 4597 velut
1242 4543 1309 4598 ad
1361 4543 1628 4598 medicum
1673 4543 1873 4598 clamat

286 4640 543 4701 mgrotus,
577 4639 791 4701 tempus
814 4646 936 4687 esse
968 4631 1335 4695 subveniendi,
1354 4646 1441 4697 ne,
1461 4631 1667 4687 morbis
1694 4632 1871 4702 ingra-

290 4725 560 4789 vantibus,
587 4724 734 4781 salus
761 4725 940 4796 populi
972 4725 1237 4796 potuisset
1273 4724 1483 4779 adsumi
1510 4741 1523 4778 :
1554 4734 1764 4795 tempus
1787 4736 1873 4781 est

291 4815 545 4880 faciendi,
574 4829 683 4869 non
706 4814 1011 4881 dilferendi,
1036 4816 1178 4885 quod
1199 4815 1434 4885 expedit.
1458 4813 1703 4870 Iusserat
1723 4816 1867 4871 cnim

290 4923 383 4977 per
410 4909 585 4981 legem
608 4920 665 4964 et
690 4911 1000 4980 prophetas,
1033 4919 1091 4965 ut
1112 4926 1273 4966 verus
1297 4911 1575 4976 Dominus,
1602 4918 1867 4982 quatenus

1903 942 1952 1001 Α
1983 957 2120 1034 nunc
2139 952 2338 1018 tempus
2352 949 2688 1021 acceptabile,
2701 970 2816 1009 ecce
2838 969 2976 1011 nunc
2991 957 3102 1012 dies
3116 958 3305 1015 salutis
3325 960 3411 1034 (ΙΙ
3433 961 3562 1020 Cor.

1977 1030 2056 1123 6).
2107 1033 2299 1091 Omnia
2348 1038 2523 1107 enim,
2570 1058 2691 1113 quae
2746 1044 3006 1103 Dominus
3056 1047 3221 1116 iacit,
3278 1030 3559 1123 aptissima

1976 1122 2331 1195 dispositione
2359 1131 2738 1202 complentur:
2768 1144 2827 1192 ut
2854 1146 2982 1195 ante
3012 1139 3128 1196 ﬁeri
3160 1159 3267 1198 non
3295 1122 3559 1213 debeant,

1977 1214 2079 1310 nisi
2109 1221 2324 1288 quando
2348 1222 2437 1279 ille
2464 1225 2753 1283 miserator
2781 1229 3089 1287 indulserit.
3116 1233 3254 1292 Hinc
3282 1246 3393 1305 est,
3418 1240 3565 1310 quod

1975 1308 2130 1363 nobis
2154 1324 2366 1382 semper
2389 1317 2607 1386 expedit
2651 1318 2851 1374 habere
2874 1322 3217 1391 patientiam,
3244 1308 3564 1400 exspectare

1975 1412 2093 1466 quae
2114 1398 2264 1469 jussa
2297 1414 2442 1471 sunt,
2476 1422 2666 1478 rogare
2688 1424 2810 1479 qua:
2853 1422 3080 1480 prosunt
3106 1430 3121 1469 :
3150 1398 3361 1487 tempus
3383 1429 3561 1475 autem

1978 1488 2207 1547 faciendi
2238 1495 2387 1550 novit
2416 1496 2529 1563 ille,
2562 1499 2655 1570 qui
2685 1510 2865 1557 rector
2893 1513 2995 1559 est.

2608 1608 2837 1667 CAPUT
2877 1611 2942 1666 Il.

2561 1698 2643 1755 De
2675 1704 2969 1758 momentis.

2044 1786 2375 1844 Momentum
2429 1800 2513 1846 est
2560 1793 2845 1849 minimum
2898 1806 3063 1867 atque
3120 1801 3561 1870 angustissimum

1974 1886 2187 1948 tempus
2214 1895 2243 1933 a
2271 1889 2418 1937 motu
2442 1882 2682 1939 siderum
2710 1885 2937 1940 dictum.
2960 1887 3056 1941 Est
3075 1889 3219 1944 enim
3246 1895 3565 1949 extremitas

1973 1969 2123 2024 horae
2147 1969 2200 2023 in
2233 1970 2488 2028 brevibus
2527 1972 2858 2041 intervallis,
2893 1990 3018 2032 cum
3053 1978 3255 2049 aliquid
3289 1982 3389 2036 sibi
3422 1984 3565 2039 cedit

1972 2068 2135 2129 atque
2158 2060 2418 2116 succedit.
2464 2061 2796 2120 Momentum
2836 2081 2969 2137 ergo
2999 2067 3269 2140 signiﬁcat
3303 2071 3561 2129 brevissi-

1972 2170 2120 2209 mum
2151 2155 2412 2225 temporis
2434 2155 2741 2224 decursum,
2775 2168 2835 2213 ut
2863 2169 2949 2216 est
2976 2160 3103 2215 illud
3128 2162 3367 2233 Apostoli
3395 2185 3407 2218 :
3435 2164 3563 2219 Om-

1974 2260 2062 2297 nes
2087 2244 2296 2314 quidem
2326 2261 2671 2316 resurgemus,
2696 2247 2787 2302 sed
2813 2264 2916 2303 non
2940 2266 3115 2306 omnes
3142 2252 3557 2321 immorabimur,

1973 2339 2027 2392 in
2073 2347 2371 2405 momento,
2417 2337 2474 2394 in
2515 2339 2622 2393 ictu
2665 2339 2805 2394 oculi
2856 2340 2911 2412 (Ι
2944 2337 3067 2396 Cor.
3109 2342 3221 2414 xv).
3255 2343 3360 2400 Per
3391 2345 3559 2402 ictum

1972 2426 2112 2482 oculi
2140 2427 2362 2482 nimiam
2395 2428 2719 2484 brevitatem
2749 2428 2865 2484 vult
2902 2430 3212 2507 signiﬁcare
3253 2435 3514 2491 momenti
3542 2452 3556 2489 :

1972 2527 2034 2574 ut
2056 2526 2256 2589 quanta
2285 2519 2356 2576 sit
2383 2520 2477 2576 Dei
2503 2522 2745 2591 potentia
2766 2562 2781 2589 ,
2808 2537 2877 2578 ex
2908 2526 3324 2580 resurrectionis
3361 2527 3558 2583 celeri-

1974 2618 2084 2665 tate
2112 2626 2427 2682 cognoscas.
2460 2612 2536 2668 De
2556 2628 2665 2683 quo
2690 2613 2794 2668 alia
2818 2614 2985 2671 editio
3009 2616 3174 2673 habet
3199 2635 3213 2672 :
3238 2619 3256 2672 i
3282 2666 3286 2670 .
3315 2629 3486 2673 atomo
3509 2628 3558 2674 et

1972 2700 2029 2754 in
2052 2700 2159 2756 ictu
2183 2701 2339 2755 oculi.
2359 2701 2639 2757 Minimum
2662 2713 2845 2773 autem
2867 2706 3134 2771 omnium,
3160 2715 3217 2762 et
3248 2709 3391 2778 quod
3414 2708 3557 2764 nulla

1974 2790 2184 2846 ratione
2203 2790 2369 2847 dividi
2392 2800 2578 2861 queat,
2606 2799 2816 2863 tempus
2838 2803 3078 2850 atomum
3100 2794 3305 2873 Gmce,
3331 2797 3435 2853 hoc
3450 2808 3555 2865 est,

1975 2881 2304 2937 indivisibile
2354 2882 2470 2939 sive
2514 2882 2819 2938 insectibile
2867 2883 3166 2949 nominant,
3199 2885 3339 2955 quod
3373 2888 3442 2941 ob
3472 2887 3554 2941 sui

1974 2970 2321 3040 pusillitatem
2360 2972 2728 3041 grammaticis
2752 2972 2930 3044 potius
2947 2989 3110 3045 quam
3140 2975 3557 3033 calculatoribus

1939 3102 1946 3111 .
1975 3060 2187 3115 visibile
2223 3069 2330 3127 est,
2362 3062 2558 3131 quibus
2589 3078 2713 3119 cum
2750 3079 2965 3119 versum
2987 3079 3084 3135 per
3107 3066 3270 3122 verba
3288 3106 3303 3132 ,
3332 3067 3553 3122 verbum

1973 3163 2072 3221 per
2093 3150 2277 3220 pedes,
2304 3152 2470 3219 pedes
2493 3166 2590 3222 per
2614 3152 2871 3225 syllabas,
2906 3155 3141 3227 syllabas
3170 3173 3267 3228 per
3314 3166 3555 3229 tempora

1976 3240 2236 3305 dividant,
2266 3249 2323 3296 ct
2351 3240 2523 3311 longae
2554 3244 2770 3314 quidem
2793 3244 2899 3301 duo
2922 3253 3187 3316 tempora,
3212 3263 3379 3301 unmn
3403 3249 3559 3306 brevi

1978 3328 2233 3393 tribuant,
2273 3330 2417 3385 ultra
2461 3331 2518 3387 in
2560 3333 2703 3403 quod
2755 3335 3016 3400 dividant,
3043 3351 3149 3390 non
3192 3336 3515 3396 habentibus
3539 3379 3559 3408 ,

1977 3420 2118 3475 hane
2141 3431 2379 3478 atomum
2414 3424 2714 3496 nuncupari
2744 3425 3089 3497 complacuit.

2582 3538 2810 3596 CAPUT
2850 3539 2936 3595 III.

2640 3631 2714 3686 De
2736 3631 2899 3688 horis.

2045 3716 2188 3773 liora
2212 3717 2460 3777 Graecum
2479 3734 2675 3776 nomen
2704 3730 2788 3777 est
2816 3731 2872 3778 et
2895 3730 3070 3780 tamen
3100 3725 3347 3783 Latinum
3375 3739 3550 3786 sonat.

1974 3807 2119 3864 Hora
2161 3810 2308 3871 enim
2356 3809 2479 3866 ﬁnis
2523 3819 2609 3867 est
2656 3813 2945 3884 temporis,
2975 3816 3117 3871 sicut
3149 3826 3203 3872 et
3235 3818 3383 3872 hora:
3423 3828 3549 3876 sunt

1976 3899 2111 3956 ﬁnes
2150 3902 2340 3968 maris,
2371 3900 2689 3971 ﬂuviorum,
2733 3910 3200 3964 vestimentorum.
3228 3909 3390 3976 I-lora,
3420 3913 3551 3967 duo-

1974 3992 2180 4048 decima
2207 4008 2339 4064 pars
2357 3994 2463 4050 diei
2486 4006 2590 4061 est,
2622 3998 2830 4054 scilicet
2849 4000 3159 4056 articularis
3182 4001 3550 4077 [artiﬁcialis].

1973 4083 2077 4139 hoc
2101 4093 2206 4148 est,
2221 4101 2252 4139 a
2269 4086 2397 4142 solis
2417 4095 2537 4142 ortu
2561 4103 2732 4159 usque
2748 4090 2813 4145 ad
2838 4105 3117 4146 occasum:
3137 4108 3241 4147 non
3266 4096 3549 4161 naturalis,

1973 4173 2065 4243 qui
2095 4183 2311 4230 constat
2349 4192 2380 4230 a
2408 4177 2539 4233 solis
2561 4186 2686 4234 ortu
2710 4195 2881 4250 usque
2904 4180 2970 4234 ad
3003 4183 3166 4237 alium
3189 4184 3318 4240 solis
3344 4195 3548 4251 ortum,

1972 4273 2028 4320 et
2047 4265 2232 4337 viginti
2255 4277 2489 4337 quatuor
2509 4270 2659 4325 horis
2684 4271 3006 4341 completur.
3050 4272 3328 4344 Siquidem
3350 4276 3553 4333 duode-

1973 4356 2083 4411 cim
2105 4357 2253 4413 horze
2273 4358 2414 4414 diem
2437 4360 2730 4430 complent,
2744 4361 2974 4418 Domino
2990 4372 3299 4431 attestante,
3326 4367 3420 4437 qui
3438 4367 3549 4424 ait:

1975 4444 2167 4500 Nonne
2193 4447 2470 4502 duodecim
2493 4449 2637 4504 liora:
2664 4459 2787 4504 sunt
2813 4450 2959 4506 diei?
2980 4453 3026 4506 si
3054 4454 3171 4523 quis
3209 4454 3553 4511 ambulaverit

1975 4537 2027 4591 in
2054 4538 2138 4592 die
2162 4579 2177 4604 ,
2205 4554 2310 4594 non
2337 4539 2561 4595 oll‘endit
2588 4541 2772 4613 (Joan.
2808 4540 2908 4615 ιι).
2941 4543 3038 4601 Ubi
3070 4545 3319 4613 quamvis
3354 4545 3555 4619 allego-

1973 4629 2087 4684 rice
2115 4645 2174 4685 se
2200 4629 2378 4696 diem,
2411 4632 2704 4702 discipulos
2748 4649 2900 4699 vero,
2949 4635 3039 4703 qui
3082 4650 3115 4690 a
3147 4651 3206 4691 se
3244 4636 3551 4694 illustrandi

1973 4720 2220 4787 fuerant,
2253 4723 2417 4779 horas
2451 4724 2840 4795 appellaverit:
2873 4727 3032 4782 solito
3080 4736 3263 4785 tamen
3301 4732 3552 4787 humanae

1971 4815 2389 4883 computationis
2432 4816 2623 4877 ordine
2662 4833 2943 4875 numerum
2990 4821 3235 4878 deﬁnivit
3272 4823 3546 4878 horarum.

1975 4904 2193 4961 Scilicet
2212 4906 2513 4973 sciendum,
2534 4910 2675 4978 quod
2702 4910 2834 4965 hora
2859 4911 3146 4982 aliquando
3166 4929 3264 4983 pro
3286 4922 3548 4983 tempore,

292 5016 413 5054 cum
462 5002 626 5056 homo
675 5002 1110 5056 reverentissima
1158 5002 1444 5057 devotione
1493 5002 1731 5067 coleret,
1777 5004 1869 5058 sed
1899 5001 1949 5060 D
1974 5013 2074 5067 pro
2098 5006 2258 5054 aelate
2295 4998 2474 5054 saeculi
2508 5000 2745 5067 ponitur.
2776 4999 2912 5057 Nam
2952 5020 3051 5073 pro
3092 5011 3334 5073 tempore
3372 5002 3548 5073 posita

290 5091 545 5158 quoniam
574 5092 677 5146 hoc
706 5092 759 5146 in
790 5107 942 5146 suam
963 5094 1257 5161 perniciem
1284 5094 1606 5166 contempsit
1632 5094 1873 5150 obstina-

293 5180 365 5235 tio
401 5179 730 5248 .ludzeorum,
761 5182 963 5238 clamat
987 5185 1215 5254 pupulas
1245 5184 1418 5241 ﬁdelis
1444 5194 1653 5255 tempus
1673 5186 1873 5241 facien-

292 5271 361 5336 di,
391 5273 443 5326 id
472 5284 577 5337 (st,
609 5284 670 5328 ut
698 5276 899 5330 mundo
920 5275 1173 5331 salutaris
1197 5292 1477 5347 appareas,
1512 5288 1733 5347 peccata
1758 5274 1872 5335 dis-

294 5364 485 5427 solvas,
521 5371 754 5419 mortem
783 5366 992 5430 vincas,
1025 5367 1308 5437 ipsumque
1329 5367 1599 5421 diabolum
1622 5382 1742 5422 cum
1775 5384 1871 5423 sua

295 5454 514 5509 cohorte
536 5463 871 5524 prosternas.
890 5456 1000 5510 Hoc
1019 5465 1104 5511 cst
1126 5460 1269 5510 enim
1288 5455 1497 5511 Domini
1520 5458 1718 5522 facere,
1741 5474 1873 5527 prae-

295 5545 449 5600 dictis
473 5547 809 5616 temporibus
848 5548 1124 5603 advenire.
1151 5547 1303 5603 Unde
1329 5557 1384 5603 et
1420 5564 1517 5617 per
1551 5550 1869 5619 prophetam

294 5639 491 5695 dictum
537 5649 662 5696 cst:
691 5640 940 5712 Tempore
972 5652 1178 5711 accepto
1222 5644 1465 5698 exaudiri
1512 5653 1592 5710 te,
1628 5655 1674 5699 et
1704 5647 1757 5699 in
1786 5646 1872 5701 die

298 5738 473 5792 salutis
521 5738 704 5808 udjuri
740 5748 788 5792 te
835 5737 989 5808 (Isa.
1036 5738 1213 5808 χειν).
1263 5738 1328 5793 Et
1370 5737 1697 5809 Apostolus:
1734 5740 1867 5795 Ecce

1860 5828 1867 5855 l

1976 5095 2061 5143 est
2085 5088 2217 5145 hora
2248 5089 2303 5144 in
2333 5089 2423 5144 illa
2444 5087 2596 5144 Pauli
2622 5093 2888 5146 sententia
2908 5132 2924 5154 ,
2951 5109 3058 5162 qua
3097 5094 3227 5148 dicit
3252 5112 3265 5146 :
3292 5093 3440 5148 Hora
3468 5103 3544 5148 est

1966 5180 2086 5248 jam
2111 5197 2204 5234 nos
2224 5179 2290 5234 de
2308 5196 2490 5235 somno
2519 5196 2731 5251 surgere
2756 5180 2935 5253 (Rom.
2962 5183 3104 5254 xm).
3129 5182 3280 5250 Quod
3311 5186 3377 5239 ad
3414 5183 3546 5239 illud

1976 5277 2202 5339 spectat,
2229 5270 2321 5324 ubi
2344 5270 2546 5325 dictum
2566 5280 2653 5326 est
2677 5290 2691 5325 :
2719 5272 2855 5326 Ecce
2877 5288 3015 5326 nunc
3038 5281 3235 5347 tempus
3258 5286 3547 5344 acceptum,

1973 5376 2090 5414 ecce
2128 5375 2265 5413 nunc
2306 5359 2416 5413 dies
2449 5359 2636 5415 salutis
2671 5360 2757 5432 (II
2786 5360 2909 5416 Cor.
2951 5361 3093 5435 xm).
3126 5361 3358 5433 Tempus
3401 5366 3545 5421 enim
3602 5417 3608 5425 .

1974 5453 2247 5522 Evangelii
2282 5453 2335 5508 in
2370 5454 2471 5509 hoc
2495 5454 2850 5523 signiﬁcatur,
2877 5457 3020 5525 quod
3043 5456 3110 5511 ad
3141 5457 3392 5511 meritum
3419 5473 3548 5529 pro-

1975 5544 2135 5599 ﬁcere
2164 5544 2476 5608 debeamus,
2501 5544 2603 5599 hoc
2625 5552 2729 5608 cst,
2760 5545 2826 5599 de
2851 5560 3040 5601 somno
3060 5559 3303 5617 surgere,
3330 5548 3547 5618 operari

1975 5639 2171 5693 bonum
2190 5677 2213 5703 ,,
2244 5637 2396 5708 quasi
2436 5638 2488 5693 in
2519 5638 2624 5703 die,
2660 5638 2761 5692 hoc
2787 5646 2872 5693 est
2895 5678 2910 5703 ,
2941 5639 3150 5709 palam,
3174 5647 3231 5695 et
3271 5639 3386 5696 dari
3416 5653 3548 5711 ope-

1973 5747 2109 5799 ram,
2132 5740 2189 5788 ut
2215 5747 2347 5802 pure
2372 5732 2611 5787 viventes
2629 5730 2693 5785 ad
2715 5731 3036 5801 promissum
3059 5732 3338 5804 prmmlum
3359 5733 3549 5790 venia-
