4072 6198
463 374 566 438 287

1098 363 1158 418 B.
1197 358 1451 420 RABANI
1487 357 1705 414 MAURI
1739 355 2058 412 ARCHIEI’.
2101 355 2412 412 MOGL'NT.
2455 353 2740 410 OPERIJM
2780 353 2960 412 PARS
2993 321 3080 410 Il.

3610 361 3722 420 εει

461 499 584 540 tuus
624 493 855 538 excusso
901 493 1093 535 somno
1151 475 1468 548 ignorantiae
1515 473 1630 530 sive
1673 470 2030 543 negligentire.
2064 472 2115 530 Α
2141 471 2259 524 bum
2292 469 2463 541 (Psal.
2489 468 2664 542 xvm),
2698 469 2751 524 id
2789 479 2902 535 est,
2949 471 3206 526 Dominus
3241 473 3497 541 apostolis
3523 453 3725 532 divina

470 574 609 630 liora
649 585 778 642 ergo
806 583 904 642 pro
940 576 1101 624 actate
1143 566 1326 622 surculi
1369 565 1545 636 posita
1591 574 1675 620 est
1721 564 1775 618 in
1813 561 2037 632 cpistola

465 663 711 728 Joannis,
735 661 826 716 ubi
854 659 930 715 ait
959 678 972 714 :
1004 657 1212 724 Filioli,
1240 657 1522 712 novissima
1549 656 1680 710 hora
1701 664 1778 710 est
1799 654 1853 726 (I
1876 655 2038 710 Joan.

468 757 552 828 ιι).
579 753 936 810 Novissimam
970 752 1161 809 horam
1205 749 1560 805 novissimum
1603 747 1784 804 saeculi
1831 755 2044 815 tempus

468 845 614 915 quod
639 857 782 898 nunc
811 841 989 911 agitur
1018 841 1150 895 dicit
1182 839 1340 910 juxta
1386 837 1535 892 illam
1583 835 1898 908 parabolam
1941 835 2046 892 Do-

471 935 640 999 mini,
667 933 760 990 ubi
794 931 1073 1002 operarios
1120 930 1176 984 in
1229 931 1442 986 vineam
1491 927 1787 984 conductus
1835 935 2044 982 narrat.

472 1027 651 1082 I’rima
679 1027 810 1082 hora
837 1033 922 1079 est
941 1038 1112 1094 usque
1133 1023 1201 1077 ad
1225 1029 1468 1092 tempora
1495 1018 1629 1084 Noe,
1660 1033 1690 1073 a
1714 1019 2048 1089 temporibus

477 1119 585 1176 Noe
613 1119 744 1174 hora
772 1116 954 1182 tertia,
985 1131 1016 1171 a
1046 1113 1376 1185 temporibus
1401 1111 1676 1168 Abraham
1699 1111 1832 1166 hora
1863 1118 2046 1176 sexta,

475 1223 506 1264 a
535 1209 659 1265 data
691 1207 810 1278 lege
851 1207 984 1262 hora
1012 1219 1154 1262 nona
1177 1246 1193 1274 ,
1235 1219 1265 1259 a
1302 1203 1523 1260 Christo
1562 1204 1616 1258 in
1647 1201 1822 1274 ﬁnem
1864 1201 2048 1257 saeculi

475 1302 606 1356 hora
635 1299 936 1362 undecima,
967 1297 1022 1353 in
1049 1313 1154 1367 qua
1184 1295 1552 1351 Antichristus
1586 1293 1800 1350 futurus
1820 1301 1904 1348 est
1932 1308 2054 1363 pro-

475 1391 742 1462 phetatus.
791 1389 926 1444 Item
967 1389 1100 1443 hora
1148 1388 1322 1458 prima
1373 1385 1602 1440 infantia
1643 1384 1758 1442 sive
1795 1383 2048 1456 pueritia,

475 1481 608 1534 hora
637 1479 792 1534 tertia
819 1478 1212 1543 adolescentia,
1246 1477 1377 1532 hora
1408 1483 1562 1533 sexta
1597 1475 1886 1546 juventus,
1916 1475 2052 1528 hora

475 1585 614 1625 nona
658 1577 940 1636 senectus,
965 1569 1099 1624 hora
1144 1567 1430 1622 undecima
1459 1575 1766 1622 extremum
1796 1566 2050 1621 senium:

477 1661 620 1717 unde
648 1667 702 1718 et
727 1675 888 1732 supra
914 1660 1222 1730 exemplum
1251 1660 1434 1714 datum
1467 1667 1569 1714 est.

1082 1769 1311 1828 CAPUT
1347 1770 1436 1827 IV.

1108 1842 1186 1896 De
1218 1842 1420 1896 diebus.

547 1933 672 1988 Dies
700 1941 784 1988 est
810 1947 906 1987 aer
933 1931 1048 1988 sole
1081 1931 1401 1997 illustratus,
1427 1946 1622 1988 nomen
1656 1931 1780 1986 inde
1807 1944 2050 1998 sumens,

478 2025 620 2093 quod
669 2024 923 2079 tenebras
969 2021 1243 2094 disjungat
1290 2039 1356 2078 ac
1399 2021 1623 2078 dividat.
1658 2021 1791 2077 Nam
1827 2037 1952 2078 cum
1999 2021 2056 2077 in

368 2175 375 2181 ,
477 2113 774 2185 primordio
794 2121 1168 2169 creaturarum
1205 2113 1441 2168 tenebrae
1467 2119 1652 2168 essent
1674 2126 1838 2182 super
1864 2112 2056 2167 faciem

479 2206 659 2278 abyssi
685 2224 698 2258 :
726 2205 871 2260 Dixit
896 2205 1082 2260 Deus:
1119 2203 1245 2260 Fiat
1287 2203 1419 2268 lux,
1451 2214 1500 2260 et
1541 2205 1684 2275 facta
1724 2215 1800 2261 est
1845 2205 1956 2260 lux.
1992 2207 2060 2261 Et

479 2297 674 2352 vocavit
695 2295 838 2351 Deus
855 2297 1022 2351 lucem
1037 2297 1178 2351 diem
1195 2293 1346 2369 (Gen.
1369 2295 1412 2370 ι)
1431 2313 1446 2363 ;
1463 2311 1584 2368 quae
1601 2297 1844 2354 deﬁnitio
1867 2298 2060 2354 bifarie

481 2386 769 2451 dividitur,
815 2387 918 2442 hoc
960 2397 1080 2451 est,
1131 2387 1429 2458 vulgariter
1476 2396 1533 2443 et
1571 2388 1808 2458 proprie.
1855 2388 2062 2460 Vulgus

483 2476 628 2530 enim
675 2490 890 2530 onmem
935 2475 1079 2530 diem
1119 2475 1250 2531 solis
1290 2477 1632 2547 praesentiam
1676 2491 1839 2548 supra
1889 2487 2062 2535 terras

485 2566 718 2637 appellat
745 2585 758 2620 :
783 2567 1000 2638 preprie
1029 2573 1210 2622 autem
1239 2568 1356 2624 dies
1390 2569 1579 2638 viginti
1610 2581 1844 2640 quatuor
1878 2571 2058 2639 horis,

486 2657 666 2722 idest,
700 2656 930 2712 circuitu
965 2656 1096 2713 solis
1129 2666 1298 2712 totum
1335 2659 1522 2714 orbem
1559 2659 1842 2717 lustrantis
1875 2662 2063 2733 imple-

488 2755 595 2813 tur,
625 2751 718 2818 qui
745 2763 928 2804 secum
977 2763 1192 2820 semper
1239 2757 1295 2804 et
1346 2749 1548 2821 ubique
1587 2750 1766 2808 lumen
1811 2753 2063 2808 diurnum

485 2839 874 2897 circumferens
921 2857 1028 2896 non
1075 2841 1283 2897 minore
1319 2856 1508 2897 aerum
1549 2845 1724 2915 spatio
1755 2855 1918 2901 noctu
1962 2847 2063 2902 sub

487 2939 664 2988 terras
706 2947 870 3004 quam
922 2948 1082 3004 supra
1123 2941 1298 2990 terras
1352 2934 1585 2992 interdiu
1625 2937 1867 2993 creditur
1908 2939 2060 2993 exal-

489 3026 612 3082 tari.
667 3026 808 3082 Aute
855 3041 986 3082 vero
1038 3027 1168 3082 solis
1218 3029 1584 3096 creationem,
1636 3030 1928 3100 primitivaa
1979 3031 2063 3086 lu-

407 3175 424 3192 .
488 3117 568 3174 cis
604 3117 864 3183 circuitu,
901 3119 1046 3188 quod
1093 3134 1237 3174 nunc
1270 3135 1370 3190 per
1419 3122 1588 3178 solem
1626 3123 1714 3188 ﬁt,
1765 3124 2058 3195 agebatur,

485 3209 660 3280 primo
687 3209 906 3280 quidem
945 3211 1290 3281 secundoque
1339 3213 1426 3268 die
1475 3229 1645 3284 aquas
1681 3215 1899 3287 abyssi,
1939 3230 2060 3286 quat

484 3316 704 3358 omnem
743 3309 948 3357 terram
985 3310 1266 3368 texerant,
1307 3304 1468 3358 tertia
1501 3320 1632 3361 vero
1670 3320 1797 3361 aera
1831 3321 2061 3362 vacuum

485 3409 581 3452 sua
605 3393 1092 3466 circumvagatioue
1119 3393 1422 3450 lustrantis.
1447 3394 1716 3463 Quantum
1743 3413 1873 3470 ergo
1902 3399 2064 3456 nobis

485 3483 707 3555 vestigia
753 3493 970 3554 patrum
1014 3485 1365 3554 sequentibus
1411 3484 1681 3554 conjicere
1729 3488 1908 3554 datur,
1939 3505 2063 3544 cum

485 3573 688 3630 diceret
716 3575 890 3630 Deus:
917 3573 1044 3630 Fiat
1071 3573 1202 3630 tua:
1231 3589 1354 3630 mox
1384 3576 1641 3642 tenebrae,
1662 3593 1780 3648 qua:
1808 3577 2064 3652 abyssum

485 3675 750 3732 texerant,
793 3665 1070 3732 abierunt;
1116 3673 1172 3720 et
1219 3666 1309 3722 lux
1347 3667 1417 3722 ab
1445 3667 1666 3724 Oriente
1692 3671 1898 3725 medias
1925 3671 2066 3728 inter

487 3755 659 3811 undas
683 3770 986 3827 emergens,
1010 3765 1264 3814 cunctam
1297 3767 1457 3816 terra:
1482 3761 1827 3831 superﬁciem
1855 3765 2067 3834 operuit

487 3847 770 3904 latitudine
791 3849 876 3904 sui
925 3847 1169 3922 fulgoris,
1210 3849 1454 3908 boreales
1483 3853 1644 3909 simul
1672 3855 2063 3928 australesque,

486 3953 586 3995 nec
618 3953 726 3994 non
769 3947 828 3994 et
852 3939 1108 3996 occiduas
1136 3955 1264 3996 oras
1307 3942 1580 4014 attingens
1612 3945 1980 4016 paulatimque
2007 3962 2068 4003 se

481 4031 751 4102 completo
808 4033 912 4089 diei
967 4033 1130 4090 unius
1183 4033 1358 4105 spatio
1417 4037 1755 4103 subducens,
1809 4037 2067 4096 inferiora

485 4134 645 4182 terra:
669 4126 908 4197 gyrando
936 4124 1122 4190 subiit,
1147 4133 1310 4196 atque
1336 4140 1532 4182 aurora
1557 4127 1898 4196 praecedente
1925 4129 2066 4185 diem

485 4218 779 4275 secundum
817 4217 1144 4288 tertiumque
1172 4218 1334 4274 simili
1372 4217 1566 4277 ordine
1610 4220 1938 4292 complevit:
1964 4222 2070 4282 hoc

489 4318 695 4364 tantum
721 4325 752 4363 a
779 4309 944 4364 solari
973 4309 1092 4366 luce
1117 4308 1394 4377 diﬁ‘ereus,
1419 4314 1564 4381 quod
1597 4313 1796 4370 caloris
1840 4313 1954 4371 fotu
1983 4331 2070 4371 ca-

489 4399 656 4464 rebat,
702 4409 756 4455 et
793 4401 922 4470 quia
951 4402 1130 4457 sidera
1176 4403 1412 4458 nondum
1449 4411 1628 4470 erant,
1658 4406 1852 4476 priscis
1892 4408 2069 4465 adhuc

2081 1821 2129 1882 Β

2141 562 2388 618 claritate
2413 561 2680 618 irradiaus
2705 563 2865 618 verba
2892 563 3130 618 cmlestis
3157 563 3377 620 luminis
3403 565 3722 628 intimabat:

2142 653 2282 726 sicut
2307 668 2339 708 e
2372 653 2644 708 contrario
2671 653 2726 707 in
2759 652 2872 718 illo,
2900 652 3042 722 quod
3085 653 3332 725 sequitur
3369 673 3384 710 :
3422 656 3547 712 Nox
3585 660 3730 714 nocti

2141 745 2340 799 indicat
2365 745 2639 798 scientiam
2665 744 2874 816 (Ibid.),
2900 743 3068 802 Iudas
3088 745 3288 801 Iudaeis
3308 744 3584 802 Christum
3607 764 3730 818 pro-

2145 836 2344 892 didisse
2369 837 2733 908 cognoscitur.
2768 836 2900 890 Item
2931 837 3076 892 diem
3103 837 3388 893 scientiam
3414 850 3726 897 sanctarum

2148 926 2550 999 Scripturarnm
2576 928 2628 982 in
2657 929 2762 984 hoc
2800 929 3027 1001 intelligi
3055 939 3362 999 possrimus,
3391 933 3517 1002 quia
3548 934 3619 990 ibi
3653 935 3730 989 1η-

2147 1035 2271 1074 men
2308 1019 2532 1090 iustitiae
2553 1029 2610 1075 et
2651 1035 2790 1075 vera:
2819 1020 3098 1090 sapientiae
3137 1021 3273 1076 bene
3309 1023 3734 1094 intelligentilzus

2148 1110 2310 1165 lucet.
2349 1109 2502 1166 Unde
2525 1109 2816 1179 Apostolus
2843 1111 3117 1176 admonet,
3141 1120 3203 1166 ut
3233 1111 3422 1166 intenti
3457 1115 3628 1169 simus
3661 1115 3736 1171 ad

2149 1203 2513 1260 meditandum
2540 1203 2710 1275 legem
2751 1203 2870 1270 Dei,
2913 1204 3076 1258 donec
3115 1205 3228 1259 dies
3253 1205 3540 1272 illucescat,
3577 1217 3625 1261 et
3655 1207 3740 1262 lu-

2151 1293 2282 1364 cifer
2322 1293 2378 1348 in
2405 1293 2647 1348 cordibus
2693 1295 2888 1348 nostris
2926 1295 3130 1348 oriatur
3171 1293 3256 1365 (II
3297 1294 3442 1350 Petr.
3468 1296 3532 1368 ι).
3565 1296 3744 1365 Quod

2143 1393 2333 1440 autem
2382 1385 2474 1440 lux
2521 1385 2714 1440 diurna
2769 1386 3096 1441 cbarltatem
3155 1386 3454 1459 signiﬁcet,
3497 1391 3740 1446 ostendit

2152 1474 2388 1532 Joannes
2415 1476 2469 1530 in
2512 1475 2751 1546 Epistula
2789 1491 2887 1532 sua
2916 1476 3138 1532 dicens:
3172 1477 3276 1544 Qui
3314 1477 3483 1548 diligit
3517 1478 3746 1547 fratrem

2153 1583 2342 1632 suum,
2384 1566 2442 1622 in
2481 1565 2680 1622 lumine
2723 1575 2900 1622 manet
2945 1565 3000 1639 (ι
3033 1567 3194 1622 Joan.
3228 1571 3312 1640 ιι).
3353 1567 3485 1628 Item
3527 1579 3583 1625 et
3619 1571 3748 1626 dies

2155 1657 2502 1729 Evangelium
2525 1658 2862 1713 demonstrat
2885 1675 2900 1712 :
2928 1668 2990 1714 ut
3013 1668 3100 1714 est
3125 1659 3253 1715 illud
3277 1660 3332 1714 in
3353 1661 3580 1716 Cantica
3606 1677 3739 1716 cau-

2157 1750 2388 1806 ticorum
2414 1767 2428 1804 :
2459 1748 2638 1804 Donec
2683 1750 2875 1820 aspiret
2917 1750 3028 1805 dies
3053 1759 3106 1806 et
3154 1759 3497 1806 amoveantur
3539 1753 3743 1807 umbra.-

2157 1839 2334 1913 (Cant.
2361 1840 2444 1910 ιι).
2470 1840 2601 1895 Item
2633 1841 2750 1897 dies
2775 1850 2888 1896 Vlla
2925 1856 3187 1912 praesens,
3216 1850 3276 1896 ut
3301 1851 3384 1897 est
3405 1841 3534 1896 illud
3561 1843 3714 1898 Evan

2156 1931 2281 2003 gelii
2306 1946 2322 1986 :
2349 1930 2433 1986 Me
2475 1941 2672 2002 oportet
2707 1931 2914 2002 operari
2958 1947 3115 2001 opera
3162 1931 3278 2002 ejus
3317 1932 3408 2002 qui
3451 1933 3591 1987 misit
3633 1949 3746 1998 me,

2157 2023 2321 2079 donec
2347 2022 2460 2078 dies
2505 2032 2581 2078 est
2625 2021 2806 2090 (Joan.
2831 2021 2932 2092 ιι).
2970 2020 3206 2076 Rursum
3249 2021 3366 2076 dies
3403 2020 3583 2076 futura
3631 2023 3744 2078 vita

2152 2114 2335 2186 justis,
2363 2123 2422 2169 ut
2461 2114 2515 2169 in
2543 2113 2722 2169 Isaia:
2758 2111 2879 2168 Non
2917 2122 2992 2167 est
3021 2112 3116 2166 tibi
3155 2112 3382 2183 amplius
3421 2113 3502 2167 sc‘l
3545 2115 3612 2167 ad
3658 2113 3748 2168 lu-

2159 2204 2380 2260 cendum
2406 2221 2499 2278 per
2530 2203 2669 2278 diem
2697 2202 2832 2274 (Isa.
2855 2202 2966 2272 ιι).
3005 2203 3132 2258 Dies
3156 2211 3210 2258 et
3239 2217 3342 2258 nos
3363 2203 3500 2274 justi
3525 2213 3580 2260 et
3607 2221 3748 2276 pec-

2159 2304 2390 2362 catores,
2409 2276 2620 2364 iustitia
2639 2304 2698 2350 et
2717 2295 2972 2365 iniquitas
3001 2295 3054 2350 in
3079 2294 3334 2366 Apostolo
3358 2313 3372 2350 :
3409 2295 3534 2351 Non
3555 2313 3746 2352 sumus

2163 2388 2324 2443 noctis
2352 2403 2515 2456 neque
2559 2386 2908 2442 tenebrarum.
2939 2387 3132 2444 Omnes
3171 2389 3312 2443 enim
3349 2405 3436 2443 eos
3463 2388 3564 2456 ﬁlii
3605 2388 3748 2445 lucis

2161 2479 2283 2534 estis
2307 2487 2356 2533 et
2393 2479 2495 2547 ﬁlii
2535 2477 2630 2532 Dei
2662 2476 2713 2552 (ι
2745 2477 2926 2534 Thess.
2946 2477 3024 2551 ν).
3053 2478 3178 2535 Dies
3197 2487 3254 2534 et
3279 2495 3386 2534 nox
3413 2481 3747 2552 prosperitas

2162 2579 2246 2626 est
2288 2580 2344 2626 et
2392 2570 2714 2637 adversitas,
2753 2578 2814 2627 ut
2860 2571 2915 2625 in
2961 2571 3210 2642 psalmo:
3241 2571 3309 2628 In
3347 2573 3434 2628 die
3473 2575 3746 2630 mandarit

2165 2661 2420 2717 Dominus
2473 2663 2888 2718 misericordiam
2955 2680 3107 2718 suam
3155 2673 3204 2720 et
3261 2675 3410 2720 nocte
3458 2666 3746 2721 declaravit

2164 2751 2335 2825 (Psal.
2359 2753 2493 2827 ιιι).
2519 2753 2652 2811 Item
2677 2755 2752 2812 ibi
2775 2769 2791 2810 :
2818 2755 2958 2812 Deus
3003 2773 3169 2823 meus,
3197 2757 3433 2814 clamabo
3469 2776 3560 2830 per
3581 2762 3747 2824 diem.

2163 2861 2258 2900 nec
2295 2847 2581 2912 exaudies;
2608 2857 2656 2902 et
2694 2856 2860 2914 nocte,
2893 2857 2943 2902 et
2983 2864 3088 2904 non
3125 2849 3197 2904 ad
3237 2850 3588 2921 insipientiam
3613 2853 3746 2906 mihi

2165 2934 2338 3009 (Psal.
2361 2938 2498 3010 ιιι).
2539 2937 2675 2994 Nam
2718 2939 2980 2994 virtutum
3008 2939 3272 3013 fulgorem
3311 2952 3368 2998 et
3406 2943 3747 3001 honestatem

2163 3029 2591 3085 conversationis
2617 3029 2772 3085 bona:
2799 3030 2916 3087 dies
2945 3031 3215 3102 signiﬁcat
3237 3033 3293 3088 in
3330 3034 3420 3090 illa
3447 3033 3598 3090 Pauli
3624 3051 3748 3092 sen-

2165 3121 2355 3186 tentia,
2380 3121 2473 3186 ubi
2499 3122 2577 3178 ait
2601 3139 2614 3176 :
2639 3121 2962 3193 Abjiciamus
2987 3140 3109 3196 ergo
3135 3139 3293 3196 apera
3316 3127 3666 3191 tenebrarum,
3695 3138 3748 3182 et

2163 3211 2448 3268 induamur
2471 3229 2622 3268 arma
2666 3212 2820 3280 lucis,
2866 3213 3002 3270 sicut
3053 3215 3109 3269 in
3135 3215 3222 3270 die
3261 3215 3472 3272 honeste
3509 3215 3748 3273 ambule—

2161 3321 2278 3361 mus
2307 3304 2482 3376 (Rom.
2503 3305 2656 3378 xm);
2685 3306 2810 3377 quia
2838 3305 2884 3361 si
2909 3306 3240 3375 ignorantias
3265 3316 3482 3363 nostras
3503 3308 3749 3364 scientias

2163 3396 2304 3450 ratio
2333 3397 2503 3466 l'ugat,
2543 3406 2598 3452 et
2628 3397 2875 3468 indignos
2916 3405 3069 3453 actus
3105 3398 3434 3455 declinantes
3462 3400 3549 3468 pia
3591 3415 3760 3470 quai-

2163 3498 2270 3553 que
2295 3491 2351 3538 et
2397 3483 2622 3540 honesta
2669 3495 2960 3551 sectemur,
2989 3486 3043 3542 in
3078 3486 3198 3542 luce
3243 3501 3430 3542 sumus
3473 3488 3658 3558 positi,
3687 3494 3752 3545 et

2163 3575 2318 3646 quasi
2359 3575 2415 3630 in
2451 3575 2540 3631 die
2588 3577 2811 3632 honeste
2859 3577 3214 3633 ambulamus.
3245 3578 3302 3632 In
3331 3594 3398 3633 eo
3425 3593 3573 3649 ergo,
3600 3580 3749 3649 quod

2163 3665 2426 3737 scriptum
2454 3674 2578 3721 est:
2610 3664 2680 3720 In
2719 3665 2805 3720 die
2846 3667 3115 3722 mandauit
3143 3667 3400 3723 Dominus
3443 3669 3748 3724 misericor-

2163 3756 2307 3811 diam
2349 3772 2534 3823 suam,
2577 3765 2626 3811 et
2658 3766 2806 3811 nocte
2849 3757 3132 3813 declaravit
3178 3755 3350 3828 (Psal.
3406 3757 3552 3832 xu);
3595 3760 3746 3816 diem

2161 3850 2334 3906 otium
2375 3851 2631 3906 debemus
2674 3849 2943 3920 accipere,
2980 3851 3034 3906 in
3073 3865 3182 3920 quo
3220 3849 3430 3906 Domini
3473 3859 3748 3920 praecepta

2165 3939 2465 3994 discuntur.
2497 3937 2632 3993 Nam
2661 3937 2746 3994 lex
2772 3937 2890 4008 ejus
2917 3939 2970 3992 in
2993 3939 3170 4008 spatio
3197 3939 3601 4010 tranquillitatis
3628 3941 3749 3996 ebi-

2164 4035 2328 4090 bitur.
2343 4035 2496 4090 Tunc
2513 4034 2658 4090 enim
2679 4041 2836 4090 vacat
2854 4033 3080 4098 discere,
3103 4033 3320 4104 quando
3340 4049 3444 4089 non
3467 4045 3572 4100 est,
3597 4037 3746 4104 quod

2165 4125 2360 4182 debeat
2397 4125 2676 4196 impedire.
2711 4124 3002 4195 Sequitur:
3031 4123 3100 4178 Et
3144 4135 3292 4180 nocte
3325 4124 3612 4182 declarauit
3635 4141 3654 4179 .'
3684 4126 3749 4180 il-

2166 4218 2256 4274 lud
2286 4218 2491 4290 utique,
2543 4219 2687 4288 quod
2727 4217 2926 4274 dicitur
2971 4216 3025 4272 in
3069 4225 3249 4283 nocte,
3295 4217 3348 4272 in
3395 4216 3746 4278 tribulatione

2165 4309 2496 4374 declaratur,
2530 4307 2681 4379 prius
2722 4307 2866 4362 enim
2912 4308 3087 4364 otioso
3124 4315 3366 4378 tempore
3395 4306 3530 4379 legis
3577 4309 3746 4364 verba

2166 4399 2449 4455 discuntur
2483 4416 2496 4454 :
2526 4399 2618 4454 sed
2667 4413 2855 4454 eorum
2903 4396 3110 4453 fructus
3157 4397 3212 4452 in
3246 4396 3537 4453 alllictione
3583 4414 3747 4454 mon-

489 4491 727 4546 tenebris
754 4501 941 4548 noctes
971 4491 1090 4548 illas
1131 4493 1476 4564 relinquebat
1504 4495 1783 4553 obscuras.
1816 4498 1943 4554 Dies
1974 4515 2064 4556 au—
2090 4519 2140 4580 D
2167 4497 2391 4545 Sll‘awr-
2417 4489 2569 4557 QUOd
2597 4496 2778 4580 ευῑέηι
2957 4486 3275 4580 Vocatium!“
3287 4486 3570 4580 fempuﬁl
3581 4490 3748 4546 υάίείί

491 4589 598 4634 tem
639 4581 794 4652 juxta
839 4583 1151 4655 allegoriam
1180 4583 1362 4654 plures
1411 4585 1832 4657 signiﬁcationes
1879 4589 2062 4646 habet.

491 4671 788 4741 Aliquando
854 4672 1123 4742 signiﬁcat
1181 4673 1469 4730 Dominum
1529 4674 1866 4734 Salvatorem
1892 4717 1907 4743 ,
1963 4680 2066 4736 ali-

489 4766 704 4836 quando
731 4772 948 4821 sanctos
975 4765 1114 4835 ejus,
1135 4765 1422 4836 aliquando
1449 4767 1732 4824 scientiam
1754 4777 2067 4826 sanctarum

490 4855 912 4927 Scripturarum,
943 4856 1232 4926 aliquando
1254 4857 1600 4924 cbaritatem,
1639 4859 1930 4930 aliquando
1957 4861 2067 4916 vir-

488 4958 664 5008 tutum
703 4949 987 5023 fulgorem,
1014 4948 1300 5020 aliquando
1340 4950 1753 5020 prosperitatem
1795 4958 2066 5021 tempora-

489 5046 618 5112 lem,
641 5044 930 5115 aliquando
955 5043 1098 5099 diem
1117 5041 1326 5112 judicii,
1351 5041 1642 5112 aliquando
1666 5051 1922 5098 atternam
1943 5043 2066 5100 bea-

489 5139 792 5196 titudinem.
814 5136 940 5192 Dies
956 5141 1135 5190 autem
1163 5134 1444 5192 Dominum
1466 5131 1735 5204 signiﬁcat
1751 5133 1807 5188 in
1829 5133 1920 5190 illa
1945 5151 2063 5193 sen-

492 5233 660 5288 tentia
683 5227 1001 5300 Evangelii:
1032 5225 1137 5294 Qui
1175 5225 1408 5280 ambulat
1449 5227 1506 5280 in
1545 5224 1651 5294 die,
1698 5244 1803 5284 non
1842 5228 2062 5298 oflendit

489 5325 672 5397 (Joan.
697 5321 804 5395 si);
827 5322 955 5392 quia
980 5319 1225 5390 quisquis
1263 5317 1564 5373 doctrinam
1589 5318 1836 5388 sequitur
1877 5318 2062 5375 Salvn—

491 5417 646 5480 toris,
669 5423 1014 5487 peccatorum
1045 5411 1365 5471 offendicula
1389 5426 1496 5466 non
1527 5411 1754 5467 timebit.
1785 5410 1920 5466 Item
1947 5412 2064 5467 dies

489 5507 775 5564 Dominum
824 5507 1007 5564 Jesnm
1059 5505 1332 5562 Christum
1367 5501 1666 5573 signiﬁcat,
1709 5511 1766 5556 ut
1815 5510 1898 5557 est
1934 5501 2064 5556 illud

490 5599 684 5654 Psalmi
718 5617 731 5653 :
773 5597 903 5653 Htec
942 5608 1016 5652 est
1051 5599 1182 5661 dies,
1224 5612 1382 5668 quam
1427 5596 1548 5667 fecit
1591 5593 1847 5648 Dominus
1889 5590 2060 5660 (Psal.

491 5693 658 5760 cxvn)
707 5692 839 5747 Item
865 5691 981 5745 dies
1003 5689 1285 5758 Apostolos
1308 5697 1364 5744 et
1389 5697 1608 5745 sanctos
1636 5687 1729 5741 Dei
1760 5684 2066 5756 signiﬁcare

493 5783 548 5839 in
572 5781 662 5836 illo
689 5779 988 5836 Psalmista:
1010 5795 1170 5834 versu
1198 5779 1548 5850 intelligitur:
1575 5779 1696 5834 Dies
1727 5785 1926 5833 eructat
1956 5793 2066 5832 ver-

2168 4581 2468 4652 signiﬁcet,
2509 4579 2746 4636 ostendit
2805 4577 2895 4634 illa
2955 4577 3224 4634 sententia
3281 4577 3591 4650 Evangelii,
3640 4593 3753 4650 qua

2166 4674 2402 4729 dicitur:
2447 4671 2568 4726 Dies
2599 4669 2828 4734 Domini,
2869 4669 3005 4724 sicut
3051 4669 3141 4738 [ur
3182 4669 3239 4724 in
3281 4679 3445 4733 nocte,
3494 4670 3570 4724 ita
3609 4672 3748 4726 venit

2168 4765 2218 4837 (Ι
2253 4765 2431 4820 Thess.
2456 4766 2542 4835 v);
2573 4771 2630 4818 et
2655 4761 2786 4817 illud
2817 4759 3054 4830 Apustoli
3081 4779 3094 4813 :
3131 4759 3272 4824 Dies,
3307 4759 3503 4830 inquit,
3533 4759 3750 4816 Domini

2163 4854 2447 4910 declarabit
2496 4851 2549 4926 (Ι
2575 4851 2698 4909 Cor.
2733 4850 2836 4923 ιιι).
2887 4849 3038 4906 Diem
3085 4859 3266 4905 autem
3312 4863 3412 4918 pro
3440 4849 3752 4906 mternitate

2170 4949 2404 5019 positum
2451 4945 2687 5001 ostendit
2717 4943 3024 5013 Propheta,
3065 4941 3135 4996 ad
3180 4941 3466 4996 Dominum
3509 4941 3746 5000 dicens:

2173 5040 2310 5105 Quia
2348 5037 2530 5092 melior
2555 5043 2630 5090 est
2668 5034 2778 5088 dies
2806 5051 2914 5090 una
2953 5034 3010 5089 in
3035 5033 3187 5088 atriis
3231 5033 3335 5087 tuis
3378 5049 3536 5100 super
3577 5033 3751 5086 millia

2171 5130 2342 5206 (Psal.
2364 5128 2624 5200 Lxxxttt);
2656 5127 2729 5181 ita
2764 5134 2891 5180 sunt
2919 5125 3058 5180 atria
3088 5123 3320 5189 Domini,
3349 5123 3402 5176 in
3431 5122 3628 5192 quibus
3657 5139 3750 5177 su-

2168 5223 2350 5296 perius
2387 5219 2703 5288 concupisse
2742 5231 2802 5272 se
2845 5226 2902 5272 et
2943 5215 3210 5272 defecisse
3257 5222 3485 5270 testatus
3530 5221 3634 5269 est.
3689 5214 3746 5268 In

2167 5315 2363 5386 quibus
2415 5326 2520 5366 una
2561 5310 2679 5366 dies
2723 5307 2868 5377 juste
2917 5299 3255 5362 desideratur
3299 5323 3312 5358 :
3355 5303 3482 5374 quia
3529 5318 3752 5374 semper

2166 5414 2388 5467 aeterna,
2416 5415 2537 5470 quin
2561 5397 2690 5454 solis
2722 5396 2954 5451 adventu
2993 5403 3100 5448 non
3134 5393 3328 5458 oritur,
3355 5407 3456 5448 nec
3478 5391 3594 5462 ejus
3623 5391 3750 5446 ﬁni-

2169 5506 2262 5552 tur
2298 5510 2530 5559 occasu,
2566 5507 2727 5562 quam
2774 5505 2882 5544 non
2913 5489 3156 5558 sequitur
3180 5488 3438 5554 crastina,
3471 5500 3572 5540 nec
3600 5499 3748 5556 pne-

2166 5594 2312 5651 cedit
2355 5593 2606 5648 hesterna
2646 5605 2660 5642 :
2707 5586 2801 5642 sed
2841 5583 3193 5640 immutabilis
3237 5596 3494 5646 manens,
3529 5589 3754 5635 constat

2166 5685 2375 5739 unitate
2407 5689 2682 5752 perpetua.
2731 5675 2898 5748 Super
2938 5674 3108 5730 millia
3155 5675 3412 5728 mundum
3463 5672 3624 5726 istum
3675 5671 3752 5726 si-

2169 5777 2408 5850 gniﬁcat,
2433 5774 2524 5830 ubi
2549 5772 2711 5828 millia
2734 5771 2943 5826 dierum
2967 5768 3232 5826 sustinent
3254 5765 3435 5822 linem.
3462 5765 3584 5820 Dies
3607 5779 3754 5820 unus
