4072 6198
272 272 359 329 289

1254 276 1342 332 DE
1381 274 1728 334 UNIYERSO
1762 273 1943 330 LIBRI
1980 275 2143 331 XXII.
2184 306 2251 315 -—
2280 273 2408 330 LIB.
2448 276 2518 332 Χ.

3413 277 3519 335 290

269 389 392 445 mille
420 390 571 457 anni,
600 399 662 446 ιιι
692 392 746 445 in
789 388 995 461 psalmo
1026 410 1040 446 :
1072 390 1346 458 Quomodo
1381 391 1521 446 mille
1550 392 1674 445 anni
1714 401 1834 445 ante
1863 392 1907 450 A
1937 404 2039 443 non
2062 382 2235 443 volens
2258 387 2397 443 Deus
2424 386 2745 459 iniquitatem
2775 400 2831 443 tu
2862 403 2917 443 es
2940 386 3113 459 (Psal.
3138 387 3214 460 v).
3232 387 3290 445 In
3325 389 3411 445 die
3431 389 3521 456 ju-

266 480 426 536 mlos
454 492 575 537 tuos
620 492 873 552 tanquam
909 482 1020 537 dies
1065 498 1172 536 una
1217 480 1658 552 (Psal.t.xxxrx).
1706 481 1832 535 Dies

266 570 357 625 duo
378 571 547 626 Vetus
569 579 626 626 et
659 571 869 626 Novum
896 572 1299 627 Testamentum
1334 571 1653 642 quibusdam
1698 571 1833 642 ﬁgu-

267 674 372 715 rare
394 659 668 724 videntur,
694 670 755 716 ut
784 662 837 715 in
865 661 1071 731 psalmo
1094 676 1109 715 :
1139 661 1277 716 Bene
1313 663 1555 716 nuntiare
1580 662 1643 715 de
1670 662 1755 715 die
1775 662 1832 715 in

262 749 386 805 diem
418 749 659 806 salutare
699 752 815 822 ejus
844 752 1013 822 (Psal.
1041 753 1182 817 xcv).
1217 752 1340 807 Dies
1369 753 1602 823 cognitio
1648 751 1833 806 Trini-‘

265 842 394 906 tatis,
421 851 484 897 ut
528 843 587 897 in
624 844 845 899 Exodo:
878 844 1077 897 lbinms
1116 846 1253 899 viam
1300 846 1458 899 trium
1503 845 1739 909 dierum,
1782 854 1830 899 et

262 934 605 1001 sacriﬁcemus
636 934 858 989 Domino
889 933 998 988 Deo
1028 945 1204 989 nostra
1236 935 1431 1006 (Exod.
1468 934 1654 1005 xxxv).
1698 935 1829 989 Item

262 1024 365 1079 dies
401 1033 516 1080 tres
547 1024 817 1093 passionis
856 1024 1145 1093 sepulturae
1171 1034 1229 1079 ct
1262 1025 1675 1080 resurrectionis
1714 1024 1832 1079 Sal-

257 1115 451 1169 vatoris
479 1124 664 1185 typum
708 1113 1001 1179 continent,
1027 1123 1087 1167 ut
1114 1115 1165 1169 in
1193 1114 1330 1171 Osee
1358 1133 1370 1169 :
1412 1114 1708 1185 .Viviﬁeabit
1737 1132 1829 1169 nos

264 1205 508 1261 Dominus
549 1215 664 1277 post
706 1206 837 1261 duos
864 1205 992 1269 dies,
1020 1206 1105 1261 die
1145 1208 1297 1260 tcrtio
1327 1207 1593 1261 suscitabit
1641 1222 1752 1267 nos,
1781 1215 1830 1259 et

260 1296 471 1351 rivms
501 1285 648 1366 (Ose.
670 1295 768 1365 vt).
797 1297 919 1352 Dies
945 1304 1152 1361 sextus,
1183 1312 1423 1367 praesens
1457 1297 1708 1360 mundus,
1738 1295 1829 1364 qui

260 1387 308 1442 in
335 1388 414 1442 his
444 1402 541 1443 sex
585 1386 779 1443 diebus
805 1384 980 1442 [acuis
1005 1386 1337 1456 perhibetur.
1364 1386 1516 1445 Unde
1558 1385 1676 1441 dies
1712 1400 1826 1448 sex,

257 1494 342 1532 scr
370 1477 604 1535 millium
630 1491 894 1533 annorum
926 1476 1150 1547 ﬁguram
1176 1476 1379 1532 habere
1419 1476 1692 1538 dicuntur,
1725 1475 1830 1532 sic-

256 1581 312 1627 ut
336 1578 415 1625 cst
452 1568 587 1624 illud
631 1568 683 1624 in
729 1567 987 1639 Apostolo
1023 1584 1037 1619 :
1071 1566 1335 1633 Quoniam
1364 1565 1475 1621 dies
1522 1582 1658 1620 unus
1689 1564 1829 1636 apud

259 1660 534 1715 Dominum
554 1659 690 1713 sicut
717 1657 858 1715 mille
879 1658 1025 1723 anui,
1046 1667 1092 1711 et
1116 1656 1257 1711 mille
1282 1655 1408 1709 anni
1431 1655 1564 1709 sicut
1591 1655 1699 1708 dies
1725 1670 1830 1709 una

1934 477 2059 532 dicii
2106 478 2323 547 quando
2370 486 2658 547 resurgunt
2714 493 2903 534 omnes
2951 480 3198 535 homines
3243 494 3275 535 a
3326 494 3521 552 sOpore

1933 568 2148 633 mortis,
2176 552 2305 624 tunc
2343 569 2626 638 apparebit
2671 571 2899 638 aequitas
2923 569 3111 640 judicii
3160 571 3276 635 Dei,
3304 571 3522 641 quando

1933 658 2225 728 unicuique
2285 657 2478 713 reddet
2525 660 2820 715 secundum
2871 675 3037 730 opera
3097 675 3217 715 sua.
3272 660 3523 716 Meridies

1932 748 2105 814 dicta,
2146 749 2300 819 quasi
2346 750 2631 815 medidics,
2662 751 2765 804 hoc
2806 759 2919 815 est,
2966 751 3176 806 medius
3225 752 3340 807 dies
3377 770 3390 807 :
3435 753 3522 806 vel

1933 838 2060 908 quia
2102 846 2227 893 tunc
2257 839 2443 909 purior
2477 839 2592 894 dies
2619 849 2722 894 est.
2770 839 2975 895 Merum
3014 843 3158 895 enim
3200 857 3395 911 purum
3439 843 3523 898 di-

1932 928 2091 982 citur.
2124 926 2407 999 Significat
2447 940 2627 984 autem
2666 930 2881 1001 planam
2914 932 3214 988 doctrinam
3244 948 3367 988 cum
3411 933 3521 987 cla-

1931 1019 2093 1074 ritate
2121 1020 2384 1075 bonorum
2413 1030 2660 1086 actuum,
2689 1030 2750 1077 ut
2778 1032 2862 1078 est
2891 1023 3019 1078 illud
3052 1025 3104 1080 in
3138 1024 3362 1080 Cantico
3392 1040 3525 1080 can-

1933 1110 2186 1177 ticorum,
2229 1111 2320 1166 ubi
2366 1126 2561 1182 sponsa
2589 1112 2721 1168 dicit
2747 1115 2815 1169 ad
2843 1130 3098 1184 sponsum
3127 1129 3141 1168 :
3170 1115 3357 1170 Indica
3394 1116 3520 1171 mihi

1930 1199 2020 1253 ubi
2066 1216 2272 1270 pascas,
2318 1201 2407 1255 ubi
2451 1202 2604 1258 cubes
2638 1203 2690 1255 in
2730 1203 2946 1257 meridie
3000 1203 3179 1276 (Cant.
3208 1204 3267 1275 ι).
3300 1205 3368 1259 Ει
3395 1205 3522 1261 alibi

1931 1291 2185 1347 meridies
2237 1293 2291 1346 in
2345 1294 2675 1348 contrariam
2735 1295 2983 1363 ponitur,
3032 1304 3094 1349 ut
3145 1303 3230 1350 est
3277 1295 3407 1351 illud
3466 1297 3520 1352 in

1929 1383 2178 1453 psalmo:
2206 1385 2247 1438 Α
2277 1384 2431 1443 ruina
2471 1395 2520 1439 et
2548 1386 2808 1453 dwmonio
2846 1386 3136 1440 meridiano
3185 1383 3361 1457 (Psal.
3406 1389 3520 1458 xc).

1932 1474 2264 1529 Dmmonium
2292 1475 2651 1530 meridianum
2681 1485 2765 1530 est
2796 1474 3031 1530 immane
3068 1475 3367 1545 periculum
3412 1474 3522 1530 fer-

1930 1578 2062 1620 vore
2102 1565 2494 1634 persecutionis
2540 1580 2850 1629 accensum,
2880 1565 2970 1620 ubi
3020 1566 3174 1620 ruina
3202 1565 3525 1637 plerumque

1932 1656 2223 1722 metuitur,
2284 1657 2501 1727 quando
2565 1656 2853 1712 inﬁrmitas
2915 1656 3146 1712 humana
3211 1668 3518 1728 superatur.

256 1752 334 1821 (11
370 1751 518 1805 l’etr.
554 1750 663 1823 ιιι).
706 1748 981 1820 Septimus
1024 1765 1155 1805 vero
1186 1749 1321 1812 dies,
1349 1748 1441 1818 qui
1483 1747 1538 1801 in
1587 1747 1828 1817 requiem
1857 1741 1905 1800 Β
1930 1747 2062 1803 Item
2105 1766 2138 1803 a
2166 1748 2426 1804 daemonio
2453 1750 2745 1805 meridiano
2768 1750 3039 1819 accipitur
3068 1765 3165 1819 pro
3209 1749 3524 1818 manifesto,

257 1845 343 1900 Dei
386 1842 760 1900 sanctiﬁcatus
801 1841 1079 1905 scribitur,
1122 1840 1361 1908 requiem
1402 1837 1671 1911 signiﬁcat
1709 1851 1830 1892 om-

255 1937 394 1992 nium
422 1942 741 1991 sanctorum
766 1940 889 2005 post
910 1947 1199 1988 excursum
1231 1932 1352 1989 vitae
1380 1930 1678 2002 praesentis.
1707 1929 1834 1984 Dies

257 2036 455 2097 septem
472 2041 638 2081 omne
667 2032 878 2096 tempus
896 2033 952 2079 et
976 2039 1113 2095 opus
1133 2026 1258 2080 vita:
1284 2024 1586 2095 prtesentis,
1608 2022 1753 2093 quod
1780 2022 1833 2076 in

259 2119 338 2174 his
363 2127 574 2189 septem
604 2116 795 2173 diebus
819 2117 1078 2183 volvitur,
1114 2117 1498 2186 continentque
1527 2130 1837 2171 sacramen-

255 2221 380 2271 tmn,
408 2209 465 2262 in
502 2208 711 2287 quibus
748 2208 1059 2279 praecipitur
1082 2209 1283 2279 pascha
1312 2208 1597 2273 celebrari,
1638 2208 1693 2262 id
1727 2216 1833 2271 est,

253 2301 315 2357 de
347 2299 630 2371 peioribus
687 2299 757 2354 ad
802 2298 1028 2355 meliora
1072 2314 1172 2370 per
1227 2300 1655 2357 emendationem
1713 2299 1837 2353 vitae

253 2393 505 2456 transire,
530 2400 590 2446 et
616 2390 941 2447 fermentum
960 2431 976 2455 ,
1013 2392 1153 2460 quod
1184 2391 1570 2460 est~corruptio
1605 2391 1833 2460 peccati,

253 2501 352 2540 non
382 2484 698 2549 comedere,
728 2484 823 2540 sed
851 2484 904 2538 in
930 2484 1136 2555 azymis
1160 2484 1489 2539 sinceritatis
1513 2491 1569 2538 et
1592 2483 1838 2539 veritatis

253 2574 533 2631 ambulare
576 2573 630 2646 (Ι
654 2572 776 2629 Cor.
799 2574 877 2646 v).
923 2575 1046 2630 Dies
1072 2583 1264 2631 octava
1291 2574 1705 2631 resurrectionis
1732 2575 1839 2629 Do-

251 2666 462 2722 minias
503 2664 716 2721 obtinet
743 2672 1156 2732 sacramentum.
1200 2664 1332 2721 Item
1380 2664 1496 2720 dies
1522 2673 1711 2719 octava
1756 2662 1839 2718 fu-

254 2764 424 2810 turam
453 2754 702 2809 omnium
742 2754 1194 2817 resurrectionem
1237 2763 1291 2809 et
1328 2754 1469 2809 diem
1495 2755 1707 2826 judicii,
1744 2770 1839 2809 eua-

246 2846 332 2917 jus
360 2846 628 2916 mysterio
669 2854 821 2900 sexta
850 2845 1039 2915 psalmi
1073 2845 1305 2901 titulatio
1335 2847 1708 2915 przcsignatur,
1737 2846 1839 2901 hoc

250 2948 349 2998 est,
388 2936 499 2991 Pro
527 2946 728 2991 octava.
770 2935 938 2991 IIodic
974 2936 1250 2991 aeternitas
1297 2936 1595 2990 divinitatis
1639 2935 1835 2990 intelli-

251 3030 414 3098 gitur,
442 3042 548 3083 nec
575 3027 729 3082 initio
757 3038 952 3096 empta,
981 3041 1084 3082 nec
1111 3026 1215 3080 ﬁne
1242 3025 1559 3080 claudenda.
1599 3025 1751 3081 Unde
1783 3025 1838 3080 in

251 3117 458 3187 psaltm
485 3116 651 3172 Pater
673 3115 740 3170 ad
769 3116 957 3171 Filium
988 3115 1226 3185 loquitur
1251 3116 1471 3170 dicens:
1503 3114 1670 3169 Filius
1693 3131 1839 3169 meus

250 3225 302 3262 es
341 3219 420 3270 tu,
449 3223 547 3279 ego
581 3206 739 3261 hodie
782 3208 935 3277 genui
962 3216 1012 3261 te
1045 3204 1218 3279 (Psal.
1247 3206 1331 3277 ιι).
1364 3205 1518 3277 Apud
1552 3206 1838 3261 Dominum

250 3302 393 3357 etaim
419 3314 525 3356 nec
553 3299 673 3355 heri
707 3314 807 3357 nec
826 3313 969 3366 cras,
995 3300 1090 3357 sed
1119 3313 1332 3369 semper
1351 3308 1437 3354 est
1458 3298 1635 3354 hodie.
1658 3297 1841 3352 Hodie

252 3386 410 3445 omne
434 3404 681 3461 praesens
714 3395 921 3460 tempus
954 3387 1247 3460 signiﬁcat,
1278 3398 1335 3444 ut
1362 3389 1415 3443 in
1445 3388 1654 3460 psalmo
1682 3407 1695 3443 :
1726 3387 1840 3442 IIo-

251 3482 334 3536 die
360 3483 408 3536 si
444 3496 622 3537 vocem
655 3480 771 3563 ejus
798 3480 1068 3537 audieritis
1101 3477 1275 3552 (Psal.
1303 3479 1475 3549 xcrv);
1509 3478 1654 3535 velut
1685 3478 1731 3533 si
1761 3478 1842 3533 di»

254 3582 440 3628 catur:
465 3571 800 3640 Quocunquc
826 3572 878 3627 in
905 3580 1163 3641 tempore.
1186 3571 1320 3627 Cras
1342 3570 1578 3626 futurum
1606 3579 1837 3641 tempus,

252 3673 310 3719 ut
352 3665 408 3720 in
449 3662 746 3735 Evangelio
788 3661 1019 3718 :Nolite-
1051 3663 1281 3734 cogitare
1319 3664 1384 3717 de
1426 3664 1673 3725 crastino.
1714 3663 1841 3733 quid

252 3757 579 3812 manducetis
606 3766 701 3812 aut
727 3757 853 3828 quid
891 3756 1078 3811 bibatis
1113 3756 1326 3829 (Matth.
1352 3757 1449 3827 γι).
1476 3755 1609 3811 Item
1638 3756 1710 3812 ibi
1735 3775 1748 3810 :
1780 3755 1840 3810 Si

189 3909 203 3920 θ
253 3847 390 3900 enim
419 3847 624 3917 fenum,
658 3846 711 3901 id
738 3855 839 3903 est.
868 3853 1203 3916 peccatores,
1242 3845 1381 3918 quod
1420 3846 1573 3901 hodie
1616 3847 1671 3901 in
1713 3861 1840 3917 agro

250 3948 346 4002 est,
388 3948 436 3992 et
477 3954 597 3992 cras
626 3939 680 3992 in
723 3937 1005 4003 clibanum,
1045 3937 1150 3994 hoc
1177 3947 1263 3992 est
1308 3938 1362 3992 in
1410 3936 1840 3993 combustioncm

251 4037 575 4100 perpetuam
600 4029 843 4095 mittitur,
874 4027 1012 4083 Deus
1050 4028 1125 4083 sic
1148 4029 1326 4094 vestit;
1346 4037 1401 4083 et
1428 4026 1557 4082 alibi
1582 4045 1595 4082 :
1622 4043 1685 4081 ne
1707 4026 1841 4096 forte

248 4120 428 4175 dicunt
478 4118 583 4189 ﬁlii
627 4120 782 4175 vestri
826 4118 953 4188 [iliis
994 4119 1187 4173 nostris
1227 4132 1386 4174 cras:
1427 4115 1550 4173 Non
1581 4126 1657 4173 est
1699 4117 1840 4173 vobis

247 4228 376 4281 pars
400 4213 456 4268 iu
483 4210 689 4269 lsraele
713 4210 852 4283 (las.
877 4212 1035 4283 χχιι).

880 4322 1112 4380 CAPUT
1150 4323 1215 4378 V.

793 4394 868 4449 De
902 4394 1136 4466 partibus
1178 4393 1302 4448 diei.

316 4493 518 4548 ParteS
549 4489 657 4546 diei
692 4496 803 4544 tres
829 4494 992 4543 sunt:
1028 4501 1205 4552 mane,
1252 4470 1837 4557 meridiesasuprcma.
1865 4471 1917 4532 D

247 4585 435 4650 Mane,
462 4583 555 4639 lux
582 4587 794 4636 matura
837 4586 894 4633 et
920 4576 1101 4648 plena,
1130 4591 1230 4633 nec
1268 4574 1379 4646 jam
1413 4576 1789 4646 crepusculum
1822 4595 1835 4631 :

247 4688 308 4734 et
335 4673 544 4734 dictum
573 4687 731 4728 mane
767 4686 799 4725 a
831 4686 1013 4726 manu.
1042 4668 1200 4725 Manu
1227 4670 1371 4728 enim
1401 4669 1840 4740 antiquibonum

243 4771 531 4826 dixerunt.
560 4765 701 4835 Quid
743 4764 889 4821 enim
924 4763 1118 4818 melius
1150 4762 1302 4818 luce?
1340 4762 1494 4817 Mane
1537 4771 1717 4818 autem
1762 4762 1839 4817 si-

242 4860 478 4932 gniﬁcat
524 4869 739 4929 tempus
770 4855 1199 4929 regenerationis
1243 4855 1298 4910 in
1347 4856 1688 4925 baptismate,
1732 4870 1840 4926 quo

244 4954 447 5023 incipit
487 4951 652 5007 homo
676 4964 797 5005 esse
840 4948 984 5005 ﬁlius
1012 4946 1179 5013 lucis;
1222 4946 1306 5002 vel
1351 4946 1532 5003 lumen
1571 4947 1838 5003 bonorum

242 5056 497 5107 actuum,
527 5039 615 5098 vel
652 5051 865 5111 tempus
892 5039 1327 5096 resurrectionis.
1358 5038 1510 5094 Unde
1543 5045 1628 5093 est
1667 5037 1794 5091 illud
1821 5055 1835 5092 :

242 5134 521 5201 Quoniam
535 5134 607 5188 ad
632 5143 684 5188 te
710 5131 892 5199 orabo,
926 5131 1164 5201 Domine,
1186 5147 1360 5195 nume,
1389 5141 1435 5184 et
1467 5130 1717 5185 exaudies
1754 5146 1841 5184 vo-

240 5241 362 5279 cent
394 5240 567 5280 meam
598 5221 771 5296 (Psal.
797 5221 872 5294 v).
915 5221 1154 5278 Ecclesia
1184 5220 1351 5286 enim,
1393 5236 1521 5290 quae
1560 5236 1618 5276 se
1643 5235 1842 5291 cogno-

240 5314 357 5369 scit
404 5313 664 5369 habuisse
718 5314 967 5368 tenebras
1025 5320 1408 5381 peccatorum,
1454 5320 1509 5365 et
1562 5313 1627 5367 de
1682 5323 1841 5367 nocte

242 5404 439 5460 mundi
487 5404 649 5463 istius
696 5413 1045 5474 congregata,
1092 5411 1219 5458 tunc
1259 5417 1319 5457 se
1356 5402 1549 5457 merito
1595 5402 1841 5458 exaudiri

240 5478 446 5560 credit,
472 5508 602 5550 cum
644 5492 699 5547 in
750 5492 925 5548 lucem
953 5507 1095 5548 verte
1138 5492 1550 5548 resurrectionis
1587 5492 1841 5563 erumpit.

240 5580 489 5655 Tempus
519 5591 703 5638 autem
735 5581 1152 5639 resurrectionis
1176 5580 1463 5653 signiﬁcat,
1494 5589 1554 5635 ut
1579 5590 1665 5636 est
1687 5580 1839 5645 illud,

238 5676 392 5743 quod
424 5672 712 5745 sequitur:
746 5671 901 5728 .‘llaue
937 5673 1119 5728 astabo
1155 5672 1265 5738 tibi,
1296 5682 1343 5726 ct
1384 5671 1559 5727 ridebo
1596 5672 1843 5743 quoniam

1938 1855 2047 1895 non
2070 1840 2304 1896 occulto.
2330 1840 2594 1909 Suprema
2614 1848 2699 1896 est
2717 1848 2989 1911 postrema
3010 1855 3137 1909 pars
3154 1839 3284 1905 diei,
3310 1840 3524 1909 quando

1939 1932 2019 1990 sol
2056 1949 2275 1990 cursum
2317 1949 2473 1989 suum
2521 1935 2576 1989 in
2611 1949 2864 1990 occasum
2916 1935 3107 1999 vertit,
3158 1934 3327 1999 dicta,
3377 1934 3522 2004 quod

1939 2035 2187 2096 superest
2213 2027 2281 2082 ad
2308 2035 2518 2096 partem
2548 2026 2792 2081 ultimam
2843 2027 2972 2093 dici,
3003 2029 3143 2096 quod
3171 2027 3409 2083 declinat
3455 2028 3524 2082 ad

1937 2131 2247 2188 vesperum.
2276 2115 2513 2187 Vespera
2542 2132 2673 2188 ergo
2698 2118 2783 2173 vel
2814 2117 2975 2173 ﬁnem
2998 2126 3122 2174 vitae
3158 2119 3409 2173 humanm
3438 2117 3521 2172 vel

1938 2206 2119 2262 saeculi
2145 2206 2433 2262 terminum
2456 2206 2535 2261 vel
2566 2207 2941 2276 paenitentiam
2966 2207 3211 2262 futuram
3230 2206 3519 2278 signiﬁcat.

1939 2297 2075 2352 Nam
2096 2297 2239 2367 quod
2268 2312 2494 2367 vespera
2524 2297 2792 2367 signiﬁcet
2816 2298 3125 2358 occuhitum
3155 2297 3347 2352 mortis
3372 2296 3523 2352 Chri-

1939 2388 2032 2453 sti,
2063 2388 2193 2443 illud
2230 2386 2517 2444 Psalmista
2553 2387 2832 2443 declarat:
2865 2388 2946 2442 Ad
2990 2404 3255 2459 vesperum
3282 2389 3525 2443 demora-

1942 2481 2079 2536 bitur
2126 2483 2302 2551 ﬂetus,
2339 2491 2387 2535 et
2428 2481 2499 2535 ad
2543 2482 2858 2536 matutinum
2901 2480 3085 2536 laetitia
3130 2479 3302 2552 (Psal.
3346 2479 3522 2553 χχιιι).

1939 2572 2122 2633 Fletus
2161 2572 2473 2629 demoratus
2500 2580 2586 2627 est
2627 2587 2852 2642 vespere
2888 2572 3104 2643 quando
3145 2571 3391 2627 Christus
3419 2572 3526 2627 Do—

1942 2664 2122 2720 minus
2170 2672 2357 2720 noster
2402 2673 2713 2734 peremptus
2741 2673 2862 2721 est:
2901 2674 3029 2721 tunc
3073 2666 3215 2720 enim
3263 2679 3389 2721 vere
3434 2665 3528 2720 de-

1940 2765 2186 2814 moratus
2211 2766 2297 2812 est
2320 2756 2501 2823 ﬂetus,
2527 2758 2652 2813 dum
2690 2773 2788 2827 per
2815 2759 3053 2812 triduum
3090 2758 3326 2813 ﬁdelium
3368 2759 3527 2813 turba

1940 2833 2270 2918 congemuit,
2306 2859 2362 2904 et
2406 2850 2590 2905 mundi
2636 2865 2733 2919 per
2777 2850 2945 2920 ipsius
2978 2850 3285 2905 accubitum
3332 2858 3524 2905 natura

1942 2954 2204 2997 concussa
2233 2948 2337 2995 est.
2384 2940 2441 2995 In
2478 2941 2742 2996 matutino
2777 2956 2994 3012 quoque
3026 2948 3146 2995 orta
3191 2951 3276 2996 est
3315 2940 3525 3007 Imtitia,

1942 3032 2157 3102 quando
2186 3041 2428 3103 tempore
2454 3033 2716 3087 matutino
2742 3033 3066 3087 resurrectio
3094 3032 3328 3097 Domini,
3355 3033 3533 3087 Evan-

1940 3122 2082 3193 gelio
2122 3131 2379 3186 testante,
2420 3123 2633 3195 vulgata
2680 3130 2794 3187 est,
2839 3132 2896 3178 et
2942 3124 3191 3194 discipuli
3240 3124 3525 3194 prmsentia

1942 3212 2153 3268 Domini
2183 3215 2264 3269 sui
2295 3214 2760 3270 immortalitatem
2790 3229 3017 3269 cernere
3056 3223 3386 3270 meruerunt.
3434 3213 3529 3269 Ve-

1937 3321 2084 3375 spere
2109 3319 2238 3376 ergo
2272 3304 2434 3359 ﬁnem
2477 3306 2659 3359 mundi
2692 3305 2981 3376 signiﬁcat,
3005 3306 3222 3375 quando
3240 3304 3354 3374 jam
3382 3314 3519 3359 tem-

1938 3410 2041 3465 pus
2066 3397 2325 3467 cperandi
2353 3396 2564 3452 ﬁnitum
2595 3406 2697 3453 est.
2738 3397 2892 3453 Unde
2933 3398 3168 3454 dicitur:
3210 3397 3358 3453 Venit
3399 3416 3523 3463 nar,

1939 3487 2149 3558 quando
2185 3487 2301 3557 jam
2331 3487 2522 3545 nemini
2567 3489 2684 3544 licet
2729 3491 2937 3561 operari
2984 3489 3164 3561 (Joan.
3208 3491 3305 3559 xx).
3348 3490 3531 3545 Pumi-

1940 3577 2164 3631 tentiam
2187 3575 2424 3631 futuram
2445 3577 2733 3648 signiﬁcat,
2759 3580 2846 3634 ubi
2871 3588 3179 3650 peccatores
3200 3580 3253 3633 in
3279 3581 3530 3634 tenebras

1940 3668 2241 3723 exteriores
2270 3665 2586 3738 projiciendi
2632 3671 3031 3726 describuntur.
3072 3670 3198 3725 Ihec
3246 3672 3349 3724 tria
3388 3681 3527 3724 tent-

1941 3772 2073 3828 pora
2101 3758 2291 3814 inuno
2324 3772 2482 3813 versu
2513 3758 2797 3815 Psalmista
2841 3762 3269 3831 comprehendit,
3300 3761 3485 3816 dicens
3512 3778 3524 3815 :

1955 3846 2188 3920 Vespere,
2218 3866 2373 3904 mane
2398 3860 2445 3904 et
2488 3850 2707 3905 meridie
2736 3852 2963 3907 narrabo
2992 3862 3041 3906 et
3085 3851 3436 3914 annuutiabo,
3479 3861 3527 3905 et

1940 3940 2180 3994 exaudiet
2211 3956 2383 3994 vocem
2419 3956 2588 3994 meam
2627 3938 2799 4011 (Psal.
2824 3940 2955 4012 Liv).
2988 3940 3117 3995 Hzec‘
3139 3942 3302 3995 verba
3333 3954 3528 4011 magna

1941 4033 2099 4088 nobis
2158 4030 2510 4087 Sacramenta
2576 4033 2915 4088 denuntiant.
2982 4032 3202 4100 Vespere
3260 4031 3530 4102 signiﬁcat

1944 4130 2158 4190 tempus
2202 4108 2790 4191 traditionis,'quando
2837 4137 2960 4177 eum
3001 4120 3167 4176 Judas
3211 4121 3531 4177 cohortibus

1936 4212 2184 4267 noscitur
2217 4212 2516 4282 prodidisse
2552 4227 2614 4267 se
2643 4213 3028 4281 quaerentibus.
3076 4212 3256 4277 Mane,
3296 4229 3418 4268 cum
3460 4216 3531 4269 ad

1938 4287 2191 4359 Pontium
2220 4301 2449 4358 Pilatum
2496 4302 2788 4373 productus
2817 4312 2901 4358 est
2932 4304 3247 4358 audiendus.
3284 4305 3528 4370 Meridie,

1941 4399 2066 4470 quia
2096 4399 2230 4454 hora
2259 4405 2433 4463 sexta,
2464 4405 2525 4451 ut
2553 4397 2893 4468 Evangelista
2925 4397 3088 4463 dicit,
3119 4398 3173 4452 in
3217 4413 3379 4452 cruce
3410 4410 3535 4453 sus-

1942 4506 2140 4562 pensus
2174 4499 2280 4546 est.
2332 4489 2579 4543 Narrabo
2607 4530 2621 4556 ,
2664 4490 2895 4559 pertinet
2935 4490 3003 4544 ad
3051 4505 3355 4560 vesperam,
3398 4496 3524 4560 quia

1944 4592 2073 4638 tunc
2099 4582 2276 4637 omni]
2322 4581 2502 4638 locuta
2530 4596 2651 4636 esse
2680 4589 2916 4646 constat,
2958 4597 3078 4651 quae
3106 4581 3273 4637 Judas
3302 4585 3525 4652 ncquis-

1944 4674 2118 4728 simus
2158 4672 2338 4727 facere
2386 4672 2726 4741 disponebat.
2756 4671 3092 4727 Amtuntiabo
3136 4674 3203 4727 ad
3236 4690 3394 4729 mane
3440 4691 3528 4729 rc-

1943 4763 2177 4836 spondit,
2204 4762 2439 4833 quando,
2460 4763 2671 4818 dicente
2686 4761 2878 4829 Pilato,
2904 4761 2981 4816 Tu
3001 4779 3054 4816 es
3078 4780 3169 4817 rex
3191 4762 3529 4827 Juda'orum,

1945 4857 2325 4913 annuntiavit:
2360 4856 2426 4911 In
2468 4858 2565 4911 Itoc
2605 4865 2759 4912 natus
2788 4873 2924 4922 sum,
2966 4864 3020 4911 et
3061 4865 3278 4922 caetera,
3306 4873 3425 4926 qua:
3456 4858 3530 4911 ibi

1943 4950 2195 5006 dicuntur
2220 4966 2249 5003 a
2295 4950 2539 5005 Domino.
2567 4947 2757 5004 Iunxit
2778 4950 2964 5013 etiam,
2993 4961 3041 5003 et
3070 4949 3315 5003 exaudiet
3352 4963 3527 5000 vocem

1943 5057 2132 5095 meam.
2158 5040 2238 5094 Α]
2271 5040 2548 5095 meridiem
2577 5039 2831 5110 pertinet,
2855 5038 3073 5108 quando
3101 5039 3153 5091 in
3183 5051 3346 5091 cruce
3369 5035 3524 5099 dixit,

1945 5130 2374 5187 Consummatum
2402 5140 2499 5195 est,
2525 5138 2581 5184 et
2608 5130 2789 5185 emisit
2827 5128 3095 5199 spiritum.
3146 5128 3277 5182 Item
3321 5142 3530 5195 vespere

1913 5267 1917 5271 .
1945 5223 2247 5292 passionem
2278 5221 2563 5290 signiﬁcat,
2590 5237 2743 5276 mane
2782 5220 3250 5283 resurrectionem,
3285 5218 3529 5273 meridies

1948 5302 2317 5368 ascensionem
2340 5312 2457 5382 cjus
2482 5311 2536 5365 in
2562 5312 2779 5366 cadum.

2555 5423 2781 5479 CAPUT
2819 5423 2905 5478 VI.

2595 5494 2673 5547 De
2703 5497 2868 5549 nocte.

2018 5585 2131 5642 Nox
2181 5585 2346 5651 dicta,
2386 5584 2531 5655 quod
2577 5592 2772 5640 noceat
2818 5567 3125 5654 aspectibus
3157 5583 3243 5641 vel
3292 5585 3523 5656 negotiis

1947 5678 2233 5733 humanis:
2265 5679 2377 5733 sive
2402 5676 2545 5747 quod
2570 5676 2624 5731 in
2652 5691 2717 5732 ca
2751 5677 2895 5733 fures
2925 5677 3267 5749 latroncsqnc
3293 5680 3520 5737 nocendi
