4072 6198
552 267 655 325 Ξθί

1199 258 1261 313 Β.
1299 254 1552 313 RABANI
1590 253 1809 311 MAURI
1846 250 2164 308 ARCHIEP.
2208 247 2517 307 MOGUNT.
2562 244 2846 304 OPERUM
2883 243 3064 300 PARS
3101 242 3164 299 η.

3711 237 3829 294 293

543 378 668 433 aliis
697 371 1039 431 occasionem
1077 369 1479 424 nanciscantur.
1511 365 1608 420 Est
1631 371 1812 419 autem
1847 377 1953 417 nox
2001 360 2130 417 solis
2159 366 2204 425 Α
2234 373 2411 412 coram
2439 372 2521 417 eo.
2550 366 2599 409 et
2628 370 2731 409 non
2752 369 2869 407 sum
2895 352 3135 421 deceptus
3166 348 3337 421 (Psal.
3364 347 3538 417 tvm).
3569 346 3627 401 lu
3656 347 3831 402 noctis

545 465 791 523 absentia
826 472 1093 519 terrarum
1137 460 1328 515 umbra
1361 456 1601 518 condita,
1637 456 1808 509 donec
1838 453 1907 507 ab
1934 466 2132 508 occasu

549 560 734 616 redeat
760 557 829 612 ad
848 564 1128 611 exortum:
1147 549 1302 620 juxta
1322 548 1467 619 quod
1488 556 1740 601 naturam
1762 543 1880 613 ejus
1899 551 1954 597 et
1979 550 2135 612 poeta

548 648 862 705 describens
895 644 1091 707 innuit,
1122 640 1403 708 inquiens,

1420 772 1431 783 ι
1506 745 1706 795 Oceano
1730 755 1821 791 nox

690 816 948 870 Involvens
973 814 1140 863 umbra
1163 823 1335 872 magna
1361 816 1641 868 terramque
1666 804 1950 867 polumque.

555 925 621 978 Et
659 921 913 976 Salomon
962 915 1133 971 sacris
1161 912 1361 968 litteris
1407 915 1677 979 expressit
1716 924 1729 960 :
1766 904 1871 972 Qui
1906 904 2142 974 pascitur

554 1018 691 1070 inter
718 1012 852 1077 lilia,
888 1010 1052 1063 donec
1101 1006 1290 1076 aspiret
1335 1003 1446 1057 dies
1494 1011 1540 1055 et
1583 998 1896 1054 inclinentur
1943 993 2141 1048 umbra:

555 1104 731 1176 (Cant.
760 1102 866 1173 vr);
895 1098 1128 1170 eleganti
1152 1096 1337 1165 utique
1359 1108 1519 1148 sensu
1549 1088 1915 1145 decessionem
1943 1084 2139 1149 noctis,

558 1193 960 1249 inclinationem
1006 1187 1280 1258 appellans
1330 1184 1663 1239 umbrarum.
1708 1178 1843 1233 Nam
1885 1176 2145 1247 quoniam

557 1301 655 1357 pro
683 1281 1081 1339 conditionibus
1110 1278 1407 1348 plagarum,
1448 1274 1642 1343 quibus
1671 1271 1801 1326 solis
1827 1284 2017 1324 cursus
2065 1267 2146 1320 in-

561 1374 821 1439 tenditur,
865 1381 922 1427 et
963 1368 1304 1440 splendorem
1334 1364 1451 1435 ejus
1495 1381 1525 1417 a
1562 1363 1717 1418 nobis
1760 1359 1991 1429 objectio
2036 1367 2147 1412 ter-

562 1484 706 1524 rente
751 1465 907 1520 molis
971 1461 1239 1524 excludit,
1287 1456 1610 1514 inumbratio
1652 1454 1762 1519 illa,
1812 1468 1933 1522 quae
1972 1449 2151 1506 noctis

563 1567 756 1613 natura
781 1564 886 1621 est,
916 1556 990 1610 ita
1019 1553 1268 1624 erigitur,
1301 1558 1360 1604 ut
1393 1549 1460 1602 ad
1490 1548 1666 1603 sidera
1696 1558 1867 1614 usque
1900 1542 2151 1613 videatur

560 1648 776 1705 extendi
804 1666 816 1700 :
845 1646 1038 1700 merito
1069 1641 1341 1698 contraria
1372 1636 1764 1701 vicissitudine,
1797 1634 1849 1689 id
1881 1641 1986 1698 est,
2013 1630 2152 1686 lucis

2235 446 2453 501 nomine
2484 443 2666 498 mundi
2696 441 2852 497 istius
2894 439 3165 511 signiﬁcat
3192 438 3380 501 vitam,
3420 450 3542 505 qua:
3572 436 3833 504 quamvis

2235 536 2411 591 lucem
2446 535 2646 589 habere
2673 533 2937 593 videatur,
2971 537 3314 600 peccatorum
3363 536 3545 582 tamen
3575 526 3829 582 obscuri-

2237 635 2347 681 tate
2377 626 2582 679 fuscata
2615 632 2717 678 est.
2748 622 2876 677 Item
2912 636 3008 691 per
3034 631 3233 675 noctem
3262 618 3591 692 signiﬁcavit
3622 617 3835 674 inferni

2204 716 2554 775 'claustrum,
2596 727 2718 766 cum
2767 711 2940 765 dicit:
2978 708 3225 763 Forsitan
3273 708 3505 764 tenebras
3546 708 3838 763 conculca-

2238 806 2363 860 bunt
2413 823 2524 871 me,
2568 817 2615 860 et
2664 822 2769 860 no.1:
2816 803 3133 858 illum’natio
3188 820 3303 858 mea
3351 804 3406 857 in
3450 802 3651 858 deliciis
3700 805 3838 859 meis

2240 894 2720 966 (Psal.cxxxvm).
2766 894 3045 962 Quomodo
3089 908 3219 964 ergo
3265 901 3476 964 poterat
3514 909 3545 948 a
3588 896 3837 951 tenebris

2240 986 2569 1050 conculcari,
2597 986 2682 1039 cui
2718 993 2838 1040 erat
2867 1000 2973 1039 nox
3005 984 3328 1040 illuminatio
3357 984 3412 1039 in
3440 984 3651 1041 deliciis
3680 986 3836 1042 suis?

2241 1076 2479 1131 ostendit
2501 1078 2645 1131 enim
2673 1085 2802 1131 tunc
2830 1074 3026 1130 inferni
3054 1075 3354 1131 claustrum
3394 1090 3584 1131 revera
3633 1076 3843 1131 illumi.

2243 1174 2453 1232 natum,
2491 1166 2706 1235 quando
2749 1173 3072 1236 potestatem
3114 1164 3312 1221 diaboli
3342 1164 3618 1231 contrivit,
3652 1173 3711 1221 et
3747 1166 3849 1222 ho-

2244 1256 2445 1314 minem
2487 1274 2584 1314 sua
2611 1259 2957 1314 miseratione
2984 1257 3257 1312 liberavit.
3285 1256 3399 1312 Nox
3428 1257 3538 1313 vita
3570 1272 3844 1329 prazscns,

2246 1358 2305 1404 ut
2352 1349 2405 1404 in
2454 1348 2661 1419 psalmo
2697 1365 2711 1402 :
2743 1347 2812 1402 In
2843 1348 3080 1402 noctibus
3125 1345 3358 1401 extollite
3403 1363 3593 1402 manus
3640 1358 3846 1402 vestras

2245 1441 2300 1496 in
2331 1450 2513 1496 sancta
2544 1438 2716 1510 (Psal.
2741 1437 2995 1509 cxxxm).
3026 1437 3160 1494 Item
3205 1437 3319 1493 ibi:
3350 1436 3517 1493 Nocte
3544 1453 3726 1491 coram
3756 1453 3845 1501 eo,

2248 1541 2297 1586 et
2319 1548 2421 1585 non
2462 1547 2578 1585 sum
2607 1530 2854 1599 deceptus
2893 1527 3066 1601 (Psal.
3092 1529 3267 1599 LVIII).
3298 1526 3414 1583 Nox
3461 1526 3702 1583 futurum
3734 1542 3843 1582 se-

2251 1621 2432 1676 culum
2472 1622 2538 1676 de
2567 1619 2945 1690 peccatoribus
2989 1618 3279 1689 signiﬁcat,
3320 1627 3378 1672 ut
3413 1618 3468 1672 in
3504 1617 3847 1686 Evangelio:

561 1748 755 1795 exortu
784 1738 1007 1790 umbras
1056 1731 1336 1794 inclinari,
1376 1738 1588 1785 noctem
1638 1725 1887 1781 videlicet
1919 1722 2150 1794 deprimi

2266 1710 2442 1766 Veniet
2484 1728 2608 1777 nox,
2651 1710 2861 1782 quando
2896 1726 3044 1764 nemo
3088 1719 3254 1781 potest
3290 1708 3498 1779 aperari
3529 1707 3713 1780 (Joan.
3745 1710 3850 1780 Ix).

563 1832 799 1904 pellique
828 1829 1078 1900 signavit.
1108 1827 1281 1894 Quam
1308 1824 1558 1879 videlicet
1584 1822 1831 1878 umbram
1860 1820 2037 1876 noctis
2081 1817 2153 1872 ad

563 1925 709 1979 aeris
754 1936 922 1991 usque
967 1930 1022 1974 et
1050 1919 1266 1974 aetheris
1308 1916 1602 1973 conﬁnium
1632 1913 1935 1984 philosophi
1965 1912 2154 1966 dicunt

567 2014 818 2079 exaltari,
859 2021 913 2068 et
957 2009 1281 2067 acuminatis
1326 2008 1496 2063 instar
1537 2005 1879 2078 pyramidum
1915 2002 2153 2058 tenebris

569 2106 784 2167 Iuliam,
831 2117 952 2172 quae
1000 2099 1184 2155 inﬁma
1233 2098 1573 2167 planetarum
1622 2095 1823 2161 currit,
1865 2092 2154 2163 aliquando

568 2195 806 2266 contingi
838 2202 1002 2263 atque
1046 2189 1350 2255 obscurari,
1385 2188 1696 2257 nullumque
1721 2186 1867 2241 aliud
1898 2185 2048 2240 sidus
2076 2194 2156 2239 ta-

569 2287 691 2341 liter
714 2286 958 2355 eclipsin,
988 2284 1093 2338 hoc
1122 2292 1228 2347 est,
1260 2280 1528 2337 defectum
1557 2281 1640 2335 sui
1669 2278 1888 2334 luminis
1924 2278 2056 2348 pati,
2089 2292 2156 2333 eo

569 2378 713 2447 quod
744 2378 889 2430 circa
920 2376 1054 2430 lines
1092 2374 1299 2429 telluris
1340 2372 1471 2429 solis
1499 2370 1753 2442 splendor
1789 2370 1975 2441 utique
2002 2369 2159 2424 diii'u-

568 2484 663 2523 sus
696 2484 757 2522 ea
791 2466 979 2531 libere,
1011 2480 1131 2534 qua:
1170 2464 1346 2520 telluri
1376 2462 1564 2533 procul
1609 2463 1842 2528 absunt,
1888 2463 2153 2533 aspiciat:

571 2560 797 2630 ideoque
820 2560 1039 2614 :clheris
1061 2575 1180 2628 qua:
1204 2559 1344 2612 ultra
1366 2558 1550 2612 lunam
1572 2567 1699 2613 sunt
1724 2547 1922 2629 spatia,
1946 2558 2157 2613 diurna:

570 2651 709 2706 lucis
738 2651 893 2721 plena
922 2665 1136 2719 semper
1163 2647 1375 2711 eiliciat,
1408 2647 1491 2704 vel
1530 2663 1629 2703 suo
1672 2648 1940 2714 videlicet,
1972 2648 2055 2703 vel
2085 2647 2161 2703 si-

571 2746 763 2798 derum
819 2741 1028 2795 radiata
1079 2739 1306 2811 fulgore.
1354 2738 1450 2794 Est
1504 2746 1685 2793 autem
1741 2738 1913 2794 noctis
1966 2738 2161 2793 umbra

576 2833 889 2890 mortalibus
912 2835 978 2888 ad
1005 2833 1244 2903 requiem
1270 2830 1515 2901 corporis
1536 2831 1682 2895 data,
1710 2843 1778 2884 ne
1798 2828 1979 2900 operis
2000 2827 2158 2883 avida

571 2924 885 2984 continuato
912 2923 1096 2977 labore
1120 2921 1375 2976 deﬁceret
1398 2936 1462 2975 ac
1486 2920 1689 2990 periret
1721 2918 2068 2973 humanitas:
2103 2925 2160 2973 et

575 3026 636 3073 ut
682 3014 1048 3071 animantibus
1091 3010 1435 3082 quibusdam,
1466 3024 1586 3080 qua:
1633 3009 1808 3065 lucem
1853 3007 1984 3063 solis
2016 3006 2159 3063 ferre

577 3115 882 3178 nequeunt,
928 3104 1062 3175 ipsis
1091 3103 1255 3158 etiam
1296 3102 1504 3168 bestiis,
1534 3116 1655 3172 quae
1691 3100 2037 3169 praesentiam
2067 3112 2159 3153 ve-

576 3208 762 3255 rentur
820 3197 1110 3251 humanam
1137 3234 1153 3258 ,
1208 3193 1651 3263 discurrendique
1702 3192 1790 3246 ubi
1838 3205 1904 3245 ac
1956 3190 2159 3245 victum

572 3286 889 3359 quaeritandi
914 3285 1068 3355 copia
1094 3292 1490 3354 suppeteretur,
1510 3282 1664 3352 juxta
1688 3284 1832 3352 quod
1859 3282 1913 3336 in
1935 3281 2029 3337 Dei
2046 3280 2161 3337 lau-

573 3379 730 3435 dibus
787 3376 1074 3431 Psaluiista
1126 3377 1378 3430 decantat
1417 3392 1431 3428 :
1485 3373 1581 3430 Sol
1632 3374 1869 3444 cognovit
1919 3388 2160 3428 occasum

570 3486 724 3524 suum
748 3482 765 3519 :
793 3468 1011 3536 posuisti
1039 3466 1298 3531 tenebras,
1320 3474 1368 3520 et
1400 3465 1541 3535 facta
1567 3474 1643 3519 est
1673 3479 1797 3529 nox,
1827 3465 1883 3517 in
1910 3465 2024 3534 ipsa
2050 3478 2163 3533 per-

569 3558 868 3614 transibunt
908 3573 1084 3612 omnes
1131 3555 1306 3612 bestia:
1344 3555 1616 3620 silvarum,
1657 3563 1764 3612 etc.
1810 3552 1985 3626 (Psal.
2019 3551 2158 3623 CIII).

572 3646 729 3704 Sicut
768 3645 913 3700 enim
945 3644 1060 3700 dies
1103 3642 1277 3703 lucem
1326 3644 1453 3701 ﬁdei
1499 3654 1556 3701 et
1576 3642 1804 3714 iustitiae
1847 3644 2162 3714 mquitatem

570 3744 629 3795 et
656 3751 917 3808 prospera
944 3744 1105 3804 atque
1130 3734 1307 3790 felicia
1334 3735 1389 3790 in
1418 3734 1714 3805 Scripturis
1746 3735 1974 3805 mystice
1999 3732 2164 3805 signi-

572 3828 723 3895 ﬁcat,
775 3828 850 3883 ita
887 3835 943 3883 et
989 3842 1096 3882 nox
1140 3825 1457 3895 injustitiam
1497 3834 1552 3883 et
1596 3826 1966 3883 inﬁdelitatem
1999 3834 2164 3896 atque

573 3921 803 3975 adversa
860 3933 1085 3989 quaeque
1133 3918 1400 3990 designat.
1449 3916 1585 3973 Nam
1628 3934 1735 3975 nox
1792 3917 2161 3974 inﬁdelitatem

572 4010 842 4082 signiﬁcat
888 4009 947 4064 in
976 4009 1067 4063 illo
1102 4007 1342 4078 Apostoli
1390 4007 1722 4075 testimonio,
1752 4023 1862 4079 quo
1890 4007 2004 4062 ait:
2038 4005 2163 4063 Non

568 4117 753 4156 sumus
780 4102 944 4156 noctis
974 4099 1075 4169 lilii
1111 4116 1273 4171 neque
1300 4100 1631 4155 tenebrarum
1659 4098 1707 4171 (Ι
1743 4098 1924 4154 Thess.
1946 4097 2024 4171 γ).
2058 4099 2167 4154 lni-

571 4193 751 4261 quitas
771 4201 952 4248 autem
971 4192 1025 4246 in
1049 4191 1222 4246 noctis
1242 4190 1635 4263 signiﬁcatione
1651 4189 1976 4261 exprimitur
1994 4190 2049 4243 in
2073 4188 2165 4244 illa

571 4284 842 4339 sententia
873 4285 1019 4340 beati
1054 4282 1155 4339 Job
1181 4302 1194 4338 :
1224 4281 1415 4338 Pereat
1442 4283 1583 4351 dies,
1621 4284 1677 4337 in
1708 4299 1813 4355 qua
1844 4291 1998 4337 natus
2024 4298 2163 4348 sum,

568 4384 619 4428 et
655 4390 759 4427 nox
787 4374 841 4427 in
874 4390 976 4443 qua
1002 4372 1200 4426 dictum
1226 4380 1302 4427 est
1328 4385 1348 4424 :
1383 4371 1676 4443 Conceptus
1711 4381 1789 4426 est
1816 4372 1973 4426 homo
2015 4369 2160 4443 (Job.

2255 1805 2370 1861 Nox
2405 1814 2492 1861 est
2520 1806 2626 1860 vita
2662 1813 3038 1874 peccatorum,
3079 1810 3140 1857 ut
3179 1802 3233 1856 in
3266 1800 3521 1871 Apostolo
3548 1817 3562 1854 :
3588 1800 3694 1881 Qui
3722 1801 3855 1855 dor-

2251 1897 2441 1961 miunt,
2482 1905 2630 1950 nocte
2667 1895 2969 1959 dormiunt;
3004 1903 3055 1948 et
3087 1894 3178 1965 qui
3205 1892 3336 1948 ebrii
3367 1903 3508 1957 sunt,
3541 1903 3688 1948 nocte
3717 1894 3856 1947 ebrii

2254 1987 2307 2061 (1
2336 1986 2518 2042 Thess.
2544 1986 2620 2057 v).
2651 1984 2769 2041 Nox
2803 1984 3019 2041 caecitas
3046 1985 3249 2049 cordis,
3277 1983 3360 2039 vel
3392 1999 3532 2039 vana
3558 1984 3854 2045 securitas,

2253 2087 2338 2136 est
2366 2077 2505 2133 sicut
2544 2075 2597 2130 in
2640 2074 2741 2131 Job
2773 2091 2869 2146 pro
2906 2075 3071 2146 impio
3099 2074 3296 2129 dicitur
3333 2087 3348 2127 :
3380 2072 3553 2128 Nocte
3592 2075 3856 2143 opprimet

2254 2184 2373 2223 eum
2409 2175 2685 2237 tempestas
2723 2164 2866 2238 (Job.
2894 2164 3085 2236 xxvn).
3113 2164 3182 2219 Et
3205 2164 3262 2219 in
3291 2163 3622 2233 Evangelio:
3654 2163 3853 2227 Stulte,

2255 2262 2355 2316 hac
2398 2268 2805 2331 nocterepetent
2850 2259 3083 2313 animum
3122 2266 3269 2313 tuam
3315 2274 3350 2312 a
3390 2266 3472 2323 te,
3520 2272 3638 2329 quin
3676 2266 3860 2309 autem

2256 2349 2478 2421 parasti,
2510 2348 2662 2419 cujus
2690 2348 2883 2403 erunt?
2912 2348 3067 2421 (Luc.
3091 2345 3217 2419 xu.)
3249 2345 3365 2405 Nox
3402 2345 3584 2401 futura
3627 2344 3862 2400 tribula-

2260 2441 2354 2507 tio,
2380 2449 2441 2496 ut
2471 2440 2526 2495 in
2551 2438 2878 2511 Evangelio:
2907 2437 2978 2493 In
3002 2436 3095 2493 illa
3120 2448 3270 2492 nocte
3296 2438 3402 2491 duo
3425 2446 3575 2491 erunt
3603 2437 3659 2491 in
3686 2451 3856 2507 agro;

2260 2548 2395 2586 unus
2429 2540 2747 2594 assumetur,
2771 2535 2828 2583 et
2849 2543 2991 2583 unus
3020 2526 3340 2599 relinquetur
3364 2525 3519 2599 (Luc.
3549 2525 3707 2596 xvu).
3734 2522 3855 2579 Nox

2262 2620 2539 2677 tribulatio
2581 2620 2704 2677 vita:
2745 2617 3029 2690 prmsentis
3057 2617 3113 2672 in
3148 2626 3411 2687 tempore,
3439 2624 3498 2670 ut
3527 2614 3582 2670 in
3613 2614 3864 2684 Evange-

2261 2709 2371 2768 lio:
2403 2710 2535 2777 Quis
2576 2721 2804 2766 vestrum
2841 2708 3047 2763 habebit
3093 2707 3338 2772 amicum,
3387 2717 3435 2762 et
3481 2707 3572 2761 ibit
3601 2706 3674 2763 ad
3704 2704 3863 2761 illum

2263 2801 2437 2857 media
2482 2812 2650 2869 nocte,
2696 2801 2821 2856 dicit
2860 2800 2943 2854 illi
2975 2813 2994 2852 :
3023 2799 3222 2866 Amice,
3268 2798 3542 2854 commoda
3579 2798 3707 2853 milii
3756 2808 3864 2853 tres

2261 2911 2421 2968 panes
2447 2893 2601 2966 (Luc.
2627 2894 2730 2966 χι),
2758 2895 2860 2949 hoc
2904 2900 3004 2957 est,
3035 2892 3319 2947 scientiam
3347 2890 3651 2947 Trinitatis.
3681 2889 3861 2946 Media

2264 3004 2370 3044 nox
2395 2987 2663 3045 occultum
2684 2986 2893 3042 Domini
2914 2984 3179 3055 judicium
3204 2982 3490 3055 signiﬁcat,
3517 2991 3577 3065 ut
3600 2982 3657 3040 in
3682 2983 3863 3037 Evan-

2185 3066 2230 3131 C
2260 3079 2399 3151 gelio
2429 3097 2442 3133 :
2476 3077 2654 3133 Media
2682 3088 2831 3132 nocte
2872 3076 3077 3131 clamor
3110 3075 3282 3145 factus
3313 3084 3388 3129 est
3414 3088 3432 3127 :
3463 3074 3598 3128 Ecce
3626 3090 3862 3144 sponsus

2262 3172 2395 3227 venit
2428 3170 2646 3243 (Matth.
2666 3168 2819 3241 xxv).
2850 3168 3023 3224 Media
3050 3183 3158 3223 nox
3183 3182 3330 3222 mors
3359 3182 3421 3222 ex
3453 3166 3749 3237 improviso
3774 3169 3868 3222 ad-

2268 3264 2513 3328 veniens,
2548 3262 2689 3317 sicut
2717 3262 2769 3316 in
2798 3261 2897 3317 Job
2924 3261 2990 3316 de
3021 3261 3302 3331 reprobis:
3334 3260 3399 3314 Et
3425 3261 3481 3315 in
3511 3260 3683 3315 media
3711 3271 3867 3317 nocte

2261 3355 2567 3424 auferentm'
2613 3352 2757 3425 (Job.
2788 3352 2998 3422 xxxnv).
3050 3350 3230 3406 Prima
3278 3350 3485 3423 vigilia,
3531 3351 3707 3422 prima
3762 3351 3864 3406 lio—

2262 3446 2466 3500 minam
2507 3453 2659 3510 tetas,
2689 3444 2741 3498 id
2767 3453 2873 3510 est,
2918 3443 3144 3499 infantia
3172 3443 3286 3498 sive
3319 3444 3580 3513 pueritia;
3613 3445 3863 3499 secunda

2263 3536 2442 3606 vigilia
2485 3534 2848 3589 adolescentia
2886 3542 2941 3589 et
2971 3531 3262 3602 juventus;
3315 3532 3477 3588 tertia
3531 3533 3718 3603 vigilia
3772 3548 3862 3589 se-

2263 3639 2470 3695 nectus,
2503 3638 2564 3684 ut
2611 3629 2665 3684 in
2706 3627 2998 3699 Evangelio
3031 3646 3045 3681 :
3077 3627 3144 3681 Et
3171 3628 3217 3681 si
3255 3628 3312 3681 in
3358 3627 3514 3681 tertia
3550 3625 3731 3696 vigilia
3773 3643 3864 3681 oe-

2262 3722 2395 3776 nerit
2436 3731 2485 3775 et
2521 3721 2596 3774 ita
2630 3737 2716 3775 eos
2745 3720 3016 3785 invenerit,
3057 3716 3192 3773 beati
3238 3727 3361 3773 sunt
3397 3718 3530 3772 servi
3576 3716 3658 3770 illi
3692 3715 3858 3790 (an.

2265 3811 2403 3884 xu).

2880 3899 3109 3956 CAPUT
3141 3899 3248 3955 VII.

2660 3994 2738 4051 De
2766 4004 2960 4064 septem
2998 3992 3233 4064 partibus
3275 3994 3462 4048 noctis.

2335 4083 2519 4141 Noctis
2548 4092 2729 4140 autem
2764 4092 2950 4154 partes
2995 4091 3202 4152 septem
3251 4091 3418 4138 sunt:
3449 4082 3860 4153 crepusculum,

2264 4175 2636 4243 conticinium,
2685 4176 3087 4247 intempestum,
3119 4174 3471 4247 gallicinium,
3505 4176 3861 4241 matutinum,

2265 4267 2579 4323 diluculum.
2608 4266 3001 4337 Crepusculum
3025 4275 3111 4321 est
3137 4265 3299 4320 dubia
3343 4264 3454 4321 lux.
3495 4264 3631 4320 Nam
3660 4281 3862 4338 crepe-

2266 4374 2387 4413 rum
2423 4358 2643 4414 dubium
2679 4358 2933 4422 dicimus,
2973 4356 3077 4412 hoc
3122 4368 3237 4422 eSt,
3279 4357 3421 4412 inter
3463 4356 3636 4413 lucem
3685 4366 3748 4413 et
3784 4366 3865 4414 te-

572 4464 678 4534 ιιι),
708 4463 860 4520 unde
875 4420 1190 4518 1psalmism
1215 4463 1271 4518 ίη
1318 4420 1698 4534 ίηίίιυίιδδδυε
1737 4420 2058 4534 conceptu];
2102 4476 2161 4518 se
2190 4420 2241 4479 θ
2266 4449 2482 4503 uebras.
2514 4448 2816 4518 Vesperum
2838 4462 2873 4501 a
2900 4445 3057 4502 stella
3082 4446 3405 4502 occidentali
3429 4456 3701 4513 vocatum,
3741 4464 3863 4519 quae

569 4569 693 4609 esse
733 4563 789 4609 et
831 4554 885 4608 in
920 4554 1133 4610 delictis
1163 4564 1348 4609 natum
1392 4562 1625 4610 testatur
1665 4552 1840 4625 (Psal.
1868 4554 1944 4625 ι).
1974 4552 2162 4610 Perire

572 4658 702 4713 ergo
737 4652 893 4713 optat
912 4643 1105 4699 beatus
1130 4642 1231 4699 Job
1260 4659 1411 4715 spem
1453 4646 1521 4701 ab
1551 4652 1797 4716 apostata
1826 4643 2015 4714 angelo
2042 4643 2162 4699 illa-

573 4742 702 4797 tam,
750 4733 842 4802 qui
883 4734 1024 4788 dient
1071 4733 1331 4789 simulans
1358 4743 1414 4789 et
1454 4736 1813 4805 promissione
1856 4734 2158 4791 divinitatis

571 4826 814 4891 emicuit,
840 4825 933 4880 sed
960 4835 1170 4880 noctem
1200 4840 1260 4881 se
1284 4826 1547 4881 exhibens
1571 4827 1744 4882 lucem
1774 4826 1931 4882 nobis
1956 4835 2158 4884 nostra:

573 4915 997 4971 immortalitatis
1045 4915 1371 4971 obscuravit.
1424 4915 1618 4973 Pereat
1666 4917 1923 4986 antiquus
1964 4917 2158 4984 hostis,

571 5009 665 5082 qui
711 5008 884 5065 lucem
920 5007 1294 5078 promissionis
1321 5008 1557 5064 ostendit
1591 5022 1607 5062 :
1635 5007 1731 5063 sed
1758 5009 1967 5077 peccati
2015 5017 2162 5065 tene-

573 5102 699 5157 bras
725 5100 967 5166 contulit,
996 5098 1088 5169 qui
1114 5099 1268 5169 quasi
1294 5100 1433 5155 diem
1464 5098 1887 5155 subblandiendo
1908 5098 2155 5164 innotuit,

575 5192 668 5247 sed
699 5208 868 5262 usque
898 5191 966 5246 ad
1002 5189 1338 5245 tenebrosam
1368 5198 1580 5245 noctem
1609 5205 1677 5244 ex
1713 5188 1975 5259 impressa
2013 5206 2161 5245 com-

579 5285 752 5339 modis
806 5286 1049 5341 czeeitate
1102 5282 1371 5353 perduxit.
1422 5282 1663 5338 Adversa
1707 5296 1835 5353 ergo
1883 5283 1937 5336 in
1984 5284 2161 5339 noctis

577 5378 792 5433 nomine
820 5378 1215 5449 exprimuntur.
1243 5376 1332 5431 ubi
1366 5375 1647 5431 Psalmista
1678 5391 1736 5431 se
1775 5376 1829 5430 in
1873 5386 2030 5432 nocte
2058 5377 2164 5432 ela-

579 5482 726 5521 mare
756 5477 1002 5534 testatur,
1052 5468 1155 5523 hoc
1196 5475 1300 5532 est,
1335 5467 1392 5522 in
1441 5466 1803 5532 tribulatione,
1848 5483 1947 5523 nec
1980 5478 2159 5524 tamen

578 5560 886 5614 exauditam
914 5575 1053 5615 esse.
1094 5559 1227 5615 item
1252 5558 1537 5616 Psalmista
1574 5559 1743 5615 dicit:
1776 5559 1842 5613 In
1875 5560 1960 5614 die
1995 5561 2162 5614 tribu-

575 5651 784 5707 lationis
815 5670 940 5707 mea:
972 5652 1250 5707 Dominum
1294 5652 1541 5723 exquisivi
1572 5652 1809 5706 manibus
1843 5654 1968 5708 meis
2018 5664 2162 5707 nocte

2266 4539 2434 4595 solem
2463 4539 2744 4595 occiduum
2767 4541 3031 4610 sequitur,
3050 4548 3105 4595 et
3126 4541 3379 4597 tenebras
3402 4552 3690 4612 sequentes
3716 4557 3862 4613 preco

2268 4630 2432 4686 cedit.
2469 4630 2544 4685 De
2571 4644 2678 4699 qua
2710 4630 3003 4701 Virgilius:

2392 4721 2521 4774 Ante
2544 4724 2678 4773 diem
2697 4723 2861 4775 clauso
2877 4731 3139 4788 componet
3155 4738 3337 4789 vesper
3358 4725 3585 4790 Olympo.

2267 4826 2629 4883 Conticinium
2673 4838 2779 4894 est,
2807 4830 3023 4900 quando
3051 4844 3241 4885 omnes
3268 4828 3447 4885 silent.
3476 4829 3862 4887 Conticescere

2262 4921 2409 4976 enim
2433 4918 2594 4976 silere
2622 4930 2723 4975 est.
2767 4920 3152 4991 lntempestum
3207 4930 3290 4975 est
3339 4922 3572 4976 medium
3604 4930 3659 4975 et
3705 4921 3862 4978 inac-

2266 5016 2477 5063 tuosum
2522 5010 2698 5065 noctis
2743 5018 2958 5080 tempus
2985 5012 3202 5096 quando
3254 5012 3337 5081 agi
3388 5012 3521 5066 nihil
3557 5020 3760 5083 potest,
3806 5021 3863 5068 et

2264 5100 2445 5155 omnia
2475 5116 2669 5171 sopore
2693 5102 2876 5171 quieta
2914 5111 3060 5156 sunt.
3101 5104 3234 5157 Nam
3273 5112 3484 5172 tempus
3521 5120 3617 5173 per
3658 5120 3718 5161 se
3752 5123 3861 5163 non

2268 5190 2597 5262 intelligitur,
2643 5192 2744 5246 nisi
2777 5207 2872 5263 per
2899 5202 3053 5248 actus
3082 5195 3367 5249 humanos.
3399 5195 3629 5251 Medium
3676 5206 3864 5253 autem

2268 5284 2441 5339 noctis
2471 5292 2593 5338 actu
2641 5294 2831 5339 caret:
2868 5300 2998 5356 ergo
3029 5295 3320 5356 tempestas
3368 5287 3667 5354 inactuosa,
3701 5290 3862 5359 quasi

2266 5376 2384 5431 sine
2423 5385 2684 5446 tempore,
2726 5378 2828 5431 hoc
2869 5387 2973 5442 est,
3004 5379 3120 5433 sine
3150 5388 3295 5444 actu,
3339 5396 3437 5450 per
3473 5396 3633 5451 quem
3666 5383 3865 5453 digno-

2266 5471 2452 5525 scitur.
2490 5470 2639 5525 Unde
2669 5478 2754 5525 est
2788 5487 2801 5523 :
2835 5472 3187 5540 intempestive
3230 5474 3413 5527 venisti
3446 5487 3465 5525 :
3496 5489 3624 5545 ergo
3654 5475 3859 5530 intem-

2266 5574 2416 5634 pesta
2446 5563 2659 5628 dicitur,
2687 5563 2813 5632 quia
2843 5573 2992 5619 caret
3031 5573 3295 5635 tempore,
3328 5566 3380 5622 id
3408 5576 3513 5630 est,
3542 5576 3687 5622 actu.
3735 5567 3865 5623 Gal-

2269 5654 2507 5709 licinium
2567 5661 2785 5723 propter
2834 5653 3003 5724 gallos
3052 5654 3188 5712 lucis
3244 5648 3578 5731 przctiuntios
3629 5659 3862 5716 dictum.
