4072 6198
336 286 447 342 (λ’93

1347 291 1434 347 DE
1474 292 1824 352 UNH’ERSO
1864 297 2044 353 LIBRI
2086 299 2225 355 XXII
2286 334 2334 341 -
2375 303 2499 358 Liii.
2547 304 2614 359 Χ.

3518 301 3622 373 29's

335 397 661 459 Μιιιιιιίςιιιιη
689 414 793 472 est,
828 404 969 460 inter
998 406 1310 461 abscessum
1344 411 1689 465 tenebrarum
1744 422 1798 467 et
1834 430 1927 469 au-
1959 419 2003 478 Α
2030 416 2210 469 latinis
2240 416 2611 485 interﬁciebtmz
2641 436 2815 474 omnes
2840 432 3135 491 peccatores
3163 431 3316 481 terra:
3346 424 3519 499 (Prol.
3546 430 3621 500 ο).

331 508 477 551 Ione
518 496 851 550 adventum:
888 504 942 551 et
989 497 1194 551 dictum
1237 501 1589 563 matutinum,
1633 505 1775 572 quod
1828 507 1897 559 ho

2032 501 2240 578 Aurora
2270 512 2355 557 est
2401 504 2661 570 Ecclesia,
2691 523 2754 560 eo
2786 509 2926 577 quod
2967 518 3091 579 post
3145 496 3397 571 tenebras
3431 496 3625 587 pecca-

331 599 580 658 tempore
619 588 907 643 inchoante
935 602 1093 643 mane
1132 589 1222 644 sit.
1268 590 1593 660 Diluculum,
1628 597 1786 665 quasi
1816 596 1928 666 jam

331 679 600 762 incipiens
643 694 809 748 parva
847 680 951 734 diei
985 678 1071 734 lux
1100 698 1113 734 :
1147 681 1263 736 haec
1314 691 1369 737 et
1409 698 1629 745 aurora.
1658 702 1779 758 qum
1833 688 1928 743 'so-

329 768 438 824 lem
488 770 765 840 pnecedit.
815 770 910 824 Est
950 779 1131 825 autem
1179 788 1375 828 aurora
1422 775 1527 830 dici
1577 776 1927 835 clarescentls

325 862 637 927 exordium,
669 872 724 917 et
751 862 960 933 primus
1003 863 1260 932 splendor
1292 866 1451 929 acris,
1488 868 1580 939 qui
1622 867 1808 924 Graece
1838 887 1924 925 eos

318 954 549 1016 dicitur,
574 968 736 1025 quam
768 970 870 1011 nos
911 969 1008 1026 per
1041 957 1430 1017 derivationem
1469 978 1721 1017 aurorum
1756 980 1921 1019 voca-

328 1058 470 1107 unus,
504 1046 657 1115 quasi
691 1061 955 1099 carorum.
986 1045 1136 1101 Unde
1160 1058 1243 1102 est
1268 1049 1438 1105 illud:

895 1171 910 1187 .
946 1174 961 1187 .
1003 1174 1014 1184 .
1059 1174 1074 1188 .
1119 1138 1281 1189 Latus
1312 1141 1431 1193 Eois

325 1257 395 1312 Et
728 1198 890 1250 Eurus
925 1200 1085 1262 cquis.
1129 1237 1144 1252 .
1199 1238 1213 1253 .
1255 1236 1270 1251 .

733 1331 957 1395 ansque
981 1334 1131 1385 acies.
1176 1367 1190 1385 .
1236 1369 1249 1381 .
1290 1368 1304 1382 .

324 1419 562 1490 Vespera
596 1435 728 1493 ergo
751 1429 805 1477 et
842 1421 1055 1478 initium
1086 1425 1259 1480 noctis
1290 1423 1557 1495 signiﬁcat
1590 1425 1673 1481 vel
1702 1427 1915 1483 initium

317 1510 685 1567 tribulationis
718 1528 839 1583 quze
881 1521 1003 1583 post
1049 1515 1462 1585 prosjeritatem
1510 1516 1691 1572 szeculi
1735 1519 1916 1589 sequi-

316 1610 447 1655 tur:
484 1602 569 1657 vel
609 1605 890 1658 exordium
919 1606 1219 1661 eversionis
1248 1605 1578 1675 iniquorum,
1611 1610 1700 1679 qui
1732 1611 1914 1666 aversi

313 1706 346 1744 a
382 1691 506 1746 luce
546 1707 669 1746 vera
709 1697 1084 1748 mandatorum
1113 1695 1230 1761 Dei,
1269 1694 1513 1750 incidunt
1554 1696 1608 1751 iu
1661 1700 1912 1753 tenebras

2032 605 2207 648 torum
2240 596 2358 650 luce
2389 597 2509 651 ﬁdei
2546 582 2814 655 illustrata
2859 602 2960 668 sit,
3001 610 3061 656 ut
3099 603 3152 657 in
3182 600 3322 660 Job:
3358 582 3622 667 Et‘osteu-

2026 681 2155 739 (iisti
2184 704 2392 743 aurora’
2418 688 2589 743 locum
2616 707 2768 745 suum
2796 690 2917 764 (Job
2968 693 3218 768 xxxvun).

2624 803 2853 860 CAPUT
2895 805 3001 861 VIII

2648 874 2721 928 De
2760 876 3001 930 tenebris.

2096 960 2369 1017 Tenebras
2395 973 2572 1017 autem
2604 965 2795 1028 dictas,
2823 968 2964 1035 quod
2996 976 3217 1026 teneant
3243 973 3482 1030 umbras.
3513 974 3619 1032 Te-

2025 1054 2206 1111 nebru:
2261 1065 2440 1110 autem
2502 1037 2806 1127 signiﬁcatit
2861 1059 3149 1131 aliquando
3198 1065 3619 1134 profunditatem

2022 1143 2426 1215 Scripturarum
2478 1148 2782 1202 divinarum
2818 1168 2833 1203 :
2874 1150 3160 1220 aliquando
3217 1155 3614 1226 ignorantiam:

2022 1236 2311 1307 aliquando
2361 1238 2731 1295 inﬁdelitatem
2782 1254 3172 1312 peccatorum:
3223 1255 3278 1301 et
3327 1248 3617 1319 aliquando

2018 1344 2235 1398 poenam
2277 1331 2555 1401 gehennze.
2589 1331 3015 1391 Profunditalem
3055 1352 3185 1409 ergo
3210 1338 3617 1410 Scripturaruut

2022 1418 2152 1473 illud
2180 1419 2451 1490 signiﬁcat
2499 1422 2874 1490 propheticum
2932 1427 3321 1495 testimonium,
3367 1446 3472 1498 quo
3503 1432 3614 1487 ait:

2020 1507 2208 1563 Posuit
2235 1510 2473 1565 tenebras
2501 1510 2774 1567 latibulum
2799 1532 2951 1569 suum
2976 1516 3148 1589 (Psul.
3174 1518 3306 1591 xvn)
3334 1537 3347 1585 ;
3381 1530 3435 1575 et
3456 1521 3579 1577 alibi
3602 1542 3615 1578 :

2022 1599 2269 1655 Tenebrte
2314 1619 2418 1656 non
2456 1605 2878 1660 obscurabuntur
2904 1609 2996 1661 abs
3026 1618 3094 1675 te,
3128 1621 3173 1665 et
3214 1628 3317 1666 nox
3347 1614 3481 1668 sicut
3507 1615 3616 1670 dies

2014 1687 2441 1747 illuminubitur:
2491 1695 2625 1748 sicut
2655 1698 2877 1752 tenebra:
2917 1699 3051 1769 ejus,
3108 1703 3181 1756 ita
3224 1712 3271 1757 et
3303 1702 3476 1759 lumen
3500 1705 3615 1777 ejus

312 1798 680 1852 peccawrum,
709 1783 935 1852 Quando
964 1786 1108 1840 enim
1133 1787 1256 1856 quis
1290 1802 1321 1842 ει
1352 1786 1585 1842 veritate
1618 1795 1674 1843 et,
1695 1788 1909 1857 justitia
1940 1784 1985 1843 Β
2015 1776 2485 1856 (Psal.cxxxvm).
2522 1785 2796 1842 Tenebras
2842 1790 2984 1846 enim
3034 1792 3166 1848 dicit
3211 1795 3439 1865 mystica
3471 1776 3616 1866 quar—

314 1873 539 1937 recedit,
569 1881 626 1928 et
669 1874 722 1929 iu
768 1874 1022 1930 tenebras
1062 1890 1311 1931 errorum
1354 1884 1515 1947 atque
1560 1888 1915 1947 peccatorum

310 1962 545 2028 corruit,
592 1964 783 2019 merito
835 1960 1045 2036 vesperi
1094 1966 1314 2023 nomine
1364 1976 1611 2034 vocatur,
1644 1970 1767 2039 quia
1806 1970 1917 2025 Au-

2020 1885 2125 1941 que
2153 1882 2208 1926 et
2227 1873 2490 1943 profunda
2521 1874 2927 1946 Scripturarum
2957 1881 3260 1937 divinarum
3286 1884 3440 1953 juxta
3484 1886 3615 1941 illud

2017 1963 2161 2032 quod
2192 1962 2423 2034 legimus
2453 1965 2506 2018 in
2536 1964 2886 2023 Proverbiis:
2927 1968 3181 2042 Intelligit
3226 1990 3428 2044 quoque
3455 1992 3616 2045 puru-

311 2052 575 2119 tichristi,
606 2055 697 2124 qui
740 2053 942 2128 Vesper
980 2057 1035 2115 in
1079 2054 1377 2128 scripturis
1419 2059 1741 2129 appellatur,
1786 2076 1919 2116 con-
2016 2054 2190 2109 balant
2231 2066 2279 2109 et
2326 2056 2652 2110 tenebrosum
2679 2075 2970 2116 sermonem
3023 2059 3204 2133 (Prov.
3229 2064 3326 2131 vr).
3361 2064 3451 2120 Sic
3475 2066 3610 2120 etin

308 2161 432 2201 sors
464 2146 715 2202 efﬁcitur.
754 2149 1138 2221 intempestum
1185 2161 1390 2217 autem,
1420 2153 1524 2221 hoc
1554 2162 1636 2209 est
1675 2156 1911 2209 medium

309 2237 491 2291 noctis
517 2236 603 2291 vel
640 2236 1063 2308 profunditatem
1108 2234 1453 2313 peccatorum
1499 2245 1788 2316 signiﬁeat,
1824 2246 1911 2302 vel

311 2344 591 2384 recessum
621 2345 652 2385 a
698 2331 987 2389 mundanis
1038 2343 1092 2388 ct
1138 2336 1206 2390 ad
1249 2324 1574 2391 laudantium
1622 2338 1911 2395 Dominum

310 2418 583 2474 bonorum
630 2420 908 2475 hominum
956 2424 1214 2481 studium.
1248 2424 1402 2481 Unde
1440 2425 1706 2496 Propheta
1734 2428 1812 2483 ait
1853 2430 1910 2486 in

304 2511 515 2579 psalmo
549 2529 564 2566 :
597 2510 775 2566 Media
821 2523 968 2569 nocte
1013 2515 1288 2586 surgebam
1316 2517 1386 2571 ad
1423 2517 1772 2586 conﬁtendum
1814 2521 1909 2576 tibi

305 2616 464 2669 super
492 2600 713 2671 judicia
752 2601 978 2672 justitia:
1011 2613 1114 2658 tua:
1144 2601 1315 2676 (Paul.
1340 2606 1550 2677 exvut).
1599 2609 1713 2666 Non
1747 2619 1906 2667 vacat

302 2693 450 2760 quod
487 2692 693 2747 dicitur
725 2710 739 2747 :
773 2693 943 2750 media
975 2707 1123 2751 nocte
1147 2700 1443 2769 surgebam.
1475 2699 1591 2757 Scit
1622 2704 1766 2760 enim
1798 2707 1904 2763 hoc

305 2796 553 2859 tempore
594 2788 955 2864 primogenita
984 2789 1362 2864 Egyptiorum
1402 2795 1570 2853 fuisse
1601 2814 1898 2869 percussa:

301 2880 408 2935 scit
436 2881 605 2935 etiam
635 2896 699 2937 ea
726 2889 1070 2953 tempestate,
1097 2884 1270 2953 Petri,
1295 2884 1519 2944 Pauliet
1558 2888 1684 2949 Sila:
1710 2891 1764 2947 in
1789 2909 1904 2948 car-

305 2964 431 3024 cere
462 2970 765 3040 positorum
794 2972 1007 3028 vinetda
1040 2974 1307 3042 resoluta;
1340 2978 1444 3034 scit
1472 2995 1688 3052 quoque
1733 2999 1900 3056 spon-

300 3079 422 3117 sum
476 3064 654 3119 media
708 3074 867 3121 nocte
900 3081 1022 3123 esse
1068 3076 1387 3135 venturum,
1435 3072 1662 3143 ideoque
1709 3079 1898 3132 eodem

2017 2147 2125 2201 alio
2162 2146 2369 2216 psalmo
2395 2147 2662 2220 legimus:
2698 2148 2989 2205 Tenebrosa
3019 2170 3156 2224 aqua
3182 2154 3236 2208 in
3263 2155 3486 2210 nubibus
3525 2173 3611 2211 ae-

2013 2237 2085 2291 ris
2109 2236 2281 2308 (Psal.
2307 2237 2482 2308 xvn);
2516 2254 2645 2308 ergo
2678 2239 2796 2294 ista:
2821 2240 3059 2297 tenebrae
3103 2259 3209 2297 non
3240 2246 3611 2302 obscurabun-

2011 2339 2119 2392 tur,
2174 2328 2266 2382 scd
2315 2329 2493 2399 potius
2541 2330 2914 2387 illutninantur
2950 2348 2981 2387 a
3034 2332 3263 2389 Demino
3293 2380 3311 2402 ,
3351 2340 3604 2407 quoniam

2009 2419 2323 2486 praedicatio
2349 2420 2742 2490 prophetarum
2770 2422 2888 2490 ipso
2916 2422 3167 2479 veniente
3201 2426 3469 2496 completa
3500 2438 3601 2483 est.

2007 2509 2373 2581 ignorantiam
2425 2520 2606 2566 autem
2655 2511 2965 2581 signiﬁcant
3008 2515 3243 2569 tenebne
3273 2515 3327 2570 in
3361 2517 3445 2571 illa
3479 2535 3608 2589 apo-

2007 2599 2200 2655 stolica
2230 2602 2519 2668 sententia,
2540 2618 2648 2672 qua
2679 2601 2810 2657 dicit
2834 2601 2901 2658 de.
2919 2605 3328 2675 peccatoribus:
3362 2607 3605 2664 Tenebris

2006 2691 2339 2746 obscuratum
2369 2692 2612 2748 habentes
2640 2710 2732 2748 cor
2754 2694 2968 2766 (Ep/tes.
2989 2697 3085 2767 tv).
3110 2696 3485 2752 Inﬁdelitatem
3510 2716 3607 2754 au-

2007 2790 2114 2838 tem
2145 2783 2451 2854 iniquorum
2479 2786 2571 2840 illa
2599 2786 2910 2856 evangelica
2951 2791 3215 2843 sententia
3244 2790 3482 2858 denotat,
3512 2793 3603 2848 ubi

2003 2875 2241 2932 dicitur:
2286 2874 2405 2931 Lua:
2447 2879 2500 2933 in
2543 2877 2766 2933 tenebris
2795 2878 2953 2944 lucet,
2993 2888 3041 2933 et
3085 2881 3308 2936 tenebrat
3355 2900 3469 2937 eam
3496 2901 3600 2941 non

2003 2965 2505 3036 comprehenderunt
2529 2965 2712 3040 (Joan.
2736 2968 2799 3033 ι).
2831 2968 2944 3024 Lux
2975 2971 3173 3041 quippe
3193 2980 3277 3026 est
3315 2972 3597 3029 hominum

2003 3056 2276 3123 Christus,
2306 3072 2427 3127 quae
2451 3060 2633 3115 omnia
2674 3060 2763 3128 qui
2793 3060 3087 3115 illuminari
3132 3072 3411 3119 merentur
3439 3067 3601 3123 corda

301 3158 547 3223 ιρηῳοτε
595 3156 769 3227 surgit
813 3157 881 3212 ad
942 3156 1149 3224 laudes,
1204 3175 1274 3215 ne
1315 3160 1457 3216 inter
1512 3164 1692 3220 famas
1732 3167 1898 3239 ﬁrgi_
1926 3146 1970 3207 C
2002 3147 2281 3239 hominum
2312 3164 2424 3203 sua:
2467 3150 2753 3219 praesentia
2800 3151 3125 3222 cognitionis
3151 3154 3423 3222 illustrat;
3455 3164 3603 3214 tene-

298 3258 396 3297 ncs
422 3243 593 3311 janua
635 3246 817 3304 clausa
862 3258 1160 3304 remaneat.
1192 3250 1303 3306 Nec
1347 3258 1523 3320 vacat,
1555 3257 1696 3324 quod
1728 3258 1895 3313 dicit:

301 3337 582 3403 surgebam
620 3353 641 3391 :
676 3339 803 3408 quia
856 3354 1071 3411 semper
1113 3342 1370 3413 surgitur,
1404 3359 1526 3403 cum
1576 3347 1644 3401 ad
1687 3346 1899 3404 Domini

296 3428 569 3496 praeconia
611 3426 918 3485 festinatur.
953 3432 1036 3486 Ad
1078 3433 1451 3502 conﬁtendum,
1490 3436 1579 3491 hic
1623 3438 1899 3508 signiﬁcat

295 3521 365 3574 ad
402 3519 758 3588 laudandum,
785 3524 910 3594 quia
938 3525 1182 3594 sequitur
1207 3543 1220 3579 :
1250 3542 1408 3596 super
1435 3526 1645 3597 judicia
1668 3530 1897 3599 justitia:

302 3621 429 3666 tum.
462 3610 605 3667 Nam
651 3613 697 3667 si
728 3614 1058 3684 paenitentiae
1084 3614 1480 3673 confossioncm
1509 3619 1767 3675 voluisset
1813 3622 1896 3676 in-

298 3698 479 3772 telligi,
510 3718 675 3772 super
705 3704 1116 3759 misericordiam
1152 3716 1318 3772 tuam,
1349 3706 1554 3763 diceret
1590 3725 1603 3762 :
1644 3724 1774 3775 non,
1803 3727 1895 3765 su-

292 3810 383 3861 per
406 3792 621 3862 judicia
657 3796 886 3864 justitia:
910 3804 1035 3850 tute.
1071 3795 1414 3854 Gallicinium
1458 3806 1636 3854 autem
1673 3814 1893 3858 conver-

293 3884 501 3939 sionem
532 3894 883 3957 peccatorum
913 3888 1199 3960 signiﬁcat.
1231 3888 1383 3946 Unde
1411 3891 1600 3947 eodem
1651 3899 1891 3963 tempore

293 3972 507 4040 Petrus,
535 3976 632 4047 qui
659 3976 944 4032 Demittum
981 3981 1224 4051 negando
1248 3980 1302 4034 in
1335 3982 1574 4038 tenebris
1596 3982 1887 4041 oblivionis

295 4070 519 4132 erravit,
550 4078 607 4124 et
657 4080 889 4141 speratze
922 4070 1034 4142 jam
1085 4071 1220 4128 lucis
1268 4076 1722 4133 rememoratione
1763 4094 1887 4134 cor-

297 4160 454 4226 rexit,
483 4171 541 4216 et
571 4160 813 4230 ejusdem
839 4178 981 4218 verae
1025 4162 1163 4220 lucis
1187 4165 1379 4235 adepta
1417 4170 1703 4235 przesentia
1730 4170 1887 4240 plene

303 4258 507 4316 totum,
555 4250 817 4322 quidquid
874 4262 1207 4319 mutaverat,
1254 4256 1445 4311 erexit.
1496 4254 1648 4314 Hunc
1694 4259 1887 4329 opinor

293 4340 492 4410 gallum
526 4342 762 4413 aliquem
789 4344 1069 4400 doctorum
1110 4345 1534 4418 intelligendum,
1565 4350 1656 4419 qui
1686 4365 1781 4405 vos
1800 4348 1886 4419 ja-

295 4445 479 4492 centes
527 4439 776 4494 excitans
817 4448 873 4495 et
918 4440 1287 4497 somnolentos
1336 4443 1606 4514 increpat,
1651 4445 1878 4502 dicens:

2000 3238 2115 3292 bra:
2145 3248 2324 3294 autem
2370 3240 2520 3295 stulti
2562 3249 2692 3295 sunt
2732 3250 2786 3296 et
2816 3243 3004 3313 iniqui,
3038 3259 3267 3314 quorum
3298 3260 3439 3302 casca
3464 3265 3602 3319 prte-

1996 3330 2184 3384 cordia
2228 3329 2318 3384 lux
2362 3340 2419 3386 et
2463 3347 2593 3387 erue
2624 3332 2884 3405 [arternae]
2919 3336 3217 3406 sapientim,
3246 3337 3424 3408 qualia
3467 3340 3596 3406 sint,

1998 3420 2284 3478 manifeste
2328 3422 2644 3494 cognoscit:
2697 3424 2948 3493 quamvis
2994 3425 3095 3494 ipsi
3149 3426 3330 3481 radios
3356 3427 3599 3497 ejusdem

1996 3512 2133 3568 lucis
2156 3528 2497 3582 nequaquam
2529 3527 2724 3583 capere
2769 3528 2866 3583 per
2906 3515 3313 3586 intelligentiam
3344 3518 3593 3587 possint:

1994 3604 2159 3660 veluti
2186 3605 2229 3659 si
2254 3605 2483 3675 quilibet
2508 3621 2683 3660 caecus
2700 3603 2896 3673 jubere
2939 3606 3068 3661 solis
3114 3607 3465 3674 obfundatur,
3497 3626 3597 3667 nec

1994 3703 2175 3751 tamen
2201 3695 2317 3767 ipse
2338 3695 2524 3759 solem,
2558 3695 2713 3766 cujus
2739 3695 2939 3753 lumine
2958 3696 3318 3767 perfunditur,
3343 3701 3591 3770 aspiciat.

1993 3784 2269 3850 Tenebrae,
2319 3784 2562 3840 diabolus
2610 3785 2694 3839 vel
2733 3786 3024 3852 dremones,
3071 3796 3132 3842 ut
3178 3788 3230 3843 in
3273 3788 3591 3861 Pmphcta:

1990 3878 2242 3934 Inimicos
2290 3879 2427 3948 ejus,
2457 3879 2511 3933 id
2560 3888 2664 3943 est,
2706 3879 3013 3946 Dominum,
3045 3893 3424 3952 persequuntur
3452 3891 3593 3937 tene-

1989 3967 2096 4022 brte
2122 3966 2290 4040 (Natu.
2317 3974 2376 4037 ι).
2408 3967 2572 4022 Parua
2597 3976 2778 4022 autem
2801 3969 3057 4036 gehennae
3084 3970 3135 4023 in
3160 3970 3397 4025 tenebris
3423 3973 3591 4043 signi-

1988 4056 2183 4112 ﬁcatur
2212 4056 2265 4111 in
2296 4056 2387 4111 illa
2418 4057 2695 4129 Evangelii
2742 4058 3031 4124 sententia,
3063 4060 3152 4114 ubi
3191 4060 3259 4114 de
3298 4073 3586 4130 peccatore

1986 4151 2061 4206 ita
2089 4150 2322 4221 legitur:
2385 4148 2587 4222 Ligatis
2629 4152 2871 4204 manibus
2897 4160 2946 4205 et
2972 4150 3189 4222 pedibus
3237 4152 3355 4220 ejus
3396 4154 3586 4208 mittite

1984 4261 2104 4298 eum
2130 4243 2183 4296 in
2224 4242 2462 4297 tenebras
2503 4244 2804 4306 exteriores,
2837 4243 2925 4296 ubi
2972 4244 3068 4296 erit
3113 4244 3268 4312 ﬂetus
3296 4252 3344 4297 et
3392 4245 3580 4298 stridor

1983 4333 2222 4388 dentium
2250 4331 2466 4403 (Matth.
2493 4334 2650 4404 χιιι).
2704 4331 3022 4404 Quicunque
3069 4338 3200 4403 ergo
3248 4334 3301 4388 in
3331 4338 3583 4405 pnescnti

1984 4424 2094 4479 vita
2118 4422 2447 4479 inﬁdelitatis
2476 4430 2532 4479 et
2574 4432 2921 4493 peccatorum
2971 4425 3318 4481 interioribus
3348 4428 3586 4484 tenebris

293 4526 569 4599 Erigilute,
585 4531 741 4602 justi,
763 4542 811 4587 et
837 4533 996 4587 nolite
1015 4550 1248 4605 peccare.
1280 4499 1594 4590 Matutinum
1622 4553 1751 4608 ergo
1775 4534 1887 4593 sive
1915 4499 1965 4559 Β
1991 4518 2333 4582 Obscuram",
2365 4529 2587 4573 necesse
2632 4527 2734 4584 es"
2772 4518 2816 4573 Si
2863 4518 2913 4573 εί
2960 4519 3223 4590 condigna
3263 4522 3581 4591 Ρωηίῑθιηίθ

294 4616 591 4675 diluculum
639 4623 1054 4679 resurrectionis
1090 4624 1383 4680 Dominicae
1422 4633 1630 4696 tempus
1676 4628 1886 4699 signiﬁ-

292 4713 402 4769 cat,
426 4704 514 4760 vel
543 4706 780 4761 hominis
806 4722 837 4761 a
882 4709 1124 4778 peccatis
1165 4709 1232 4764 ad
1261 4708 1486 4780 justitiae
1512 4711 1726 4781 plenam
1754 4728 1884 4769 con-

289 4794 614 4857 versionem.
649 4795 799 4852 Unde
842 4797 1125 4854 Psalmista
1155 4800 1220 4853 ad
1253 4800 1536 4854 Dominum
1566 4802 1682 4856 ait:
1711 4802 1793 4855 Ad
1834 4813 1883 4859 te

289 4886 356 4937 de
382 4885 498 4939 luce
546 4886 700 4957 vigilo
722 4903 743 4942 :
769 4898 816 4942 et
844 4890 897 4943 in
926 4887 1198 4943 matutinis
1244 4890 1534 4943 meditabor
1573 4891 1627 4945 in
1657 4902 1724 4955 te,
1756 4895 1881 4963 quia

290 4973 461 5043 (astus
494 4988 550 5029 es
590 4976 808 5047 adjutor
845 4994 991 5032 meus
1036 4977 1207 5047 (Psul.
1232 4980 1388 5049 exn).
1417 4981 1498 5035 Ad
1528 4981 1702 5049 ipsum
1747 4984 1884 5054 vigi-

288 5066 452 5132 latur,
499 5069 715 5139 quoties
757 5065 810 5123 i'n
862 5070 1045 5123 mundi
1077 5069 1371 5124 ambitione
1405 5068 1690 5126 dormitur.
1743 5073 1879 5127 Nam

287 5155 378 5209 illa
417 5157 501 5213 sic
546 5159 949 5229 consequimur,
999 5158 1045 5213 si
1089 5159 1190 5213 ista
1238 5159 1487 5214 deserere
1537 5158 1873 5219 festinemus.

284 5243 431 5300 Bene
480 5256 663 5301 autem
710 5246 951 5316 adjecit:
992 5246 1060 5301 In
1090 5247 1360 5302 matutinis
1394 5245 1685 5303 meditabor
1726 5250 1781 5304 in
1826 5260 1875 5305 te

284 5336 461 5408 (Psal.
486 5340 652 5412 cru);
700 5351 757 5395 et
795 5340 922 5396 alibi
967 5358 980 5396 :
1022 5339 1320 5410 Exsurgam
1362 5339 1629 5407 diluculo;
1657 5343 1874 5410 quando

285 5436 497 5499 tempus
525 5430 819 5487 Dominicte
850 5430 1265 5487 resurrectionis
1294 5429 1483 5495 eluxit,
1511 5439 1566 5486 et
1597 5440 1727 5487 tunc
1753 5432 1870 5503 ejus

286 5519 469 5577 laudes
515 5530 801 5587 cerneret,
844 5522 1061 5594 quando
1094 5537 1263 5591 genus
1299 5522 1595 5577 humanum
1629 5525 1875 5597 exemplo

283 5628 394 5668 sua:
425 5616 841 5672 resurrectionis
869 5617 1149 5671 animavit.
1181 5615 1498 5671 Matutinum
1529 5616 1715 5687 jutlicii
1760 5618 1877 5675 dies

285 5720 397 5764 ε.ιό
426 5710 755 5764 resurrectio
796 5720 1154 5777 mortuorum,
1196 5719 1254 5764 ut
1296 5710 1347 5764 lu
1380 5708 1628 5780 psalmo:
1663 5708 1728 5765 In
1756 5726 1872 5765 ma-

1988 4626 2096 4667 non
2118 4610 2453 4675 subvenerit,
2475 4617 2534 4663 ut
2552 4609 2606 4663 in
2628 4609 2928 4664 exteriores
2950 4611 3200 4665 tenebras
3227 4623 3349 4682 post
3368 4611 3575 4667 exitum

1986 4702 2269 4772 praesentis
2294 4700 2416 4757 vitae
2437 4701 2703 4765 mittatur,
2732 4701 2822 4757 ubi
2846 4709 2930 4755 est
2954 4716 3114 4772 paena
3143 4703 3337 4758 mortis
3365 4711 3420 4758 et
3439 4719 3580 4758 sem-

1986 4795 2233 4864 piternus
2258 4795 2453 4850 horror
2481 4792 2768 4848 inhabitat.
2815 4792 3019 4849 Umbra
3048 4809 3177 4866 ergo
3202 4794 3492 4864 aliquando
3520 4795 3572 4849 in

1984 4885 2146 4950 bono,
2174 4883 2462 4954 aliquando
2485 4883 2537 4938 in
2560 4882 2702 4938 malo
2724 4883 2961 4953 ponitur.
2994 4883 3146 4939 Tunc
3175 4899 3300 4938 vero
3329 4885 3382 4938 in
3410 4884 3574 4947 bono,

1985 4975 2199 5044 quando
2232 4975 2529 5031 custodiam
2558 4974 2653 5028 Dei
2681 4981 2738 5028 et
2765 4974 3153 5043 protectioncm
3184 4972 3417 5042 Spiritus
3444 4987 3573 5027 san-

1984 5065 2055 5120 cti
2106 5064 2394 5135 signiﬁcat,
2445 5073 2504 5118 ut
2553 5071 2637 5120 est
2678 5063 2806 5117 illud
2834 5064 2888 5117 in
2940 5062 3186 5131 psalmo:
3228 5059 3336 5114 Sub
3387 5061 3571 5114 umbra

1984 5155 2191 5210 uiarum
2220 5167 2432 5209 tuarum
2468 5170 2642 5226 spero,
2673 5156 2836 5209 donec
2866 5164 3095 5207 transeat
3119 5152 3369 5222 iniquitas
3395 5151 3549 5223 (Psal

1982 5247 2111 5318 ιιι).
2136 5246 2205 5300 Et
2224 5246 2348 5301 alibi
2374 5264 2388 5301 :
2412 5246 2628 5301 Custodi
2651 5263 2747 5307 me,
2776 5245 3020 5309 Domine,
3045 5256 3100 5296 ut
3121 5241 3373 5313 pupillam
3397 5244 3570 5310 oculi;

1980 5341 2075 5395 sub
2123 5340 2308 5393 umbra
2354 5338 2562 5393 alarum
2605 5349 2815 5392 tuarum
2859 5346 3066 5408 protege
3114 5353 3195 5390 me
3232 5335 3405 5407 (Psal.
3433 5339 3569 5406 xw).

1978 5432 2272 5504 Aptissime
2304 5431 2485 5499 itaque
2509 5430 2644 5498 petit
2664 5427 2920 5483 custodiri
2945 5442 3024 5493 se,
3055 5426 3387 5497 utpupillam
3406 5426 3570 5492 oculi,

1978 5525 2194 5597 quando
2224 5531 2280 5578 et
2309 5537 2405 5593 per
2448 5523 2616 5592 ipsam
2647 5536 2732 5575 res
2763 5520 2997 5575 visuales
3032 5520 3409 5586 discernimus,
3437 5528 3490 5577 et
3517 5522 3568 5578 in

1979 5626 2164 5674 nostro
2201 5629 2428 5687 corpore
2473 5612 2606 5668 nihil
2649 5612 2995 5682 praestantius
3031 5612 3322 5668 invenitur.
3370 5611 3567 5684 Sequi-

1980 5719 2069 5768 tut‘
2092 5729 2102 5765 :
2139 5707 2247 5767 Sub
2276 5709 2459 5762 umbra
2480 5704 2685 5758 alarum
2710 5713 2919 5758 tuarum
2945 5715 3150 5776 protcgc
3176 5721 3274 5759 me.
3303 5704 3401 5762 llic
3420 5705 3567 5763 aliud
