4072 6198
461 249 570 306 295

1115 243 1177 300 Β.
1215 243 1470 302 RABANI
1509 244 1729 303 MAURI
1767 242 2089 300 ARCHIEP.
2127 239 2440 300 MOGUNT.
2480 237 2771 312 OPEBUM
2809 235 2992 295 PARS
3031 235 3099 293 ll.

3637 239 3746 300 εἷιῆ

462 355 827 414 introducitur
862 369 1024 412 scena
1055 354 1347 430 [schema],
1373 356 1515 426 quod
1541 354 1734 413 Graece
1771 354 2050 428 parabola,
2078 363 2129 424 Α
2155 353 2362 412 volunt.
2386 353 2518 410 Item
2541 354 2731 412 umbra
2753 363 2808 410 et
2833 351 3006 426 caligo
3026 351 3314 424 aliquando
3333 363 3556 422 peccata
3583 353 3753 426 sigm-

460 446 656 504 Latine
671 447 1004 520 comparatio
1018 446 1237 513 dicitur,
1251 447 1470 516 quando
1489 447 1591 504 sibi
1605 463 1776 520 genus
1795 447 2055 504 dissimile

461 540 514 598 in
544 539 722 610 aliqua
752 541 1173 596 commonitione
1196 541 1454 596 sociatur.
1482 541 1736 596 Paternis
1763 540 1908 596 enim
1933 555 2059 612 pro-

463 632 788 688 tectionibus
812 631 910 688 alte
931 641 1058 688 sunt
1089 641 1434 702 comparatae.
1468 631 1834 688 Misericordia
1861 632 2060 702 quippe

459 732 518 781 et
541 723 784 780 cltaritas
817 723 970 794 quasi
999 723 1098 779 ala:
1123 731 1247 778 sunt
1291 723 1491 789 Patris,
1531 723 1727 793 quibus
1751 739 1812 779 se
1845 722 2059 794 protegi

461 827 823 890 congruenter
871 817 1197 888 expostulat.
1251 817 1316 872 Et
1372 817 1427 872 in
1457 817 1788 889 Evangelio:
1833 815 1903 870 Et
1941 833 2059 870 ecce

462 907 623 963 nubes
652 908 829 963 lucida
863 909 1186 962 obumbravit
1224 924 1312 962 eos
1348 907 1565 978 (Matth.
1590 907 1762 980 xvn);
1801 914 1855 960 et
1883 905 2010 962 alibi
2039 925 2054 961 :

463 999 571 1055 Sub
595 1002 779 1056 umbra
805 1001 922 1070 ejus
951 1003 1180 1056 vivemus
1208 1000 1530 1071 in‘gentibus
1556 999 1706 1072 (Thr.
1727 999 1822 1072 tv).
1856 998 2059 1055 Umbra

461 1089 866 1147 Testamentum
903 1091 1092 1157 Vetus,
1125 1100 1185 1146 ut
1213 1091 1264 1146 in
1297 1091 1623 1146 Salomone:
1653 1090 1826 1144 Donec
1855 1089 2058 1160 aspice-

461 1194 535 1240 ret
567 1187 677 1242 dies
707 1196 755 1240 et
779 1193 1115 1240 amoveantur
1143 1183 1340 1236 umbra:
1379 1180 1554 1254 (Cant.
1579 1179 1676 1254 tv).
1723 1180 1923 1236 Umbra
1949 1181 2060 1234 vita

463 1281 716 1341 ltominis,
739 1286 802 1333 ut
836 1277 890 1330 in
933 1274 1072 1330 Job:
1123 1273 1284 1345 Fugit
1331 1272 1468 1327 velut
1519 1272 1704 1327 umbra
1751 1270 2057 1344 (Job.xtv).

463 1375 664 1430 Umbra
699 1385 848 1424 mors
873 1368 1076 1432 carnis,
1107 1375 1167 1420 ut
1193 1367 1244 1422 in
1274 1365 1520 1436 psalmo:
1553 1362 1773 1436 Operuit
1821 1380 1914 1419 nos
1939 1381 2058 1418 um-

464 1468 556 1522 bra
588 1465 774 1518 mortis
806 1461 980 1535 (Psal.
1003 1460 1180 1529 XLIII).
1228 1460 1382 1514 Tunc
1410 1467 1594 1524 autem
1621 1461 1674 1513 in
1701 1459 1844 1513 tnalo
1869 1459 2058 1514 umbra

460 1556 697 1628 ponitur,
728 1553 944 1625 quando
984 1551 1068 1606 vel
1096 1551 1339 1620 corporis
1368 1559 1598 1606 mortem
1640 1549 1933 1621 signiﬁcat,
1977 1547 2063 1604 vel

459 1660 675 1717 poenam
713 1645 989 1716 gehennzc,
1030 1652 1088 1697 ut
1111 1651 1196 1696 est
1224 1641 1351 1696 illud
1378 1659 1392 1695 :
1425 1640 1486 1696 Si
1507 1640 1842 1696 ambulavero
1869 1642 1926 1695 in
1949 1658 2056 1695 me-

2161 445 2308 512 ﬁeat,
2339 447 2485 502 unde
2512 446 2740 502 dicitur:
2771 445 3017 502 Sedentes
3047 445 3104 499 in
3139 444 3362 500 tenebris
3395 455 3444 500 et
3485 445 3542 500 in
3564 447 3752 501 umbra

2157 539 2344 594 mortis
2367 536 2522 610 (Luc.
2543 537 2608 612 t);
2633 528 2924 610 aliquando
2945 537 3358 594 delectationem
3379 546 3751 610 peccatorum,

2159 639 2220 688 ut
2244 640 2328 688 est
2352 631 2483 688 illud
2510 633 2565 687 in
2591 631 2694 688 Job
2721 631 2788 687 de
2815 630 3028 686 diabolo
3052 631 3258 686 dictum
3283 649 3296 686 :
3347 629 3455 687 Sub
3480 631 3667 686 umbra
3695 633 3755 687 in

2158 734 2354 780 secreto
2385 725 2579 782 calami
2616 734 2662 780 et
2689 724 2844 796 junci
2886 735 2934 780 et
2983 725 3111 780 locis
3157 724 3442 778 virentibus
3465 721 3610 796 (Job.
3634 722 3761 796 ιιι).

2158 816 2228 871 Ει
2252 817 2378 888 quia
2407 817 2599 873 umbra
2637 833 2746 874 non
2775 817 2934 888 longe
2960 825 3044 872 est
3068 818 3136 873 ab
3159 831 3307 882 aere,
3337 812 3491 886 cujus
3518 823 3602 871 est
3629 831 3762 870 um-

2158 906 2260 963 bra
2286 925 2298 962 :
2333 908 2406 964 ita
2434 915 2491 964 et
2520 922 2668 965 mors
2697 921 2804 964 non
2848 907 3006 978 longe
3046 915 3131 963 est
3163 922 3196 962 a
3238 922 3421 978 poena.
3451 905 3590 962 Hinc
3614 913 3672 960 et
3695 903 3755 960 in

2158 997 2260 1056 Job
2285 999 2486 1055 dicitur
2510 1017 2523 1054 :
2567 997 2669 1053 Ubi
2699 997 2883 1052 umbra
2905 997 3110 1062 mortis,
3145 1007 3193 1052 et
3221 994 3398 1051 nullus
3425 1001 3500 1051 est
3523 994 3676 1063 ordo,
3699 998 3752 1044 et

2158 1092 2500 1164 sempiternus
2529 1091 2717 1145 horror
2739 1087 2994 1146 inhabitat
3017 1088 3158 1160 (Job.
3183 1087 3262 1159 x).

2773 1199 3002 1256 CAPUT
3035 1198 3131 1255 IX.

2693 1270 2774 1326 De
2792 1271 3218 1328 hebdomadibus.

2233 1363 2580 1420 “ebdomada
2610 1362 2799 1418 Grtece
2849 1379 2879 1417 a
2933 1360 3241 1433 septenario
3279 1373 3506 1414 numero
3553 1373 3757 1415 nomen
3791 1345 3800 1349 ’

2161 1458 2390 1530 accepit,
2439 1457 2674 1512 humana
2719 1455 2934 1526 quidem
2961 1451 3355 1510 consuetudine
3394 1449 3636 1522 septenis
3667 1464 3759 1504 so-

2165 1551 2274 1606 lum
2304 1557 2425 1604 aeta
2470 1547 2702 1603 diebus:
2742 1547 2838 1602 sed
2863 1543 3161 1616 Scriptura:
3209 1556 3381 1598 sacrae
3433 1539 3759 1596 auctoritate

2164 1640 2349 1696 multis
2402 1639 2688 1710 speciebus
2738 1634 2984 1710 insignis,
3035 1650 3158 1706 quae
3213 1643 3393 1690 tamen
3437 1641 3648 1688 cunctae
3678 1631 3759 1702 (ni

457 1735 546 1788 dio
567 1732 766 1788 umbra:
788 1733 972 1785 mortis
1015 1748 1119 1784 non
1147 1731 1333 1785 timebo
1376 1729 1540 1796 mala,
1583 1730 1834 1802 quoniam
1859 1740 1917 1784 tu
1944 1748 2054 1786 me-
2090 1717 2132 1777 Β
2163 1730 2340 1804 fallor)
2365 1731 2432 1786 ad
2465 1744 2630 1786 unum
2675 1728 2838 1784 ﬁnem
2870 1735 3138 1798 spectant,
3177 1741 3278 1781 nos
3315 1723 3523 1781 scilicet
3560 1722 3760 1778 admo-

458 1839 577 1877 cum
605 1839 658 1876 es
685 1819 857 1894 (Psal.
902 1819 1061 1892 xxtt).
1093 1821 1161 1875 Et
1186 1821 1314 1877 alibi
1343 1838 1357 1852 °
1399 1818 1700 1896 Posuerunt
1738 1825 1820 1876 ine
1849 1822 1906 1876 in
1933 1821 2054 1877 lacu

456 1913 696 1984 inferiori
717 1913 772 1966 in
793 1911 1014 1966 tenebris
1031 1921 1078 1966 et
1099 1912 1153 1966 in
1175 1912 1360 1966 umbra
1376 1911 1562 1966 mortis
1585 1909 1756 1984 (Psal.
1773 1912 2016 1980 Lxxxvn)
2037 1929 2052 1982 ;

455 2015 806 2075 peccatorum
835 2003 1036 2060 indicat
1064 2004 1263 2070 locum,
1289 2005 1416 2075 quia
1445 2019 1592 2060 mors
1623 2003 2054 2076 delinquentium

461 2097 744 2154 umbrosas
773 2111 838 2152 ac
866 2080 1180 2155 tcn'ebrosas
1198 2099 1402 2168 patitur
1425 2112 1630 2162 manes,
1663 2099 1789 2153 dum
1816 2099 1896 2154 eis
1919 2115 2054 2169 gau-

457 2189 604 2246 dium
633 2205 740 2244 nou
771 2189 996 2256 relucet,
1032 2190 1123 2260 qui
1156 2199 1414 2261 perpetua
1459 2190 1694 2246 tristitia:
1718 2206 1833 2248 suae
1861 2191 2056 2246 obscu-

457 2278 620 2333 ritate
645 2278 880 2334 demersi
919 2287 1086 2338 sunt:
1132 2287 1189 2335 et
1230 2280 1352 2335 ideo
1378 2296 1478 2352 pro
1506 2281 1749 2336 locorum
1797 2280 2056 2350 qualitate

457 2367 681 2422 verbum
721 2368 822 2423 boc
865 2367 1156 2424 multifaria
1201 2369 1599 2440 signiﬁcatione
1627 2369 1892 2424 variatur.
1947 2368 2053 2425 Ca-

456 2457 566 2530 ligo
595 2460 788 2514 umbra
816 2469 899 2515 est
928 2460 996 2514 de
1021 2460 1370 2531 spissitudine
1393 2462 1536 2516 aeris
1557 2460 1747 2518 ell‘ecta
1773 2479 1786 2516 :
1825 2476 1881 2518 et
1911 2461 2056 2518 dicta

457 2549 652 2622 caligo,
691 2551 836 2622 quod
861 2552 1094 2606 maxime
1118 2552 1262 2607 aeris
1285 2551 1462 2607 calore
1491 2552 1767 2624 gignatur.
1796 2551 1955 2611 Juxta
1977 2552 2056 2612 al-

456 2639 717 2714 legoriam
743 2657 874 2698 vero
899 2643 1168 2715 signiﬁcat
1197 2643 1369 2715 caligo
1393 2643 1699 2700 divinorum
1722 2656 2055 2703 secretorum

456 2731 876 2803 operimentum.
910 2734 1062 2791 Unde
1100 2734 1296 2808 legitur
1320 2736 1374 2791 in
1396 2735 1618 2792 Exodo:
1651 2735 1810 2794 Stetit
1831 2739 2056 2810 populus

456 2824 522 2880 de
549 2823 721 2897 longe,
748 2825 956 2897 Moyses
983 2835 1158 2883 autem
1192 2828 1409 2883 accessit
1437 2828 1508 2883 ad
1543 2827 1840 2902 caliginem,
1875 2832 1931 2884 in
1951 2848 2056 2902 qua

455 2927 570 2972 erat
610 2917 756 2973 Deus
787 2917 983 2990 (Exod.
1009 2918 1122 2990 xx).
1170 2919 1352 2974 Turba
1395 2919 1596 2991 quippe
1621 2919 1803 2990 populi
1850 2920 2053 2994 allego-

457 3007 664 3064 riarum
715 3009 1002 3082 caliginem
1032 3028 1140 3066 non
1169 3011 1316 3066 valet
1359 3021 1686 3082 penetrare:
1738 3013 1863 3084 quia
1901 3013 2056 3071 valde

2160 1831 2353 1880 nentes
2381 1830 2506 1894 post
2549 1835 2776 1892 operum
2806 1821 3072 1876 bonorum
3103 1817 3489 1888 perfectionem
3519 1814 3573 1870 in
3632 1811 3762 1884 δρία
3787 1839 3796 1844 -
3835 1815 3852 1837 ‘

2157 1919 2298 1973 ritus
2319 1915 2490 1972 sancti
2519 1914 2694 1986 gratia
2735 1921 3054 1984 perpetuam
3087 1925 3310 1982 sperare
3334 1908 3594 1980 quietem.
3629 1905 3760 1962 Pri-

2159 2025 2244 2078 ma
2266 2024 2396 2080 ergo
2423 1991 2716 2079 singularis
2757 2005 2846 2061 illa
2891 1995 3248 2068 ltebdomada,
3280 2010 3334 2057 et
3358 2017 3388 2056 a
3412 2017 3515 2072 qua
3545 2007 3764 2056 caetera!

2157 2099 2388 2154 formam
2416 2104 2726 2168 capessunt,
2758 2095 2940 2152 divina
2971 2101 3058 2150 est
3097 2083 3429 2164 operatione
3461 2089 3714 2146 sublimis
3742 2103 3761 2140 :

2156 2191 2284 2262 quia
2315 2189 2578 2246 Dominus
2617 2203 2712 2244 sex
2745 2187 2934 2244 diebus
2959 2185 3146 2242 mundi
3174 2193 3426 2256 ornatum
3455 2181 3760 2254 complens,

2156 2283 2384 2356 septima
2408 2281 2676 2351 requievit
2703 2279 2772 2334 ab
2813 2279 3068 2350 operibus
3094 2278 3248 2334 suis:
3293 2278 3387 2332 ubi
3433 2276 3762 2340 notandum,

2157 2374 2300 2445 quod
2332 2388 2437 2433 non
2471 2373 2592 2426 ideo
2618 2371 2870 2426 senarius
2899 2385 3159 2426 numerus
3187 2377 3273 2425 est
3294 2366 3594 2440 perfectus,
3627 2368 3760 2438 quia

2157 2465 2422 2524 Dominus
2448 2465 2500 2519 in
2541 2478 2606 2518 eo
2657 2462 2842 2518 mundi
2887 2476 3053 2534 epera
3092 2460 3418 2532 perfecerit:
3457 2460 3554 2515 sed
3593 2459 3767 2537 (sicut

2156 2557 2490 2631 Augustinus
2543 2555 2642 2626 ait)
2697 2553 2820 2609 ideo
2874 2552 3158 2630 Dominus,
3214 2550 3308 2623 qui
3359 2549 3542 2606 omnia
3592 2549 3762 2607 simul

2158 2664 2348 2706 creare
2387 2646 2622 2712 valebat,
2680 2643 2737 2700 in
2780 2659 2847 2700 eo
2904 2645 3157 2716 dignatus
3209 2650 3292 2700 est
3337 2641 3592 2712 operari:
3628 2641 3767 2713 quia

2158 2754 2419 2809 numerus
2450 2745 2536 2794 est
2559 2736 2654 2793 ille
2675 2733 2969 2808 perfectus,
3016 2745 3076 2790 ut
3112 2733 3276 2791 etiam
3304 2749 3404 2805 per
3426 2733 3567 2790 hunc
3589 2747 3762 2804 opera

2157 2845 2254 2888 sua
2285 2829 2542 2900 probaret
2563 2844 2683 2884 esse
2711 2827 2972 2898 perfecta,
3003 2827 3096 2898 qui
3139 2827 3250 2884 suis
3277 2827 3521 2898 partibus
3546 2826 3764 2898 primus

2159 2919 2438 2989 impletur,
2468 2917 2520 2972 id
2549 2926 2658 2984 est,
2689 2928 2842 2972 sexta
2869 2925 2926 2973 et
2949 2917 3110 2972 tertia
3135 2923 3191 2971 et
3211 2915 3452 2982 dimidia,
3480 2932 3600 2987 qute
3628 2927 3763 2973 sunt

2159 3025 2350 3075 unum,
2387 3009 2494 3065 duo
2539 3017 2594 3064 et
2623 3009 2748 3074 tria,
2797 3016 2853 3064 et
2896 3007 3059 3064 simul
3111 3024 3206 3064 sex
3251 3007 3405 3063 ﬁunt.
3458 3008 3542 3072 Ad
3591 3008 3764 3081 hujus

457 3114 754 3171 paucorum
782 3075 866 3156 est
913 3101 1215 3172 spiritalem
1259 3075 1593 3158 innellectum
1644 3075 1855 3160 rimari.
1918 3103 2054 3174 Quia
2086 3075 2128 3138 (ἶ
2160 3101 2467 3172 exemplum
2515 3099 2714 3156 divinae
2757 3099 3113 3155 hebdomadis
3161 3075 3764 3156 secunda‘hominibus

459 3189 602 3245 enim
625 3198 834 3246 mentes
853 3191 1155 3246 carnalium
1181 3193 1293 3246 sola
1318 3208 1459 3264 saepe
1481 3194 1704 3249 historia
1728 3206 2052 3266 pascuntur:

457 3279 709 3350 loquente
738 3282 849 3336 Deo
875 3282 1026 3336 stetit
1071 3281 1300 3352 pepulus
1330 3283 1398 3338 de
1422 3283 1578 3356 longe
1603 3302 1616 3338 :
1643 3285 1767 3354 quia
1794 3301 1925 3341 vero
1949 3287 2058 3356 spi—

459 3370 642 3427 ritales
665 3371 866 3442 quique
893 3371 1278 3444 allegoriarum
1324 3373 1521 3430 nubem
1551 3385 1837 3444 penetrant
1868 3387 1925 3432 et
1947 3380 2057 3450 spi-

461 3463 697 3518 ritaliter
731 3465 830 3520 Dei
860 3465 1022 3520 verba
1066 3477 1432 3535 cognoscunt:
1479 3467 1690 3540 Moyses
1733 3471 1965 3530 accessit
1989 3472 2057 3526 ad

457 3549 768 3622 caliginem,
791 3553 844 3606 in
871 3566 977 3622 qua
1002 3561 1121 3606 erat
1151 3552 1314 3608 Deus.
1346 3551 1483 3610 Hinc
1509 3562 1562 3608 et
1599 3555 1654 3610 in
1681 3555 1890 3627 psalmo
1915 3557 2054 3612 diei-

461 3647 588 3694 tur:
626 3638 808 3710 Caligo
839 3639 933 3694 sub
961 3641 1177 3712 pedibus
1219 3641 1332 3710 ejus
1371 3639 1544 3713 (Psal.
1583 3643 1716 3715 xvn)
1743 3659 1758 3710 ;
1789 3645 1918 3715 quia
1947 3661 2055 3700 non

457 3747 521 3788 ea
560 3731 810 3788 claritate
839 3734 980 3788 Dens
1022 3733 1091 3788 ab
1140 3731 1488 3790 inferioribus
1537 3737 1806 3802 cernitur,
1862 3751 1970 3808 qua
2001 3739 2055 3794 in

459 3823 828 3893 superioribus
851 3822 1182 3878 dominatur.
1228 3823 1358 3891 Qua:
1403 3826 1670 3880 sententia
1699 3834 1751 3880 et
1783 3826 1941 3883 aliter
1969 3829 2054 3882 in-

460 3913 622 3988 telligi
662 3922 878 3986 potest:
910 3914 1085 3986 caligo
1117 3930 1244 3971 vero
1270 3915 1360 3971 hic
1403 3915 1658 3974 Diabolus
1705 3926 1812 3986 est,
1839 3919 1930 3989 qui
1963 3920 2058 3975 ho-

457 4006 669 4062 tninum
695 4016 904 4062 mentes
943 4005 1232 4073 innubilat,
1281 4007 1410 4062 dum
1435 4009 1682 4067 veritatis
1709 4010 2056 4080 splendorem

458 4115 568 4154 non
593 4098 727 4154 facit
768 4098 970 4165 videre,
1021 4113 1157 4170 quas
1195 4100 1458 4170 possidet.
1499 4099 1608 4157 Sub
1634 4102 1854 4173 pedibus
1896 4104 2054 4175 ejus:

458 4194 583 4264 quia
609 4195 725 4250 sine
746 4193 908 4250 dubio
937 4191 1216 4262 majestate
1241 4192 1458 4248 Domini
1508 4193 1809 4252 Salvatoris
1832 4197 2054 4252 concul-

457 4292 614 4340 catur
643 4283 1036 4340 daemoniorum
1065 4285 1398 4340 exsecranda
1421 4285 1686 4356 nequitia,
1711 4287 1854 4343 sicut
1879 4287 1933 4342 in
1957 4302 2055 4342 no-

459 4375 738 4444 nagesimo
765 4374 974 4444 psalmo
995 4375 1196 4430 dictum
1227 4382 1346 4430 est:
1379 4373 1548 4448 Super
1573 4377 1809 4444 aspidem
1838 4387 1887 4432 et
1913 4378 2056 4434 basi-

459 4438 646 4518 liscum
671 4438 980 4532 ambulabis,
1004 4475 1054 4520 et
1097 4465 1426 4522 conculcabis
1455 4438 1670 4523 leonem
1693 4478 1742 4523 et
1767 4469 2053 4524 draconem
2083 4438 2132 4498 D

462 4552 638 4624 (Psal.
663 4558 792 4628 xc);
841 4557 972 4612 item
1000 4555 1176 4628 caligo
1217 4557 1488 4626 signiﬁcat
1523 4559 1824 4615 caecitatem
1874 4549 2056 4618 cordis

460 4654 889 4715 persecutorem.
919 4645 1057 4702 Hine
1076 4647 1336 4703 Dominus
1359 4646 1558 4705 ad'Job
1584 4649 1662 4705 ait
1686 4667 1699 4704 :
1746 4649 1880 4717 Quis
1905 4649 2058 4704 clau-

459 4738 529 4794 sit
547 4738 694 4792 ostiis
719 4755 887 4804 mare,
910 4739 1121 4810 quando
1160 4741 1456 4811 erumpebat
1485 4743 1638 4814 quasi
1665 4743 1729 4798 de
1753 4742 1906 4798 vulva
1931 4759 2058 4814 pro-

462 4831 673 4896 cedens,
704 4847 821 4885 cum
840 4845 1084 4901 ponerem
1115 4830 1301 4885 nubem
1325 4831 1682 4887 vestimentum
1715 4834 1854 4904 ejus,
1893 4843 1941 4888 et
1971 4851 2063 4889 ca-

461 4925 621 4996 ligine
666 4921 800 4978 illud
845 4921 998 4994 quasi
1047 4923 1237 4993 pannis
1286 4921 1527 4992 infantia:
1557 4923 1875 4982 obvolverem
1907 4923 2051 4996 (Job.

462 5016 616 5090 xxx).
673 5015 822 5072 Mare
869 5014 1097 5072 saeviens
1127 5016 1270 5072 nube
1313 5015 1574 5082 induitur,
1609 5015 1739 5088 quia
1764 5017 2054 5074 crudelitas

461 5109 906 5182 persequentium
936 5106 1178 5164 stultitia:
1221 5121 1334 5164 sua:
1361 5106 1664 5163 velamento
1700 5107 1932 5163 vestitur
1956 5125 1970 5162 :
1999 5116 2055 5164 et

463 5203 806 5274 perspicuam
833 5201 1082 5258 veritatis
1105 5201 1278 5258 lucem
1308 5202 1490 5258 videre
1516 5217 1624 5258 non
1649 5201 1870 5270 suiIieit,
1899 5213 1956 5258 et
1975 5204 2050 5272 id,

463 5296 608 5364 quod
655 5295 835 5365 agitur
875 5310 972 5365 per
1016 5293 1410 5359 crudelitatem,
1449 5309 1547 5364 per
1593 5295 1896 5350 cazcitatem
1944 5310 2053 5352 non

463 5386 729 5458 agtioseit.
755 5385 892 5454 Quia
921 5401 1050 5457 ergo
1091 5393 1464 5457 persecutores
1498 5385 1754 5442 Ecclesiae
1792 5387 2056 5442 instabili-

466 5483 577 5530 tate
619 5475 798 5532 cordis
844 5476 1070 5546 inquieti
1117 5486 1280 5548 atque
1330 5475 1458 5532 huic
1503 5476 1703 5532 saeculo
1748 5477 1913 5532 dediti
1947 5493 2052 5534 non

465 5565 708 5634 grandia,
753 5567 849 5622 sed
875 5565 1103 5637 puerilia
1141 5569 1379 5638 sapiunt,
1415 5583 1652 5638 superno
1693 5565 1898 5636 judicio
1926 5583 2056 5628 cou-

469 5651 827 5724 stringuntur,
872 5671 941 5713 ne
979 5666 1188 5714 tantum
1231 5660 1484 5729 persequi
1515 5659 1748 5726 valeant,
1793 5671 2052 5730 quantum

2156 3193 2498 3251 observanda
2533 3192 2846 3259 mandatur,
2886 3191 3098 3247 dicente
3137 3191 3366 3247 Domino
3397 3208 3411 3244 :
3452 3207 3545 3245 sea:
3571 3191 3768 3247 diebus

2157 3287 2453 3358 operaberis
2476 3297 2523 3340 et
2544 3285 2706 3356 facies
2733 3284 2910 3340 omnia
2947 3299 3104 3354 opera
3147 3292 3245 3360 tua,
3271 3295 3285 3309 °
3328 3281 3544 3353 septimo
3577 3293 3766 3360 autem

2155 3379 2241 3432 die
2290 3375 2510 3432 Sabboti
2557 3375 2770 3430 Domini
2805 3374 2904 3428 Dei
2944 3374 3022 3428 tui
3069 3390 3175 3428 non
3219 3373 3379 3444 facies
3424 3390 3576 3428 omne
3601 3391 3762 3452 opus.

2157 3469 2262 3526 Sea:
2280 3470 2419 3524 enim
2446 3468 2628 3522 diebus
2651 3467 2770 3538 fecit
2797 3466 3056 3522 Dominus
3083 3466 3268 3520 caelum
3291 3476 3340 3522 et
3361 3477 3576 3532 terram,
3602 3485 3757 3523 mare

2155 3570 2206 3617 et
2253 3560 2453 3627 omnia,
2489 3576 2610 3630 guto
2647 3559 2704 3614 in
2749 3559 2824 3613 eis
2859 3565 3020 3612 sunt:
3069 3567 3118 3611 et
3157 3559 3401 3632 requievit
3451 3557 3504 3612 in
3534 3559 3766 3629 septimo

2157 3651 2356 3724 (Exod.
2383 3650 2476 3724 xx)
2503 3667 2518 3716 ;
2549 3665 2669 3722 qua:
2703 3664 2736 3704 a
2785 3649 2981 3722 populo
3009 3645 3104 3704 Dei
3137 3646 3471 3706 ltebdomada
3507 3650 3577 3703 ita
3606 3664 3767 3704 cont-

2155 3743 2447 3814 putabatur
2476 3740 2774 3812 antiquitus
2811 3759 2824 3794 :
2875 3739 3051 3809 prima
3101 3739 3316 3795 sabbati
3363 3739 3448 3794 vel
3492 3756 3598 3795 una
3640 3744 3771 3796 salt-

2157 3832 2270 3888 bati
2331 3832 2448 3890 sive
2521 3831 2906 3896 sabbatorum,
2979 3830 3216 3886 secunda
3287 3831 3539 3896 sabbati,
3594 3836 3764 3889 tertia

2159 3925 2392 3988 sabbati,
2439 3933 2633 3994 quarta
2685 3921 2920 3988 sabbati,
2959 3923 3143 3993 quinta
3175 3923 3410 3989 sabbati,
3443 3933 3598 3983 sexta
3632 3926 3766 3980 sab-

2157 4016 2290 4081 bati,
2347 4015 2574 4087 septima
2625 4013 2854 4077 sabbati,
2911 4013 2999 4070 vel
3047 4011 3330 4070 sabbatum
3371 4032 3384 4070 :
3451 4031 3558 4071 non
3607 4019 3764 4086 quod

2155 4121 2346 4164 omnes
2408 4105 2790 4170 sabbatorum,
2843 4104 2948 4160 hoc
2991 4113 3114 4171 est,
3162 4095 3561 4176 hrequielionum
3595 4108 3741 4164 ~dics

2154 4215 2277 4270 qum
2303 4213 2401 4254 suo
2429 4197 2646 4253 nomine
2675 4206 2731 4252 et
2767 4196 2915 4252 cultu
2963 4196 3220 4268 singulari
3297 4199 3614 4266 excellebat,
3643 4203 3765 4272 pri-

2155 4306 2243 4346 ma
2271 4289 2357 4346 vel
2394 4288 2628 4345 secunda
2659 4289 2745 4344 vel
2794 4289 2976 4355 tertia,
3020 4289 3104 4344 vel
3149 4301 3361 4346 canem:
3397 4307 3494 4346 suo
3525 4308 3773 4364 qumque

2157 4391 2510 4437 censerentur
2532 4397 2600 4436 ex
2626 4379 2834 4436 ordine.
2875 4379 3057 4436 Tertia
3080 4381 3290 4451 species
3318 4383 3672 4440 hebdomadis
3702 4388 3762 4442 in

2157 4473 2518 4530 celebratione
2570 4471 2915 4529 Pentecostes
2967 4473 3142 4545 agitur
3169 4514 3186 4540 ,
3247 4483 3450 4549 septem
3505 4477 3770 4534 videlicet
3849 4527 3858 4533 .

2159 4565 2474 4638 septimanis
2499 4565 2727 4630 dierum,
2781 4575 2838 4621 et
2873 4567 3124 4634 monade,
3180 4568 3286 4625 hoc
3321 4577 3425 4636 est,
3479 4587 3770 4642 qutnqua-

2159 4658 2308 4728 ginta
2337 4655 2528 4712 diebus
2575 4643 2832 4728 impleta:
2883 4673 2990 4729 qua
3026 4659 3114 4715 die
3149 4669 3205 4716 et
3233 4655 3446 4732 Moyses
3473 4665 3767 4722 ardentem

2160 4745 2533 4805 conscendens
2559 4747 2614 4801 in
2651 4756 2914 4814 montem,
2953 4747 3126 4820 legem
3153 4749 3220 4806 de
3267 4751 3406 4808 coelo
3441 4754 3672 4825 accepit,
3705 4766 3767 4812 et

2161 4839 2412 4895 Christus
2439 4839 2496 4893 in
2536 4838 2734 4912 linguis
2757 4841 2930 4911 igneis
2960 4841 3194 4914 Spiritus
3232 4846 3405 4902 sancti
3431 4848 3661 4919 gratiam
3693 4852 3772 4908 de.

2161 4929 2298 4986 caelo
2326 4928 2491 4984 misit.
2521 4929 2725 4998 Quarta
2754 4932 2969 5003 septimi
3019 4934 3224 4990 mensis
3251 4944 3372 4990 erat
3391 4937 3767 5004 hebdomada,

2161 5023 2251 5092 qui
2308 5023 2738 5080 solemnitatibus
2789 5026 3066 5096 prteclaris
3114 5042 3254 5098 pene
3305 5037 3448 5085 totus
3483 5032 3772 5100 expende-

2160 5114 2340 5180 batur,
2372 5115 2516 5172 inter
2551 5132 2686 5187 quas
2719 5119 2991 5190 prateipue
3034 5119 3152 5175 dies
3179 5122 3580 5192 propitiatio..is
3615 5127 3773 5178 etni-

2161 5205 2344 5270 nebat,
2375 5220 2481 5276 qua
2508 5205 2628 5263 sola
2651 5221 2752 5278 per
2777 5222 2978 5264 annum
3019 5210 3286 5280 pontifex,
3314 5212 3574 5269 derelicto
3617 5213 3772 5271 forts

2160 5295 2380 5367 populo,
2405 5306 2591 5352 sancta
2617 5306 2930 5356 sanctorum
2950 5299 3206 5362 intrabat.
3233 5302 3428 5358 annuis
3445 5311 3608 5358 antea
3631 5301 3732 5360 [ιιι

2158 5387 2357 5454 ctibus,
2384 5387 2489 5444 hoc
2519 5395 2623 5456 est,
2652 5388 2930 5454 frumenti.
2969 5391 3081 5448 vini
3104 5401 3169 5448 et
3185 5393 3290 5450 olei
3319 5409 3385 5450 ex
3411 5395 3601 5452 ordine
3633 5397 3734 5454 eo!

2157 5477 2348 5536 lectis:
2405 5481 2716 5552 signiﬁcans
2755 5482 2939 5539 Iesum
2991 5485 3300 5554 pontiﬁcem
3349 5501 3603 5558 magnum
3653 5487 3757 5546 im-

2157 5571 2298 5644 pleta
2326 5572 2730 5642 dispensatione
2767 5575 2950 5631 carnis
2975 5591 3076 5648 per
3118 5577 3396 5648 proprium
3435 5592 3770 5648 sanguinem

2157 5662 2395 5720 celestis
2429 5664 2576 5736 regni
2601 5665 2798 5738 januas
2842 5665 3213 5741 ingressurum
3238 5675 3297 5724 ut
3325 5680 3582 5740 appareat
3610 5683 3776 5725 nunc
3803 5707 3808 5711 ς
