4072 6198
341 365 447 420 9.θῖ

1359 360 1448 416 DE
1487 355 1837 414 UNlVERSO
1875 353 2052 410 LIBRI
2088 351 2252 406 XX".
2296 362 2361 390 -ι-
2402 349 2526 404 LIB.
2573 349 2637 402 Χ.

3512 357 3617 410 “.298

341 482 511 538 vultui
558 481 652 536 Dei
681 495 780 551 pro
829 478 983 534 nobis
1012 478 1101 548 qui
1148 474 1281 531 foris
1325 475 1499 530 adhuc
1527 473 1685 544 positi
1712 479 1936 542 prmsto-
1963 474 2014 534 Α
2040 481 2233 520 norum
2257 465 2521 520 mensium
2552 462 2820 517 lunarium
2850 463 3269 532 quadringentos
3297 465 3616 536 nonaginta:

341 576 520 630 lamur
544 583 600 629 et
621 572 897 643 diligimus
929 571 1221 625 adventum
1268 567 1421 637 ejus:
1481 565 1570 619 ubi
1616 564 1931 626 notandum,

339 669 470 736 quia
497 665 641 720 sicut
678 662 899 732 quidam
937 659 1199 714 immundi
1224 674 1322 728 per
1349 657 1521 726 legem
1575 655 1746 722 prima
1777 652 1935 708 tertia

338 767 400 813 et
425 755 654 826 septima
704 753 789 808 die
833 751 1153 806 videbantur
1205 748 1418 802 lustrari
1447 765 1460 800 :
1516 746 1596 799 sic
1625 753 1680 800 et
1706 745 1932 815 primus,

341 845 539 900 tertius
566 861 631 900 ac
669 843 931 912 septimus
981 841 1183 895 mensis
1222 840 1336 893 suis
1372 837 1572 907 quique
1596 834 1936 890 caeremoniis

341 936 574 989 extitere
598 933 887 988 solemnes.
921 929 1118 997 Quinta
1149 927 1485 983 hebdomada
1532 925 1743 996 septimi
1784 922 1933 987 anni,

339 1042 451 1095 quo
480 1033 596 1079 toto
622 1023 852 1095 populus
891 1023 958 1075 ab
995 1020 1320 1092 agricolaudi
1351 1033 1514 1089 opere
1550 1016 1682 1087 legis
1711 1013 1936 1085 imperio

342 1117 590 1180 vacabat,
649 1115 864 1168 dicente
909 1113 1173 1167 Domino:
1230 1110 1334 1165 Sex
1388 1111 1541 1164 annis
1577 1124 1714 1162 seres
1753 1122 1936 1177 agrum

341 1222 512 1272 tuum,
535 1207 754 1277 septimo
779 1205 1003 1258 cessabis
1026 1201 1170 1275 (Leu.
1197 1201 1344 1273 xxv).
1375 1200 1538 1255 Sexta
1561 1201 1686 1254 anni
1710 1195 1936 1269 jubilzci,

343 1302 446 1356 hoc
491 1307 596 1364 est,
655 1296 989 1352 remissionis
1037 1295 1374 1350 hebdomada
1421 1302 1526 1358 est,
1557 1308 1677 1363 quae
1731 1299 1938 1361 septem

344 1389 775 1446 hebdomadibus
806 1403 1092 1452 annorum,
1134 1386 1237 1441 hoc
1267 1392 1370 1449 est,
1424 1401 1552 1439 xux
1605 1383 1765 1437 annis
1796 1381 1938 1435 texi-

347 1491 476 1536 tur:
509 1496 619 1550 qua
648 1479 884 1549 expleta,
941 1479 1044 1533 hoc
1074 1485 1179 1542 est,
1228 1476 1675 1546 quinquagesimo
1721 1475 1938 1529 demum

345 1587 490 1627 anno
517 1571 828 1641 incipiente,
868 1569 1010 1624 tubae
1035 1568 1234 1624 clarius
1269 1567 1615 1630 resonabant,
1644 1573 1698 1619 et
1730 1565 1799 1619 ad
1825 1579 1940 1618 om-

347 1681 445 1720 nes
460 1663 616 1733 juxta
648 1663 819 1734 legem
841 1662 1108 1733 possessio
1139 1657 1512 1716 revertebatur
1539 1658 1780 1727 antiqua.
1838 1655 1936 1710 Se-

343 1760 515 1830 ptima
545 1757 755 1827 species
791 1755 1143 1810 hebdomadis
1167 1762 1272 1820 est,
1305 1769 1416 1823 qua
1461 1753 1722 1823 propheta
1753 1747 1938 1803 Daniel

2039 561 2130 631 qui
2157 569 2281 615 sunt
2301 560 2429 614 anni
2460 558 2665 614 solares
2697 558 3072 628 quadringenti
3103 559 3444 630 septuaginta
3469 562 3626 630 quin-

2039 667 2144 720 que
2169 693 2180 704 .
2211 651 2482 720 siquidem
2511 648 2690 703 Persae
2719 664 2748 702 a
2779 648 3005 718 praefato
3031 649 3288 706 vicesimo
3318 666 3458 706 anno
3484 653 3626 723 regis

2036 742 2355 796 Artaxerxis
2383 757 2551 810 usque
2593 741 2659 794 ad
2694 749 2920 796 mortem
2953 742 3100 796 Darii
3143 752 3508 814 regnaverunt
3533 761 3628 800 an-

2037 837 2121 890 nis
2154 851 2278 890 cxvt
2348 835 2425 888 Ex
2475 834 2602 888 hinc
2648 833 2969 889 Macelones
3016 849 3188 904 usque
3234 835 3300 889 ad
3351 836 3628 891 interitum

2037 927 2334 996 Cleopatrze
2376 925 2534 980 annis
2567 925 2820 979 trecentis
2869 943 2880 978 :
2925 925 3050 979 inde
3093 925 3324 980 Romani
3366 942 3535 998 usque
3562 929 3631 983 ad

2038 1018 2327 1088 septimum
2366 1016 2634 1071 decimum
2674 1016 2877 1071 Tiberii
2909 1015 3139 1071 Caesaris
3178 1031 3379 1071 annum
3415 1033 3633 1073 monar-

2040 1111 2216 1165 chiam
2247 1119 2537 1165 tenuerunt
2570 1110 2724 1164 annis
2753 1127 2861 1174 1.1x,
2894 1111 2985 1180 qui
3025 1120 3150 1165 sunt
3186 1112 3342 1166 simul
3376 1113 3457 1183 (ut
3491 1114 3632 1168 dixi-

2040 1202 2180 1274 mus)
2200 1202 2326 1256 anni
2351 1217 2642 1266 ccccuxxv,
2670 1209 2724 1256 et
2745 1201 3092 1256 continentur
3112 1204 3330 1259 circulis
3360 1206 3631 1261 decenno-

2039 1294 2322 1349 venalibus
2357 1310 2481 1347 xxv.
2532 1294 2722 1348 Decies
2759 1295 2946 1349 novies
2986 1295 3130 1349 enim
3172 1297 3349 1351 viceni
3389 1306 3443 1352 et
3482 1298 3631 1367 quini

2041 1381 2175 1436 ﬁunt
2197 1398 2484 1438 cccccxxv.
2511 1382 2577 1436 Et
2598 1383 2722 1452 quia
2745 1383 2971 1452 singulis
2991 1384 3208 1440 circulis
3229 1386 3529 1442 embolismi
3553 1403 3629 1442 vn

2040 1483 2375 1540 accrescunt,
2395 1475 2687 1545 multiplica
2704 1492 2810 1530 xxv
2830 1491 2926 1545 per
2941 1493 3036 1542 vn,
3061 1478 3195 1532 fiunt
3216 1481 3489 1549 (:Lxxvqui
3502 1489 3632 1537 sunt

2039 1567 2343 1622 embolismi
2386 1582 2602 1622 menses
2633 1569 3152 1639 quadringentorum
3182 1586 3318 1625 1.xxv
3346 1587 3630 1628 annorum.

2042 1661 2096 1715 Si
2127 1675 2257 1731 ergo
2285 1660 2364 1715 vis
2390 1661 2531 1715 scire
2563 1670 2698 1730 quot
2732 1677 2903 1717 annos
2950 1663 3166 1718 lunares
3195 1663 3376 1719 facere
3404 1667 3633 1735 possint,

2040 1753 2245 1823 partire
2257 1768 2430 1808 ccxxv
2443 1767 2540 1822 per
2555 1768 2625 1806 xu
2639 1794 2653 1819 ,
2670 1753 2958 1810 duodecies
2973 1754 3094 1809 deni
3108 1763 3160 1810 et
3173 1757 3420 1825 quaterni
3434 1772 3634 1815 cuvm

344 1851 538 1915 υιὶῑιινν
569 1863 720 1903 more
765 1847 980 1916 ηυῑάειη
1022 1845 1176 1915 legis:
1208 1844 1446 1914 septenis
1495 1843 1652 1897 annis
1699 1839 1938 1912 Singulas
1966 1829 2012 1888 Β
2041 1861 2271 1916 xrvergo
2286 1861 2457 1901 annos
2472 1845 3640 1918 faciu-nt,etremanentmensesvn.Hosjun-

345 1941 713 2012 complectens
740 1939 1129 2004 hebdomadas,
1155 1938 1248 1993 sed
1271 1952 1409 1992 nova
1435 1936 1647 1991 ratione
1669 1935 1813 2004 ipsos
1836 1948 1935 1987 an-

349 2050 450 2090 nos
473 2033 818 2097 abbrevians,
873 2031 1134 2086 duodenis
1179 2029 1430 2085 videlicet
1476 2026 1752 2082 mensibus
1795 2024 1936 2079 lunae

348 2127 594 2199 singulos
619 2125 1006 2189 determinans,
1037 2123 1386 2179 embolismos
1415 2136 1546 2176 vero
1581 2133 1818 2184 menses,
1845 2117 1938 2186 qui

349 2221 416 2274 de
441 2219 636 2274 annuis
660 2218 912 2273 undecim
943 2224 1256 2285 epactarum
1293 2214 1480 2269 diebus
1510 2225 1821 2267 accrescere
1849 2223 1937 2264 so-

351 2309 483 2375 lent,
512 2309 564 2363 in
596 2309 712 2381 lege
741 2308 912 2379 patria
968 2307 1127 2361 tertio
1173 2304 1260 2360 vel
1312 2303 1480 2359 altero
1531 2314 1673 2356 anno
1701 2297 1941 2369 singulos

347 2401 611 2471 adjiciens
635 2421 647 2456 :
699 2403 795 2458 sed
824 2401 913 2456 ubi
944 2401 1010 2455 ad
1037 2399 1416 2456 duodecimum
1438 2410 1724 2452 numerum
1773 2408 1937 2464 auge-

351 2499 550 2553 scendo
564 2498 930 2568 pervenirent,
949 2511 1047 2566 pro
1068 2497 1278 2566 integro
1300 2508 1442 2548 anno
1453 2489 1936 2563 pariteriuserens.

352 2590 466 2646 Hoc
490 2599 674 2646 autem
707 2589 834 2646 fecit
875 2605 982 2644 non
1014 2587 1259 2643 veritatis
1300 2584 1664 2657 cognitionem
1692 2595 1938 2651 quazren-

351 2682 498 2736 tibus
547 2681 837 2737 invidendo
875 2697 890 2736 :
941 2681 1034 2736 sed
1061 2679 1359 2750 prophetiae
1395 2691 1544 2733 more
1587 2677 1761 2748 ipsum
1797 2689 1943 2745 quat-

356 2774 592 2826 rentium
622 2773 928 2826 exercendo
975 2772 1274 2843 ingenium,
1327 2769 1535 2824 malens
1582 2769 1769 2838 utique
1817 2783 1944 2822 suas

354 2862 679 2932 margaritas
706 2877 736 2915 a
765 2861 888 2916 filiis
918 2847 1129 2916 clausas
1169 2859 1445 2915 fructuoso
1484 2858 1684 2914 sudore
1723 2857 1945 2912 investi-

353 2954 491 3024 gari,
519 2968 684 3024 quam
724 2951 978 3022 profusas
1023 2967 1053 3006 a
1091 2951 1272 3022 porcis
1299 2949 1582 3004 fastidiosa
1605 2947 1947 3018 despectione

352 3043 578 3102 calcari.
629 3043 830 3098 Verum
885 3051 945 3096 ut
991 3043 1109 3098 haec
1153 3041 1392 3112 apertius
1444 3039 1776 3102 elucescant,
1831 3036 1946 3105 ipsa

351 3134 461 3203 jam
493 3135 671 3206 angeli
700 3135 766 3189 ad
794 3137 1115 3205 prophetam
1158 3134 1334 3188 edicta
1375 3133 1654 3187 videamus
1680 3147 1692 3183 :
1725 3129 1948 3199 Septua-

2036 1954 2102 2009 ge
2117 1940 2183 1994 ad
2209 1935 2604 2008 suprascriptos
2627 1954 2916 2003 cccaxxv,
2949 1938 3633 2006 ﬁuntsimulccccuxtxx;

2038 2030 2173 2084 adde
2195 2037 2249 2082 et
2269 2043 2486 2083 menses
2501 2027 2800 2098 superﬂuos
2816 2044 2888 2082 vn
2910 2037 3228 2099 partemque
3242 2021 3420 2085 octavi
3438 2031 3633 2087 decimi

2038 2119 2166 2173 anni
2218 2118 2430 2187 imperii
2483 2117 2705 2183 Tiberii,
2745 2133 2850 2187 quo
2889 2117 3149 2172 Dominus
3193 2135 3387 2190 passus
3429 2129 3544 2188 est,
3579 2130 3636 2177 et

2041 2209 2283 2264 invenies
2313 2224 2342 2263 a
2374 2216 2616 2279 tempore
2642 2208 2911 2278 praefinito
2959 2211 3026 2264 ad
3066 2211 3184 2281 ejus
3228 2227 3399 2281 usque
3425 2215 3636 2284 passio-

2040 2315 2164 2355 nem
2197 2299 2562 2356 hebdomadas
2609 2317 2711 2356 Lxx
2763 2299 3123 2368 abbreviatas,
3177 2302 3281 2357 hoc
3317 2312 3420 2368 est,
3467 2320 3637 2359 annos

2041 2395 2260 2450 lunares
2279 2407 2504 2458 ccccxc;
2532 2391 2599 2446 ad
2621 2389 2735 2460 ejus
2763 2407 2892 2446 vero
2922 2393 3270 2462 baptismum,
3299 2396 3514 2464 quando
3537 2412 3638 2450 un-

2043 2492 2163 2539 ctus
2193 2491 2275 2538 est
2302 2492 2523 2539 sanctus
2551 2492 2885 2549 sanctorum,
2918 2484 3279 2540 descendente
3320 2501 3482 2556 super
3514 2502 3638 2542 eum

2044 2573 2250 2645 Spiritu
2280 2582 2467 2630 sancto
2515 2575 2654 2629 sicut
2689 2573 2957 2642 columba,
2997 2590 3105 2630 non
3146 2575 3318 2630 solum
3344 2576 3640 2632 hebdoma-

2045 2667 2142 2722 das
2172 2680 2248 2720 vu
2279 2674 2335 2720 et
2360 2682 2432 2720 1.x
2483 2666 2618 2720 duas
2655 2663 2821 2720 fuisse
2851 2664 3167 2734 completas,
3205 2665 3299 2720 sed
3326 2674 3380 2720 et
3429 2675 3637 2736 partem

2037 2764 2150 2834 jam
2201 2759 2614 2830 septuagesima:
2647 2756 2998 2813 hebdomadis
3029 2757 3337 2813 inchoatam
3378 2777 3391 2812 :
3423 2759 3491 2813 Et
3522 2768 3639 2830 post

2046 2849 2418 2915 hebdomadas,
2451 2849 2647 2919 inquit,
2704 2864 2772 2904 ιχ
2820 2848 2954 2902 duas
3010 2849 3274 2903 occidetur
3323 2849 3639 2906 Christuset

2048 2956 2152 2994 non
2189 2941 2286 2996 erit
2342 2941 2458 3011 ejus
2509 2938 2732 3010 populus
2776 2940 2864 3010 qui
2913 2955 3031 2993 eum
3068 2949 3350 3010 negaturus
3380 2950 3474 2994 est.
3521 2941 3638 2997 Non

2049 3031 2232 3085 statim
2278 3039 2404 3101 post
2451 3047 2521 3085 1.x
2573 3031 2706 3086 duas
2751 3021 3137 3096 hebddmadas,
3180 3031 3272 3086 sed
3329 3031 3380 3085 in
3415 3033 3521 3087 ﬁne
3550 3047 3641 3087 se-

2049 3122 2401 3194 ptuagesima:
2428 3121 2783 3176 hebdomadis
2809 3123 3022 3177 occisus
3058 3130 3142 3177 est
3165 3120 3446 3176 Christus:
3479 3139 3641 3193 quam

352 3199 522 3294 bima,
549 3199 749 3295 inquit,
778 3199 1124 3279 hebdomades
1171 3223 1479 3277 abbreviata:
1508 3229 1629 3276 sunt
1673 3236 1832 3289 super
1859 3235 1952 3290 ρο-
1977 3199 2022 3262 C
2054 3214 2176 3268 ideo
2207 3212 2490 3285 (quantum
2519 3209 2787 3280 conjicere
2810 3212 3112 3282 possumus)
3145 3214 3446 3284 segregavit
3471 3230 3503 3269 a
3543 3230 3642 3270 ca:-

356 3312 539 3382 pulum
564 3323 738 3378 tuum,
762 3322 810 3366 et
848 3328 1005 3382 super
1033 3311 1211 3365 urbem
1255 3319 1492 3364 sanctam
1536 3317 1701 3373 tuam,
1744 3316 1799 3360 ut
1827 3321 1954 3361 con-

357 3416 650 3459 summetur
670 3405 1052 3474 praevaricatio,
1081 3413 1128 3457 et
1153 3402 1311 3472 ﬁnem
1336 3401 1555 3471 accipiat
1581 3409 1868 3472 peccatum,
1905 3408 1953 3453 et

358 3495 599 3550 deleatur
641 3495 913 3564 iniquitas,
962 3502 1010 3548 et
1046 3492 1344 3547 adducatur
1377 3491 1590 3562 justitia
1617 3491 1951 3562 sempiterna,

359 3594 408 3638 et
428 3583 715 3654 impleatur
744 3584 874 3636 visio
903 3593 952 3636 et
973 3583 1242 3653 prophetia
1269 3592 1316 3634 et
1341 3590 1570 3652 ungatur
1593 3591 1806 3635 sanctus
1833 3597 1955 3634 san-

361 3686 562 3728 ctorum
622 3673 785 3745 (Dan.
819 3671 918 3744 Ix).
977 3671 1116 3726 Nulli
1166 3672 1410 3736 dubium,
1460 3670 1592 3740 quin
1641 3671 1758 3726 haec
1789 3669 1955 3724 verba

362 3766 559 3821 Christi
598 3765 1044 3820 -incarnationem
1092 3763 1395 3834 designent,
1427 3761 1518 3832 qui
1568 3761 1691 3814 tulit
1735 3768 1956 3830 peccata

364 3856 569 3920 mundi,
586 3857 762 3925 legem
783 3862 836 3908 et
850 3854 1141 3924 prophetas
1157 3851 1413 3922 implevit,
1433 3858 1628 3906 unctus
1640 3857 1724 3905 est
1738 3850 1856 3906 oleo
1871 3849 1959 3904 hc-

365 3947 495 4001 titize
516 3961 631 4016 pra:
656 3943 1010 4014 participibus
1038 3943 1152 3998 suis
1174 3960 1186 3995 :
1212 3950 1266 3996 et
1292 3941 1436 4012 quod
1463 3940 1827 3996 hebdomades
1851 3955 1957 3994 cxx

365 4052 457 4107 per
483 4046 738 4108 septenos
784 4050 953 4090 annos
998 4033 1284 4098 distinctae,
1335 4032 1755 4102 quadringentos
1781 4036 1838 4086 et
1861 4045 1960 4086 no-

365 4130 582 4200 naginta
622 4143 792 4183 annos
822 4128 1116 4182 insinuent.
1162 4125 1268 4181 Sed
1315 4126 1632 4192 notandum,
1665 4126 1808 4196 quod
1836 4139 1959 4180 eas-

367 4221 486 4274 dem
508 4219 875 4274 hebdomadas
900 4234 1008 4273 non
1037 4218 1353 4287 simpliciter
1376 4226 1659 4272 annotatas
1684 4217 1798 4272 sive
1814 4231 1960 4270 com-

367 4319 603 4379 putatas,
654 4309 754 4365 sed
783 4309 1126 4364 abbreviatas
1179 4307 1654 4373 asserit,-occulte
1707 4305 1960 4363 videlicet

371 4401 626 4456 lectorem
653 4415 1027 4465 commonens,
1064 4407 1124 4454 ut
1161 4400 1438 4455 breviores
1482 4399 1640 4454 solito
1665 4412 1836 4453 annos
1865 4411 1962 4452 no-

368 4491 505 4545 verit
529 4490 822 4546 indicatos.
857 4489 997 4545 Scito
1037 4507 1179 4560 ergo,
1208 4489 1399 4558 inquit,
1435 4500 1482 4543 et
1513 4489 1869 4543 animadverte
1894 4487 1958 4541 ab

368 4583 506 4635 exitu
526 4583 806 4646 sermonis,
843 4591 898 4634 ut
924 4581 1112 4634 iterum
1153 4580 1443 4650 aediﬁcetur
1466 4579 1760 4634 Jerusalem
1798 4593 1960 4648 usque

369 4673 436 4724 ad
465 4671 736 4726 Christum
757 4671 941 4725 ducem
962 4669 1308 4724 hebdomades
1330 4679 1522 4740 septem
1540 4678 1587 4723 et
1613 4668 1960 4723 hebdomades

369 4764 641 4832 sexaginta
671 4761 791 4815 dua:
829 4770 1023 4815 erunt:
1051 4768 1099 4814 et
1130 4776 1313 4813 rursus
1339 4759 1690 4828 wdiﬁcabitur
1712 4758 1886 4829 platea
1912 4768 1961 4813 et

366 4853 505 4906 muri
549 4855 608 4907 in
651 4854 898 4924 angustia
945 4853 1190 4923 temporis
1230 4849 1442 4924 (Ibid.).
1501 4850 1668 4906 Esdra
1705 4859 1963 4906 narrante

369 4945 682 5011 didicimus,
713 4945 857 5016 quod
883 4945 1136 5001 Neemias
1167 4958 1288 4998 cum
1339 4953 1484 4998 esset
1531 4945 1789 5014 pinoerna
1820 4942 1962 5013 regis

365 5034 691 5091 Artaxerxis
729 5037 991 5090 vicesimo
1032 5050 1176 5090 anno
1213 5034 1363 5104 regni
1387 5035 1525 5105 ejus,
1555 5049 1742 5090 mense
1772 5032 1962 5099 Nisan,

365 5127 680 5195 impetravit
715 5128 783 5182 ab
809 5143 874 5182 eo
902 5125 1197 5182 restaurari
1241 5143 1427 5182 muros
1469 5125 1786 5192 Jerusalem,
1831 5135 1966 5180 tem-

363 5222 455 5289 plo
483 5220 655 5274 multo
677 5229 823 5286 ante,
841 5221 982 5294 Cyro
1001 5223 1370 5294 permittente,
1397 5229 1735 5285 constructo,
1759 5221 1964 5290 ipsum-

364 5326 473 5380 que
497 5327 638 5381 opus
683 5312 767 5383 (ut
789 5313 991 5367 dictum
1037 5314 1141 5386 est)
1175 5315 1226 5368 in
1257 5313 1503 5386 angustia
1547 5313 1806 5382 temporis
1832 5327 1961 5382 per-

364 5403 598 5459 fecerit:
633 5406 768 5460 adeo
813 5405 1018 5461 scilicet
1053 5423 1083 5460 a
1111 5406 1354 5462 ﬁnitimis
1402 5406 1651 5477 gentibus
1678 5407 1960 5476 impugna-

363 5505 476 5561 tus,
520 5506 580 5551 ut
623 5507 923 5554 structores
953 5499 1148 5570 singuli
1187 5499 1363 5570 gladio
1413 5514 1567 5554 renes
1593 5498 1824 5554 accincti
1854 5513 1961 5552 una

363 5604 536 5642 manu
576 5603 869 5660 pugnasse,
896 5589 1069 5644 altera
1115 5606 1330 5645 murum
1359 5605 1706 5661 recuperasse
1732 5603 1962 5644 narren-

369 5690 480 5734 tur.
507 5680 591 5735 Ab
618 5681 722 5735 hoc
742 5695 871 5751 ergo
900 5689 1142 5752 tempore
1165 5699 1336 5754 usque
1375 5683 1444 5738 ad
1471 5683 1747 5739 Christum
1773 5684 1966 5739 ducem

369 5772 741 5829 hebdomades
768 5789 877 5828 ιιι
927 5785 1202 5846 computa,
1247 5779 1349 5834 hoc
1395 5786 1497 5846 est,
1548 5793 1720 5835 annos
1765 5777 1967 5835 duode-

706 5864 978 5925 PnuuL.
1045 5866 1209 5931 CXI.

2055 3303 2230 3360 teris:
2285 3302 2411 3373 quia
2448 3302 2514 3356 de
2549 3302 2652 3357 hac
2695 3310 2814 3357 erat
2868 3301 3020 3372 plura
3075 3301 3380 3357 relaturus:
3434 3319 3561 3359 nam
3589 3313 3646 3359 et

2051 3396 2305 3452 Christus
2334 3395 2387 3450 in
2433 3394 2525 3449 illa
2558 3393 2870 3460 crucifixus,
2905 3403 2958 3449 et
3003 3409 3032 3448 a
3064 3395 3259 3465 populo
3286 3394 3492 3464 perfido
3537 3413 3643 3452 non

2054 3491 2214 3545 modo
2253 3489 2309 3544 in
2353 3488 2629 3558 passione,
2659 3504 2845 3543 verum
2872 3487 3127 3543 continuo
3159 3502 3223 3542 ex
3253 3503 3358 3557 quo
3384 3505 3414 3542 a
3433 3486 3643 3544 Joanne

2052 3580 2334 3652 praedicari
2366 3580 2547 3649 carpit,
2577 3589 2801 3650 negatus
2839 3587 2940 3634 est.
2971 3578 3122 3647 Quod
3147 3588 3330 3637 autem
3356 3583 3600 3652 sequitur
3629 3600 3642 3636 :

2056 3669 2126 3726 Et
2141 3672 2397 3726 civitatem
2418 3680 2464 3726 et
2489 3673 2845 3726 sanctuarium
2866 3671 3138 3742 dissipabit
3154 3673 3361 3743 populis
3375 3691 3492 3729 cum
3514 3676 3645 3731 duce

2055 3772 2292 3828 venturo,
2335 3772 2382 3816 et
2428 3763 2549 3832 ﬁnis
2587 3763 2701 3834 ejus
2741 3764 2952 3818 vastitas
2979 3773 3024 3817 et
3052 3773 3164 3833 post
3201 3765 3357 3832 linem
3388 3765 3506 3820 belli
3534 3775 3641 3820 sta-

2057 3864 2169 3909 tuta
2199 3855 2452 3910 desolatio
2480 3854 2705 3927 (Ibid.);
2749 3871 2855 3910 non
2887 3857 2953 3910 ad
2979 3872 3084 3911 LXX
3132 3857 3496 3915 hebdomadas
3519 3875 3642 3928 per-

2057 3945 2211 4000 tinet.
2263 3944 2586 3999 Przedictum
2624 3945 2770 3999 enim
2812 3944 3008 4009 fuerat,
3065 3947 3206 4014 quod
3263 3946 3402 4016 ipsae.
3447 3948 3649 4004 hebdo-

2058 4035 2246 4090 mades
2273 4036 2341 4090 ad
2369 4033 2572 4090 Christi
2599 4051 2769 4104 usque
2805 4037 3056 4090 ducatum
3094 4037 3502 4107 pertingerent:
3552 4040 3647 4095 sed

2058 4127 2347 4196 scriptura,
2377 4126 2635 4196 pracdicto
2663 4127 2893 4180 adventu
2926 4134 2979 4180 et
3020 4126 3269 4195 passione
3299 4128 3485 4197 ipsius,
3517 4131 3647 4200 quid

2058 4218 2222 4272 etiam
2241 4226 2362 4288 post
2383 4218 2524 4273 hanc
2539 4217 2753 4287 populo,
2773 4216 2862 4286 qui
2886 4231 3009 4270 eum
3031 4219 3271 4286 recipere
3293 4219 3479 4285 nollet,
3502 4231 3650 4277 esset

2060 4321 2399 4378 eventurum,
2429 4312 2682 4367 ostendit.
2719 4311 2918 4367 Ducem
2966 4313 3109 4367 enim
3155 4323 3438 4370 venturum
3468 4316 3648 4372 Titum

2061 4403 2214 4469 dicit,
2242 4403 2334 4473 qui
2386 4403 2800 4475 quadragesimo
2849 4419 2991 4458 anno
3038 4403 3331 4460 Dominicre
3382 4408 3652 4476 passionis

2064 4494 2138 4550 ita
2167 4511 2287 4551 cum
2318 4496 2512 4566 populo
2559 4495 2804 4551 Romano
2847 4497 3119 4551 civitatem
3168 4507 3222 4552 et
3281 4502 3646 4557 sanctuarium

2065 4587 2367 4658 dissipavit,
2396 4595 2455 4641 ut
2500 4603 2604 4642 non
2664 4597 2972 4643 remaneret
3019 4588 3156 4658 lapis
3209 4603 3369 4658 super
3397 4590 3647 4661 lapidem.

2063 4677 2282 4744 Verum,
2334 4680 2416 4735 his
2456 4695 2554 4750 per
2581 4681 3018 4751 anticipationem
3064 4685 3379 4754 praelibatis,
3431 4704 3553 4744 mox
3585 4689 3652 4743 ad

2063 4771 2439 4840 exponendum
2496 4771 2881 4838 hebdomadze,
2939 4789 3102 4844 quam
3155 4777 3456 4844 omiserat,
3513 4779 3654 4833 redit

2065 4867 2336 4912 eventum.
2372 4857 2713 4928 Con/innabit
2750 4869 2924 4916 autem
2979 4873 3187 4933 pactum
3237 4866 3413 4919 multis
3459 4866 3651 4919 hebdo-

2064 4951 2223 5004 mada
2254 4967 2360 5005 una
2387 4949 2550 5024 (Dan.
2574 4952 2672 5022 Ix),
2708 4953 2809 5008 hoc
2842 4963 2946 5018 est,
2979 4953 3095 5024 ipsa
3124 4956 3436 5020 novissima,
3463 4956 3516 5008 in
3545 4973 3650 5025 qua

2067 5044 2150 5098 vel
2185 5044 2420 5102 Joannes
2455 5045 2730 5114 Baptista,
2763 5045 2847 5100 vel
2893 5047 3172 5112 Dominus,
3228 5056 3284 5101 et
3326 5046 3553 5114 apostoli
3598 5047 3650 5100 in

2066 5139 2406 5207 przcdicando
2452 5138 2649 5192 multos
2691 5139 2758 5191 ad
2812 5137 2973 5192 ﬁdem
3031 5145 3432 5191 converterunt.
3475 5138 3545 5191 Et
3598 5140 3652 5192 in

2068 5228 2283 5281 dimidio
2336 5229 2672 5282 hebdomadis
2722 5228 2922 5297 deﬁciet
2975 5229 3146 5281 hostia
3212 5237 3258 5280 et
3327 5229 3649 5298 sacri/icium

2069 5319 2293 5397 (Ibid).
2331 5319 2617 5373 Dimidium
2670 5318 3017 5375 hebdmnadis
3051 5317 3209 5387 hujus
3253 5321 3473 5390 quintus
3502 5323 3650 5378 deci-

2071 5428 2192 5466 mus
2218 5427 2391 5465 annus
2427 5409 2628 5465 Tiberii
2668 5410 2900 5466 Caesaris
2949 5420 3088 5476 erat,
3123 5413 3362 5480 quando,
3400 5412 3653 5469 inchoato

2073 5502 2273 5558 Christi
2339 5501 2708 5570 baptismate,
2773 5503 3075 5557 hostiarum
3140 5503 3447 5572 puriﬁcatio
3515 5504 3649 5560 tide-

2074 5595 2212 5649 libus
2251 5592 2505 5663 paulatim
2533 5591 2793 5647 vilescere
2822 5594 3006 5664 empit.
3036 5593 3169 5650 ltcm
3201 5595 3341 5664 quod
3367 5596 3610 5666 sequitur
3634 5613 3650 5652 :

2075 5685 2143 5739 Et
2180 5686 2234 5740 in
2273 5683 2460 5754 templo
2516 5683 2610 5737 erit
2662 5684 2978 5739 abominatio
3019 5684 3376 5750 desolationis,
3414 5696 3461 5740 et
3494 5703 3655 5757 usque

2077 5777 2144 5831 ad
2204 5774 2702 5831 consummationem
2758 5785 2805 5831 et
2861 5776 3018 5847 ﬁnem
3082 5776 3425 5845 perseverabit
3497 5776 3652 5829 deso-

3076 5868 3152 5926 10
