4072 6198
428 422 529 477 239

1062 410 1121 464 B.
1166 407 1415 463 RABANI
1457 404 1673 461 MAUlil
1713 399 2026 457 ARCHIEP.
2072 394 2384 453 MOGUNT.
2427 391 2707 449 OPERUM
2745 390 2921 446 PARS
2959 389 3024 445 II.

3567 384 3680 442 300

428 532 557 586 latio
583 525 796 601 (Ibid),
827 524 894 577 ad
939 505 1223 589 sequentia
1257 526 1497 586 tempora
1541 511 1759 582 respicit
1798 528 1811 563 :
1853 508 2005 578 cujus
2036 516 2078 572 Λ
2110 505 2202 559 sed
2243 502 2429 573 majori
2472 502 2689 601 insuper
2729 496 3351 601 resurrectionisgloria
3386 495 3682 601 cumulabi-

428 617 725 694 prophetize
758 613 1039 670 veritatem
1067 618 1122 665 et
1150 607 1377 664 historia
1412 613 1677 667 veterum,
1706 609 1762 656 et
1789 606 2004 694 nostro-

431 688 549 768 rum
576 708 846 777 hodieque
883 713 1184 771 temporum
1220 704 1452 753 testatur
1487 701 1730 749 eventus.
1803 688 2004 745 Octava

430 801 640 873 species
661 794 1014 855 hebdomadis
1044 789 1348 853 uniformis,
1379 794 1434 841 et
1472 786 1584 841 sola
1626 785 1745 839 sine
1776 779 2006 873 circuitu

432 872 780 950 revolutionis
817 897 1028 952 extans,
1076 884 1143 939 ad
1192 882 1417 952 ﬁguram
1458 892 1556 949 per
1596 874 1777 931 omnia
1819 872 2009 943 prima:

432 986 782 1045 hebdomadis
808 981 1117 1038 labentibus
1150 976 1311 1046 hujus
1353 971 1531 1029 saeculi
1560 967 1849 1025 conficitur
1874 971 2007 1020 asta-

434 1083 597 1136 tibns.
628 1077 810 1131 Prima
839 1074 984 1128 enim
1017 1071 1104 1126 die
1151 1068 1290 1123 facta
1319 1074 1404 1121 est
1436 1065 1548 1129 lux,
1578 1061 1829 1130 etprima
1851 1064 2010 1111 aetate

432 1174 593 1229 homo
625 1169 676 1223 in
714 1164 960 1221 Paradisi
998 1160 1309 1216 amoenitate
1348 1156 1556 1211 locatur
1591 1151 1807 1206 :divisa
1834 1148 1954 1201 luce
1978 1161 2010 1199 a

432 1262 669 1318 tenebris
700 1259 898 1313 factum
930 1264 1014 1311 est
1039 1266 1320 1324 vesperum
1340 1290 1355 1315 ,
1386 1256 1440 1303 et
1465 1234 1728 1317 separatis
1756 1239 1851 1295 Dei
1873 1237 2012 1309 "ﬁliis

433 1371 463 1408 a
497 1352 702 1407 semine
732 1362 985 1418 nequam,
1013 1360 1118 1399 non
1145 1343 1302 1412 longe
1348 1344 1471 1408 post
1505 1334 1648 1390 natis
1683 1329 2007 1403 gigantibus,

431 1451 686 1514 corrupta
735 1449 819 1495 est
867 1437 1043 1493 omnis
1073 1443 1245 1495 terra,
1292 1430 1464 1485 donec
1492 1427 1718 1483 Creator
1744 1420 2013 1514 pmuiteus

434 1550 494 1591 se
519 1508 792 1589 hominem
841 1527 1053 1588 fecisse,
1104 1521 1363 1578 mundum
1393 1517 1592 1573 diluvio
1636 1512 1863 1585 perdere
1899 1508 2011 1565 dis—

435 1632 678 1698 poneret.
720 1619 966 1676 Secunda
996 1618 1082 1671 die
1111 1613 1508 1668 ﬁrmamentum
1553 1607 1609 1661 in
1639 1602 1816 1698 medio
1849 1601 2016 1698 libra-

437 1690 525 1769 tur
554 1723 857 1781 aquarum:
891 1705 1124 1762 secunda
1169 1709 1326 1756 aetate
1369 1714 1496 1753 arca
1547 1698 1600 1752 in
1642 1695 1819 1751 medio
1844 1690 2015 1781 fertur

437 1778 700 1874 aquarum
728 1839 744 1864 ,
804 1797 931 1852 hinc
960 1794 1107 1850 fonte
1142 1790 1317 1863 abyssi
1346 1794 1680 1859 supportata,
1714 1783 1862 1839 illinc
1889 1778 2012 1874 coeli

2111 607 2214 651 tur.
2242 596 2366 652 llaec
2391 603 2523 650 tetas
2542 591 2848 648 hominibus
2878 598 3004 644 tunc
3027 588 3211 658 cmpit,
3240 586 3453 656 quando
3477 586 3683 656 primus

2110 696 2317 757 martyr
2340 684 2472 739 Abel
2502 698 2730 753 corpore
2770 681 2991 751 quidem
3040 677 3324 742 tumulum,
3357 676 3545 746 spiritu
3590 693 3685 731 au-

2112 788 2221 837 tem
2258 780 2538 835 sabbatum
2592 786 2866 849 perpetuae
2904 775 3102 845 quietis
3137 773 3361 828 intravit
3393 792 3405 827 :
3441 774 3686 843 perﬁcie-

2115 880 2203 927 tur
2249 880 2447 937 autem,
2492 869 2707 940 quando
2759 866 2989 937 receptis
3038 864 3240 921 sanctis
3280 864 3596 934 corporibus
3631 865 3683 918 in

2115 971 2257 1016 terra
2308 974 2404 1015 sua
2436 957 2663 1028 duplicia
2716 955 3085 1025 possidebunt,
3132 953 3313 1008 laetitia
3359 953 3685 1024 sempiterna

2111 1053 2217 1106 erit
2240 1050 2318 1105 eis
2345 1067 2357 1102 :
2384 1057 2440 1105 et
2466 1048 2580 1117 ipsa
2609 1056 2693 1102 est
2716 1055 2930 1111 octava,
2965 1060 3066 1116 pro
3093 1058 3199 1115 qua
3243 1050 3427 1098 sextus
3452 1041 3687 1113 psalmus

2113 1141 2452 1197 inscribitur:
2479 1138 2661 1202 credo,
2693 1138 2816 1206 quia
2847 1137 2899 1190 in
2927 1151 3019 1190 sex
3046 1134 3206 1203 hujus
3236 1134 3413 1189 saeculi
3439 1134 3691 1189 natatibus

2112 1247 2211 1302 pro
2249 1231 2474 1300 septima
2504 1227 2585 1283 vel
2619 1236 2810 1282 octava
2846 1226 2989 1281 illius
3041 1225 3220 1280 saeculi
3249 1233 3333 1279 est
3368 1234 3527 1280 :etatc
3565 1239 3692 1294 sup-

2113 1324 2441 1393 plicandum,
2496 1321 2546 1374 in
2596 1335 2700 1389 qua
2754 1319 2878 1388 quia
2908 1315 3039 1385 justi
3089 1312 3300 1387 gaudia,
3352 1317 3446 1370 sed
3477 1317 3690 1386 reprobi

2115 1421 2237 1468 sunt
2270 1411 2524 1483 supplicia
2553 1408 2880 1480 percepturi,
2922 1407 3169 1461 Psalmus
3204 1406 3331 1461 hinc
3362 1405 3564 1475 ingenti
3606 1422 3693 1476 pa-

2115 1517 2243 1557 vore
2281 1502 2490 1571 incipit,
2522 1499 2716 1562 currit,
2759 1498 2946 1552 ﬁnitttr
2973 1513 2986 1550 :
3016 1496 3248 1560 Domine,
3294 1512 3358 1550 ne
3396 1496 3449 1550 in
3478 1496 3560 1548 ira
3600 1506 3692 1549 tua

2117 1609 2309 1664 arguas
2329 1608 2427 1655 me,
2451 1600 2555 1645 etc.
2582 1587 2754 1660 (Psal.
2784 1587 2877 1660 vt).

2742 1701 2966 1757 CAPUT
3008 1701 3074 1755 Χ.

2712 1773 2788 1827 De
2816 1772 3097 1826 mensibus.

437 1862 736 1949 cataractis
756 1887 1023 1957 completa
1053 1903 1066 1939 :
1099 1862 1219 1953 qua:
1247 1879 1438 1936 habuit
1468 1890 1769 1947 vesperam,
1796 1870 2013 1944 quando
2043 1871 2087 1930 B
2188 1865 2396 1922 Menses
2416 1865 2543 1920 dicti
2573 1880 2601 1917 a
2628 1878 2900 1957 mensura,
2937 1877 3041 1932 qua
3076 1862 3303 1933 quisque
3331 1877 3516 1917 eorum
3540 1876 3698 1917 men-

440 1983 533 2038 ﬁlii
572 1982 741 2036 Adam
790 1979 952 2047 pedes
990 1976 1056 2030 ab
1094 1972 1315 2029 Oriente
1354 1975 1648 2031 moventes,
1681 1962 1853 2036 quiin
1882 1976 2013 2018 con—

438 2071 694 2127 struenda
726 2067 989 2138 superbiai
1012 2074 1158 2118 turre
1184 2069 1568 2123 convenerunt,
1599 2056 1907 2127 linguarum
1937 2051 2015 2106 di-

441 2161 648 2216 visione
675 2157 939 2221 m‘uletati,
971 2164 1027 2210 et
1061 2155 1128 2209 ab
1157 2153 1388 2207 invicem
1424 2156 1550 2205 sunt
1584 2145 1833 2217 dispersi.
1886 2142 2018 2197 Ter-

442 2251 514 2307 tia
543 2250 629 2306 die
661 2247 816 2318 aquis
853 2246 907 2300 in
954 2242 1429 2315 congregationem
1458 2253 1621 2293 unam
1651 2234 1882 2299 coactis,
1917 2248 2015 2303 ap-

439 2343 619 2414 paruit
665 2333 815 2395 arida
845 2378 861 2403 ,
911 2336 1060 2391 silvis
1110 2333 1401 2402 herbisque
1447 2330 1644 2386 decora
1699 2345 1712 2380 :
1752 2335 1807 2383 et
1860 2325 2019 2380 tertia

440 2440 621 2497 relate,
654 2427 928 2483 ﬁrmitatis
957 2421 1233 2497 [ﬁrmatis]
1273 2422 1326 2475 in
1352 2421 1501 2476 cultu
1523 2418 1739 2475 deuium
1788 2415 2022 2489 [dmmo—

444 2518 595 2592 num]
627 2516 953 2573 nationibus,
993 2513 1264 2566 Abraham
1299 2510 1610 2580 patriarcha
1645 2507 2017 2578 cognationem

443 2610 786 2680 patriamque
814 2605 1068 2659 deserens
1095 2609 1403 2655 sanctorum
1444 2599 1651 2653 semine
1682 2597 2016 2651 fecundatur.

440 2696 675 2752 Advenit
720 2700 774 2746 ct
826 2705 1095 2760 vespera,
1140 2688 1355 2757 quando
1407 2701 1539 2757 gens
1590 2684 1815 2739 llebrtea
1865 2681 2023 2737 malis

440 2796 627 2844 coacta
672 2783 1041 2855 prementibus
1084 2789 1270 2836 contra
1318 2779 1409 2834 Dei
1461 2779 1792 2833 voluntatem
1838 2789 2020 2845 regem

441 2877 542 2933 sibi
572 2877 762 2946 petiit:
791 2874 880 2943 qui
913 2888 1036 2928 mox
1079 2872 1358 2928 ordinatus
1391 2869 1565 2940 primo
1602 2866 1814 2921 Domini
1842 2880 2022 2921 sacer—

441 2970 599 3024 dotes
624 2968 1021 3039 prophetasque
1059 2964 1295 3018 trucidat
1325 2981 1336 3015 :
1370 2961 1707 3031 postmodum
1748 2960 1862 3028 ipse
1896 2973 2019 3014 cum

445 3071 552 3115 tota
591 3069 750 3127 gente
790 3055 967 3126 gladio
1010 3054 1171 3124 periit
1216 3053 1631 3125 allophylorum.
1708 3050 1911 3119 Quarta
1935 3050 2024 3105 die

444 3150 639 3204 malum
669 3145 1025 3202 hnninaribus
1055 3155 1281 3200 ornatur
1310 3163 1323 3199 :
1360 3153 1552 3214 quarta
1582 3154 1742 3199 actate
1769 3159 1899 3215 gens
1932 3143 2021 3198 illa

2120 1966 2337 2014 suratur
2374 1975 2386 2010 :
2422 1956 2515 2011 sed
2561 1954 2754 2009 melius
2806 1968 2835 2008 a
2882 1953 3004 2008 luna
3031 1993 3046 2018 ,
3083 1969 3204 2022 qua:
3237 1969 3411 2024 graaco
3449 1968 3701 2009 sermone

2118 2061 2275 2104 mene
2319 2053 2561 2101 vocatur.
2610 2043 2742 2097 Nam
2775 2053 2829 2096 ct
2855 2044 2994 2114 apud
3034 2043 3285 2097 lichneos
3310 2082 3325 2106 ,
3371 2042 3700 2112 Hieronymo

2117 2147 2286 2206 teste,
2338 2138 2496 2200 luna,
2546 2151 2706 2205 quam
2745 2135 2865 2205 jare
2909 2134 3224 2199 nominant,
3279 2133 3553 2189 mensibus
3598 2146 3698 2186 no-

2117 2250 2239 2290 men
2286 2233 2449 2288 dedit.
2484 2232 2636 2288 Unde
2680 2239 2735 2285 et
2774 2228 2933 2285 Jesus
2962 2228 3103 2284 ﬁlius
3138 2228 3353 2292 Sirach,
3388 2229 3479 2298 qui
3515 2229 3702 2298 utique

2120 2325 2384 2381 Hebraice
2410 2323 2647 2394 scripsit.
2673 2323 2739 2377 de
2761 2321 2884 2375 luna
2907 2320 3131 2390 loquens
3159 2319 3271 2374 ait:
3301 2319 3499 2375 Mensis
3518 2335 3704 2374 secun-

2117 2419 2240 2473 dum
2272 2434 2455 2472 nomen
2476 2427 2551 2471 est
2574 2416 2689 2486 ejus
2714 2411 2843 2485 (Sir.
2872 2411 3050 2481 xuu).
3074 2410 3294 2481 Antiqui
3315 2410 3461 2466 enim
3487 2423 3703 2465 menses

2120 2523 2246 2563 suos
2272 2522 2377 2560 non
2392 2521 2419 2558 a
2447 2504 2575 2561 solis
2595 2504 2692 2559 sed
2715 2519 2745 2557 a
2761 2503 2900 2557 luna:
2920 2515 3082 2556 cursu
3100 2510 3413 2572 computare
3434 2499 3698 2555 solebant.

2122 2600 2276 2656 Unde
2318 2600 2530 2668 quoties
2558 2600 2612 2652 in
2641 2597 2921 2668 Scriptura
2969 2611 3146 2659 sacra,
3184 2594 3298 2650 sive
3329 2594 3382 2649 in
3425 2593 3560 2665 lege,
3608 2606 3704 2648 seu

2121 2699 2247 2745 ante
2286 2690 2455 2758 legem
2475 2730 2488 2753 ,
2524 2696 2688 2759 quota
2715 2688 2802 2743 die
2826 2685 3028 2742 mensis
3049 2684 3177 2756 quid
3211 2683 3410 2739 factum
3435 2682 3707 2738 dictumve

2121 2783 2211 2848 sit,
2239 2783 2528 2846 indicatur,
2551 2797 2657 2836 non
2684 2780 2828 2835 aliud
2851 2794 3010 2850 quam
3034 2778 3173 2833 luna!
3196 2785 3324 2833 tetas
3348 2776 3704 2847 significatur,

2120 2888 2151 2927 a
2178 2888 2283 2943 qua
2311 2888 2520 2942 semper
2541 2872 2774 2938 Hebraei,
2795 2870 2980 2942 quibus
3006 2870 3205 2923 credita
3224 2877 3345 2923 sunt
3375 2866 3578 2938 eloquia
3611 2865 3708 2919 Dei

2120 2964 2301 3029 (Rom.
2334 2966 2453 3033 ιιι),
2486 2963 2708 3033 antiquo
2737 2973 2955 3033 patrum
2987 2977 3137 3017 more
3173 2976 3388 3016 menses
3415 2960 3708 3015 observare

2122 3073 2229 3113 non
2260 3066 2542 3113 cessarunt
2581 3074 2596 3111 :
2628 3057 2860 3126 primum
2889 3068 3129 3111 mensem
3160 3068 3421 3109 novorum
3440 3093 3455 3119 ,
3487 3052 3579 3123 qui
3609 3067 3709 3122 pa-

2125 3148 2269 3202 schae
2289 3147 2624 3202 cmremoniis
2646 3155 2894 3202 sacratus
2923 3154 3026 3212 est,
3053 3144 3218 3201 Nisan
3244 3143 3711 3216 appellantes,qui

444 3236 650 3293 caelesti
683 3237 787 3292 ﬁde
814 3237 1044 3307 inclyta,
1090 3251 1257 3305 regno
1296 3234 1463 3289 David
1499 3242 1553 3289 et
1578 3234 1882 3290 Salomonis
1909 3233 2025 3304 glo-
2049 3218 2094 3280 (ἶ
2127 3247 2344 3307 propter
2389 3238 2735 3310 ninltivagum
2764 3238 2906 3292 lunae
2942 3238 3264 3304 discursum,
3304 3253 3446 3294 nunc
3488 3238 3541 3291 in
3572 3236 3715 3291 Mar-

447 3332 609 3395 riosa,
643 3329 849 3400 Templi
879 3329 1041 3385 etiam
1070 3328 1399 3384 sanctissimi
1424 3328 1705 3384 altitudine
1728 3337 1898 3383 totum
1929 3343 2025 3383 no-

444 3421 689 3479 bilitatur
713 3421 765 3476 in
786 3421 973 3475 orbem
1002 3438 1015 3473 ε
1044 3421 1139 3474 sed
1161 3420 1369 3489 accepit
1393 3429 1451 3474 et
1470 3432 1770 3489 vesperam,
1786 3419 2021 3490 quando,

447 3511 917 3567 crebrescentibus
946 3511 1185 3581 peccatis
1207 3549 1222 3574 ,
1260 3524 1484 3579 regnum
1526 3507 1655 3564 illud
1697 3526 1728 3564 a
1760 3509 2025 3565 Chaldaeis

449 3601 790 3672 dissipatum,
824 3601 1081 3670 templum
1117 3602 1354 3656 dirutum
1374 3642 1389 3667 ,
1420 3608 1476 3657 et
1515 3610 1625 3656 tota
1652 3617 1783 3672 gens
1813 3609 1897 3657 est
1923 3599 2026 3655 Ba-

450 3691 722 3762 byloniam
751 3689 1032 3745 translata.
1070 3688 1265 3756 Quinta
1295 3690 1382 3745 die
1409 3691 1587 3761 pisces
1614 3706 1845 3759 avesque
1871 3692 2027 3761 aquis

449 3780 658 3836 educta:
684 3799 697 3833 :
724 3781 776 3834 hi
801 3781 853 3834 in
879 3781 1073 3851 patriis
1095 3782 1504 3847 inancntundis,
1523 3781 1627 3836 illa:
1646 3797 1769 3837 aera
1800 3789 2027 3836 terram-

448 3886 554 3942 que
586 3871 910 3941 pervolant:
939 3872 1131 3941 quinta
1170 3879 1331 3927 aetate
1368 3871 1736 3942 multiplicatis
1780 3874 1834 3928 in
1862 3874 2024 3930 Chal-

449 3966 562 4017 duca
604 3962 813 4034 pepulis
859 3963 1063 4028 lsracl,
1111 3978 1244 4035 pars
1292 3962 1592 4020 cmlestium
1637 3964 2027 4020 desideriorum

446 4054 641 4122 pennis
669 4051 831 4117 fulta,
874 4051 1299 4125 Hierosolymam
1327 4054 1517 4125 petiit:
1549 4068 1678 4124 pars
1726 4054 1903 4108 volatu
1928 4054 2027 4110 de-

450 4146 637 4200 stituta
684 4147 977 4213 virtutum,
1026 4146 1167 4201 inter
1204 4145 1509 4217 Babylonia:
1558 4144 1755 4201 ﬂuenta
1804 4146 2024 4202 resedit.

451 4233 730 4291 Successit
772 4245 829 4292 et
876 4251 1129 4307 vespera,
1165 4236 1402 4306 quando,
1433 4236 1746 4291 imminente
1763 4235 1876 4306 jam
1905 4235 2026 4290 Sal-

448 4328 653 4383 vatoris
681 4329 930 4393 adventu,
983 4345 1116 4400 gens
1144 4327 1325 4384 Iudaea
1364 4337 1580 4399 propter
1615 4328 1878 4384 scelerum
1910 4344 2026 4383 ma-

450 4420 789 4492 gnitudinem
839 4417 1103 4476 Romanis
1153 4420 1437 4475 tributaria
1484 4419 1662 4486 facta,
1709 4420 1930 4491 insuper
1972 4427 2029 4474 et

451 4511 764 4583 alienigenis
794 4521 875 4567 cst
899 4512 1117 4567 subacta
1148 4513 1384 4583 regibus.
1429 4512 1592 4567 Sexta
1618 4513 1705 4567 die
1742 4520 1885 4566 terra
1915 4512 2027 4567 suis

450 4604 816 4658 animantibus
841 4604 1110 4673 impletur,
1140 4614 1193 4660 et
1220 4606 1380 4659 homo
1414 4605 1619 4674 primus
1649 4604 1714 4659 ad
1740 4604 2029 4675 imaginem

454 4691 547 4745 Dei
573 4700 822 4757 creatur;
842 4708 1149 4762 mosqueex
1167 4694 1283 4764 ejus
1301 4695 1470 4749 latere
1484 4694 1802 4749 dormientis
1815 4704 2029 4765 sumpta

452 4791 623 4849 costa,
668 4783 866 4839 femina
908 4786 1421 4843 fabricatur:sexta
1471 4797 1632 4844 aetate
1670 4791 2031 4859 prtecouanti-

452 4875 552 4929 bus
592 4875 870 4946 prophetis
898 4875 1064 4930 Filius
1092 4876 1187 4931 Dei
1224 4877 1278 4930 in
1308 4892 1493 4943 carne,
1523 4878 1613 4948 qui
1650 4879 1922 4934 hominem
1962 4880 2031 4935 ad

454 4965 745 5036 imaginem
775 4964 869 5021 Dei
909 4976 1141 5032 crearat,
1195 4967 1481 5037 apparuit:
1515 4969 1607 5038 qui
1653 4968 1929 5025 dormiens
1976 4970 2028 5024 in

453 5073 613 5115 cruce
643 5058 961 5129 sanguinem
989 5068 1044 5115 et
1066 5075 1265 5130 aquam
1293 5060 1361 5116 de
1390 5061 1581 5128 latere,
1612 5061 1755 5117 unde
1800 5061 1902 5117 sibi
1930 5062 2031 5117 Ec-

453 5147 672 5203 clesiam
699 5157 1066 5215 consecraret,
1090 5150 1363 5205 emanavit
1388 5168 1400 5204 :
1427 5150 1585 5221 hujus
1607 5152 1782 5207 aetatis
1805 5166 2029 5221 vespera

453 5240 665 5296 caneris
715 5241 997 5295 obscurior
1048 5242 1101 5295 in
1153 5240 1474 5297 Antichristi
1528 5253 1611 5298 est
1658 5243 2029 5312 persecutione

457 5339 698 5383 ventura.
739 5328 977 5400 Septima
1010 5330 1121 5392 die,
1174 5332 1563 5387 consummatis
1600 5332 1853 5403 cperibus
1894 5332 2026 5396 suis,

457 5420 597 5475 Deus
650 5423 915 5492 requievit
953 5442 965 5476 :
1007 5439 1234 5494 eamque
1301 5427 1677 5490 sanetiicans,
1742 5423 2027 5480 Sabbatum

458 5513 753 5580 [nuncupari
796 5512 1081 5581 pnecepit,
1122 5528 1240 5583 quae
1301 5529 1581 5584 vesperam
1629 5516 1880 5571 habuisse
1922 5530 2028 5569 non

460 5599 686 5670 legitur:
726 5600 951 5670 septima
990 5604 1135 5658 enim
1181 5614 1338 5659 aetate
1377 5604 1644 5672 iustorum
1679 5607 1872 5660 animzc
1913 5613 2035 5676 post

458 5692 690 5759 optimos
724 5693 880 5762 hujus
904 5694 1024 5748 vitzc
1066 5695 1279 5753 labores
1313 5697 1366 5751 in
1396 5699 1499 5752 alia
1528 5699 1637 5751 vita
1664 5707 1921 5768 perpetuo
1950 5714 2036 5754 re—

460 5785 771 5856 quiescunt,
802 5802 919 5855 quae
946 5787 1088 5840 nulla
1118 5804 1389 5857 nunquam
1423 5792 1636 5844 tristitia
1660 5791 2031 5856 maculahitnr,

2053 4562 2108 4624 D

2126 3327 2260 3381 tium
2291 3342 2553 3391 mensem,
2583 3343 2725 3383 nunc
2751 3328 2940 3383 incidit
2968 3329 3021 3382 in
3043 3327 3303 3398 Aprilem,
3339 3343 3483 3382 nunc
3504 3327 3712 3397 aliquot

2124 3420 2240 3476 dies
2266 3418 2389 3474 Maii
2420 3420 2624 3474 mensis
2659 3429 2908 3491 occupat.
2948 3417 3054 3474 Sed
3083 3419 3288 3474 rectius
3329 3417 3499 3489 Aprili
3537 3418 3711 3487 depu-

2125 3518 2271 3564 tatur
2303 3528 2317 3564 :
2356 3510 2482 3579 quia
2527 3525 2742 3580 semper
2790 3511 2844 3565 in
2876 3510 2993 3581 ipso
3040 3509 3123 3565 vel
3164 3509 3355 3581 incipit
3388 3509 3472 3564 vel
3511 3509 3717 3564 desinit

2123 3601 2209 3658 vel
2250 3610 2392 3657 totus
2423 3601 2741 3667 includitur,
2786 3617 2850 3658 ea
2895 3604 3159 3658 duntaxat
3206 3601 3424 3673 regula,
3466 3600 3621 3670 cujus
3655 3612 3713 3656 et

2124 3708 2284 3762 supra
2315 3693 2660 3767 meminimus
2679 3734 2694 3758 ,
2726 3692 3034 3760 observata,
3062 3701 3124 3747 ut
3156 3708 3277 3764 qua:
3304 3693 3710 3763 quintadecima

2123 3789 2249 3851 post
2273 3783 2652 3852 aequinoctium
2681 3783 2807 3838 luna
2835 3784 3122 3849 exstiterit,
3157 3783 3393 3853 primum
3429 3786 3713 3853 sequentis

2122 3873 2252 3927 anni
2292 3888 2533 3929 mensem
2566 3872 2732 3929 faciat
2768 3892 2782 3928 :
2818 3890 2940 3947 qua:
2966 3891 3096 3931 vero
3125 3883 3316 3941 antea,
3359 3876 3714 3932 novissimum

2124 3963 2483 4035 praecedentis
2519 3982 2533 4015 :
2570 3964 2759 4036 sicque
2796 3982 2895 4036 per
2918 3968 3186 4023 ordinem.
3216 3968 3496 4024 Secundus
3523 3982 3715 4022 eorum

2125 4056 2329 4112 mensis
2365 4055 2453 4111 lar
2492 4056 2651 4122 Maio,
2694 4059 2887 4113 tertius
2920 4058 3081 4114 Sivan
3107 4057 3290 4125 Junio,
3323 4066 3551 4129 quartus
3572 4058 3718 4113 Tha-

2126 4145 2235 4200 mul
2255 4145 2417 4213 Iulio,
2447 4146 2666 4215 quintus
2691 4147 2807 4201 Aab
2829 4147 3091 4219 Augusto,
3120 4156 3305 4203 sextus
3329 4147 3443 4203 Elul
3463 4147 3718 4218 Septem-
3793 4184 3801 4193 ι

2126 4239 2229 4305 bri,
2246 4239 2509 4309 septimus
2523 4237 2746 4293 Theseri
2764 4239 3000 4304 Octobri,
3022 4255 3181 4311 quem
3206 4249 3428 4311 propter
3445 4240 3720 4297 collectio-

2125 4344 2248 4384 nem
2281 4328 2494 4400 frugum
2521 4338 2575 4386 et
2610 4329 2993 4386 celeberrimas
3020 4330 3076 4384 in
3112 4330 3229 4400 ipso
3260 4329 3583 4384 festivitates
3609 4344 3716 4385 no-

2125 4434 2252 4474 vum
2301 4434 2501 4475 annum
2538 4420 2810 4492 appellant
2854 4436 2868 4474 :
2899 4430 3123 4475 octavus
3156 4419 3439 4474 Maresuan
3478 4419 3715 4475 Novem-

2130 4507 2214 4564 bri
2247 4525 2261 4563 :
2294 4523 2469 4565 nonus
2504 4508 2707 4566 Casseu
2745 4509 3027 4565 Deccmbri
3064 4527 3076 4563 :
3119 4509 3360 4564 decimus
3387 4508 3593 4564 chcth
3628 4508 3722 4564 Ja—

2133 4604 2322 4658 nuario
2351 4619 2366 4657 :
2396 4605 2716 4660 undecimus
2756 4602 2925 4659 Sabat
2968 4602 3265 4658 Februario
3309 4621 3321 4656 :
3367 4602 3720 4659 duodecimus

2132 4697 2279 4753 Adar
2303 4698 2497 4755 Martio
2522 4699 2684 4755 simili
2726 4699 2936 4753 ratione
2964 4708 3330 4769 comparatur.
3359 4697 3505 4765 Quos
3529 4699 3720 4755 videli-

2134 4796 2222 4843 cet
2247 4802 2460 4843 menses
2483 4796 2708 4859 propter
2727 4788 2865 4843 lunze
2888 4788 3170 4853 circulum,
3195 4788 3284 4859 qui
3314 4803 3443 4842 nix
3470 4797 3525 4842 et
3552 4788 3721 4842 semis

2130 4877 2318 4935 diebus
2355 4887 2589 4944 constat,
2627 4878 2848 4935 tricenis
2883 4879 3355 4948 undetriceuisquc
3403 4876 3593 4932 diebus
3642 4877 3724 4933 al—

2133 4978 2430 5036 ternantes,
2470 4969 2709 5025 secundo
2748 4969 2965 5024 demum
3008 4968 3091 5022 vel
3127 4967 3288 5023 tertio
3329 4982 3473 5025 anno
3504 4975 3719 5032 exacto,

2137 5073 2378 5116 mensem
2402 5058 2751 5131 superfluum,
2780 5062 2873 5131 qui
2915 5076 2984 5117 ex
3008 5062 3204 5117 annuis
3235 5063 3483 5117 undecim
3505 5071 3725 5132 epacta-

2137 5166 2255 5205 rmn
2279 5152 2468 5207 diebus
2488 5152 2681 5208 conﬁci
2707 5151 2865 5218 solet,
2892 5153 3236 5209 intercalant.
3283 5153 3436 5208 Unde
3457 5153 3720 5210 nonnullo

2139 5256 2358 5297 moveor
2401 5243 2692 5312 scrupulo,
2739 5242 3011 5312 quomodo
3058 5241 3289 5312 majores
3333 5244 3503 5299 nostri
3547 5242 3717 5307 diem,

2136 5348 2242 5403 qua
2269 5334 2353 5389 lex
2379 5333 2501 5388 data
2528 5343 2644 5401 est,
2674 5349 2794 5405 qua:
2822 5344 2908 5390 est
2935 5334 3093 5389 tertia
3119 5334 3320 5389 mensis
3352 5333 3530 5398 tertii,
3558 5335 3725 5402 quin-

2137 5426 2499 5497 quagcsimam
2526 5427 2595 5481 ab
2632 5426 2756 5498 agni
2793 5425 3069 5481 occisione
3091 5431 3422 5493 computent,
3458 5430 3725 5493 ponentes

2137 5518 2389 5573 videlicet
2429 5519 2591 5588 primi
2629 5517 2832 5573 mensis
2862 5516 3109 5572 residuos
3133 5516 3249 5572 dies
3282 5529 3506 5570 numero
3532 5513 3722 5569 decem

2138 5622 2192 5667 et
2216 5622 2422 5682 septem
2456 5630 2469 5665 :
2509 5613 2634 5682 quia
2668 5611 2926 5667 tredecim
2955 5611 3167 5682 priores
3209 5608 3425 5663 fuerant
3461 5615 3586 5662 ante
3618 5620 3724 5675 pa-

2140 5703 2268 5757 scha
2302 5704 2586 5767 transacti,
2618 5702 2836 5757 secundi
2872 5718 3004 5764 xxx,
3037 5700 3182 5756 tertii
3211 5707 3345 5765 tres,
3368 5698 3461 5769 qui
3484 5697 3620 5750 ﬁunt
3642 5696 3722 5750 si-

2141 5793 2248 5848 mul
2285 5794 2398 5848 dies
2437 5793 2827 5863 quinquaginta
2857 5812 2870 5848 :
2903 5808 3028 5851 cum
3075 5801 3289 5848 constet
3329 5791 3464 5846 duos
3503 5800 3724 5843 menses
