4072 6198
351 335 462 391 503

352 541 554 610 pascha
576 539 739 611 jussit
764 535 958 611 (Exod.
985 538 1132 609 xxv);
1164 553 1271 609 quo
1298 539 1461 594 etiam
1493 546 1732 607 tempore
1752 535 1938 591 Salva-

355 642 441 686 tor
475 639 597 700 post
624 628 931 699 passionem
970 643 1000 682 a
1028 636 1202 681 morte
1228 627 1483 693 surrexit,
1518 634 1573 681 et
1605 640 1757 695 spem
1784 624 1938 679 nobis

354 721 771 778 resurrectionis
800 720 1008 774 tribuit.
1048 716 1235 774 zEstas
1265 726 1445 773 autem
1476 725 1716 772 ventura:
1736 713 1938 783 jucun-

354 813 537 869 ditutis
568 810 932 883 prmﬁgnratio
967 816 1069 876 est,
1113 818 1169 863 et
1212 807 1480 864 fervorem
1526 807 1808 862 charitatis
1845 820 1939 860 ex-

353 909 559 978 primit.
622 905 775 962 Unde
833 914 918 959 est
978 903 1107 957 illud
1158 903 1210 958 in
1265 902 1471 971 psalmo
1513 920 1526 956 :
1561 901 1823 954 Aistatem
1888 908 1937 952 et

353 1016 441 1054 ver
467 1007 522 1051 tu
549 996 718 1067 fecisti
739 1012 799 1049 ea
824 992 994 1065 (Psal.
1018 990 1235 1062 Lxxnt).
1267 992 1332 1046 Et
1356 992 1409 1045 in
1440 990 1729 1046 Salomone
1759 1007 1772 1042 :
1810 986 1934 1041 Iam

362 1090 500 1145 enim
531 1090 694 1142 Itiems
729 1087 935 1140 transiit
963 1095 1009 1139 et
1036 1085 1243 1138 recessit
1274 1096 1291 1133 :
1320 1084 1477 1153 ﬂores
1506 1087 1857 1150 apparuerunt
1884 1077 1938 1131 in

361 1192 502 1236 terra
527 1178 704 1253 (Cant.
747 1180 829 1247 tt).
857 1176 1043 1232 Estas
1069 1176 1246 1231 futura
1284 1174 1580 1238 beatitudo,
1613 1182 1666 1225 ut
1701 1172 1754 1225 in
1787 1168 1940 1223 Salo-

359 1287 519 1326 mone
546 1288 575 1333 :_
593 1267 816 1338 Propter
843 1268 1010 1338 frigus
1033 1268 1180 1338 piger
1204 1282 1358 1318 arare
1392 1264 1557 1317 noluit
1582 1276 1599 1314 :
1623 1260 1939 1315 mendicabit

354 1370 561 1425 aestate,
595 1368 643 1412 et
679 1375 782 1411 non
820 1358 1032 1411 dabitur
1068 1358 1116 1410 ei
1154 1353 1338 1429 (Prov.
1383 1353 1497 1427 xx).
1541 1353 1645 1409 Per
1675 1354 1792 1409 ι]πο
1831 1354 1937 1408 duo

354 1460 596 1521 tempora
632 1447 902 1520 signiﬁcat
938 1446 1121 1503 ﬁdeles
1158 1446 1375 1503 diversa
1413 1461 1622 1501 morum
1677 1444 1938 1514 qualitate

349 1544 636 1615 pollentes.
664 1542 768 1596 Alii
794 1542 937 1597 enim
964 1549 1089 1595 sunt
1113 1547 1371 1611 tanquam
1398 1547 1577 1604 testas,
1612 1538 1734 1594 lidei
1757 1536 1938 1593 calore

352 1636 625 1690 ferventes
656 1632 722 1687 ad
763 1631 1085 1702 martyrium
1125 1646 1298 1700 usque
1334 1629 1579 1701 perducti
1613 1647 1625 1682 :
1659 1628 1748 1682 alii
1787 1642 1941 1681 mau-

349 1726 635 1784 suetudine
658 1724 961 1794 temperati,
998 1732 1255 1792 tanquam
1283 1738 1400 1788 ver,
1430 1721 1679 1793 aequabili
1711 1720 1937 1775 Domino

1001 332 1061 389 B.
1102 332 1352 389 RABA‘NI
1388 332 1607 391 MAUR]
1646 331 1963 388 ARClllEP.
2004 330 2310 389 MOGUNT.
2350 330 2638 388 OPERUM
2679 332 2858 388 PARS
2894 334 2958 388 ll.

356 460 499 506 terra
527 446 747 520 Λεπριί
777 459 875 519 per
898 461 1050 501 mare
1083 446 1347 512 Rubrum,
1374 447 1427 501 in
1451 461 1557 516 quo
1582 456 1638 501 et
1664 444 1940 500 celebrare
1967 447 2021 506 Α

2633 444 2862 502 CAPUT
2911 442 3023 500 Xll.

2692 534 2772 589 De
2799 552 2958 590 anno.

2116 625 2306 681 Annus
2337 625 2423 682 vel
2444 626 2514 681 ab
2540 625 2844 681 innovando
2872 636 3091 693 cuncta,
3118 643 3239 698 qum
3272 627 3502 683 naturali
3539 644 3630 682 ur—

2037 717 2168 772 dine
2203 717 2558 782 transierant,
2588 716 2672 771 vel
2709 732 2739 771 a
2770 717 3003 772 circuitu
3031 719 3291 789 temporis
3314 734 3513 774 nomen
3541 733 3629 774 ac-

2039 809 2182 879 cepit
2212 824 2228 862 :
2263 808 2388 878 quia
2426 817 2639 863 veteres
2664 823 2863 863 annum
2894 824 2990 879 per
3020 809 3224 865 circum
3254 824 3458 878 ponere
3484 810 3628 864 sole-

2038 899 2190 964 bant,
2216 906 2277 952 ut
2305 896 2437 959 Cato
2453 897 2585 952 dicit
2602 898 2655 952 in
2679 896 3044 967 Originalibus
3061 907 3361 953 oratorum.
3386 898 3622 966 Annum,

2039 988 2094 1043 id
2135 996 2253 1049 est,
2294 988 2534 1053 circum,
2576 988 2865 1041 terminum
2901 1006 2914 1041 :
2947 996 3001 1043 et
3032 988 3240 1043 ambire
3288 989 3488 1044 dicitur
3524 1005 3625 1059 pro

2039 1078 2347 1133 circumire.
2381 1077 2479 1132 Est
2504 1086 2685 1133 autem
2729 1092 2902 1133 annus
2927 1078 3154 1145 lunaris,
3190 1088 3276 1134 est
3314 1087 3369 1134 et
3409 1079 3623 1145 solaris,

2038 1175 2124 1223 est
2144 1176 2200 1223 et
2219 1169 2520 1224 errantium
2535 1169 2802 1224 discretus
2832 1167 3109 1224 stellarum
3143 1186 3157 1223 :
3194 1176 3279 1224 est
3303 1178 3361 1224 et
3382 1170 3627 1225 omnium

2039 1259 2380 1331 planetarum
2418 1274 2582 1325 unus,
2616 1274 2778 1329 quem
2802 1274 3056 1330 magnum
3079 1260 3389 1330 specialiter
3408 1276 3625 1316 nuncu-

2038 1358 2188 1420 pant.
2221 1348 2326 1407 Sed
2351 1350 2557 1406 lunaris
2574 1365 2746 1406 annus
2758 1350 3090 1421 quadrilarie
3103 1353 3384 1423 accipitur.
3409 1352 3629 1409 Primus

2044 1450 2130 1497 est
2152 1455 2409 1512 namque,
2440 1457 2562 1497 cum
2586 1441 2712 1496 luna
2734 1457 2881 1497 xxvn
2909 1442 3099 1498 diebus
3123 1451 3179 1498 et
3200 1451 3323 1499 octo
3354 1444 3504 1499 horis
3522 1444 3629 1500 Ζο-

2044 1535 2256 1591 diacum
2297 1549 2661 1606 percurrens,
2702 1534 2772 1589 ad
2804 1535 2857 1590 id
2902 1534 3139 1605 signum,
3180 1549 3247 1590 ex
3282 1550 3628 1607 quoegressa

2045 1633 2149 1692 est,
2190 1626 2505 1680 revertitur.
2550 1624 2833 1680 Secundus
2859 1624 3065 1681 duobus
3099 1626 3288 1682 diebus
3313 1633 3370 1682 et
3390 1633 3629 1696 quatuor

2045 1715 2198 1771 horis
2247 1715 2551 1786 prolixior,
2603 1715 2697 1787 qui
2750 1727 3007 1773 consuete
3050 1719 3255 1774 mensis
3303 1719 3625 1791 appellatur,

350 1822 638 1878 devotione
672 1820 1014 1875 famulantes.
1060 1819 1256 1875 Omnia
1295 1819 1440 1875 enim
1483 1825 1539 1872 et
1584 1818 1689 1872 ista
1736 1824 1792 1870 et
1833 1813 1953 1869 alia
1984 1798 2033 1859 Β
2059 1822 2183 1863 cum
2215 1807 2380 1863 solem
2422 1824 2453 1862 a
2481 1822 2587 1878 quo
2625 1823 2762 1863 nova
2797 1809 3038 1880 digressa
3063 1820 3170 1877 est,
3206 1828 3335 1868 xxix
3363 1814 3629 1871 diebusct

352 1915 466 1984 ipse
494 1911 643 1970 fecit.
675 1909 829 1979 cujus
849 1910 1019 1981 gratia
1042 1910 1379 1973 conceditur,
1400 1908 1543 1979 quod
1573 1907 1626 1962 in
1654 1904 1934 1961 hominum

350 2008 489 2061 bona
510 2005 787 2060 voluntate
813 2010 1169 2058 monstratur.
1204 2002 1510 2057 Autumnus
1530 1999 1717 2064 etiam,
1746 1996 1800 2051 in
1826 2009 1934 2065 quo

351 2094 673 2164 colliguntur
687 2092 888 2164 fruges,
906 2100 1117 2163 tempus
1129 2099 1215 2147 est
1229 2092 1420 2146 messis
1446 2098 1606 2161 atque
1625 2085 1931 2153 vindemiae,

347 2197 560 2255 tempus
603 2184 923 2240 universalis
943 2182 1134 2254 judicii
1187 2181 1490 2255 signiﬁcat,
1519 2178 1736 2252 quando
1767 2191 1936 2232 unus—

347 2278 578 2347 quisque
611 2276 793 2347 operis
822 2276 1127 2332 mercedem
1163 2275 1409 2345 recipiet,
1441 2283 1496 2329 et
1519 2279 1685 2328 metet
1703 2269 1937 2325 fructum

351 2367 556 2424 laboris
587 2368 704 2435 sui,
729 2365 884 2437 juxta
911 2366 1042 2422 illud
1073 2366 1317 2437 Apostoli
1346 2384 1359 2419 :
1387 2364 1579 2420 Omnes
1606 2379 1701 2418 nos
1735 2370 1937 2433 oportet

347 2470 485 2517 stare
512 2470 634 2516 ante
682 2458 914 2515 tribunal
938 2456 1153 2521 ,Christi
1177 2498 1192 2523 ,
1234 2466 1289 2512 ut
1334 2456 1546 2526 recipiat
1585 2453 1939 2525 unusquisque

348 2553 559 2622 propria
594 2551 827 2622 corporis
848 2590 864 2615 ,
894 2559 1046 2621 prout
1075 2549 1255 2619 gessit,
1297 2548 1401 2602 sive
1436 2545 1648 2610 bonum,
1687 2545 1792 2599 sive
1819 2559 1936 2597 ma-

350 2644 458 2698 lum
482 2660 517 2698 .:
554 2642 807 2713 quoniam
850 2640 941 2713 qui
967 2639 1190 2695 seminat
1234 2639 1290 2693 in
1323 2653 1479 2692 carne
1518 2652 1639 2702 sua,
1682 2636 1745 2689 de
1783 2650 1940 2689 carne

353 2744 510 2789 metet
540 2732 926 2801 corruptionem
950 2747 969 2786 :
994 2730 1086 2803 qui
1115 2739 1289 2785 autem
1319 2728 1538 2784 seminat
1564 2728 1619 2782 in
1642 2726 1849 2798 spiritu,
1877 2725 1941 2780 de

349 2827 536 2898 spiritu
585 2833 737 2880 metet
780 2826 938 2880 uitam
981 2835 1233 2878 wternam
1268 2820 1351 2895 (ll
1411 2820 1534 2876 Cor.
1573 2836 1625 2885 v,
1680 2816 1802 2874 Gal.
1839 2817 1937 2888 γι).

352 2916 445 2972 Sic
484 2915 631 2972 enim
681 2915 941 2970 Dominus
981 2913 1036 2968 in
1076 2912 1370 2983 Evangelia
1424 2911 1501 2966 ait
1539 2923 1554 2965 :
1587 2907 1773 2965 Messis
1820 2923 1939 2963 vero

352 3006 732 3062 consummatio
771 3004 952 3060 swculi
987 3013 1087 3070 est,
1134 3021 1387 3077 messores
1428 3013 1601 3058 autem
1644 3000 1815 3073 angeli
1845 3000 1943 3054 Dei

355 3096 571 3169 (Matth.
604 3094 843 3162 xm)..Et
870 3093 996 3149 alibi
1030 3111 1043 3147 :
1073 3093 1166 3150 Sic
1192 3104 1266 3149 est
1299 3109 1514 3165 regnum
1547 3090 1663 3157 Dei,
1687 3089 1941 3163 quemad-

357 3186 572 3240 modum
616 3186 663 3240 si
699 3185 854 3239 Itomo
884 3184 1059 3255 jaciat
1101 3195 1374 3240 sementem
1412 3186 1467 3239 in
1489 3194 1705 3249 terram,
1749 3191 1795 3237 et
1821 3181 1944 3235 dor-
1970 3159 2014 3219 Ο

358 3275 510 3339 miat,
550 3285 599 3330 et
634 3284 883 3346 exsurgat
922 3286 1072 3329 nocte
1105 3292 1167 3329 ac
1184 3276 1300 3340 die,
1324 3284 1370 3330 et
1407 3290 1579 3330 semen
1606 3272 1853 3343 germinet
1894 3282 1943 3327 et

356 3366 637 3431 increscat,
683 3365 810 3418 dum
851 3365 1012 3419 nescit
1066 3363 1152 3418 ille
1207 3364 1400 3436 (Marc.
1451 3362 1546 3437 tv).
1596 3363 1748 3419 Ultro
1799 3363 1941 3417 enim

363 3464 510 3511 terra
556 3454 886 3521 fructiﬁcat,
924 3457 1165 3526 primum
1199 3456 1446 3522 herbam,
1490 3455 1682 3511 deinde
1716 3455 1941 3525 spicam,

358 3546 788 3618 deindeplenum
807 3544 1139 3602 frumentum
1167 3547 1218 3601 in
1246 3548 1471 3617 spicam.
1495 3546 1711 3602 Etcum
1732 3562 1790 3601 se
1816 3561 1945 3616 pro-

362 3638 579 3694 duxerit
602 3638 835 3705 fructus,
866 3638 1051 3693 statim
1082 3639 1260 3693 mittat
1282 3637 1492 3702 falcem,
1513 3638 1767 3708 quoniam
1793 3637 1947 3693 adest

357 3738 571 3799 tempus
622 3730 834 3786 messis.
885 3728 1032 3784 Tunc
1087 3730 1224 3784 enim
1272 3731 1439 3785 mittet
1494 3728 1671 3783 Filius
1718 3729 1943 3783 hominis

359 3821 570 3892 angelos
590 3838 713 3876 suos
738 3832 785 3876 et
810 3819 1052 3892 colligent
1070 3822 1133 3875 de
1154 3838 1309 3892 regno
1335 3822 1449 3892 ejus
1471 3822 1646 3876 omnia
1667 3818 1941 3886 scandala,

365 3910 687 3982 alligantque
722 3912 931 3964 sizania
961 3910 1229 3981 fasciculis
1261 3912 1329 3965 ad
1362 3910 1765 3965 comburendum
1799 3925 1818 3963 :
1850 3908 1945 3962 tri-

375 4003 532 4057 ticum
570 4014 742 4056 autem
778 4010 1091 4072 congregant
1131 4003 1187 4056 in
1211 4002 1397 4056 horrea
1419 4019 1517 4057 sua
1542 4000 1756 4074 (Matth.
1796 3997 1939 4071 xm).

377 4096 509 4149 ltcm
534 4105 830 4149 autumnus
854 4094 1142 4164 aliquando
1180 4101 1454 4150 transacta
1485 4093 1941 4163 salutistempora

372 4185 668 4256 signiﬁcat,
699 4193 756 4237 ut
787 4183 842 4238 in
874 4182 1081 4238 Michea
1113 4201 1126 4237 :
1164 4182 1255 4239 Va:
1287 4184 1445 4248 mihi,
1477 4185 1599 4256 quia
1627 4183 1797 4253 factus
1825 4199 1943 4238 sum

363 4278 502 4332 sicut
557 4276 645 4347 qui
687 4274 885 4346 colligit
922 4290 1155 4329 racemos
1186 4274 1240 4328 in
1282 4286 1532 4328 autumno
1579 4273 1763 4345 (Mich.
1817 4273 1938 4346 vn).

364 4366 551 4421 lliems
592 4380 724 4421 vero
764 4363 1175 4420 tribulationem
1215 4363 1482 4434 signiﬁcat
1524 4364 1610 4419 vel
1649 4365 1939 4420 terminum

2036 1901 2317 1957 duodecim
2344 1901 2493 1957 horis
2520 1901 2747 1967 exactis,
2769 1901 2884 1973 jam
2905 1900 3114 1959 defecta
3137 1906 3351 1974 repetit.
3389 1904 3626 1976 Tertius,

2036 1992 2130 2062 qui
2174 2006 2251 2046 ιιι
2287 1991 2566 2046 mensibus
2600 1992 2942 2062 huiusmodi,
2976 1992 3030 2048 id
3069 2001 3175 2060 est,
3213 1994 3404 2051 diebus
3440 2013 3627 2055 cccuv

2036 2082 2304 2153 expletur,
2349 2091 2406 2138 et
2441 2091 2669 2138 vocatur
2710 2084 3035 2150 communis,
3087 2099 3153 2140 eo
3192 2086 3334 2155 quod
3378 2085 3486 2142 duo
3527 2104 3628 2144 sae-

2036 2172 2260 2244 pissime
2305 2172 2445 2228 tales
2481 2173 2688 2243 pariter
2724 2182 2967 2228 currant.
3006 2172 3246 2240 Quartus
3271 2176 3363 2246 qui
3402 2176 3628 2233 emboli-

2039 2279 2191 2320 smus
2224 2262 2412 2319 Graece
2436 2264 2656 2330 dicitur,
2685 2264 2738 2320 id
2760 2272 2864 2331 est,
2893 2276 3424 2337 superaugmentum,
3450 2277 3507 2324 et
3531 2270 3628 2326 ba-

2039 2356 2133 2413 bet
2154 2371 2249 2410 xm
2282 2370 2515 2422 menses,
2556 2355 2610 2410 id
2644 2364 2750 2422 est,
2800 2355 2915 2411 dies
2949 2371 3232 2412 cccxxxtv.
3265 2358 3368 2425 Qui
3398 2368 3628 2430 uterque

2040 2446 2180 2516 apud
2214 2445 2468 2502 Hebrwos
2499 2463 2530 2502 a
2572 2446 2836 2517 principio
2865 2447 3068 2503 mensis
3101 2449 3375 2518 paschalis
3414 2451 3625 2521 incipit,

2041 2534 2348 2605 ibidemque
2367 2535 2555 2590 ﬁnitur
2586 2554 2602 2590 :
2629 2537 2770 2605 apud
2791 2535 3065 2592 Romanos
3088 2553 3218 2593 vero
3240 2540 3309 2594 ab
3333 2540 3628 2610 incipiente

2040 2628 2168 2684 luna
2212 2630 2416 2685 mensis
2452 2628 2696 2685 Januarii
2738 2631 2904 2686 sumit
2949 2631 3185 2699 initium,
3224 2633 3407 2703 ibique
3447 2638 3631 2692 termi-

2041 2727 2221 2775 natur.
2269 2719 2401 2775 ltem
2456 2720 2586 2775 solis
2636 2729 2720 2776 est
2772 2736 2969 2788 annus,
3020 2738 3142 2778 cum
3181 2724 3249 2779 ad
3285 2725 3475 2779 eadem
3508 2725 3629 2783 loca

2042 2810 2279 2866 siderum
2323 2812 2462 2867 redit
2489 2813 2728 2880 peractis
2766 2814 3023 2868 trecentis
3058 2814 3344 2885 sexaginta
3385 2815 3627 2886 quinque

2043 2901 2234 2958 diebus
2264 2909 2320 2957 et
2349 2916 2442 2957 sex
2475 2902 2659 2969 boris,
2699 2902 2753 2958 id
2790 2912 2911 2969 est,
2956 2904 3255 2974 quadrante
3280 2907 3446 2963 totius
3469 2907 3577 2963 diei
3607 2924 3624 2961 :

2043 3008 2164 3064 qua:
2201 3010 2328 3065 pars
2357 3002 2550 3065 quater
2577 2996 2736 3051 ducta
2766 2996 2907 3067 cogit
2938 2996 3208 3069 interponi
3238 3015 3403 3055 unum
3427 3001 3570 3057 diem
3603 3019 3623 3058 :

2044 3101 2204 3156 quem
2229 3086 2458 3142 Romani
2487 3087 2786 3143 bissextum
2819 3096 3029 3153 vocant,
3064 3097 3126 3144 ut
3147 3090 3213 3144 ad
3242 3091 3489 3147 eumdem
3517 3093 3630 3148 eir-

2046 3178 2249 3235 cuitum
2301 3178 2572 3234 redeatur.
2615 3179 2856 3246 Quartus
2901 3180 3099 3238 solaris
3139 3182 3258 3253 gyri
3299 3198 3473 3240 annus
3518 3186 3630 3241 bis-

2046 3271 2257 3327 sextilis
2296 3281 2411 3337 est,
2442 3272 2656 3328 caeteris
2687 3273 2861 3329 tribus
2908 3288 3018 3329 uno
3060 3273 3148 3330 die
3196 3274 3470 3345 prolixior,
3520 3292 3631 3347 quo

2045 3360 2291 3419 confecto
2352 3362 2433 3419 sol
2500 3363 2569 3418 ad
2633 3372 2826 3419 cuncta
2899 3362 3177 3437 signorum
3244 3366 3359 3423 loca
3422 3367 3626 3424 eisdem

2045 3454 2253 3509 dierum
2300 3454 2687 3524 noctiumque,
2737 3456 2938 3525 quibus
2999 3466 3125 3512 ante
3174 3460 3625 3529 quadriennium,

2046 3544 2338 3599 revertitur
2358 3545 2527 3600 horis.
2553 3545 2741 3602 Annus
2762 3548 3059 3603 errantium
3085 3549 3361 3606 stellarum
3388 3560 3495 3618 est,
3521 3567 3631 3622 quo

2046 3636 2263 3691 illarum
2288 3651 2516 3708 quaeque
2537 3637 2757 3694 Zodiaci
2784 3639 3047 3696 ambitum
3077 3642 3388 3713 perlustrat,
3425 3644 3493 3699 de
3521 3659 3632 3713 quo
3716 3645 3735 3663 '

2045 3741 2204 3797 supra
2230 3727 2485 3784 diximus.
2510 3726 2698 3785 Annus
2723 3746 2950 3802 magnus
2975 3740 3082 3798 est,
3112 3749 3233 3788 cum
3258 3735 3439 3790 omnia
3466 3735 3631 3792 simul

2044 3818 2284 3873 errantia
2324 3818 2506 3874 sidera
2552 3819 2620 3874 ad
2665 3836 2761 3875 sua
2812 3838 3041 3894 quaeque
3088 3824 3204 3880 loca
3253 3825 3493 3882 habuere
3548 3840 3633 3881 ro-

2043 3916 2270 3963 currunt
2317 3907 2667 3983 [recursum],
2690 3927 2848 3980 quem
2900 3914 3063 3969 etiam
3112 3914 3350 3971 circulus
3397 3931 3630 3987 magnus

2043 3999 2257 4067 pascha:
2281 4000 2537 4056 ostendit.
2575 3999 2822 4058 Circ'ulus
2866 4005 3080 4073 paschae
3134 4020 3362 4076 magnus
3405 4011 3629 4079 est,qui

2044 4088 2396 4160 multiplicato
2422 4105 2519 4161 per
2569 4091 2798 4148 invicem
2821 4094 2981 4149 solari
3011 4110 3076 4150 ac
3102 4095 3278 4152 lunari
3300 4097 3451 4168 cyclo
3470 4100 3632 4168 quiu-

2044 4180 2217 4251 gentis
2248 4181 2468 4252 triginta
2519 4181 2726 4239 duobus
2774 4184 3060 4241 conﬁcitur
3105 4188 3281 4243 annis.
3327 4188 3452 4244 Sive
3480 4190 3627 4245 enim

2044 4272 2223 4331 decies
2238 4275 2425 4332 novies
2447 4276 2620 4333 viceni
2640 4286 2695 4332 et
2714 4279 2920 4344 octoni,
2935 4294 3027 4335 seu
3041 4280 3206 4337 vicies
3226 4282 3395 4339 octies
3414 4283 3537 4338 deni
3559 4298 3629 4339 ac

2044 4365 2237 4420 noveui
2285 4365 2746 4436 multiplicentur:
2782 4371 3196 4441 quingentorum
3229 4390 3379 4429 xxxn
3435 4391 3628 4431 nume-

364 4458 607 4515 tuOrtalis
635 4460 777 4513 vitm.
823 4457 975 4515 Unde
1002 4457 1261 4514 Dominus
1289 4457 1544 4527 praecepit
1568 4458 1622 4511 in
1649 4457 1940 4529 Evangelio
1967 4488 2020 4550 Β
2049 4470 2165 4510 rum
2190 4455 2482 4527 complent,
2502 4458 2645 4514 unde
2672 4458 2753 4525 ﬁt,
2774 4469 2834 4515 ut
2854 4461 2994 4517 idem
3017 4462 3251 4519 circulus
3277 4480 3501 4536 magnus
3534 4466 3632 4520 de-

365 4551 665 4620 discipulis,
710 4549 898 4604 dicens
939 4566 952 4604 :
992 4547 1176 4615 Orate,
1225 4558 1281 4601 ut
1330 4564 1433 4603 non
1469 4548 1563 4618 ﬁat
1606 4549 1732 4620 fuga
1775 4559 1942 4604 vestra

365 4644 530 4697 hieme
570 4641 646 4695 uel
694 4639 907 4694 sabbato
954 4637 1169 4711 (Matth.
1200 4637 1376 4709 xxiv).
1422 4637 1478 4692 Si
1519 4639 1585 4695 de
1630 4639 1944 4709 captivitate

368 4732 703 4789 Hierusalem
744 4732 882 4787 hanc
920 4731 1244 4787 sententiam
1292 4730 1627 4787 voluerimus
1674 4730 1940 4801 accipere,

367 4826 581 4896 quando
624 4839 654 4878 a
686 4823 808 4879 Tito
845 4832 900 4877 et
936 4820 1267 4893 Vespasiano
1303 4830 1459 4893 capta
1501 4830 1582 4876 est
1609 4862 1624 4886 ,
1666 4836 1824 4876 orare
1853 4823 1948 4878 de-

370 4920 516 4981 bent,
558 4930 626 4971 ne
664 4913 789 4985 fuga
814 4928 1003 4969 eorum
1047 4913 1227 4969 hieme
1266 4912 1350 4968 vel
1381 4913 1605 4969 sabbato
1640 4912 1733 4967 ﬁat
1773 4932 1786 4967 :
1817 4913 1944 4983 quia

371 5012 422 5064 in
475 5010 647 5062 altero
696 5006 895 5060 duritia
944 5003 1161 5075 frigoris
1205 5005 1456 5074 prohibet
1495 5004 1562 5059 ad
1597 5003 1941 5059 solitudinem

372 5113 614 5171 pergere,
660 5106 715 5151 et
765 5097 825 5150 iu
869 5094 1140 5149 montibus
1188 5094 1526 5164 desertisque
1573 5093 1846 5149 latitare:
1888 5094 1944 5147 in

372 5191 541 5244 altero
568 5198 748 5243 autem
786 5184 1143 5255 transgressio
1174 5183 1306 5255 legis
1338 5192 1440 5250 est,
1477 5185 1519 5238 si
1549 5184 1736 5255 fugere
1757 5181 1943 5238 volue-

375 5280 502 5345 rint,
542 5287 637 5333 aut
667 5292 814 5331 mors
843 5274 1151 5339 imminens,
1189 5273 1237 5328 si
1265 5274 1647 5329 remanserint.
1675 5273 1731 5328 Si
1760 5283 1945 5328 autem

376 5374 440 5427 de
462 5371 925 5427 consummatione
954 5369 1136 5424 mundi
1164 5367 1498 5439 intelligitur,
1543 5370 1644 5424 hoc
1666 5370 1943 5440 prmcepit,

375 5472 434 5516 ut
461 5479 564 5516 non
596 5461 913 5533 refrigescat
935 5461 1068 5516 ﬁdes
1094 5468 1311 5525 nostra,
1342 5459 1475 5514 etin
1500 5459 1775 5515 Christum
1805 5459 1947 5515 cari-

378 5563 495 5607 tas:
526 5565 700 5620 neque
728 5560 786 5605 ut
817 5550 980 5606 otiosi
1018 5550 1074 5606 in
1100 5565 1264 5622 opere
1304 5548 1399 5605 Dei
1428 5558 1740 5619 torpeamus
1779 5551 1953 5607 virtu-

378 5656 488 5699 tum
518 5645 759 5699 sabbato.

2046 4547 2461 4604 cennovennalis
2487 4548 2626 4605 luna:
2659 4551 2894 4608 circulus
2931 4553 3118 4623 viginti
3167 4564 3291 4611 octo
3313 4596 3330 4622 ,
3377 4557 3506 4611 solis
3531 4572 3631 4612 au-

2050 4643 2178 4702 tem,
2202 4636 2294 4707 qui
2319 4637 2522 4692 vicenis
2550 4639 2868 4709 octonisquc
2889 4644 3251 4698 consummari
3285 4644 3419 4700 solet
3444 4646 3629 4711 anuis,

2047 4727 2232 4783 decem
2260 4736 2316 4784 et
2340 4741 2529 4784 novem
2554 4726 2751 4786 habeat
2779 4731 3015 4787 circulus
3041 4733 3309 4790 bissextus
3329 4736 3508 4791 decies
3532 4752 3626 4793 uo-

2048 4817 2167 4873 nies
2209 4827 2480 4890 septenos,
2519 4819 2573 4877 id
2609 4829 2712 4887 est,
2742 4830 2956 4878 ceutmn
3012 4825 3229 4895 triginta
3261 4836 3372 4882 tres
3412 4842 3630 4886 menses

2048 4908 2252 4965 solares
2290 4910 2454 4965 vicies
2490 4911 2660 4967 octies
2686 4912 2945 4969 ducentos
2974 4914 3158 4985 viginti
3192 4924 3245 4970 et
3265 4926 3409 4982 octo,
3438 4918 3490 4972 id
3520 4927 3633 4985 est,

2049 5007 2174 5055 octo
2199 5000 2365 5056 millia
2400 5002 2660 5059 ducentos
2685 5004 2957 5075 octoginta
2996 5014 3246 5076 quatuor.
3290 5007 3499 5064 Menses
3532 5025 3633 5064 au~

2052 5100 2158 5146 tem
2193 5091 2409 5147 lunares
2442 5093 2608 5149 vicies
2628 5095 2797 5149 octies
2827 5110 3057 5162 ccxxxv,
3086 5096 3141 5151 id
3166 5106 3279 5163 est,
3323 5114 3416 5153 sex
3460 5099 3626 5155 millia

2053 5196 2225 5237 ccxxx
2259 5183 2411 5247 dies,
2465 5183 2705 5253 exceptis
2760 5184 3041 5249 bissextis,
3091 5185 3257 5241 vicies
3299 5187 3470 5241 octies
3520 5202 3627 5254 vu,

2054 5288 2347 5337 nccccxxv,
2396 5272 2450 5326 id
2503 5280 2622 5338 est,
2670 5288 3087 5339 cxcrvu,cuxx.
3137 5275 3409 5345 Appositis
3448 5288 3630 5331 autem

2054 5363 2307 5418 bissextis
2340 5378 2777 5429 cxcuvu,cccxnt,
2823 5363 2916 5433 qui
2957 5365 3047 5419 ubi
3077 5375 3429 5421 memoratam
3457 5383 3523 5422 ex
3547 5383 3631 5422 or-

2054 5453 2180 5509 dine
2245 5453 2510 5508 mensium
2569 5452 2888 5523 dierumque
2929 5468 3197 5510 summam
3249 5456 3632 5526 compleverit,

2056 5559 2181 5598 mox
2224 5544 2355 5599 inse
2381 5544 2554 5614 ipsum
2584 5542 2857 5599 revolutus
2888 5553 3083 5599 cuncta
3103 5586 3118 5610 ,
3158 5560 3279 5615 qtae
3299 5546 3366 5601 ad
3389 5546 3517 5601 solis
3543 5546 3632 5602 vel

2056 5632 2196 5686 luna:
2220 5648 2438 5689 cursum
2491 5633 2785 5703 pertinent,
2815 5632 3005 5688 eodem
3025 5672 3041 5699 ,
3085 5649 3194 5703 quo
3221 5635 3632 5704 prmterierant,

2060 5739 2272 5795 semper
2310 5734 2491 5779 tenore
2541 5732 2830 5779 restanrat.
2887 5722 3118 5778 Tantum
3166 5724 3291 5778 anni
3339 5723 3635 5779 Dominica:
