4072 6198
388 337 500 395 505

385 457 783 516 incarnationis
816 471 914 513 suo
942 466 1092 513 certo
1124 458 1340 513 tramite
1368 457 1655 528 proﬁciunt
1683 458 1736 513 in
1762 458 1971 530 majus:
2004 474 2055 532 Α

385 559 440 605 et
474 550 818 616 indictiones,
849 565 1064 621 quoquo
1088 549 1332 606 ferantur
1353 550 1407 605 in
1430 552 1619 606 ordine
1641 551 1717 607 nil
1738 551 1975 607 siderum

385 658 627 708 cursum,
656 651 823 713 atque
843 641 962 697 ideo
983 641 1349 713 niipaschalis
1376 641 1565 697 calculi
1587 643 1833 699 ordinem
1866 658 1977 698 mo-

387 741 531 788 vent.
560 732 705 788 Anni
743 734 887 789 enim
911 734 1065 805 juxta
1102 734 1410 805 allegoriam
1449 736 1737 807 aliquando
1762 737 1976 792 aeterni-

388 832 570 884 tatem,
610 823 901 892 aliquando
931 824 1250 879 hrcvita‘em
1288 825 1537 880 humanm
1586 827 1709 881 vita:
1766 825 1974 898 signiﬁ-

385 920 548 968 cant:
578 913 634 967 in
666 913 760 968 illo
784 913 930 968 enim
952 914 1290 984 prophetico,
1322 915 1412 970 ubi
1439 916 1503 971 ad
1529 916 1694 971 Deum
1737 916 1971 971 dicitur:

389 1001 432 1055 Τ
432 1019 469 1056 ιι
489 1013 664 1056 autem
684 1002 824 1056 idem
842 1003 952 1072 ipse
977 1019 1029 1057 es
1045 1043 1060 1067 ,
1093 1012 1145 1057 et
1170 1005 1298 1058 anni
1322 1004 1400 1058 tui
1422 1021 1525 1059 non
1544 1004 1785 1074 deﬁcient
1801 1002 1974 1077 (Paul.

383 1091 494 1163 Cl),
523 1100 718 1146 natura
746 1092 865 1162 ejus
898 1093 999 1146 sub
1033 1092 1297 1148 brevitate
1318 1094 1661 1151 declaratur:
1696 1097 1824 1167 quia
1862 1097 1978 1168 ipse

386 1182 535 1238 solus
556 1182 708 1237 novit
739 1198 881 1249 esse,
908 1183 1001 1253 qui
1027 1192 1088 1237 ut
1112 1184 1205 1249 sit,
1233 1184 1339 1238 alio
1360 1200 1465 1241 non
1499 1194 1681 1258 egeret
1706 1186 1974 1256 adjutore.

385 1272 526 1328 Alibi
561 1280 766 1338 autem,
794 1272 884 1329 ubi
938 1273 1198 1343 scriptum
1249 1282 1369 1329 est:
1410 1274 1550 1329 Anni
1579 1277 1781 1341 nostri,
1842 1277 1977 1332 sicut

384 1381 605 1428 aranea,
644 1363 1041 1418 meditabantur
1079 1361 1255 1435 (Psal.
1296 1364 1553 1435 Luxu);
1586 1366 1974 1435 malignitatem

384 1457 509 1513 vitae
556 1464 758 1513 nostra:
786 1457 962 1528 posita
1012 1458 1310 1514 similitudo
1353 1459 1611 1515 declarat.
1641 1461 1853 1516 Aranea
1895 1471 1980 1517 est

385 1552 527 1607 enim
581 1550 783 1605 animal
821 1549 997 1606 debile
1042 1565 1107 1606 ac
1160 1550 1556 1615 tenuissimum,
1600 1553 1745 1622 quod
1795 1561 1974 1608 trans.

383 1642 636 1698 euntibus
658 1641 861 1697 muscis
883 1641 950 1695 ad
968 1656 1150 1698 escam
1177 1641 1279 1696 sibi
1308 1643 1702 1713 procurandam
1730 1645 1977 1714 quaedam

385 1734 517 1788 retia
548 1732 733 1788 dolosa
755 1733 1013 1788 contexit.
1056 1731 1149 1788 Sic
1178 1734 1306 1788 anni
1333 1749 1543 1800 eorum,
1580 1735 1674 1804 qui
1697 1735 1978 1792 sceleratis

1397 343 1485 400 DE
1524 344 1870 403 UNlVERSO
1909 346 2087 403 LIBRI
2124 345 2287 402 XXII.
2328 378 2396 387 —
2434 347 2560 403 LIB.
2606 347 2671 403 Χ.

3556 352 3665 409 506

2671 459 2900 517 CAPUT
2937 460 3047 517 XII]
3062 499 3080 519 .

2705 549 2786 605 De
2817 548 3030 605 stet-alo.

2146 640 2355 698 Szcrula
2382 643 2819 714 generationibus
2863 649 3142 710 constant,
3173 649 3232 699 et
3285 642 3408 698 inde
3445 645 3663 713 saecula,

2076 736 2222 804 quod
2255 750 2314 789 se
2342 742 2653 805 sequantur.
2710 734 3046 789 Abeuntibus
3087 733 3229 789 enim
3262 730 3383 786 aliis
3411 731 3500 786 alii
3550 748 3668 788 suc-

2077 824 2294 880 cedunt.
2328 826 2466 881 Hine
2498 827 2714 897 quidam
2742 825 3244 896 quinquagesimum
3273 839 3474 878 annum
3498 838 3667 879 smcu-

2076 914 2188 969 lum
2230 916 2463 982 dicunt,
2519 931 2678 986 quem
2728 916 2941 971 Hebraei
2990 914 3272 970 .lubilteum
3311 921 3525 971 vocant.
3582 913 3664 971 0b

2078 1006 2219 1061 hanc
2243 1022 2461 1062 causam
2507 1014 2562 1063 et
2601 1006 2689 1062 ille
2721 1005 2999 1070 Hebraeus,
3031 1006 3125 1077 qui
3169 1012 3389 1076 propter
3435 1020 3663 1061 uxorem

2077 1105 2133 1152 et
2184 1097 2382 1153 liberos
2438 1112 2626 1153 amans
2677 1096 2954 1153 dominum
3015 1111 3208 1161 suum,
3259 1110 3392 1151 aure
3444 1103 3665 1166 pertusa

2077 1189 2299 1246 servitio
2321 1190 2657 1260 subjugatur,
2688 1188 2893 1245 servire
2925 1186 3148 1258 jubetur
3171 1189 3226 1242 in
3261 1187 3538 1253 saeculum,
3562 1187 3667 1242 hoc

2077 1289 2181 1343 est,
2211 1296 2384 1352 usque
2412 1281 2477 1336 ad
2504 1297 2702 1336 annum
2743 1280 3245 1350 quinquagesimum
3275 1277 3475 1350 (Exod.
3520 1277 3661 1350 im).

2076 1369 2381 1441 Aliquando
2426 1386 2525 1441 pro
2561 1370 2813 1442 praesenti
2864 1370 2975 1424 vita
3023 1369 3258 1440 positum
3295 1376 3414 1434 est,
3468 1377 3529 1423 ut
3580 1377 3666 1425 est

2079 1460 2207 1516 illud
2234 1479 2247 1515 :
2283 1460 2618 1530 Conﬁtemini
2641 1461 2891 1527 Domino,
2923 1461 3169 1531 quoniam
3191 1459 3357 1514 bonus
3375 1500 3389 1523 ,
3413 1460 3662 1529 quoniam

2077 1553 2131 1607 ia
2171 1553 2422 1608 sarculum
2446 1552 2809 1608 misericordia
2860 1554 2976 1622 ejus
3023 1549 3193 1622 (Psal.
3227 1549 3450 1622 cxxxv).
3483 1550 3664 1606 Saecu-

2077 1642 2211 1708 lum,
2241 1643 2401 1715 hujus
2424 1644 2548 1697 vita:
2590 1642 2857 1713 signiﬁcat
2888 1657 3133 1707 cursum,
3178 1641 3269 1696 ubi
3298 1640 3482 1696 miseri
3538 1647 3666 1695 sunt

2078 1735 2384 1804 quicunque
2437 1734 2803 1802 delinquunt:
2839 1731 2929 1787 ubi
2985 1731 3068 1787 fas
3122 1738 3211 1787 est
3259 1731 3422 1787 corda
3476 1739 3664 1787 nostra

383 1824 636 1895 operibus
664 1823 830 1879 dediti
854 1831 1000 1889 sunt,
1037 1825 1092 1879 in
1119 1824 1327 1880 artibus
1348 1834 1403 1880 et
1427 1825 1666 1881 subdolis
1694 1828 1972 1883 machina-
2004 1826 2048 1884 B
2078 1827 2338 1893 converti,
2369 1835 2425 1881 et
2445 1826 2869 1882 misericordiam
2912 1825 3191 1896 postulari.
3219 1824 3297 1880 lbi
3324 1823 3470 1880 enim
3513 1825 3663 1880 dam-

387 1916 621 1970 tionibus
656 1922 1013 1985 occupantur.
1043 1915 1199 1984 Quod
1218 1925 1401 1972 autem
1429 1919 1824 1989 subsequentcr
1846 1920 1982 1975 dici-

386 2015 507 2061 tur:
531 2004 658 2060 Dies
684 2021 944 2061 annorum
990 2016 1291 2062 nostrorum
1338 2009 1394 2063 in
1423 2009 1549 2080 ipsis
1598 2025 1700 2065 Lxx
1737 2012 1864 2065 anni
1885 2024 1903 2063 :
1933 2008 1980 2066 si

382 2108 558 2153 autem
590 2098 645 2152 in
686 2099 1057 2168 potentatibus,
1083 2115 1228 2155 Lxxx
1276 2101 1402 2156 anni
1431 2109 1484 2158 et
1530 2110 1725 2157 extera
1753 2120 1765 2156 :
1803 2102 1848 2157 si
1878 2118 1980 2156 an-

381 2205 484 2245 nos
505 2189 639 2245 istos
668 2189 736 2244 ad
769 2188 1011 2245 litteram
1039 2190 1272 2247 velimus
1318 2192 1629 2259 advertere,
1656 2190 1855 2247 multos
1885 2191 1982 2247 ho-

382 2281 588 2336 minum
614 2288 670 2337 et
699 2281 1102 2352 nonagenarios
1145 2281 1285 2337 bene
1326 2282 1576 2339 viventes
1631 2283 1894 2346 invenies,
1927 2290 1983 2337 et

382 2373 581 2428 iterum
606 2372 835 2427 necdum
870 2372 1311 2444 septuagenarios
1345 2372 1625 2429 debilitate
1653 2371 1935 2429 conlectos
1963 2391 1977 2426 :

384 2470 465 2527 ut,
492 2461 640 2532 quod
687 2460 777 2517 hic
813 2461 1034 2528 dicitur,
1064 2469 1316 2517 constare
1353 2461 1580 2517 minime
1612 2476 1773 2533 posse
1801 2462 1982 2517 videa-

386 2561 515 2607 tur:
547 2553 646 2608 sed
689 2566 975 2608 numerum
1028 2552 1505 2624 septuagenarium
1548 2551 1655 2624 legi
1685 2552 1864 2622 potius
1893 2552 1984 2607 de-

384 2652 577 2699 center
596 2650 866 2714 aptamus,
898 2656 1006 2712 quo
1039 2642 1250 2699 sabbati
1278 2642 1422 2697 diem
1444 2642 1842 2697 observandum
1863 2655 1984 2696 esse

386 2734 695 2804 praecepit:
748 2733 1155 2803 octogenarium
1214 2746 1346 2787 vero
1415 2731 1612 2802 populo
1675 2729 1983 2787 Christiano

385 2826 665 2897 aptissime
693 2825 1033 2896 deputamus,
1073 2826 1165 2896 qui
1191 2834 1445 2895 octavum
1472 2826 1614 2881 diem
1639 2825 1984 2882 resurrectio-

389 2919 472 2973 nis
502 2916 800 2972 Dominicre
853 2925 1038 2972 sancta
1079 2916 1376 2973 festivitate
1414 2925 1723 2971 veneratur.
1750 2914 1981 2987 Octcge-

387 3008 597 3062 narium
621 3022 757 3062 vero
784 3007 990 3061 addidit
1029 3006 1085 3061 in
1117 3008 1515 3076 potentatibus:
1545 3006 1673 3077 quia
1723 3014 1852 3060 tunc
1887 3019 1979 3060 re-

386 3112 510 3153 vera
538 3098 808 3168 coepimus
850 3096 1054 3152 habere
1077 3097 1397 3166 potentiam,
1431 3096 1656 3166 quando
1681 3093 1836 3149 nobis
1883 3093 1984 3147 Do-

2081 1919 2228 1973 natio
2256 1926 2340 1973 est
2363 1916 2608 1973 conﬁteri
2654 1926 2960 1987 peccatum,
2985 1916 3076 1971 ubi
3101 1922 3314 1971 constat
3349 1930 3471 1970 esse
3514 1913 3664 1985 judi-

2078 2010 2244 2065 cium.
2300 2008 2600 2079 Aliquando
2651 2024 2750 2079 pro
2801 2008 3102 2063 aeternitate
3154 2007 3412 2077 ponitur,
3468 2015 3530 2061 ut
3580 2013 3666 2062 est

2080 2099 2210 2155 illud
2237 2118 2252 2154 :
2285 2099 2489 2154 Memor
2518 2099 2619 2168 fuit
2654 2099 2709 2153 in
2734 2097 2989 2152 swculum
3021 2096 3337 2151 Testamenti
3370 2097 3456 2150 sui
3483 2094 3659 2168 (Paul.

2080 2191 2220 2264 etv);
2255 2193 2381 2263 quia
2430 2190 2689 2262 quidquid
2743 2189 3003 2245 Dominus
3052 2188 3336 2258 promisit,
3387 2202 3489 2258 per
3532 2201 3661 2241 eum

2078 2278 2352 2356 [perenni]
2384 2279 2640 2334 ﬁrmitate
2682 2292 2996 2333 mansurum
3030 2284 3133 2332 est.
3174 2276 3479 2347 Aliquando
3525 2290 3663 2346 prm-

2078 2373 2304 2429 teritum
2349 2380 2561 2440 tempus
2605 2369 2893 2441 signiﬁcat,
2917 2375 3077 2423 utest
3100 2366 3269 2422 illud:
3299 2365 3666 2435 Misericordia

2082 2463 2293 2519 Domini
2321 2480 2354 2517 a
2380 2461 2573 2517 swculo
2602 2459 2774 2534 (Psal.
2808 2459 2899 2531 ιι.)
2924 2501 2939 2526 ,
2992 2460 3096 2515 hoc
3129 2468 3235 2525 est,
3290 2474 3321 2514 a
3366 2458 3664 2530 primordio

2082 2556 2269 2613 mundi
2299 2554 2565 2611 declarata
2595 2561 2679 2608 est
2713 2552 2766 2607 in
2822 2551 3069 2607 ﬁdelibus
3107 2552 3256 2606 suis:
3299 2548 3370 2604 Et
3403 2555 3565 2620 usque
3606 2548 3663 2602 in

2083 2649 2332 2704 circulum
2361 2647 2562 2715 circuli,
2591 2648 2694 2702 hoc
2719 2653 2845 2712 est,
2882 2645 2934 2699 in
2972 2642 3222 2713 praesenti
3270 2651 3328 2697 et
3382 2641 3437 2696 in
3484 2639 3666 2695 futuro

2084 2739 2297 2795 saeculo.
2326 2738 2417 2794 Sic
2448 2754 2576 2810 ergo
2605 2745 2689 2792 ter
2717 2736 2808 2792 hic
2839 2734 3073 2806 positum
3100 2732 3356 2789 szeculum
3394 2730 3666 2787 aeternita-

2086 2839 2192 2886 tem
2219 2830 2429 2886 Domini
2456 2829 2699 2885 absolute
2731 2827 2976 2899 designat
3000 2844 3015 2881 :
3045 2825 3301 2896 quoniam
3329 2833 3387 2878 et
3426 2821 3516 2877 ille
3540 2829 3666 2876 ante

2083 2920 2360 2987 saeculum,
2399 2928 2454 2976 et
2475 2920 2530 2975 in
2564 2918 2776 2982 saeculo,
2805 2924 3007 2987 etpost
3043 2913 3474 2972 istud'saaculum
3502 2911 3668 2969 mise-

2084 3013 2257 3068 ricors
2304 3024 2425 3067 esse
2450 3016 2805 3066 monstratur.
2844 3005 3003 3064 Aitas
3038 3005 3359 3075 pierumque
3384 3001 3581 3060 dicitur
3608 3009 3667 3056 et

2082 3119 2185 3176 pro
2207 3120 2319 3161 uno
2347 3117 2490 3158 anno
2534 3111 2599 3158 ut
2631 3103 2683 3157 in
2735 3101 3053 3156 annalibus:
3110 3106 3166 3154 et
3201 3105 3566 3167 protseptem,
3605 3104 3666 3149 ut

387 3189 567 3243 minus
606 3186 857 3242 Salvator
885 3186 1154 3257 apparuit.
1184 3185 1279 3241 lsti
1324 3200 1456 3258 ergo
1499 3194 1625 3241 sunt
1668 3184 1788 3241 dies
1815 3200 1979 3240 anno-

2084 3195 2356 3252 hominis:
2388 3209 2489 3264 pro
2518 3201 2755 3258 centum,
2786 3200 2845 3246 ut
2880 3206 2979 3261 pro
3008 3188 3199 3259 quovis
3226 3196 3482 3256 tempore.
3510 3185 3666 3241 Unde

387 3295 526 3344 rum,
553 3280 649 3349 qui
679 3278 835 3333 nobis
862 3278 1159 3349 probabilis
1180 3278 1305 3333 vita:
1331 3276 1616 3334 conferunt
1644 3277 1968 3333 claritatem.

386 3371 578 3427 Annus
602 3370 865 3426 Dominus
888 3367 1051 3425 Jesus
1080 3368 1331 3425 Christus
1374 3384 1405 3423 a
1426 3420 1431 3424 .
1450 3368 1772 3439 quibusdam
1822 3376 1975 3438 puta-

386 3472 495 3527 tur,
533 3469 596 3515 ut
633 3460 688 3515 in
714 3458 961 3531 psalmo:
996 3457 1275 3513 Benedicea
1308 3473 1553 3513 coronam
1577 3457 1703 3511 anni
1739 3456 1977 3527 benigni-

384 3554 509 3608 tatis
550 3563 679 3616 tuae,
705 3562 753 3606 et
788 3552 960 3623 campi
1002 3551 1080 3604 tui
1133 3549 1467 3622 replebantur
1511 3551 1745 3604 ubertate
1786 3547 1969 3621 (Psal.

387 3644 557 3716 LIIV).
587 3645 812 3709 Annus,
840 3656 1080 3712 praesens
1116 3649 1329 3712 tempus
1374 3641 1442 3696 ab
1487 3641 1719 3696 adventu
1759 3637 1973 3695 Domini

386 3752 557 3806 usque
585 3736 640 3790 in
673 3734 836 3789 ﬁnem
871 3732 1079 3798 mundi,
1104 3732 1159 3787 in
1194 3747 1302 3802 quo
1325 3731 1641 3804 poenitentia
1671 3738 1727 3786 ct
1778 3729 1975 3784 remis-

388 3826 468 3880 sio
492 3833 846 3895 peccatorum
900 3822 1226 3894 prmdicatur
1248 3862 1263 3888 ,
1297 3830 1357 3876 ut
1400 3830 1483 3877 est
1529 3820 1657 3896 illud
1712 3820 1764 3875 in
1796 3818 1932 3874 Isaia
1956 3857 1972 3884 ,

391 3917 697 3972 Pradicare
721 3931 918 3971 annum
944 3915 1251 3985 placabilem
1289 3914 1527 3979 Domino,
1563 3923 1611 3968 et
1663 3913 1800 3966 diem
1823 3912 1977 3967 retri-

389 4005 618 4063 butionis
639 4004 776 4078 (ιω.
805 4006 939 4077 ιιι).
983 4005 1115 4060 Hinc
1139 4012 1194 4059 et
1215 4004 1268 4058 in
1312 4003 1600 4075 Evangelia
1628 4002 1864 4072 agricola
1906 4002 1976 4057 ad

391 4098 679 4153 Dominum
711 4111 868 4151 suum
901 4095 979 4149 ait
1020 4111 1034 4148 :
1078 4093 1294 4147 Dimitte
1319 4091 1466 4145 illam
1505 4102 1552 4145 et
1594 4091 1690 4145 hoc
1713 4107 1851 4144 anno
1891 4104 1979 4142 us-

391 4190 615 4260 quedum
659 4187 859 4258 fodiam
899 4187 1038 4240 circa
1093 4184 1281 4249 illam,
1341 4192 1388 4237 et
1433 4182 1637 4236 mittam
1695 4180 1974 4250 cap/tinum

388 4279 631 4333 stercoris
658 4275 811 4348 (Luc.
829 4274 970 4347 xui).
1002 4274 1143 4328 Anni
1173 4288 1290 4337 sex,
1314 4271 1381 4327 de
1410 4270 1604 4341 quibus
1625 4270 1678 4323 in
1704 4268 1820 4340 lege
1840 4264 1977 4338 prce-

392 4370 589 4441 cipitur
614 4367 816 4440 (Exod.
844 4365 979 4438 xxi),
1010 4364 1137 4419 utsi
1167 4379 1302 4434 puer
1328 4362 1584 4418 Hebraeus
1610 4367 1823 4429 emptus
1851 4373 1974 4428 pre-

393 4462 466 4517 tio
494 4460 663 4515 fuerit
686 4457 904 4514 domino
941 4472 1038 4510 suo
1057 4454 1274 4517 serviat,
1303 4461 1360 4508 et
1387 4452 1438 4506 in
1458 4450 1686 4520 septimo
1711 4449 1776 4503 ad
1817 4448 1981 4503 liber—

2074 3295 2130 3343 et
2157 3285 2288 3342 :etas
2321 3295 2554 3356 tempus,
2583 3284 2736 3354 quod
2755 3284 2822 3339 de
2872 3281 3056 3338 multis
3095 3278 3307 3336 mulis
3338 3276 3659 3334 instruitur:

2075 3385 2132 3433 et
2168 3378 2309 3433 dicta
2353 3384 2508 3441 mtas,
2531 3375 2686 3444 quasi
2715 3373 2923 3439 avitas,
2953 3371 3008 3427 id
3045 3378 3170 3435 est,
3218 3366 3512 3424 similitudo
3538 3367 3660 3422 aevi.

2077 3466 2211 3522 Nam
2228 3481 2401 3522 aevum
2423 3474 2507 3521 est
2525 3473 2658 3520 aetas
2676 3471 2956 3535 perpetua,
2971 3462 3125 3532 cujus
3138 3474 3313 3530 neque
3337 3457 3550 3513 initium
3572 3471 3667 3511 ne-

2076 3573 2181 3629 que
2202 3566 2501 3614 extremum
2529 3556 2774 3613 noscitur
2810 3574 2823 3609 :
2859 3554 3003 3623 quod
3024 3552 3200 3608 ϐιωθί
3230 3558 3426 3607 vocant
3450 3565 3618 3605 eonas
3647 3567 3660 3602 :

2080 3654 2223 3724 quod
2249 3652 2543 3722 aliquando
2578 3649 2718 3722 apud
2752 3664 2848 3706 eos
2872 3664 2972 3720 pro
3002 3646 3221 3713 saaculo,
3251 3645 3540 3716 aliquando
3566 3657 3664 3712 pro

2078 3752 2282 3799 aeterno
2309 3742 2548 3812 ponitur.
2582 3740 2734 3798 Unde
2760 3748 2814 3795 et
2836 3740 2976 3810 apud
2998 3739 3317 3794 latinosesta
3331 3736 3655 3792 derivatum.

2078 3832 2240 3888 Aitas
2271 3839 2449 3886 autem
2502 3845 2671 3900 prope
2694 3829 2904 3884 duobus
2932 3827 3110 3883 modis
3158 3827 3371 3882 dicitur.
3425 3825 3534 3881 Aut
3581 3832 3666 3878 est

2078 3925 2224 3981 enim
2249 3924 2502 3988 hominis,
2520 3923 2661 3977 sicut
2687 3921 2936 3985 infantia,
2952 3918 3231 3988 juventus,
3260 3925 3545 3985 senectus:
3570 3923 3666 3969 aut

2077 4016 2297 4081 mundi,
2342 4016 2495 4086 cujus
2524 4015 2707 4085 prima
2745 4022 2895 4068 mtas.
2927 4019 3011 4067 est
3059 4011 3125 4063 ab
3160 4007 3333 4063 Adam
3391 4021 3563 4075 usque
3593 4007 3663 4061 ad

2077 4108 2188 4164 Noe
2214 4128 2228 4163 :
2257 4109 2491 4165 secunda
2526 4123 2557 4161 a
2591 4105 2704 4161 Noe
2731 4119 2901 4175 usque
2948 4105 3015 4158 ad
3056 4102 3324 4158 Abraham
3356 4118 3370 4153 :
3407 4099 3565 4158 tertia
3594 4099 3662 4154 ab

2079 4198 2352 4253 Abraham
2387 4210 2557 4266 usque
2584 4195 2651 4249 ad
2681 4193 2848 4247 David
2874 4209 2887 4245 :
2920 4199 3110 4260 quarta
3137 4205 3168 4243 a
3196 4187 3363 4243 David
3391 4200 3561 4256 usque
3590 4186 3660 4240 ad

2078 4288 2457 4360 migrationem
2512 4284 2665 4341 Iuda.
2701 4284 2755 4339 in
2810 4280 3196 4353 Babyloniam:
3246 4278 3434 4349 quinta
3469 4277 3662 4334 deinde

2080 4394 2251 4449 usque
2278 4379 2347 4433 ad
2369 4373 2989 4433 adventum.Salvatoris
3021 4373 3072 4426 in
3097 4386 3262 4426 carne
3286 4388 3300 4425 :
3330 4378 3517 4436 sexta,
3541 4383 3663 4439 qua;

2083 4485 2228 4525 nunc
2254 4469 2453 4541 agitur,
2482 4482 2653 4538 usque
2685 4482 2794 4537 quo
2831 4465 3060 4520 mundus
3114 4463 3216 4518 iste
3276 4462 3512 4518 ﬁniatur.
3568 4460 3662 4518 Sie

393 4561 558 4608 tatem
592 4558 769 4612 exeat,
795 4562 1033 4619 praesens
1056 4543 1362 4617 signiﬁcant
1386 4551 1598 4613 tempus
1627 4558 1640 4595 :
1672 4540 1796 4610 quia
1823 4554 1977 4594 mun-

2080 4582 2209 4638 ergo
2240 4531 2417 4636 potest
2439 4531 2627 4619 mundi
2651 4531 2785 4618 mtas
2809 4561 2877 4617 ad
2926 4558 3331 4616 similitudinem
3354 4556 3459 4611 αινὶ
3486 4554 3662 4613 homi-

392 4644 490 4700 dus
526 4658 624 4700 sca
662 4641 857 4697 diebus
887 4638 1062 4694 lactus
1088 4645 1193 4693 est.
1217 4634 1473 4690 Jubilteus
1498 4635 1876 4702 interpretatur
1898 4645 1979 4685 re-

393 4734 886 4799 missionismnnus,
931 4736 1016 4785 est
1058 4726 1206 4783 enim
1238 4724 1544 4783 Hebraicus
1565 4737 1769 4787 sermo,
1795 4730 1850 4776 et
1882 4736 1980 4776 nu-

396 4839 596 4889 merus,
623 4822 715 4892 qui
763 4819 1000 4891 septenis
1026 4831 1291 4873 annorum
1335 4813 1780 4877 hebdomadibus,
1805 4811 1857 4865 id
1895 4818 1981 4867 est

396 4930 516 4969 xtra
564 4912 723 4968 annis
770 4910 992 4974 texitur,
1024 4908 1080 4967 in
1134 4922 1243 4976 quo
1296 4904 1682 4976 ciangebantur
1735 4902 1895 4968 tubre,
1926 4910 1982 4957 et

396 5004 463 5058 ad
484 5018 674 5058 omnes
708 4999 1080 5056 revertebatur
1108 4996 1330 5065 antiqua
1365 4992 1657 5063 possessio,
1676 4991 1855 5047 debita
1882 4993 1976 5048 ab—

396 5092 764 5156 solvebantur,
789 5088 1250 5146 conﬁrmabantur
1277 5085 1576 5139 libertates.
1609 5081 1765 5139 Hunc
1785 5099 1975 5138 nume-

396 5199 516 5240 rum
543 5184 709 5239 etiam
751 5183 806 5236 in
836 5180 1024 5237 diebus
1041 5178 1387 5234 Pentecostes
1415 5183 1472 5230 et
1512 5176 1611 5246 ipsi
1643 5175 1978 5233 celebramus

393 5283 520 5346 post
561 5271 775 5329 Domini
814 5270 1287 5333 resurrectionem,
1316 5265 1542 5321 remissa
1580 5264 1755 5334 culpa,
1786 5273 1843 5321 et
1891 5273 1977 5319 to-

394 5364 506 5419 tius
522 5362 687 5417 debiti
723 5360 1082 5432 chirographo
1125 5365 1406 5422 evacuate,
1432 5356 1499 5410 ab
1526 5354 1672 5409 omni
1723 5367 1861 5408 nexu
1908 5354 1978 5409 li-

393 5454 534 5518 beri,
566 5454 924 5524 suscipientes
947 5453 1320 5510 advenientem
1360 5451 1413 5505 in
1463 5463 1562 5504 nos
1608 5447 1835 5517 gratiam
1866 5446 1980 5519 Sri-

394 5550 538 5607 ritus
574 5551 769 5607 sancti.

1076 5690 1308 5703 ’.υ-

2077 4658 2166 4720 nis
2191 4654 2513 4726 comparari.

2663 4741 2889 4799 CAPUT
2931 4740 3068 4799 XIV.

2513 4832 2590 4888 De
2627 4848 2718 4888 sea
2755 4833 2994 4887 tetatibas
3019 4832 3229 4888 δωρειαὶ.

2155 4926 2231 4982 De
2262 4942 2358 4982 sex
2390 4924 2546 4995 hujus
2566 4926 2749 4980 mundi
2771 4926 3075 4999 aetatibusa
3109 4923 3340 4994 septima
3365 4918 3451 4976 vel
3471 4926 3660 4974 octava

2080 5017 2279 5087 quietis
2316 5017 2547 5087 vitaque
2572 5015 2809 5071 caelestis
2843 5023 2902 5070 et
2946 5030 3111 5084 supra
3158 5014 3215 5068 in
3258 5009 3663 5081 comparatione

2080 5112 2268 5181 prima:
2298 5108 2648 5165 hebdomadis
2674 5148 2690 5173 ,
2744 5107 2799 5162 in
2848 5121 2957 5176 qua
3002 5105 3235 5160 mundus
3289 5109 3515 5158 ornatus
3554 5110 3660 5167 est,

2081 5199 2360 5268 aliquanta
2386 5196 2840 5266 perstrinximus:
2877 5203 2932 5249 et
2983 5208 3126 5248 nunc
3177 5193 3230 5247 in
3257 5191 3664 5262 comparatione

2080 5290 2182 5346 mvi
2213 5288 2375 5344 unius
2416 5287 2671 5352 hominis,
2701 5287 2793 5356 qui
2835 5287 3199 5339 microcosmoa
3222 5282 3409 5340 Graece
3435 5299 3465 5337 a
3490 5282 3667 5353 philo-

2083 5380 2289 5451 sophis,
2314 5380 2417 5433 hoc
2450 5385 2553 5443 est,
2585 5379 2755 5432 minor
2801 5374 3027 5429 mundus
3067 5374 3205 5431 solet
3249 5373 3569 5445 nuncupari,
3599 5372 3666 5428 de

2081 5471 2287 5527 eisdem
2321 5468 2597 5538 aliquanto
2648 5467 2806 5522 latius
2832 5479 3183 5536 exponemus.
3213 5465 3394 5521 Prima
3423 5474 3508 5520 est
3533 5479 3664 5536 ergo

2083 5558 2270 5615 mundi
2301 5556 2460 5627 hujus
2483 5566 2615 5612 aetas
2649 5556 2719 5611 ab
2744 5555 2917 5609 Adam
2943 5571 3115 5626 usque
3143 5557 3211 5612 ad
3228 5554 3359 5620 Noe,
3381 5554 3667 5613 continens

2084 5662 2273 5710 annos,
2303 5648 2458 5717 juxta
2484 5643 2802 5699 Hebraicam
2836 5644 3149 5711 veritatem,
3192 5645 3340 5700 mille
3378 5649 3665 5700 sexcentos

2087 5737 2473 5809 quinquaginta
2510 5752 2605 5803 vn,
2649 5736 2802 5808 juxta
2831 5736 2974 5794 LXX
3026 5738 3374 5808 interpretes,
3420 5748 3584 5798 utnec,
3610 5738 3666 5785 et
