4072 6198
372 317 473 369 507

1029 310 1088 364 Β.
1134 309 1383 366 ΒΛΒΑΝΙ
1426 312 1644 367 MAURI
1683 310 2006 368 ARCHIEP.
2051 313 2364 371 MOGUNT.
2405 315 2687 372 OPERUM
2730 314 2908 371 PARS
2944 317 3006 370 Il.

3537 319 3643 375 308

373 428 914 499 xt.u,genet'ationes,
932 425 1085 496 juxta
1105 436 1387 496 utramque
1401 428 1711 492 editionem,
1732 442 1956 481 numero
1984 437 2031 495 Α
2059 429 2144 484 cio
2176 431 2346 500 magis
2379 431 2624 500 apparuit
2652 429 2956 485 adorandus
3002 449 3014 483 :
3045 431 3185 498 quod
3208 428 3307 484 fuit
3341 430 3508 502 ﬁgura
3535 436 3646 503 pri-

371 522 560 575 dcecm
590 538 602 573 :
634 535 752 588 qua:
783 519 1072 574 universali
1117 528 1201 574 est
1223 519 1396 574 deleta
1428 519 1648 584 diluvio,
1675 519 1816 573 sicut
1843 519 1954 587 pri-

373 626 516 666 mam
551 611 812 680 cujusque
855 609 1087 664 hominis
1108 609 1306 665 oblivio
1339 610 1652 681 demergere
1675 607 1956 665 consuevit

370 709 607 757 aetatem.
642 700 847 767 Quotus
875 699 1021 754 enim
1063 700 1291 770 quisque
1316 707 1418 763 est,
1444 700 1536 770 qui
1585 715 1737 754 suam
1769 713 1952 754 recor»

372 794 528 846 detur
585 791 909 846 infantiam?
969 790 1211 845 Secunda
1250 799 1382 846 aetas
1437 806 1466 844 a
1509 789 1622 846 Noe
1665 805 1836 860 usque
1887 790 1955 844 ad

369 885 662 946 Abraham,
705 882 1078 954 generationes
1123 878 1274 948 juxta
1309 880 1627 936 Ilebraicam
1657 879 1948 936 auctorita-

371 986 480 1030 tem
527 976 803 1046 complexa
842 975 1060 1038 decem,
1116 988 1284 1028 annos
1340 982 1517 1028 autem
1564 989 1763 1040 ccxx",
1792 987 1956 1044 porro

366 1067 520 1137 juxta
552 1067 876 1134 interpretes
900 1065 1022 1119 anni
1056 1064 1202 1120 mille
1231 1077 1397 1129 Lxxtt,
1427 1065 1805 1135 generationes
1827 1080 1956 1121 vero

371 1177 446 1214 xi.
481 1159 604 1212 Ilzec
643 1157 794 1226 quasi
845 1155 1078 1225 pueritia
1133 1155 1230 1209 fuit
1264 1155 1477 1227 generis
1530 1155 1710 1226 populi
1758 1155 1874 1220 Dei,
1903 1164 1958 1211 et

372 1253 491 1306 ideo
523 1251 574 1304 in
601 1249 778 1320 lingua
808 1249 1025 1302 inventa
1056 1255 1159 1311 est,
1187 1247 1240 1301 id
1268 1255 1370 1311 est,
1391 1246 1630 1301 liebrwa.
1658 1247 1704 1301 A
1725 1248 1956 1318 pueritia

373 1360 605 1414 namque
635 1344 796 1398 homo
852 1341 1042 1410 incipit
1071 1355 1232 1395 nosse
1285 1340 1430 1410 loqui
1478 1349 1600 1410 post
1652 1340 1953 1406 infantiam,

371 1453 491 1507 qua:
512 1436 639 1490 hinc
659 1432 923 1504 appellata
945 1441 1050 1497 est,
1076 1431 1218 1501 quod
1251 1430 1351 1485 fari
1397 1447 1504 1486 non
1527 1439 1724 1501 potest.
1773 1429 1953 1486 Tertia

371 1529 439 1583 ab
476 1525 752 1581 Abraham
808 1537 978 1592 usque
1023 1521 1090 1576 ad
1121 1521 1320 1586 David,
1373 1522 1750 1591 generationes
1800 1519 1954 1589 juxta

372 1629 657 1689 utramque
704 1609 1080 1672 auctoritatem
1138 1630 1252 1680 xlv,
1291 1629 1463 1669 annos
1504 1629 1633 1668 vero
1679 1627 1953 1668 nccccxut

369 1711 735 1780 complectens
799 1706 924 1762 llam
967 1705 1211 1776 quaedam
1261 1703 1407 1759 velut
1443 1703 1804 1758 adolescentia
1854 1703 1955 1758 fuit

2057 521 2222 575 mitia:
2273 521 2604 576 credentium
2672 522 2932 592 gentium.
3008 519 3124 586 Quo
3172 519 3258 576 die
3306 521 3645 581 Dominieum

2056 609 2402 678 Baptismatis
2426 609 2839 666 Sacramentum
2863 619 2917 664 ει
2941 618 3257 681 permutatae
3297 628 3450 682 aqua;
3479 615 3530 669 in
3562 617 3643 672 vi-

2056 717 2184 754 num
2214 700 2482 757 factorum
2513 717 2610 772 per
2638 701 2924 756 Dominum
2952 701 3228 772 signorum
3256 705 3520 776 principia
3545 722 3646 762 ex-

2057 794 2301 849 titerunt.
2333 794 2461 849 Duae
2483 802 2610 850 sunt
2635 801 2815 848 autem
2852 792 3165 863 Epiphania:
3189 811 3202 847 :
3238 795 3432 864 prima,
3459 797 3513 851 in
3538 815 3644 868 qua

2058 895 2218 941 natus
2248 885 2498 942 Christus
2539 887 2844 957 pastoribus
2876 884 3246 950 Hebraeorum,
3279 887 3472 959 angelo
3501 906 3646 944 nun-

2057 976 2247 1043 tiante,
2275 978 2565 1048 apparuit:
2608 978 2864 1041 secunda,
2913 977 2966 1032 in
2999 993 3105 1046 qua
3148 993 3215 1032 ex
3253 981 3494 1050 gentium
3551 998 3646 1052 po-

2055 1067 2203 1137 pulo,
2249 1067 2403 1123 stella
2457 1068 2668 1134 indice,
2725 1068 2791 1121 ad
2844 1069 3102 1137 prmsepis
3150 1070 3416 1125 cunabula
3459 1087 3646 1142 magos

2057 1159 2377 1214 adoratums
2425 1158 2692 1212 exhibuit.
2770 1157 3104 1229 Scenopegia
3157 1159 3473 1217 solemnitas
3541 1161 3647 1218 ile—

2055 1251 2325 1306 brazorum
2354 1249 2422 1305 de
2442 1249 2631 1306 Crteco
2662 1251 2714 1305 in
2739 1250 2991 1304 Latinum
3032 1251 3503 1307 tabernaculorum
3553 1255 3648 1309 de.

2057 1340 2256 1395 dicatio
2277 1340 2680 1410 interpretatur,
2715 1355 2835 1409 qua:
2883 1340 3262 1395 celebrabatur
3306 1357 3338 1395 a
3364 1341 3565 1399 Judaeis
3591 1345 3645 1398 in

2057 1433 2372 1488 memoriam
2408 1433 2782 1502 expeditionis,
2810 1448 2931 1488 cum
2975 1434 3042 1488 ab
3067 1432 3301 1504 IEgypto
3327 1437 3559 1504 promoti
3590 1438 3645 1491 in

2059 1525 2427 1582 tabernaculis
2483 1527 2738 1597 agebant,
2769 1534 2825 1580 et
2852 1541 2916 1580 ex
2961 1542 3025 1581 eo
3075 1525 3426 1598 Seenopegia.
3471 1528 3644 1583 Scena

2055 1616 2200 1671 enim
2227 1613 2415 1671 Graece
2452 1614 2855 1670 tabernaculum
2897 1615 3134 1670 dicitur:
3165 1631 3286 1685 quae
3326 1616 3646 1674 solemnitas

2057 1706 2199 1777 apud
2229 1705 2484 1762 Hebraeos
2513 1705 2816 1777 Septembri
2877 1722 3063 1762 mense
3125 1707 3451 1762 celebratur.
3503 1707 3646 1764 Nco-

369 1803 548 1874 populi
574 1803 688 1865 Dei,
715 1817 743 1855 a
770 1815 874 1870 qua
903 1806 1061 1854 aetate
1086 1798 1213 1870 quia
1248 1797 1435 1867 incipit
1485 1799 1646 1852 homo
1674 1811 1832 1867 posse
1857 1813 1953 1866 ge-
1987 1795 2028 1853 Β
2058 1798 2236 1854 menia
2286 1799 2426 1869 apud
2486 1814 2586 1853 nos
2633 1797 2881 1853 Calendze
2910 1839 2925 1863 ,
2974 1800 3114 1867 apud
3161 1797 3414 1855 Hebraeos
3462 1809 3646 1856 autem

371 1909 585 1960 nerare,
616 1901 902 1964 propterea
955 1890 1236 1945 Matthzeus
1274 1888 1602 1959 evangelista
1654 1889 1955 1956 generatio-

373 2005 499 2043 num
525 2003 592 2041 ex
615 1986 887 2040 Abraham
913 1983 1144 2053 sumpsit
1173 1982 1475 2046 exordium,
1503 1980 1592 2050 qui
1617 1979 1778 2035 etiam
1802 1988 1956 2049 pater

370 2078 609 2149 gentium
660 2075 988 2131 constitutus
1017 2081 1138 2133 est,
1177 2073 1390 2142 quando
1445 2078 1709 2125 mutatum
1759 2083 1954 2124 nomen

371 2169 581 2238 accepit
619 2165 767 2238 (Cen.
804 2165 959 2234 xvn).
993 2162 1194 2230 Quarta
1221 2179 1249 2216 a
1280 2161 1446 2216 David
1488 2157 1659 2230 usque
1688 2160 1754 2214 ad
1780 2167 1957 2215 trans-

371 2258 745 2325 migrationem
805 2254 1114 2326 Babylonis,
1153 2267 1324 2307 annos
1377 2252 1600 2314 habens,
1666 2251 1819 2322 juxta
1854 2249 1958 2306 He-

370 2349 610 2405 braieam
647 2347 956 2409 veritatem,
981 2359 1310 2408 CCCCLXXIII;
1347 2343 1499 2413 juxta
1537 2339 1680 2396 LXX
1724 2341 1956 2396 transla-

372 2441 572 2495 tionem
595 2436 877 2492 duodecim
907 2435 1138 2505 amplius
1166 2453 1178 2488 :
1206 2434 1581 2504 generationes
1601 2433 1756 2503 juxta
1782 2443 1958 2488 utros-

371 2547 476 2601 que
501 2529 714 2584 codices
734 2543 886 2591 xvtu,
909 2540 1044 2595 quas
1089 2534 1269 2579 tamen
1319 2525 1648 2594 evangelista
1675 2523 1956 2578 Mattbazus

373 2619 507 2673 certi
544 2615 786 2687 mysterii
813 2615 990 2685 gratia
1015 2630 1104 2668 xtv
1149 2613 1323 2683 ponit,
1349 2629 1378 2667 a
1412 2629 1542 2682 qua,
1567 2611 1956 2680 velutjuvenili

370 2717 550 2773 aetate,
580 2707 633 2761 in
665 2705 862 2777 pepulo
888 2705 982 2760 Dei
1011 2720 1198 2776 regunt
1227 2713 1467 2774 tempora
1504 2711 1800 2773 coeperunt.
1831 2702 1958 2758 Haec

373 2814 602 2870 namque
644 2799 698 2853 in
729 2797 1039 2854 hominibus
1076 2805 1207 2854 anas
1255 2803 1377 2866 apta
1434 2795 1784 2867 gubernando
1823 2794 1958 2850 solet

369 2893 603 2948 existere
631 2905 818 2962 regno.
842 2888 1060 2957 Quinta,
1090 2889 1243 2958 quasi
1270 2888 1454 2944 senilis
1480 2896 1610 2942 aetas
1633 2928 1648 2951 ,
1699 2902 1729 2941 a
1779 2895 1956 2942 trans-

372 2983 596 3056 migrari
627 2979 1148 3056 [transmigratione]
1198 2979 1484 3051 Babylonis
1526 2992 1696 3048 usque
1743 2978 1808 3032 ad
1856 2977 1953 3032 ad“

370 3084 592 3130 ventum
630 3076 839 3130 Domi-ni
880 3073 1176 3129 Salvatoris
1221 3071 1276 3126 in
1305 3085 1490 3134 carne,
1522 3068 1956 3141 generationibus

371 3177 426 3223 et
460 3168 575 3238 ipsa
621 3183 770 3231 xxw,
800 3181 962 3237 porro
991 3165 1149 3220 annis
1184 3177 1419 3218 oLxxxxx
1460 3170 1698 3216 extenta.
1739 3160 1797 3214 ln
1829 3174 1956 3228 qua,
1987 3148 2030 3210 C

371 3270 433 3314 ut
461 3261 608 3330 gravi
639 3269 915 3314 senectute
952 3256 1093 3312 fessa
1121 3295 1136 3321 ,
1188 3255 1343 3310 malis
1395 3253 1763 3309 crebrioribus
1811 3251 1960 3323 plebs

371 3349 597 3406 Hebraea
645 3357 952 3419 quassatur.
1003 3346 1193 3411 Sexta,
1218 3360 1336 3413 qua:
1368 3360 1512 3399 nunc
1561 3345 1776 3414 agitur,
1827 3352 1960 3398 actas

373 3442 517 3496 nulla
534 3456 666 3513 genc
675 3442 940 3496 rationum
965 3439 1047 3494 vel
1070 3448 1371 3507 temporum
1398 3436 1541 3492 serie
1557 3445 1704 3490 certa
1729 3450 1743 3489 :
1768 3436 1886 3502 sed,
1902 3447 1960 3489 ut

375 3542 508 3587 aetas
529 3532 802 3602 decrepita
824 3531 958 3600 ipsa,
978 3531 1142 3584 totius
1173 3528 1354 3584 szeculi
1379 3537 1551 3582 morte
1573 3528 1953 3583 consumenda.

375 3625 484 3678 llas
498 3621 1143 3692 mrumnosas,plenasque
1157 3621 1638 3686 laboribus,mundi
1653 3630 1838 3676 anates
1849 3622 1962 3690 qui-

372 3731 477 3782 que
504 3713 641 3770 felici
658 3722 829 3768 morte
843 3713 1106 3776 vicerunt,
1128 3713 1351 3781 septima
1360 3710 1472 3779 jam
1488 3711 1694 3766 sabbati
1711 3712 1961 3781 perennis

373 3815 534 3862 actate
565 3805 805 3876 suscepti
823 3814 1069 3860 octavam
1093 3806 1264 3859 beatae
1287 3803 1696 3858 resurrectionis
1721 3811 1955 3868 mtatem,

372 3903 426 3956 in
454 3917 559 3970 qua
588 3914 799 3969 semper
822 3913 943 3954 cum
958 3898 1185 3953 Domino
1209 3904 1464 3969 regnent,
1495 3904 1831 3952 exsoectant.

983 4007 1210 4064 CAPUT
1244 4007 1362 4063 XV.

909 4079 983 4134 De
1032 4077 1420 4148 festivitatibus.

443 4173 731 4228 Festivitas
758 4171 899 4227 dicta
929 4186 959 4224 a
995 4169 1146 4223 festis
1174 4167 1380 4231 diebus,
1407 4167 1558 4236 quasi
1585 4166 1861 4235 festiditas,
1894 4179 1960 4219 eo

369 4264 511 4333 quod
533 4264 586 4318 in
613 4265 692 4318 eis
728 4261 839 4316 sola
868 4276 957 4315 res
982 4259 1162 4315 divina
1186 4258 1265 4324 ﬁt,
1299 4258 1494 4328 quibus
1533 4257 1789 4315 contrarii
1834 4266 1959 4311 sunt

370 4355 518 4419 fasti,
549 4355 601 4409 in
631 4355 828 4424 quibus
865 4353 954 4423 jus
976 4351 1139 4417 fatur,
1171 4351 1224 4405 id
1253 4359 1355 4417 est,
1383 4351 1599 4406 dicitur.
1634 4349 1959 4406 Solemnitas

370 4465 400 4500 a
433 4449 602 4504 sacris
630 4447 849 4511 dicitur,
874 4445 950 4500 ita
984 4453 1257 4512 suscepta,
1283 4451 1343 4497 ut
1395 4441 1592 4496 mutari
1636 4443 1705 4496 ob
1736 4441 1955 4512 religio-

371 4555 496 4594 nem
533 4538 734 4594 Christi
771 4553 878 4594 non
911 4536 1123 4598 debeat.
1174 4553 1206 4590 a
1248 4535 1382 4601 solo,
1429 4534 1481 4589 id
1516 4543 1627 4600 est,
1665 4534 1822 4589 ﬁrmo
1869 4543 1949 4588 at-
1985 4504 2033 4562 D

369 4646 474 4700 que
524 4629 695 4684 solido
750 4629 1048 4685 nominata.
1098 4627 1394 4682 Celebritas
1450 4635 1631 4682 autem
1684 4634 1948 4692 vocatur,

366 4721 510 4793 quod
538 4737 643 4776 non
672 4720 744 4775 ibi
779 4728 1010 4783 terrena,
1039 4720 1132 4774 scd
1158 4717 1394 4774 cmlestia
1447 4727 1650 4772 tantum
1697 4725 1948 4787 aguntur.

366 4814 588 4870 Pascha:
627 4812 977 4868 festivitatum
1030 4812 1269 4865 omnium
1315 4811 1488 4881 prima
1539 4817 1649 4871 est,
1697 4809 1762 4863 de
1800 4808 1953 4878 cujus

366 4903 628 4960 vocabulo
644 4902 756 4973 jam
785 4901 1250 4979 superiusdictum
1271 4907 1372 4954 est.
1407 4898 1785 4962 Pentecosten,
1815 4898 1954 4952 sicut

365 5005 420 5052 et
443 4995 661 5068 pascha,
679 4995 821 5066 apud
846 4993 1099 5049 Hebraeos
1121 4993 1351 5048 celebris
1375 4992 1489 5046 dies
1514 4998 1649 5054 erat,
1664 4991 1808 5060 quod
1829 4999 1950 5060 post

365 5087 606 5157 quinque
637 5086 866 5142 decadas
895 5084 1110 5154 pascha:
1153 5083 1490 5146 celebratur,
1526 5082 1666 5136 unde
1710 5090 1764 5136 et
1788 5097 1947 5136 voca-

365 5174 551 5230 bulum
581 5176 831 5248 sumpsit.
863 5174 1033 5230 Pente
1071 5173 1215 5227 enim
1251 5171 1440 5227 Graece
1467 5172 1723 5241 quinque.
1753 5170 1808 5225 In
1841 5188 1947 5241 quo

365 5265 456 5319 die
482 5267 776 5321 secundum
826 5265 997 5336 legem
1048 5277 1215 5334 panes
1265 5263 1645 5332 propositionis
1683 5263 1750 5318 de
1792 5263 1951 5319 novis

363 5351 610 5424 frugibus
659 5353 1026 5410 offerebantur
1062 5373 1075 5408 :
1107 5353 1260 5424 cujus
1311 5352 1538 5422 ﬁguram
1576 5369 1748 5408 annus
1799 5350 1946 5420 jubi-

365 5443 495 5498 lmus
531 5444 584 5498 in
615 5445 962 5501 Testamento
991 5445 1172 5502 Veteri
1209 5444 1397 5514 gessit,
1427 5458 1548 5512 qua:
1586 5459 1728 5499 nunc
1756 5445 1952 5500 iterum

364 5550 465 5605 per
491 5535 717 5607 ﬁguram
754 5539 1191 5608 repromissionis
1234 5547 1490 5592 mternam
1525 5536 1768 5604 requiem
1818 5550 1953 5604 prae-

368 5627 582 5697 tigurat.
611 5628 912 5698 Epiphania
936 5631 1143 5695 Craace,
1169 5630 1362 5684 Latine
1387 5629 1653 5697 apparitio
1687 5630 1799 5683 sive
1840 5644 1954 5682 ma-

369 5717 646 5778 nifestatio
675 5731 914 5777 vocatur.
941 5723 1018 5778 Eo
1039 5723 1184 5779 enim
1214 5723 1304 5778 die
1325 5722 1574 5778 Christus
1606 5721 1798 5778 sideris
1818 5722 1953 5779 indi-

2055 1892 2181 1962 qnia
2225 1891 2518 1948 secundum
2569 1891 2810 1946 lunarem
2837 1906 3055 1945 cursum
3083 1907 3293 1947 menses
3345 1903 3643 1963 supputan-

2056 1991 2166 2048 tur,
2195 1991 2251 2038 et
2276 1981 2464 2038 Graece
2494 1996 2648 2036 mene
2675 1982 2799 2036 luna
2821 1981 3161 2051 appellatur:
3189 1983 3313 2036 inde
3339 1984 3646 2048 neomenia,

2057 2074 2111 2130 id
2143 2082 2246 2139 est,
2276 2090 2413 2130 nova
2455 2073 2600 2128 luna.
2650 2072 2818 2127 Erant
2856 2073 3000 2127 enim
3050 2073 3192 2143 apud
3238 2073 3494 2130 Hebraeos
3544 2075 3648 2146 ipsi

2057 2166 2175 2222 dies
2197 2165 2544 2222 calendarum
2573 2179 2638 2219 ex
2674 2164 2827 2236 legali
2875 2165 3211 2221 institutione
3242 2165 3510 2221 solemnes
3533 2207 3548 2232 ,
3581 2167 3648 2223 de

2058 2257 2256 2328 quibus
2281 2257 2334 2311 in
2362 2255 2615 2326 psalterio
2643 2255 2841 2310 dicitur
2872 2272 2885 2308 :
2921 2253 3104 2309 Canite
3153 2255 3209 2309 in
3264 2255 3413 2309 initio
3458 2255 3653 2310 mensis

2057 2351 2208 2414 tuba,
2245 2348 2301 2401 in
2329 2348 2414 2402 die
2443 2347 2662 2418 insignis
2686 2345 3033 2401 solemnitatis
3055 2357 3236 2401 vestrae
3261 2345 3430 2419 (Poal.
3459 2347 3645 2418 Lxxx).

2057 2440 2330 2506 Encaenia,
2359 2454 2494 2494 nova
2527 2438 2708 2509 templi
2734 2437 3022 2494 dedicatio.
3053 2437 3239 2493 Crtece
3267 2439 3413 2493 enim
3447 2438 3647 2494 kainon

2059 2531 2257 2587 dicitur
2275 2546 2493 2585 novum.
2510 2530 2734 2598 Quando
2750 2531 2895 2588 enim
2917 2529 3118 2599 aliquid
3135 2545 3330 2585 novum
3347 2529 3652 2595 dedicatur,

2059 2621 2296 2676 encantia
2327 2621 2544 2676 dicitur.
2573 2620 2724 2676 Hanc
2753 2620 3107 2676 dedicationis
3127 2620 3310 2691 templi
3339 2619 3650 2676 solemnita-

2059 2716 2166 2764 tem
2211 2708 2380 2764 Judtei
2411 2709 2630 2764 Octobri
2671 2724 2855 2766 mense
2887 2709 3154 2764 colebant.
3187 2710 3312 2765 Dies
3348 2710 3649 2780 palmarum

2060 2797 2182 2852 ideo
2197 2798 2411 2864 dicitur,
2426 2814 2492 2854 eo
2506 2798 2648 2870 quod
2669 2801 2724 2854 in
2737 2815 2803 2855 eo
2824 2800 3082 2854 Dominus
3104 2809 3159 2855 et
3179 2797 3427 2855 Salvator
3441 2809 3646 2865 noster,

2059 2888 2202 2944 sicut
2238 2890 2499 2960 propheta
2531 2891 2730 2946 cecinit
2775 2889 2962 2963 (Zach.
2993 2889 3093 2962 ιι),
3145 2891 3480 2947 Hierusalem
3523 2899 3646 2947 ten-

2060 2979 2194 3034 dens
2220 3019 2238 3045 ,
2283 2979 2506 3034 asellum
2567 2979 2773 3035 sedisse
2828 2980 3185 3050 perhibetur:
3218 2988 3348 3035 tunc
3396 2979 3650 3051 gradiens

2063 3085 2185 3125 cum
2209 3069 2378 3124 ramis
2424 3069 2725 3140 palmarum
2754 3067 3040 3124 multitudo
3077 3069 3312 3139 plebium
3353 3069 3565 3124 obviam
3599 3071 3649 3123 ei

2061 3163 2433 3218 clamaverunt
2463 3177 2477 3215 :
2516 3161 2791 3226 "osanna,
2826 3163 3146 3230 benedictus,
3181 3163 3272 3233 qui
3309 3163 3443 3216 venit
3471 3164 3527 3216 in
3555 3180 3651 3217 no-

2059 3257 2200 3310 mine
2227 3254 2458 3320 Domini,
2492 3271 2584 3310 rea:
2612 3254 2782 3309 Israel
2814 3254 3026 3326 (Matth.
3065 3254 3198 3322 tm).
3233 3251 3430 3324 Vulgus
3463 3263 3649 3310 autem

2059 3347 2181 3402 ideo
2214 3347 2360 3402 hunc
2385 3347 2528 3402 diem
2557 3346 2910 3418 capitilavium
2959 3355 3138 3410 vocat,
3169 3346 3294 3417 quia
3323 3354 3452 3401 tunc
3479 3347 3650 3402 moris

2058 3446 2141 3492 est
2161 3437 2373 3492 lavandi
2395 3439 2571 3508 capita
2597 3438 2903 3503 infantium,
2919 3439 3009 3508 qui
3035 3438 3263 3506 ungendi
3289 3445 3430 3502 sunt,
3454 3453 3523 3493 ne
3548 3439 3651 3494 ob-

2059 3529 2366 3585 servatione
2428 3529 2855 3600 quadragesima:
2902 3529 3175 3584 sordidata
3229 3530 3296 3584 ad
3340 3529 3649 3584 unctionem

2059 3621 2400 3676 accederent.
2427 3620 2541 3676 Hoc
2569 3629 2747 3675 autem
2773 3621 2860 3675 die
2887 3619 3188 3692 symbolum
3217 3620 3652 3690 competentibus

2060 3715 2310 3779 traditur,
2346 3723 2567 3783 propter
2593 3713 2859 3767 conﬁnem
2887 3712 3177 3768 Dominicm
3205 3712 3418 3782 pascha:
3455 3712 3652 3768 solem-

2059 3805 2305 3869 nitatem,
2322 3813 2381 3859 ut
2403 3804 2614 3874 quijam
2633 3805 2698 3858 ad
2718 3804 2808 3858 Dei
2827 3803 3056 3874 gratiam
3075 3803 3471 3872 percipiendam
3495 3801 3648 3858 festi-

2060 3904 2211 3959 nant,
2238 3894 2416 3958 ﬁdetn,
2432 3909 2593 3963 quam
2615 3893 2993 3958 conﬁteantur,
3017 3900 3330 3962 agnoscant.
3363 3891 3532 3947 Coena
3555 3892 3649 3946 do-

2060 3984 2258 4040 minico
2286 3984 2428 4038 dicta
2457 3992 2540 4037 est
2565 3999 2630 4037 eo
2657 3983 2801 4052 quod
2841 3982 2893 4036 in
2936 3997 3002 4037 eo
3051 3983 3137 4036 die
3165 3981 3416 4036 Salvator
3445 3981 3649 4051 pascha

2059 4093 2183 4132 cum
2208 4076 2319 4131 suis
2342 4075 2618 4144 discipulis
2647 4074 2854 4128 fecerit.
2887 4073 3042 4141 Quod
3071 4084 3127 4128 et
3174 4074 3466 4143 hodieque,
3501 4073 3650 4128 sicut

2059 4179 2143 4226 est
2169 4169 2447 4232 traditum,
2475 4167 2802 4230 celebratur,
2829 4179 3183 4236 sanctumque
3216 4166 3270 4220 in
3299 4181 3364 4222 eo
3394 4166 3479 4221 die
3509 4165 3652 4220 chri-

2061 4277 2176 4316 sma
2202 4262 2514 4325 conﬁcitur,
2553 4268 2716 4329 atque
2745 4259 2954 4314 initium
2991 4257 3124 4312 Novi
3160 4256 3491 4313 Testamenti
3520 4297 3535 4322 ,
3589 4266 3647 4313 et

2064 4355 2274 4411 Veteris
2305 4354 2632 4410 Testamenti
2670 4353 2901 4408 cessatio
2929 4351 3255 4406 declaratur.

2653 4465 2878 4520 CAPUT
2911 4463 3046 4518 XVI.

2674 4537 2750 4589 De
2791 4536 3024 4589 sabbato.

2133 4628 2427 4683 Sabbatum
2450 4628 2517 4681 ab
2539 4627 2778 4682 Hebrzeis
2808 4641 2876 4681 ex
2920 4625 3362 4696 interpretatione
3402 4624 3646 4678 vocabuli

2060 4720 2142 4774 sui
2173 4719 2388 4789 requies
2413 4717 2726 4771 nominatur
2751 4735 2764 4770 :
2811 4717 2953 4784 quod
2985 4717 3126 4772 Deus
3152 4717 3204 4769 in
3240 4716 3380 4785 ipso,
3406 4714 3652 4784 perfecto

2061 4807 2281 4873 mttndo,
2309 4806 2682 4876 requievissct.
2731 4805 3010 4872 Siquidem
3042 4806 3095 4859 in
3141 4820 3206 4858 eo
3251 4805 3337 4858 die
3381 4805 3650 4874 requievit

2059 4900 2320 4954 Dominus
2371 4899 2425 4953 in
2463 4897 2743 4966 sepulcro,
2785 4906 2848 4950 ut
2897 4897 3098 4967 quietis
3144 4895 3285 4949 illius
3323 4895 3650 4965 mysterium

2057 4994 2421 5056 conﬁrmaret,
2465 4992 2610 5060 quod
2655 4987 2857 5045 Iudaeis
2905 4990 3300 5045 observandum
3354 4989 3406 5041 in
3453 4987 3649 5040 umbra

2056 5083 2222 5137 futuri
2249 5090 2572 5152 prmceptum
2600 5089 2683 5134 est
2711 5097 2725 5133 :
2755 5079 2851 5134 sed
2872 5087 3156 5150 postquam
3185 5079 3434 5132 Christus
3473 5076 3528 5129 in
3561 5091 3650 5131 sc—

2055 5173 2242 5243 pulcro
2271 5187 2368 5227 suo
2399 5171 2517 5242 ejus
2545 5172 2773 5242 ﬁguram
2819 5169 3148 5242 adimplevit,
3187 5169 3495 5224 observatio
3524 5168 3650 5237 ejus

2056 5265 2276 5334 quievit.

2637 5351 2865 5409 CAPUT
2904 5351 3064 5407 XVII.

2585 5445 2662 5498 De
2704 5444 2977 5499 Dominico
3003 5443 3106 5498 die.

2129 5537 2441 5593 Dominicus
2456 5536 2571 5592 dies
2602 5536 2831 5606 proinde
2857 5545 3110 5603 vocatur,
3133 5536 3260 5605 quia
3293 5535 3343 5588 in
3373 5549 3438 5588 eo
3465 5548 3655 5586 resur—

2059 5628 2227 5683 rectio
2253 5627 2464 5682 Domini
2494 5627 2666 5682 nostri
2705 5626 2980 5683 declarata
3009 5637 3111 5684 est.
3143 5625 3244 5692 Qui
3267 5624 3384 5678 dies
3413 5637 3518 5676 non
3545 5621 3659 5676 Ju-

2059 5723 2210 5789 daeis,
2237 5721 2331 5778 sed
2365 5720 2689 5777 Christianis
2742 5721 2794 5774 in
2855 5721 3257 5778 resurrectione
3309 5713 3518 5772 Domini
3551 5715 3656 5772 (ιε-
