4072 6198
375 222 491 279 309

1312 204 1321 211 ’
1381 226 1467 281 ne
1509 224 1855 283 UNlVEltSO
1890 225 2071 282 unm
2110 192 2357 283 XXll.-—
2397 224 2523 284 mu.
2568 231 2652 285 xx.

3542 234 3648 290 1’40

369 341 610 396 elaratus
630 350 799 406 est,et
823 340 992 395 esilla
1014 341 1211 396 habere
1233 342 1397 413 coepit
1418 341 1767 399 festivitatem
1787 357 1960 398 suam.
1995 349 2045 408 Α
2070 358 2176 398 non
2212 356 2537 400 moreretur.
2588 343 2879 413 Postquam
2907 353 3087 400 autem
3122 343 3262 401 facta
3290 353 3374 402 est
3398 345 3519 403 talis
3556 363 3647 404 re-

369 431 481 486 illis
530 431 675 486 enim
720 431 895 486 solum
944 430 1325 486 celebrandum
1371 431 1651 486 sabbatum
1706 431 1961 485 traditum

370 531 456 579 est
483 541 496 576 :
523 522 646 591 quia
664 531 787 577 erat
811 530 972 577 antea
990 523 1206 593 requies
1233 531 1568 581 mortuorum
1598 543 1610 578 :
1637 523 1962 579 resurrectio

368 621 554 667 autem
630 611 831 668 nullius
894 622 1058 681 erat,
1113 614 1205 683 qui
1273 630 1566 685 resurgens
1634 630 1667 669 a
1734 614 1962 669 mortuis

2067 436 2335 491 surrectio
2349 436 2400 490 iu
2424 452 2648 507 corpore
2665 437 2892 503 Domini,
2915 447 2971 491 ut
2986 437 3202 508 praeiret
3223 439 3272 493 iu
3289 440 3483 510 capite,
3503 442 3647 510 quod

2068 541 2263 596 corpus
2275 527 2530 584 Eeclcsim
2543 539 2785 599 speraret
2806 530 2858 583 in
2888 528 3026 584 line:
3044 528 3156 599 jam
3172 530 3288 585 dies
3313 529 3645 599 Dominicus,

2069 615 2122 670 id
2168 628 2267 681 est,
2300 625 2542 684 octavus,
2582 619 2671 688 qui
2704 628 2757 672 et
2778 619 3000 689 primus,
3028 618 3292 675 celebrari
3318 620 3501 689 coepit.

2190 787 2489 800 ...ι-ιι*

3509 782 3642 804 -ιιη

1510 905 1811 985 LIBER
1872 908 2505 990 UNDECIMUS.

891 1227 1119 1285 CAPUT
1148 1227 1438 1286 PRIMUM.

811 1319 891 1374 De
927 1320 1228 1375 diversitate
1255 1338 1533 1391 aquarum.

446 1410 721 1480 Aquarum
743 1417 952 1464 natura:
975 1409 1260 1465 diversitas
1291 1410 1455 1464 multa
1503 1419 1605 1466 est.
1634 1412 1767 1466 Alia:
1820 1412 1963 1467 enim

377 1502 523 1567 satis,
551 1501 671 1556 aliae
706 1501 858 1567 nitri,
890 1500 1009 1556 alize
1033 1501 1310 1567 aluminis,
1339 1501 1459 1558 alite
1497 1502 1802 1573 sulphuris,
1847 1502 1966 1558 alite

377 1595 680 1659 bituminis,
722 1593 843 1648 aliae
886 1608 1071 1648 curam
1126 1593 1439 1649 morborum
1488 1594 1844 1650 adhibentes:
1897 1596 1966 1649 de

375 1704 483 1758 quo
512 1688 756 1743 historici
804 1685 958 1757 plura
1008 1701 1261 1742 narrasse
1287 1687 1647 1758 reperiuntur.
1681 1686 1812 1741 Nam
1839 1687 1968 1757 (fer-

377 1778 485 1850 tur)
512 1778 669 1849 juxta
694 1776 923 1847 Romam
953 1776 1160 1833 Albulae
1183 1792 1337 1849 aquze
1387 1777 1704 1834 vulneribus
1750 1780 1971 1834 meden—

377 1878 483 1924 tur.
547 1868 607 1923 ln
671 1868 822 1924 Italia
882 1867 1005 1925 fons
1062 1868 1342 1926 Ciceronis
1403 1869 1681 1926 oculorum
1743 1870 1967 1926 vulnera

376 1969 551 2015 curat.
594 1959 653 2015 In
709 1958 994 2032 Ethiopia
1048 1960 1200 2016 locus
1244 1968 1364 2029 est,
1415 1975 1520 2031 quo
1577 1959 1796 2031 perfusa
1845 1976 1968 2016 eor-

376 2068 511 2124 pora
538 2054 685 2109 velut
710 2054 832 2109 oleo
860 2055 1152 2110 nitescunt.
1190 2054 1371 2110 Zamze
1416 2054 1535 2111 fons
1575 2055 1630 2109 in
1675 2054 1854 2109 Africa
1882 2068 1972 2109 ca-

378 2163 545 2201 noras
608 2161 769 2201 voces
818 2146 969 2203 facit.
1023 2147 1103 2203 Ex
1149 2147 1405 2214 Clitorio,
1452 2147 1573 2203 lacu
1627 2148 1821 2212 Italiae,
1879 2148 1970 2217 qui

379 2237 661 2302 biberint,
701 2238 810 2292 vini
846 2239 1063 2294 taedium
1112 2240 1332 2296 habent.
1370 2238 1428 2294 In
1463 2237 1599 2295 Chio
1640 2238 1811 2294 insula
1850 2238 1971 2295 fon-

382 2337 492 2384 tem
556 2345 682 2385 esse
739 2327 984 2403 [aiunt],
1043 2346 1152 2402 quo
1211 2331 1435 2387 hebetes
1492 2331 1641 2386 ﬂant.
1702 2330 1759 2384 In
1812 2329 1973 2386 Boeo-

381 2419 458 2475 tia
512 2421 620 2476 duo
679 2420 886 2488 fontes,
959 2422 1098 2478 alter
1140 2424 1498 2490 mermoriam,
1550 2422 1685 2480 alter
1742 2423 1973 2479 oblivio-

383 2528 506 2569 nem
533 2512 709 2568 ail‘ert.
729 2512 912 2587 Cyzici
938 2515 1058 2572 fons
1085 2531 1327 2573 amorem
1357 2517 1584 2575 Veneris
1620 2513 1777 2574 tollit.
1813 2517 1975 2574 Βαθο-

383 2608 472 2661 tia:
519 2607 675 2664 lacus
701 2608 910 2666 furialis
946 2619 1058 2678 est;
1108 2611 1176 2666 de
1216 2626 1323 2683 quo
1370 2611 1463 2682 qui
1503 2612 1737 2675 biberit,
1779 2613 1976 2667 ardore

382 2696 625 2753 libidinis
667 2700 992 2756 exardescit.
1039 2701 1099 2755 1n
1128 2701 1424 2772 Campania
1468 2711 1596 2758 sunt
1648 2718 1824 2773 aquze,
1856 2717 1977 2773 quae

382 2786 725 2843 sterilitatem
766 2787 1112 2855 feminarum,
1152 2797 1208 2846 et
1250 2792 1491 2846 virorum
1546 2790 1812 2846 insaniam
1842 2791 1974 2846 abo-

385 2877 496 2934 lere
538 2880 812 2935 dicuntur.
857 2880 915 2936 In
947 2880 1246 2953 Ethiopize
1270 2882 1419 2940 fonte
1448 2885 1612 2940 rubro
1637 2885 1728 2954 qui
1755 2883 1973 2949 biberit,

2072 1246 2201 1286 vero
2227 1231 2281 1285 in
2303 1229 2487 1285 multis
2526 1230 2659 1286 locis
2685 1244 2838 1300 aqua:
2861 1239 3082 1286 manant
3108 1231 3396 1302 perpetim,
3431 1229 3651 1289 ferven-

2073 1331 2153 1378 tes
2192 1329 2399 1376 tantum
2445 1328 2506 1376 ut
2554 1320 2748 1376 balnea
2789 1320 3129 1377 calefaciunt.
3181 1321 3435 1389 Qtuedam
3490 1332 3653 1379 term

2072 1420 2218 1479 sunt,
2259 1427 2379 1483 qua:
2422 1411 2651 1467 multum
2700 1412 2979 1483 sulphuris
3020 1422 3075 1469 et
3123 1413 3376 1469 aluminis
3427 1414 3648 1471 habent.

2071 1503 2255 1573 Itaque
2298 1518 2421 1558 eum
2449 1518 2548 1574 per
2575 1518 2744 1559 venas
2779 1503 3016 1560 calentes
3064 1520 3203 1575 aqua
3235 1504 3428 1577 frigida
3482 1506 3651 1572 venit,

1999 1628 2042 1686 Β
2070 1595 2248 1650 vicino
2286 1594 2559 1666 sulphuris
2599 1595 2780 1653 calore
2825 1605 3074 1653 contacta
3117 1597 3466 1653 excandescit
3502 1613 3517 1652 :
3551 1611 3653 1653 nec

2071 1687 2193 1744 talis
2218 1688 2288 1743 ab
2313 1689 2523 1759 origine
2551 1688 2739 1756 efﬂuit,
2781 1691 2878 1746 sed
2916 1698 3272 1760 permutatur,
3323 1690 3451 1746 dum
3479 1690 3647 1746 venit.

2069 1776 2394 1848 Sulphurem
2421 1778 2740 1851 alumenque
2769 1795 2954 1836 secum
2978 1779 3157 1835 ferunt
3177 1795 3332 1851 aquae
3357 1788 3651 1850 utramque

2071 1870 2351 1925 materiem
2387 1870 2509 1942 igne
2536 1870 2772 1940 plenam,
2803 1871 3151 1940 minimisque
3184 1871 3419 1927 motibus
3449 1869 3652 1926 incale~

2070 1968 2332 2017 scentem.
2382 1961 2619 2017 Diversre
2663 1962 2811 2017 enim
2850 1962 3059 2032 species
3111 1977 3373 2032 aquarum
3411 1962 3653 2018 diversos

2069 2050 2292 2106 effectus
2320 2051 2599 2116 habentes,
2633 2066 2900 2121 congruas
2926 2051 3363 2123 signiﬁcationes
3378 2053 3433 2106 in
3466 2051 3651 2122 Scrip-

2072 2143 2232 2209 turis,
2257 2144 2348 2198 ubi
2384 2156 2606 2198 necesse
2650 2151 2753 2208 est,
2797 2143 3108 2212 exprimere
3154 2150 3402 2214 possunt.
3433 2140 3655 2198 Illarum

2072 2235 2214 2290 enim
2252 2249 2456 2300 rerum,
2480 2249 2599 2303 quae
2641 2235 2694 2288 in
2724 2233 3021 2304 Scripturis
3060 2235 3430 2297 inveniuntur,
3459 2248 3658 2290 conve-

2074 2325 2169 2389 nit,
2208 2333 2267 2381 ut
2314 2324 2734 2397 significationes
2776 2324 3060 2395 diligenter
3088 2323 3454 2393 exquirantur
3478 2339 3501 2377 λε
3533 2336 3659 2393 qua:

2074 2425 2255 2472 autem
2285 2415 2440 2480 alias,
2472 2430 2578 2469 non
2605 2424 2687 2470 est
2712 2429 2931 2470 necesse
2952 2413 3172 2484 exponi.
3198 2413 3367 2483 Aqua:
3387 2412 3441 2468 in
3469 2410 3656 2483 Serip-

2075 2516 2196 2564 tura
2242 2521 2397 2563 saera
2432 2506 2720 2575 aliquando
2749 2505 3009 2577 Spiritum
3061 2512 3334 2571 sanctum,
3365 2503 3659 2574 aliquando

2075 2598 2359 2655 scientiam
2388 2610 2623 2663 sacram,
2655 2597 2945 2669 aliquando
2975 2597 3256 2653 scientiam
3288 2610 3532 2666 pravam,
3565 2594 3661 2650 ali-

2074 2693 2292 2765 quando
2322 2691 2747 2757 tribulationem,
2778 2690 3069 2762 aliquando
3091 2689 3388 2746 detinentes
3412 2686 3657 2759 populos,

2077 2786 2365 2855 aliquando
2392 2792 2604 2840 mentes
2629 2783 2786 2839 fidem
2814 2783 3153 2854 sequentium
3176 2781 3554 2837 demonstrare
3572 2795 3662 2836 so-

2078 2876 2209 2932 lent.
2237 2874 2342 2931 Per
2363 2890 2557 2946 aquam
2589 2874 2786 2945 quippe
2824 2875 2995 2929 sancti
3027 2871 3262 2943 Spiritus
3287 2870 3487 2927 inlusio
3512 2868 3662 2925 desi-

384 2966 745 3041 lymphaticus
774 2969 854 3025 lit.
882 2970 1131 3028 Lechnus
1173 2973 1293 3029 fons
1320 2972 1567 3031 Arcadia:
1604 2976 1827 3030 abortus
1859 2973 1976 3030 ﬁeri
2006 2981 2051 3041 Ο
2083 2975 2297 3038 gnatur,
2324 2969 2467 3021 sicut
2491 2967 2545 3021 in
2573 2966 2864 3037 Evangelio
2886 2965 3086 3021 dicitur
3115 2982 3129 3019 :
3161 2962 3268 3030 Qui
3297 2962 3460 3017 credit
3480 2963 3537 3016 in
3555 2976 3662 3027 me,

383 3075 492 3115 non
517 3062 742 3131 patitur.
778 3062 835 3118 In
862 3062 1045 3120 Sicilia
1070 3064 1246 3122 fontes
1273 3075 1402 3123 sunt
1428 3067 1556 3134 duo,
1581 3083 1813 3138 quorum
1838 3085 1977 3124 unus

386 3152 628 3207 sterilem
659 3151 935 3219 fecundat,
965 3155 1103 3212 alter
1130 3155 1416 3217 fecundam
1444 3159 1682 3215 sterilem
1723 3158 1871 3215 facit.
1919 3159 1977 3215 In

386 3242 671 3298 Thessalia
697 3245 803 3301 duo
836 3243 1080 3315 ﬂumina,
1119 3264 1184 3303 ex
1214 3265 1323 3304 uno
1367 3250 1617 3306 bibentes
1641 3266 1769 3307 oves
1795 3252 1979 3323 nigras

388 3332 504 3387 fieri
522 3332 728 3401 ferunt,
745 3352 809 3391 ex
828 3335 999 3391 altera
1022 3336 1190 3403 albas,
1208 3354 1275 3393 ex
1293 3346 1520 3408 utroque
1536 3340 1734 3393 varias.
1754 3338 1980 3394 Clitum-

387 3436 491 3476 nus
511 3422 662 3477 laeus
690 3424 745 3478 in
770 3423 995 3480 Umbria
1029 3427 1297 3482 maximos
1323 3427 1487 3483 boves
1513 3427 1703 3499 gignit.
1732 3426 1980 3485 Reatinis

384 3512 1052 3586 paludibusjumentorum
1071 3517 1299 3589 ungulas
1314 3518 1552 3573 indurari
1580 3519 1786 3573 dicunt.
1806 3517 1861 3573 In
1876 3520 1982 3575 As-

387 3606 631 3678 pbaltide
658 3608 775 3663 lacu
797 3607 994 3665 Judzea:
1016 3610 1149 3665 nihil
1174 3611 1342 3684 mergi
1367 3619 1560 3681 potest,
1579 3612 1840 3683 quidquid
1866 3612 1983 3667 ani-

390 3713 536 3752 mam
562 3700 743 3755 habet.
773 3700 829 3755 lu
856 3702 1021 3757 ludiis
1050 3701 1214 3757 Siden
1239 3713 1465 3759 vocatur
1490 3710 1765 3776 stagnum,
1788 3704 1842 3759 in
1875 3721 1983 3774 quo

390 3788 528 3842 nihil
566 3789 809 3855 innatat,
849 3790 943 3845 sed
978 3792 1156 3845 omnia
1198 3800 1533 3863 merguntur.
1581 3792 1652 3847 At
1689 3802 1879 3849 contra
1926 3795 1980 3849 in

391 3877 592 3933 Africre
622 3878 743 3934 lacu
766 3879 1130 3949 Apuscidamo
1152 3882 1333 3936 omnia
1362 3881 1593 3946 fluitant,
1623 3884 1755 3938 nihil
1786 3884 1985 3955 mergi-

394 3978 501 4023 tur.
536 3968 784 4026 Marsidze
814 3970 934 4026 fons
957 3971 1010 4025 in
1038 3971 1271 4043 Phrygia
1305 3988 1435 4027 saxa
1471 3974 1662 4044 egerit,
1693 3974 1745 4029 in
1779 3974 1982 4030 Achaia

392 4073 537 4130 aqua
561 4059 779 4131 proﬂuit
795 4076 826 4117 e
842 4062 1008 4117 saxis.
1027 4059 1159 4135 Styx
1173 4063 1457 4134 appellata,
1484 4064 1628 4134 qued
1646 4050 1789 4119 illicb
1802 4074 1985 4134 potata

394 4150 673 4207 interﬁcit.
725 4151 1010 4208 Gelonium
1062 4164 1313 4225 stagnum
1365 4154 1566 4211 Sicilia:
1618 4165 1759 4211 tetro
1814 4157 1983 4213 odore

394 4242 566 4315 abigit
584 4246 972 4314 proximantes.
993 4244 1137 4302 Fons
1156 4253 1240 4302 est
1259 4247 1312 4301 in
1335 4245 1519 4302 Africa
1548 4247 1694 4303 circa
1722 4248 1979 4318 templum

2083 3059 2225 3114 sicut
2252 3059 2383 3113 dicit
2426 3056 2920 3129 Seriptura‘ann.
2962 3055 3084 3126 vn),
3139 3055 3362 3125 ﬂumina
3387 3054 3453 3108 de
3487 3061 3665 3108 ventre

2079 3150 2244 3219 ﬂuent
2284 3164 2435 3219 aqua?
2463 3149 2607 3203 vivtr.
2658 3147 2759 3203 Ubi
2787 3145 3131 3218 Evangelista
3178 3159 3337 3201 secus
3373 3142 3662 3213 adiunxit:

2083 3237 2199 3292 Hoc
2227 3247 2402 3292 autem
2429 3238 2563 3292 dixit
2579 3238 2641 3291 de
2665 3234 2889 3307 Spiritu,
2912 3251 3065 3307 quem
3093 3234 3357 3306 accepturi
3379 3240 3530 3288 erant
3554 3246 3667 3287 cre-

2080 3330 2257 3386 dentes
2299 3331 2352 3384 in
2393 3346 2511 3384 eum
2562 3327 2774 3401 (Ibid.).
2825 3327 3063 3382 Rursum
3112 3340 3212 3396 per
3239 3338 3435 3394 aquam
3475 3328 3665 3378 sancta

2081 3424 2309 3480 scientia
2345 3423 2677 3494 designatur,
2707 3423 2850 3476 sicut
2894 3419 3097 3476 dicitur
3150 3438 3163 3473 :
3213 3419 3365 3490 Aqua
3392 3416 3665 3488 sapientia!

2081 3516 2333 3572 salutaris
2370 3517 2560 3581 potat-it
2601 3530 2687 3568 eos
2741 3510 2872 3586 (Sir.
2907 3513 3019 3583 xv).
3067 3510 3172 3567 Per
3217 3525 3412 3581 aquam
3452 3521 3668 3578 quoque

2082 3625 2246 3681 prava
2271 3607 2495 3663 scientia
2520 3606 2777 3677 appellari
2802 3605 2959 3671 solet,
2987 3605 3127 3660 sicut
3151 3604 3292 3675 apud
3318 3601 3667 3658 Salomonem

2083 3701 2293 3765 mulier,
2319 3716 2439 3771 quae
2485 3709 2669 3771 typum
2701 3699 2973 3754 haereseos
3004 3705 3173 3762 tenet,
3215 3695 3421 3752 callidis
3458 3693 3668 3750 suasio-

2083 3790 2243 3846 nibus
2284 3790 2577 3854 hlanditur,
2637 3789 2823 3845 dicens
2868 3806 2881 3842 :
2935 3789 3103 3860 Aqua:
3150 3787 3359 3858 furtiua:
3404 3784 3665 3841 dulciores

2082 3891 2202 3936 sunt
2234 3879 2416 3953 (Prov.
2474 3879 2572 3951 rx).
2624 3880 2903 3949 Aquarum
2932 3893 3062 3950 ergo
3100 3878 3320 3933 nomine
3364 3890 3473 3931 non
3523 3890 3664 3930 nun-

2085 3989 2248 4047 quam
2275 3973 2450 4028 solent
2480 3971 2858 4027 tribulationes
2903 3969 3153 4040 intelligi,
3180 3968 3324 4023 sicut
3370 3982 3469 4037 per
3516 3965 3667 4022 Psal-

2085 4066 2303 4121 mistam
2335 4065 2533 4120 dicitur
2586 4082 2600 4118 :
2653 4061 2869 4118 Salvum
2913 4078 2994 4115 me
3042 4061 3151 4131 fac,
3200 4059 3362 4126 Deus,
3415 4058 3665 4129 quoniam

2083 4158 2408 4210 intraverunt
2463 4171 2613 4225 aqum
2662 4169 2823 4225 usque
2871 4153 2942 4206 ad
3000 4151 3235 4205 animam
3288 4164 3457 4203 meam
3487 4145 3661 4215 (Psal.

2084 4243 2301 4311 LXVIII).
2353 4243 2457 4298 Per
2494 4246 2690 4312 aquam
2735 4240 2919 4312 p0pnli
2975 4240 3344 4311 designantur,
3393 4237 3536 4292 sicut
3567 4252 3666 4308 per

396 4335 694 4399 Ammonis,
751 4337 844 4407 qui
878 4338 1123 4394 humoris
1159 4338 1390 4395 nexibus
1436 4340 1661 4395 humum
1718 4341 1977 4412 stringit:
2010 4333 2059 4392 D
2083 4336 2344 4393 Joannem
2366 4336 2561 4391 dicitur
2586 4353 2598 4389 :
2625 4335 2788 4407 Aqua:
2807 4351 2924 4390 vero
2953 4343 3074 4389 sunt
3097 4331 3276 4403 populi
3297 4330 3480 4403 (Apoc.
3508 4329 3663 4402 xvu).

399 4424 609 4481 favillas
638 4429 802 4482 etiam
834 4429 887 4483 in
927 4431 1190 4500 cespitem
1228 4430 1444 4487 solidat.
1478 4432 1622 4489 Fons
1655 4431 1756 4487 Job
1784 4433 1836 4487 in
1862 4434 1987 4489 ldu-

398 4535 533 4575 maza
559 4529 754 4591 quater
779 4522 833 4576 in
858 4538 1000 4579 anno
1026 4524 1262 4580 colorem
1293 4531 1509 4580 mutare
1552 4525 1770 4591 dicitur,
1805 4526 1859 4581 id
1880 4534 1983 4592 est,

398 4610 854 4681 pulverulentum,
916 4615 1291 4685 sanguineum,
1356 4613 1606 4677 viridem,
1682 4613 1982 4684 limpidum,

399 4701 569 4757 ternis
593 4704 869 4758 mensibus
896 4704 949 4760 in
970 4719 1113 4760 anno
1143 4712 1330 4760 tenens
1358 4719 1425 4759 ex
1452 4704 1537 4760 his
1554 4720 1720 4759 unum
1749 4704 1989 4762 colorem

397 4791 459 4847 In
491 4791 832 4864 'l‘roglodytis
861 4794 1012 4849 lacus
1065 4802 1172 4860 est,
1232 4800 1317 4848 ter
1359 4794 1413 4847 in
1453 4794 1540 4848 die
1567 4793 1628 4849 lit
1671 4809 1908 4860 amarus,
1935 4803 1989 4850 et

400 4881 594 4938 deinde
635 4884 796 4939 toties
823 4885 1014 4941 dulcis.
1044 4883 1190 4939 Fons
1218 4883 1364 4939 Siloa
1412 4885 1479 4939 ad
1510 4884 1750 4941 radicem
1789 4886 1989 4942 montis

401 4973 534 5030 Sion
561 4992 666 5031 non
689 4975 910 5047 jugibus
953 4977 1128 5046 aquis,
1170 4978 1265 5032 sed
1318 4976 1371 5031 in
1399 4977 1564 5032 certis
1593 4976 1743 5031 horis
1771 4977 1989 5032 diebus-

401 5082 510 5136 que
534 5067 740 5123 ebullit.
768 5069 826 5123 ln
855 5067 1041 5125 ludam
1062 5070 1338 5139 quondam
1366 5069 1513 5124 rivus
1534 5068 1778 5124 sabbatis
1805 5068 1951 5122 omni
1967 5098 1983 5107 -

403 5158 504 5212 bus
529 5157 855 5214 siccabatur.
884 5157 941 5213 In
970 5157 1221 5213 Sardinia
1270 5155 1447 5212 fontes
1482 5157 1642 5213 calidi
1675 5157 1848 5213 oculis
1875 5172 1989 5213 me-

402 5249 621 5313 dentur,
635 5248 784 5305 fures
804 5258 1038 5321 arguunt
1063 5266 1076 5305 :
1107 5266 1231 5304 nam
1251 5250 1497 5305 czecitate
1513 5250 1781 5319 detegitur
1800 5264 1986 5305 eorum

402 5336 631 5396 facinus.
662 5341 722 5396 In
752 5340 916 5413 Epiro
945 5356 1065 5397 esse
1095 5340 1318 5415 (lerunt)
1355 5339 1581 5407 fontem,
1612 5341 1665 5395 in
1704 5356 1812 5410 quo
1842 5340 1989 5397 faces

403 5430 792 5502 extinguuntur
816 5447 1077 5499 accensas,
1137 5432 1511 5487 accenduntur
1533 5431 1808 5487 extinctae.
1830 5430 1989 5503 Apud

404 5520 765 5580 Garamantas
787 5523 990 5579 fontem
1016 5537 1138 5579 esse
1157 5521 1376 5595 (aiunt),
1402 5522 1474 5578 ita
1496 5521 1763 5594 algentem
1791 5522 1896 5585 die,
1931 5531 1990 5578 ut

408 5628 519 5670 non
531 5612 775 5683 bibatur;
791 5616 867 5672 ita
890 5616 1168 5674 ardentem
1184 5623 1364 5683 nocte,
1376 5624 1555 5671 utnon
1572 5622 1843 5686 tangatur.
1866 5612 1987 5669 lam

2088 4430 2195 4485 Per
2221 4444 2416 4499 aquam
2447 4443 2661 4500 quoque
2704 4444 2814 4483 non
2857 4427 3033 4483 solum
3063 4425 3240 4483 ﬂuxus
3265 4424 3668 4482 decurrentium

2088 4519 2430 4592 populorum,
2462 4518 2557 4574 sed
2591 4518 2758 4575 etiam
2780 4518 3047 4574 bonorum
3080 4522 3291 4573 mentes
3327 4513 3450 4569 ﬁdei
3478 4511 3669 4584 praedi-

2090 4620 2339 4669 eamenta
2393 4611 2734 4680 sequentium
2786 4609 3159 4681 designantur,
3214 4608 3356 4662 sicut
3406 4605 3670 4677 propheta

2089 4706 2208 4761 ait:
2239 4703 2392 4759 Beati
2443 4704 2533 4776 qui
2574 4703 2841 4757 seminatis
2877 4718 3033 4773 super
3091 4717 3267 4756 omnes
3323 4714 3493 4771 aquas
3531 4695 3668 4769 (Isa.

2088 4794 2284 4868 χχχιι).
2334 4795 2403 4850 Et
2458 4810 2556 4866 per
2599 4792 2945 4849 Psalmistam
2981 4792 3182 4849 dicitur
3227 4808 3240 4845 :
3307 4787 3419 4843 Vox
3460 4785 3672 4841 Domini

2088 4902 2246 4956 super
2295 4901 2460 4957 aquas
2508 4881 2683 4957 (Psul.
2735 4882 2953 4956 xxviii).
3003 4882 3170 4952 Aquae
3199 4888 3326 4937 sunt
3373 4877 3570 4948 angeli,
3612 4884 3675 4930 ut

2089 4976 2311 5047 quidam
2358 4975 2566 5043 volunt,
2619 4985 2681 5032 ut
2709 4983 2794 5031 est
2831 4975 2961 5031 illud
2985 4973 3178 5046 psalmi
3206 4996 3220 5026 :
3251 4971 3319 5024 Et
3348 4984 3522 5040 aqutz,
3555 4982 3674 5037 qua

2088 5083 2244 5137 super
2291 5064 2444 5120 caelos
2494 5075 2636 5132 sunt,
2692 5063 2909 5121 laudent
2972 5079 3159 5118 nomen
3233 5059 3445 5114 Domini
3497 5054 3670 5130 (Psal.

2089 5156 2334 5225 cxnvm).
2365 5154 2532 5225 Aquae
2551 5162 2739 5225 gentes
2768 5164 2914 5220 sunt,
2939 5155 3072 5209 utin
3093 5148 3413 5222 Apocalypsi
3437 5162 3451 5202 :
3475 5148 3638 5219 Aqua!
3656 5187 3674 5214 ,

2089 5264 2221 5319 quas
2249 5246 2445 5311 vidisti,
2472 5246 2654 5316 populi
2679 5255 2801 5300 sunt
2829 5255 2881 5300 et
2900 5255 3074 5315 gentes
3101 5242 3288 5313 (Apoc.
3314 5239 3471 5311 xvii).
3494 5238 3672 5309 Aqua,

2091 5336 2352 5393 Dominus
2379 5336 2537 5394 Iesus
2565 5336 2817 5394 Christus
2848 5350 2916 5391 eo
2953 5334 3094 5405 quod
3127 5332 3343 5389 sordida
3385 5329 3590 5396 abluat,
3619 5339 3674 5386 et

2092 5429 2299 5486 reﬁciat
2346 5428 2613 5495 sitientes,
2663 5436 2724 5484 ut
2767 5427 2819 5482 in
2847 5426 3083 5482 Ieremia
3119 5443 3132 5478 :
3177 5423 3265 5479 Me
3287 5421 3674 5494 dereliquerunt

2095 5520 2285 5591 fontem
2344 5536 2495 5590 aquae
2536 5521 2666 5575 uiua:
2706 5518 2842 5592 (Jer.
2900 5516 2985 5588 ιι).
3035 5515 3104 5571 Et
3143 5515 3197 5571 in
3220 5513 3475 5586 psalmo:
3526 5509 3676 5567 Sicut

2093 5626 2252 5682 aqua,
2308 5612 2504 5682 rﬂ‘usus
2535 5626 2652 5665 sum
2706 5608 2879 5681 (Psnl.
2918 5607 3054 5680 xxr).
3087 5606 3264 5679 Aqua,
3300 5606 3497 5663 ﬂuenta
3536 5602 3679 5660 divi-
