4072 6198
369 258 466 318 3H

1012 255 1076 311 Β.
1119 256 1376 311 ΗΑΒΑΝΙ
1417 257 1636 313 MAURI
1676 256 1947 314 ARCIIIEI

2050 255 2348 315 HOGUNT.
2390 257 2674 315 OPERUM
2713 259 2890 316 PARS
2930 263 2989 316 II.

3535 265 3643 320 5I€l

367 393 452 434 nae
485 374 904 448 praedicationis,
936 384 995 430 ut
1019 375 1073 431 in
1100 376 1234 431 Isaia
1264 395 1276 431 :
1304 377 1454 432 Dedit
1477 379 1532 434 in
1569 380 1769 434 deserto
1791 397 1954 452 aquas
1985 383 2030 442 Α
2062 388 2386 435 vertuntur:
2417 381 2513 436 sed
2537 391 2680 436 terra
2709 397 2894 438 eorum
2925 384 3266 442 multitudine
3299 403 3406 442 non
3453 390 3643 461 imple-

368 467 506 540 (Isa.
541 469 720 540 XLIII),
745 467 796 521 id
826 475 930 532 est,
966 467 1019 522 in
1051 467 1266 538 populo.
1311 469 1488 538 Aqua,
1521 479 1831 526 sanctorum
1860 473 1954 528 ob-

367 573 529 613 scura
556 558 892 627 praedicatio,
929 568 987 611 ut
1022 559 1075 613 in
1104 559 1319 614 Psalmo
1358 579 1370 614 :
1421 559 1710 615 Tenebrcsa
1738 579 1874 632 aqua
1899 564 1954 618 in

369 650 590 705 nubibus
635 651 774 704 aeris
819 647 991 720 (Psal.
1043 650 1196 720 XVII).
1235 651 1303 704 Et
1330 649 1456 704 alibi
1496 669 1508 704 :
1541 652 1584 705 Α
1622 650 1956 706 multitudine

367 741 571 795 sonitus
639 757 898 810 aquarum
978 757 1150 795 vocem
1214 740 1468 796 dederunt
1529 742 1688 796 nubes
1776 741 1950 814 (I’sal.

369 832 574 903 I.xxVI).
602 832 755 903 Aqua
787 833 1106 903 baptismus,
1146 841 1204 887 ut
1240 833 1294 887 in
1325 832 1461 888 Isaia
1493 851 1504 886 :
1541 833 1736 889 Omnes
1768 835 1952 889 sitien-

367 937 442 980 tes
466 927 628 980 venite
649 927 717 980 ad
747 943 910 996 aquas
935 925 1070 996 (Isa.
1099 925 1208 998 ιγ).
1239 916 1304 980 Et
1330 926 1380 980 in
1409 927 1689 983 Ezechiele
1719 942 1733 980 :
1766 927 1955 997 Effun-

366 1022 492 1076 dam
517 1039 672 1092 super
700 1038 786 1076 vos
817 1038 1008 1092 aquam
1040 1021 1289 1074 mundam
1319 1021 1536 1090 (Ezech.
1577 1022 1786 1090 xxxVI).
1823 1022 1953 1076 Item

368 1113 442 1169 ibi
498 1133 510 1169 :
573 1115 642 1168 Et
705 1132 821 1169 ecce
871 1132 1006 1185 aqua
1046 1115 1110 1168 de
1163 1115 1324 1172 latere
1377 1117 1559 1172 dextro
1595 1118 1956 1187 egrediebatur

369 1206 585 1277 (Ezech.
640 1207 836 1277 XLVII),
890 1208 944 1264 id
989 1215 1096 1273 est,
1126 1207 1337 1262 Domini
1383 1206 1756 1264 Jesquristi.
1799 1208 1954 1278 Aqua

367 1299 556 1355 ell‘usio
597 1299 991 1372 Iacrymarum,
1040 1309 1101 1355 ut
1153 1301 1376 1370 quidam
1419 1301 1658 1356 velunt:
1710 1299 1768 1354 Si
1817 1301 1952 1353 lotus

367 1392 517 1460 fuero
559 1395 714 1464 quasi
753 1395 900 1463 aquis
958 1394 1090 1448 nivis
1143 1393 1286 1464 (Job.
1345 1393 1442 1465 Ix).
1502 1393 1658 1464 Aqua
1707 1393 1949 1448 doctrina

363 1482 518 1552 justi,
555 1493 615 1538 ut
652 1483 707 1538 in
745 1483 1033 1539 Salomone
1064 1501 1077 1538 :
1106 1483 1256 1556 Aqua
1283 1485 1548 1555 profunda
1589 1484 1743 1539 verba
1777 1501 1842 1538 ea:
1864 1500 1954 1537 ore

367 1576 467 1628 viri
515 1574 695 1646 (Prov.
728 1573 908 1646 xvm).
950 1575 1080 1630 Item
1115 1576 1188 1631 ibi
1235 1595 1247 1630 :
1292 1575 1419 1630 Bibe
1452 1593 1642 1648 aquam
1667 1576 1732 1630 de
1761 1586 1853 1630 tua
1881 1577 1956 1630 ci-

367 1677 545 1720 sterna
585 1664 766 1736 (Prov.
799 1666 873 1736 v).
905 1666 1058 1735 Aqua
1098 1667 1339 1722 charitas
1368 1682 1396 1720 a
1425 1667 1750 1737 quibusdam
1792 1674 1952 1737 puta-

2063 477 2113 524 ιιι
2121 485 2167 523 ι’.

2587 561 2896 620 CAPUT
2961 564 3114 620 III.

2666 653 2746 708 De
2801 653 3034 710 Oceano.

2127 741 2401 799 Oceanum
2446 743 2623 800 Graaci
2651 753 2706 800 et
2740 746 2918 800 Latini
2948 747 3068 802 ideo
3099 748 3382 803 nominant
3407 765 3472 806 eo
3498 751 3644 820 quod

2058 835 2111 889 in
2144 835 2331 890 circuli
2363 837 2522 890 modo
2546 838 2750 892 ambiat
2773 839 2982 894 orbem.
3014 839 3144 894 Item
3195 842 3322 910 quia
3352 852 3412 896 ut
3441 843 3640 898 cmlum

2056 941 2328 996 purpureo
2372 927 2554 984 colore
2605 930 2742 984 nitet
2788 943 2804 983 :
2853 929 3125 996 Oceanus,
3182 934 3336 1002 quasi
3386 949 3640 1005 cyaneos.

2056 1014 2164 1071 Iste
2191 1024 2294 1082 est,
2331 1017 2423 1087 qui
2451 1033 2578 1073 oras
2607 1026 2876 1074 terrarum
2903 1020 3270 1090 amplectitur,
3314 1023 3649 1094 alternisque

2055 1109 2276 1165 aestibus
2317 1111 2528 1166 accedit
2576 1119 2738 1181 atque
2767 1111 2990 1167 recedit.
3036 1112 3451 1184 Respirantibus
3498 1116 3644 1170 enim

2058 1199 2109 1253 in
2147 1199 2472 1268 profundum
2517 1202 2715 1268 ventis,
2765 1211 2862 1257 aut
2905 1214 3149 1260 removet
3195 1207 3386 1270 maria,
3436 1215 3530 1262 aut
3561 1222 3646 1263 re-

2056 1291 2258 1346 sorbet.

2658 1385 2886 1442 CAPUT
2924 1385 3016 1441 IV.

2586 1475 2664 1531 De
2703 1477 3109 1532 Mediterraneo.

2128 1565 2274 1621 Mare
2296 1565 2544 1636 Magnum
2567 1574 2671 1632 est,
2699 1567 2841 1637 quod
2861 1567 2930 1622 ab
2953 1583 3150 1624 occasu
3172 1583 3239 1624 ex
3267 1567 3481 1626 Oceano
3504 1569 3643 1638 Iluit;

2057 1670 2111 1714 et
2136 1659 2188 1713 in
2217 1659 2499 1714 meridiem
2531 1660 2728 1731 vergit,
2756 1661 2950 1716 deinde
2979 1663 3047 1717 ad
3072 1665 3499 1733 septentrionem
3528 1675 3643 1722 ten-

371 1766 478 1823 tur,
511 1766 569 1810 ut
596 1757 647 1810 in
675 1757 880 1827 psalmo
908 1775 920 1810 :
950 1757 1052 1822 Qui
1081 1759 1200 1828 tegit
1229 1759 1292 1811 in’
1313 1759 1463 1830 aquis
1492 1758 1765 1829 superiora
1811 1757 1954 1826 ejus-
1985 1739 2028 1796 Β
2057 1751 2152 1805 dit.
2182 1749 2336 1817 Quod
2362 1749 2488 1806 inde
2517 1749 2768 1822 Magnum
2794 1752 3118 1823 appellatur,
3147 1756 3272 1826 quia
3298 1765 3492 1812 cauera
3524 1773 3645 1812 ma-

368 1849 485 1903 dent
515 1848 687 1920 (Psal.
720 1848 862 1921 cm),
890 1849 1087 1904 caelum
1130 1849 1323 1904 divinat
1345 1848 1664 1918 Scriptum,
1709 1849 1833 1918 quia
1871 1863 1955 1903 se-

371 1940 600 1994 cundum
630 1940 979 2011 Evangelium
1007 1941 1058 1993 in
1105 1941 1312 1994 duobus
1349 1940 1632 2008 prteceplis
1675 1940 1954 1995 charitatis

370 2043 480 2089 tela
515 2033 597 2088 lex
641 2035 836 2104 pendet
881 2042 936 2086 ct
974 2033 1276 2104 Prophetze.
1323 2034 1492 2104 Aqua:
1547 2036 1954 2102 persecutiones

368 2124 528 2194 hujus
567 2123 776 2183 mundi.
805 2132 863 2178 ut
893 2123 945 2177 in
971 2121 1070 2177 Job
1101 2141 1114 2177 :
1151 2120 1408 2194 Nunquid
1434 2122 1655 2178 clevabis
1684 2125 1738 2178 in
1763 2125 1952 2180 nebula

365 2231 559 2279 vocem,
585 2224 634 2268 et
662 2216 883 2282 impetus
927 2231 1186 2285 aquarum
1215 2217 1408 2285 aperiet
1447 2225 1494 2270 te
1527 2215 1669 2284 (Job.
1697 2215 1948 2288 xxvaII).

365 2306 556 2375 Aquae,
583 2306 962 2376 temptationes
990 2305 1210 2370 diaboli,
1240 2315 1300 2360 ut
1349 2307 1402 2362 in
1435 2306 1648 2362 Psalmo
1678 2325 1691 2362 :
1725 2305 1951 2362 Probavi

366 2407 416 2450 te
461 2397 535 2450 ad
583 2413 748 2468 aquas
789 2397 1216 2451 cantradictiom's
1240 2393 1413 2468 (Psal.
1454 2396 1637 2468 Lxxx).
1666 2397 1834 2467 Aqua:
1857 2397 1953 2452 ba-

365 2487 1046 2556 ptismumhaareticorum,
1069 2497 1128 2542 ut
1160 2488 1212 2541 in
1235 2487 1500 2542 Psalterio
1532 2507 1544 2541 :
1576 2487 1761 2542 Libera
1785 2505 1866 2543 me
1887 2489 1951 2542 de

367 2581 518 2650 aquis
552 2580 738 2634 multis
761 2579 933 2652 (Psal.
958 2582 1170 2652 chIII).
1216 2581 1381 2651 Aqua:
1417 2581 1788 2653 multiplicatio
1825 2598 1950 2652 pec-

365 2681 631 2734 catorum,
682 2679 741 2725 ut
787 2672 839 2725 in
880 2671 1192 2728 Psalterio:
1233 2673 1378 2728 Misit
1419 2691 1484 2728 ex
1509 2674 1638 2738 alto,
1679 2685 1725 2729 et
1753 2675 1950 2744 accepit

368 2777 476 2828 me,
519 2772 566 2815 et
602 2762 881 2832 assumpsit
924 2773 1005 2817 me
1029 2763 1093 2818 de
1121 2765 1455 2819 multitudine
1490 2782 1750 2836 aquarum
1774 2763 1946 2836 (Psal.

369 2851 524 2924 xvu).
565 2853 741 2923 Aqua,
769 2853 960 2924 dogma
988 2855 1386 2921 luerelicorum,
1426 2865 1485 2911 ut
1515 2857 1565 2910 in
1613 2856 1900 2913 Salomone
1933 2877 1945 2911 :

368 2948 532 3020 Aque
561 2949 767 3019 furtivae
801 2949 1062 3006 dulciores
1097 2961 1218 3006 sunt
1249 2949 1430 3021 (Prov.
1464 2951 1562 3023 Ix).
1594 2951 1660 3006 Et
1682 2951 1735 3006 in
1763 2951 1900 3007 Isaia
1933 2971 1944 3005 :

369 3040 644 3112 Caupones
695 3044 771 3098 tui
818 3045 1032 3098 miscent
1078 3061 1266 3115 aquam
1315 3046 1431 3099 vino
1487 3044 1620 3117 (lsa.
1670 3045 1731 3116 I).
1769 3046 1946 3116 Aqua,

369 3132 731 3188 immoderata.
763 3133 984 3199 locutio,
1020 3142 1079 3188 ut
1125 3135 1182 3189 in
1223 3133 1510 3190 Salomone
1542 3153 1556 3188 :
1590 3135 1694 3201 Qui
1733 3135 1949 3190 dimittit

369 3240 581 3295 aquam,
611 3223 664 3279 id
694 3232 798 3289 est,
836 3223 1095 3293 linguam,
1126 3235 1280 3294 caput
1309 3233 1383 3278 est
1413 3225 1719 3294 jurgiorum
1765 3225 1943 3292 (Prov.

372 3312 526 3383 xvn).
553 3313 706 3383 Aqua
751 3313 961 3368 luxuria
994 3313 1196 3376 carnis,
1227 3323 1288 3368 ut
1317 3314 1370 3367 in
1399 3313 1687 3369 Salomone
1722 3333 1733 3367 :
1765 3314 1946 3379 Terra,

362 3421 484 3472 qua:
527 3423 634 3460 non
682 3408 972 3472 satiabitur_
1008 3424 1144 3478 aqua
1178 3405 1360 3480 (Prov.
1413 3409 1563 3477 xxx),
1597 3409 1651 3464 id
1687 3420 1791 3474 est,
1821 3427 1950 3466 caro

369 3496 628 3561 hominis,
652 3511 772 3566 qua:
803 3512 907 3552 non
943 3497 1189 3567 expletur
1215 3498 1452 3553 luxuria.
1478 3499 1544 3554 Et
1583 3501 1634 3554 in
1661 3500 1948 3572 Evangelio

369 3606 470 3658 pro
501 3591 736 3660 quodam
785 3591 1019 3648 Iunatico
1045 3593 1244 3648 dicitur
1274 3611 1286 3646 :
1317 3592 1466 3663 Swpe
1491 3594 1629 3648 cadit
1670 3595 1725 3648 in
1753 3595 1946 3664 ignem,

367 3680 547 3736 crebro
579 3691 750 3736 autem
781 3684 836 3737 in
886 3701 1077 3754 aquam
1111 3683 1324 3756 (Matth.
1355 3683 1507 3754 XVII).

953 3811 1245 3868 CAPUT
1285 3813 1357 3868 II.

1028 3929 1103 3984 De
1133 3928 1288 3982 mari.

433 4039 579 4096 Mare
605 4050 690 4096 est
710 4058 973 4112 aquarum
996 4043 1263 4113 generalis
1289 4042 1534 4099 collectio
1563 4061 1576 4096 :
1601 4043 1777 4096 omnis
1805 4043 1948 4096 enim

362 4133 711 4201 congregatio
738 4148 1024 4202 aquarum,
1063 4135 1176 4189 sive
1215 4135 1391 4199 salsae,
1432 4135 1548 4190 sive
1582 4134 1787 4197 dulces,
1819 4132 1950 4186 abu-

362 4223 474 4276 sive
492 4223 659 4278 maria
675 4233 1055 4294 nuncupantur
1069 4267 1083 4290 ,
1094 4225 1246 4294 juxta
1267 4225 1392 4279 illud
1415 4245 1425 4279 :
1448 4225 1513 4280 Et
1527 4224 1949 4296 congregatione:

361 4330 619 4383 aquarum
641 4315 838 4369 vocavit
860 4317 1030 4370 maria
1055 4315 1204 4387 (Gen.
1234 4316 1292 4388 I).
1335 4315 1558 4387 Proprie
1591 4325 1771 4369 autem
1800 4331 1950 4370 mare

2059 1843 2135 1896 ria
2170 1842 2222 1896 in
2247 1842 2650 1912 comparatione
2677 1843 2791 1913 ejus
2822 1844 3032 1899 minora
3053 1854 3200 1901 sunt.
3225 1845 3370 1901 Istud
3398 1856 3452 1902 et
3472 1845 3644 1901 Medi-

2057 1942 2388 1998 terraneum,
2415 1934 2541 2003 quia
2561 1949 2658 2004 per
2685 1935 2918 1990 mediam
2942 1943 3145 1990 terram
3169 1951 3338 2006 usque
3359 1937 3427 1991 ad
3453 1937 3646 1992 Orien-

2057 2032 2162 2078 tem
2213 2023 2574 2094 profunditur,
2631 2024 2902 2096 Europam
2955 2037 3010 2080 et
3058 2025 3296 2081 Africam
3351 2026 3644 2098 Asiamque

2055 2115 2459 2172 disterminans.

2677 2205 2906 2262 CAPUT
2945 2204 3010 2259 V.

2608 2295 2684 2352 De
2723 2296 2896 2350 Rubro
2930 2297 3084 2351 mari.

2124 2390 2368 2444 Rubrum
2419 2397 2598 2443 autem
2629 2405 2778 2444 mare
2819 2397 3068 2444 vocatum
3110 2403 3175 2443 eo
3199 2388 3344 2459 quod
3371 2389 3441 2443 sit
3467 2388 3640 2444 roseis

2052 2482 2210 2536 undis
2249 2481 2526 2536 infectum.
2560 2479 2674 2535 Non
2726 2490 2904 2534 tamen
2943 2480 3106 2548 talem
3157 2490 3404 2534 naturam
3453 2481 3635 2545 habet,

2051 2573 2264 2642 qualem
2295 2573 2508 2628 videtur
2539 2572 2826 2627 ostendere
2858 2590 2872 2626 :
2902 2572 2996 2627 sed
3028 2572 3219 2628 vicinis
3248 2572 3522 2628 littoribus
3548 2571 3633 2625 vi-

2052 2665 2218 2719 tiatur
2265 2679 2459 2736 gurges
2517 2673 2678 2734 atque
2728 2665 2994 2732 inllcitur;
3057 2666 3184 2737 quia
3240 2665 3417 2722 omnis
3467 2674 3634 2728 terra,

2053 2773 2171 2827 qua:
2194 2757 2508 2812 circumstat
2536 2757 2747 2827 pelago,
2795 2756 2959 2812 rubra
2990 2765 3095 2821 est,
3126 2765 3182 2812 et
3211 2757 3510 2828 sanguineo
3539 2772 3634 2811 co-

2051 2848 2153 2903 lori
2199 2847 2441 2917 proxima
2474 2863 2488 2902 :
2520 2849 2748 2918 ideoque
2804 2849 2928 2904 inde
2981 2848 3206 2903 minium
3261 2847 3634 2902 acutiSsimum

2051 2937 2313 3004 cernitur,
2358 2945 2414 2992 et
2456 2937 2545 2992 alii
2573 2937 2802 3003 colores,
2854 2938 3051 3008 quibus
3096 2939 3309 3009 pictura
3369 2938 3634 2992 variatur.

2054 3028 2196 3099 Ergo
2209 3044 2331 3083 cum
2353 3037 2496 3083 terra
2522 3029 3006 3095 habeatnaturam,
3031 3029 3284 3084 ﬂuctibus
3310 3027 3538 3084 subinde
3556 3028 3637 3084 di-

2053 3119 2238 3185 luitur,
2255 3128 2310 3174 et
2323 3120 2582 3190 quidquid
2605 3121 2862 3176 adhesum
2883 3120 2999 3192 (sic)
3018 3129 3118 3186 est,
3148 3122 3201 3176 in
3217 3121 3452 3178 colorem
3467 3121 3633 3176 cadit.

2051 3208 2134 3265 Ob
2173 3211 2276 3265 hoc
2304 3210 2468 3265 etiam
2521 3211 2574 3264 in
2620 3211 2706 3266 his
2728 3211 3002 3266 littoribus
3029 3227 3256 3283 gemmae
3281 3212 3460 3267 rubrae
3487 3212 3636 3266 inve-

2052 3301 2292 3356 niuntur.
2328 3300 2567 3372 Lapillus
2611 3303 2754 3356 enim
2807 3300 3069 3370 ejusmodi
3126 3301 3291 3356 humo
3338 3301 3638 3367 involutus,

2051 3409 2174 3448 cum
2202 3393 2344 3448 inter
2381 3409 2574 3449 arenas
2610 3395 2827 3450 attritus
2870 3403 2971 3460 est,
2998 3405 3053 3450 et
3076 3403 3232 3450 terra:
3266 3394 3502 3451 colorem
3529 3396 3629 3450 ba-

2051 3483 2163 3549 bet,
2207 3492 2262 3538 et
2288 3485 2472 3538 maris.
2507 3484 2619 3540 Hoc
2645 3500 2794 3539 mare
2825 3486 2878 3539 in
2905 3486 3038 3541 duos
3066 3486 3217 3541 sinus
3245 3484 3512 3541 scinditur
3541 3505 3554 3540 :
3579 3493 3638 3541 et

2053 3574 2116 3638 is,
2169 3575 2260 3646 qui
2302 3576 2370 3630 ab
2419 3575 2639 3631 Oriente
2687 3585 2790 3641 est,
2836 3576 3086 3631 Persicus
3126 3577 3448 3647 appellatur,
3506 3577 3633 3646 quia

2050 3681 2201 3720 oram
2248 3666 2389 3720 illius
2421 3666 2597 3723 Persa:
2644 3667 2974 3733 inhabitant;
3009 3668 3148 3722 alter
3192 3684 3324 3724 vero
3361 3669 3630 3724 Arabicus

2050 3759 2268 3824 dicitur,
2320 3759 2462 3829 quod
2511 3761 2582 3816 sit
2609 3760 2753 3814 circa
2775 3760 3052 3815 Arabiam.
3082 3760 3226 3816 Mare
3267 3771 3447 3817 autem
3472 3763 3630 3834 juxta

2050 3853 2363 3925 allegoriam
2385 3864 2478 3909 aut
2505 3853 2833 3924 baptismum
2863 3854 3153 3926 signiﬁcat,
3184 3864 3277 3910 aut
3300 3856 3630 3911 mundanam

2050 3945 2392 4016 sapientiam,
2454 3954 2548 4000 aut
2596 3945 2849 4001 saxulum
2897 3962 3138 4017 praesens
3191 3955 3428 4002 aestuans
3472 3947 3634 4003 undis

2049 4041 2507 4108 persecutionum,
2561 4047 2655 4092 aut
2703 4047 3020 4108 peccatores
3069 4037 3322 4093 ﬂuctibus
3375 4037 3632 4092 vitiorum

2052 4133 2458 4188 tumultuantes.
2511 4133 2645 4187 Nam
2679 4149 2827 4188 mare
2872 4132 3203 4204 Baptismum
3233 4133 3525 4204 significat,
3574 4142 3635 4187 ut

2049 4233 2131 4279 cst
2185 4224 2312 4279 illud
2339 4223 2578 4294 Apostoli
2613 4238 2628 4276 :
2663 4223 2856 4279 Omnes
2886 4224 3137 4294 baptizati
3167 4233 3288 4278 sunt
3319 4225 3372 4277 in
3421 4224 3552 4277 nube
3581 4235 3629 4276 et

2049 4321 2102 4372 in
2136 4319 2271 4372 mari
2314 4317 2365 4388 (Ι
2399 4315 2521 4371 Cor.
2553 4316 2640 4385 x);
2667 4317 2757 4372 ubi
2782 4332 2942 4372 verus
2971 4316 3180 4372 Pharao
3223 4332 3346 4370 cum
3387 4316 3629 4371 exercitu

361 4403 688 4473 appellatum
727 4419 792 4459 eo
819 4407 962 4474 quod
989 4422 1142 4476 aqua:
1168 4407 1284 4476 ejus
1315 4422 1513 4461 amarzn
1548 4409 1673 4460 sint.
1701 4405 1825 4460 Ideo
1851 4421 1945 4458 au-
1978 4444 2022 4500 υ
2050 4423 2146 4463 suo
2188 4408 2570 4478 submergitur,
2625 4417 2681 4464 et
2722 4423 2882 4463 verus
2927 4407 3169 4462 Israelita
3204 4424 3234 4462 a
3268 4419 3630 4478 persequente

360 4504 471 4548 tem
503 4510 654 4550 mare
685 4497 1074 4552 incrementum
1104 4513 1208 4552 non
1239 4511 1449 4567 capere,
1482 4513 1604 4554 cum
1633 4498 1813 4552 omnia
1846 4496 1942 4551 llu-

361 4585 530 4652 Inina,
569 4601 760 4642 omnes
787 4587 960 4642 fontes
1006 4589 1248 4658 recipiat,
1281 4589 1397 4643 lucc
1427 4605 1590 4644 causa
1615 4596 1719 4652 est,
1750 4603 1940 4656 parum

365 4677 650 4750 lprimum}
670 4679 812 4748 quod
840 4678 1124 4733 inlluentes
1150 4680 1321 4735 undas
1348 4680 1460 4750 ipsa
1486 4679 1800 4750 magnitudo
1827 4676 1942 4744 ejus

361 4787 468 4826 non
517 4772 718 4827 sentiat
751 4791 763 4825 :
796 4773 1010 4838 deinde,
1043 4774 1168 4843 quia
1207 4789 1390 4828 amara
1415 4789 1552 4844 aqua
1573 4772 1729 4827 dulce
1767 4769 1938 4824 ﬂuen-

361 4876 474 4920 tum
517 4875 860 4932 consummat
913 4884 927 4921 :
983 4867 1066 4921 vel
1108 4867 1250 4937 quod
1305 4868 1432 4936 ipsae
1488 4867 1659 4920 nubes
1710 4863 1934 4918 multum

359 4974 624 5028 aquarum
675 4959 743 5012 ad
799 4973 859 5014 se
894 4959 1115 5014 trahant
1169 4977 1181 5012 :
1232 4959 1344 5014 sive
1373 4957 1516 5026 quod
1554 4955 1701 5009 illam
1740 4953 1937 5024 partim

359 5049 610 5104 auferant
630 5051 796 5114 venti,
815 5050 1010 5120 partim
1038 5050 1116 5105 sol
1139 5050 1378 5106 exsiccet
1398 5066 1408 5100 :
1429 5056 1777 5118 postremum,
1795 5045 1938 5114 quod

357 5153 456 5208 per
481 5141 691 5195 occulta
731 5142 978 5212 quatdam
1010 5149 1168 5196 terra":
1203 5140 1468 5195 foramina
1521 5137 1852 5208 percolatur,
1886 5143 1941 5188 et

361 5231 427 5282 ad
479 5241 642 5301 caput
693 5233 933 5287 omnium
977 5232 1260 5302 fontesque
1315 5229 1614 5285 revolutum
1669 5237 1932 5282 recurrat.

295 5327 299 5331 '
362 5322 497 5380 IIinc
530 5335 583 5380 et
611 5325 663 5380 in
686 5325 914 5381 ecclesia
943 5327 1204 5395 scriptum
1231 5334 1315 5379 est
1343 5343 1354 5376 :
1388 5323 1579 5377 Omnia
1601 5322 1820 5391 flumina
1850 5321 1934 5373 in-

359 5421 500 5467 trant
525 5417 580 5468 in
601 5433 768 5480 mare,
793 5425 840 5470 et
864 5433 1007 5470 mare
1030 5433 1131 5470 non
1171 5414 1426 5470 redundat
1453 5428 1470 5466 :
1494 5413 1562 5467 ad
1598 5412 1767 5467 locum
1799 5411 1936 5465 unde

356 5516 544 5559 exeunt
567 5509 787 5575 [Iuntina
810 5518 1159 5572 revertuntur,
1183 5517 1238 5562 ut
1256 5509 1441 5562 iterum
1460 5507 1630 5575 ﬂuant
1649 5503 1847 5576 (Eccle.
1872 5501 1933 5572 I).

363 5593 464 5650 Ubi
493 5599 861 5666 metaphorice
887 5615 1039 5669 aquae
1089 5599 1306 5653 nomine
1335 5606 1390 5652 et
1430 5595 1648 5651 (lumina
1689 5593 1937 5648 homines

363 5687 753 5753 intelliguntur,
785 5691 874 5756 qui
922 5691 974 5745 in
1017 5699 1242 5754 terram,
1271 5690 1413 5745 unde
1443 5687 1639 5756 sumpti
1671 5693 1817 5752 sunt,
1852 5700 1936 5738 re-

2049 4497 2202 4551 hoste
2231 4496 2513 4550 liberatur.
2556 4496 2688 4552 Item
2721 4513 2871 4552 mare
2909 4498 3234 4566 baptismum
3279 4497 3549 4569 signiﬁcat
3571 4497 3625 4551 in

2046 4589 2363 4660 Apocalypsi
2407 4607 2420 4642 :
2470 4589 2535 4643 Et
2579 4600 2698 4644 ante
2730 4590 2900 4644 sedem
2926 4599 3177 4660 tanquam
3221 4606 3367 4644 mare
3410 4592 3626 4644 vitreum

2047 4680 2232 4752 (Apoc.
2266 4681 2362 4751 Iv).
2397 4679 2567 4748 IIujus
2617 4681 2866 4750 baptismi
2899 4695 3047 4734 mare
3076 4680 3202 4735 illud
3233 4695 3450 4735 aereum
3491 4680 3627 4750 ligu-

2047 4787 2161 4826 ram
2200 4772 2406 4826 habuit.
2434 4773 2586 4838 Quod
2618 4773 2873 4827 Salomon
2904 4774 2957 4827 in
3002 4774 3201 4845 templo
3228 4773 3441 4829 Domini
3475 4773 3622 4829 Iecit.

2044 4863 2172 4917 Item
2202 4877 2351 4917 mare
2380 4861 2658 4931 Scriptura
2689 4863 2868 4917 divina
2891 4871 2974 4918 est
3021 4872 3242 4934 prepter
3273 4865 3626 4920 inaestimabi-

2050 4953 2152 5007 lem
2174 4954 2290 5024 ejus
2310 4953 2608 5017 scientiam,
2639 4961 2698 5006 ut
2720 4953 2772 5006 in
2808 4953 3088 5008 Ezechiele
3121 4972 3133 5008 :
3169 4954 3236 5008 Et
3262 4955 3390 5008 visio
3415 4971 3622 5019 earum,

2050 5045 2100 5099 id
2144 5053 2249 5107 est,
2301 5053 2566 5108 rotarum,
2615 5045 2748 5097 sicut
2776 5043 2905 5096 visio
2957 5045 3116 5099 maris
3147 5044 3363 5117 (Ezech.
3399 5045 3459 5116 I).
3488 5045 3618 5100 Item

2049 5151 2195 5192 mare
2222 5135 2518 5199 Orientale,
2549 5134 2774 5204 populus
2817 5134 3123 5190 Judaeorum
3152 5156 3164 5191 :
3204 5152 3352 5192 mare
3391 5138 3618 5193 novissi-

2046 5241 2211 5288 mum,
2262 5225 2486 5296 p0pulus
2524 5225 2782 5294 gentium.
2823 5225 2975 5280 Unde
3003 5225 3201 5296 legitur
3246 5228 3299 5282 in
3331 5228 3616 5296 Zacharia,

2043 5317 2183 5384 quod
2242 5323 2462 5384 propter
2512 5331 2705 5384 aquam
2754 5315 3005 5385 baptismi
3058 5317 3256 5371 dicitur
3313 5337 3327 5372 :
3383 5318 3617 5374 Medium

2040 5423 2220 5461 earum
2279 5406 2348 5458 ad
2368 5421 2510 5459 mare
2539 5407 2869 5460 novissimum
2899 5405 3083 5475 (Zacli.
3121 5409 3253 5478 xIv).
3299 5408 3430 5463 Nam
3469 5425 3618 5466 mare

2040 5497 2362 5552 mundanam
2421 5497 2740 5566 sapientiam
2791 5497 3056 5567 designat,
3111 5507 3171 5553 ut
3223 5509 3307 5555 est
3368 5501 3496 5557 illud
3557 5502 3613 5557 in

2042 5588 2253 5644 Psalmo
2285 5605 2298 5641 :
2351 5586 2596 5641 Volucres
2630 5587 2762 5651 caeli,
2789 5597 2837 5641 et
2882 5590 3048 5658 pisces
3079 5592 3261 5655 maris,
3296 5593 3385 5663 qui
3411 5609 3617 5662 peram-

2043 5680 2221 5734 balant
2260 5679 2470 5734 semitas
2505 5678 2662 5732 maris
2694 5676 2862 5749 (Psal.
2892 5682 3030 5749 vIII).
3066 5680 3246 5737 Pisces
3289 5698 3415 5736 vero
3447 5684 3614 5737 maris
