4072 6198
330 291 437 347 3ίὸ

1331 283 1419 339 DE
1460 279 1803 339 UNIVERSO
1842 278 2021 334 LIBRI
2061 278 2220 336 XXII.
2262 310 2330 319 —
2371 279 2496 333 LIB.
2540 280 2628 334 XI.

3485 288 3587 342 3H

330 401 684 474 philosophos
722 399 953 455 fortasse
989 377 1316 470 significant,
1363 396 1454 465 qui
1511 394 1670 464 hujus
1727 393 1910 448 mundi
1940 396 1990 455 Α
2017 393 2070 446 in
2119 395 2294 449 medio
2326 397 2526 451 mundo
2553 371 2683 451 Osita
2725 412 2844 452 esse
2893 397 3121 452 dicatur.
3172 395 3327 455 Unde
3373 401 3425 454 in
3452 401 3592 461 libro

330 499 582 546 naturam
606 490 837 544 erratica
869 489 1186 544 curiositate
1219 493 1574 557 pertractant.
1601 484 1737 539 Nam
1773 483 1912 538 sicut

329 581 425 646 illi,
457 579 637 652 posita
668 577 866 645 fronte,
903 578 1099 634 itinera
1123 577 1225 633 sibi
1262 583 1522 641 reserant,
1554 574 1728 646 pelagi
1756 573 1914 628 inun-

327 672 545 728 datione
562 670 788 726 confusa
820 689 833 723 :
861 670 935 723 ita
964 679 1020 725 et
1047 670 1135 725 isti
1164 668 1404 739 capiunt,
1457 675 1573 721 rete
1609 665 1795 731 misso,
1819 679 1912 719 ve-

330 779 428 818 nas
460 777 647 817 rerum
697 760 911 815 ratione
942 760 1178 814 humana
1216 758 1431 813 assiduo
1463 757 1649 811 labore
1691 754 1911 824 perqui—

330 850 516 906 rendo.
564 848 672 904 Sed
697 865 820 904 cum
847 849 956 904 sint
978 847 1156 918 pisces
1186 854 1239 902 et
1273 845 1574 910 ﬂuminum,
1598 860 1706 901 non
1729 851 1906 908 vacat,

326 941 468 1012 quod
490 942 581 996 hic
602 941 804 1011 posuit,
846 941 1034 1005 maris,
1056 948 1278 1010 propter
1300 953 1394 994 eos
1418 938 1509 1008 qui
1531 937 1634 992 sibi
1657 936 1910 992 videntur

321 1049 448 1089 esse
473 1034 771 1104 sapientes.
802 1033 936 1088 item
975 1048 1127 1088 mare
1151 1047 1390 1102 praesens
1415 1031 1672 1087 saeculum
1695 1029 1904 1101 signiti-

320 1132 435 1191 cat,
463 1133 527 1178 ut
546 1133 630 1179 est
650 1123 780 1178 illud
809 1124 862 1178 in
894 1122 1183 1194 Evangelio
1211 1136 1225 1176 :
1259 1121 1444 1178 Simile
1462 1131 1537 1176 est
1563 1137 1776 1192 regnum
1809 1137 1906 1175 cae-

320 1216 498 1272 lorum
523 1232 732 1286 sugente
757 1203 931 1270 missa:
958 1216 1012 1270 in
1041 1231 1185 1269 mare
1215 1213 1428 1286 (Matth.
1464 1211 1618 1285 xm);
1650 1214 1702 1268 in
1730 1211 1906 1267 Haba-

321 1321 420 1361 cuc
451 1323 466 1359 :
495 1305 692 1360 Misisti
732 1322 888 1376 equos
917 1315 1035 1360 tuos
1087 1306 1142 1359 in
1188 1321 1351 1372 mare,
1383 1304 1439 1360 id
1480 1312 1584 1369 est,
1612 1303 1900 1374 apostolos,

319 1394 590 1449 turbantes
640 1411 804 1465 aquas
847 1393 1040 1448 multas
1067 1392 1294 1464 (Hahae.
1338 1392 1443 1466 ιιι),
1476 1393 1531 1449 id
1559 1403 1661 1459 est,
1690 1401 1900 1464 gentes.

318 1483 449 1537 Item
482 1498 635 1537 mare
657 1485 954 1548 desertum,
981 1496 1222 1554 praesens
1243 1484 1473 1539 mundus
1502 1494 1604 1539 est.
1636 1483 1693 1538 ln
1719 1483 1857 1539 Isaia
1885 1502 1898 1538 :

320 1569 468 1626 Onus
494 1573 658 1627 maris
682 1565 873 1627 deserii
896 1573 1030 1644 (Isa.
1054 1573 1190 1645 xxI).
1223 1573 1458 1652 Rursum
1484 1589 1634 1630 mare
1660 1575 1900 1646 gentium

315 1663 547 1733 populus
577 1673 682 1730 est,
721 1673 781 1719 ut
815 1665 869 1718 in
898 1664 1165 1721 Psalterio
1194 1681 1208 1720 :
1244 1663 1529 1736 Propterea
1567 1682 1671 1720 non
1697 1666 1899 1719 timebi-

2015 483 2198 538 Esdrte
2227 500 2326 555 pro
2356 484 2633 540 Salvatore
2672 487 2872 542 dicitur
2899 502 2912 542 :
2945 487 3067 540 Vidi
3100 487 3266 542 virum
3299 491 3589 548 ascenden-

2015 583 2115 627 tem
2169 575 2233 628 de
2285 577 2439 630 corde
2496 578 2659 632 maris
2712 576 2819 649 (IV
2872 577 3031 632 Esdr.
3069 577 3211 650 xm).
3245 579 3313 633 Et
3363 581 3416 635 in
3456 584 3590 639 Eze-

2013 661 2219 717 chiele:
2254 663 2298 717 0
2331 663 2480 734 Tyre,
2527 683 2646 736 qua:
2688 667 2790 720 sita
2827 683 2880 720 es
2911 668 2965 720 in
2989 668 3144 721 corde
3185 669 3345 723 maris
3374 670 3590 740 (Ezech.

2012 753 2205 826 xxvu).
2242 754 2572 810 Profundum
2621 757 2788 812 maris
2825 758 3155 826 sempiterna
3202 759 3496 826 damnatio,
3533 772 3594 816 ut

2011 844 2065 900 in
2114 847 2401 918 Evangelio
2436 866 2449 902 :
2480 847 2704 918 Expedit
2750 851 2798 904 ei
2841 859 2896 903 ut
2928 849 3279 920 suspendatur
3316 851 3454 905 mola
3487 855 3594 907 asi-

2010 936 2162 988 naria
2191 937 2243 990 in
2268 935 2398 990 collo
2416 946 2463 990 et
2490 937 2623 1007 ejus,
2651 938 2980 1009 demergatur
3005 939 3059 992 in
3087 939 3406 1008 profundum
3429 945 3592 995 maris

2010 1023 2224 1096 (Matth.
2276 1031 2454 1098 xvru).
2496 1027 2703 1097 Lingua
2748 1029 2915 1084 maris
2952 1027 3196 1100 Egypti,
3250 1029 3592 1101 philosophia

2009 1116 2167 1187 hujus
2197 1115 2401 1184 mundi,
2450 1127 2508 1173 ut
2534 1121 2587 1173 in
2617 1121 2753 1176 lsaia
2787 1139 2800 1174 :
2828 1120 2895 1174 Et
2933 1121 3142 1175 siccavit
3174 1121 3434 1177 Dominus
3486 1123 3592 1178 lin-

2006 1223 2164 1274 guam
2221 1209 2384 1262 maris
2432 1207 2652 1280 zEgypti
2698 1208 2831 1276 (Isa.
2875 1209 2974 1281 ιιι).
3038 1210 3214 1266 Littus
3247 1211 3412 1266 maris
3459 1211 3588 1268 ﬁnis

2007 1297 2212 1363 mundi,
2230 1305 2289 1352 ut
2309 1300 2364 1352 in
2386 1298 2680 1370 Evangelio
2704 1319 2717 1354 :
2745 1300 2811 1354 Et
2834 1317 2982 1356 secus
3008 1300 3406 1356 littus'sedentes
3429 1302 3590 1374 elege-

2006 1397 2125 1441 runt
2140 1389 2297 1443 bonos
2321 1389 2374 1443 in
2395 1407 2540 1456 vasa,
2561 1390 2725 1446 malos
2747 1401 2918 1446 autem
2935 1392 3078 1461 foras
3101 1395 3350 1447 miserunt
3370 1393 3584 1466 (Matth.

2007 1478 2145 1550 χιιι).
2189 1479 2460 1536 Oceanum
2505 1489 2705 1543 autem,
2756 1483 2849 1552 qui
2884 1483 3133 1539 circuivit
3175 1485 3362 1539 orbem
3404 1493 3586 1554 terrm,

2004 1573 2171 1628 maris
2216 1574 2433 1629 nomine
2473 1582 2723 1630 vocatum
2752 1575 2841 1630 illa
2891 1578 3157 1632 sententia
3189 1576 3332 1632 beati
3361 1575 3462 1632 Job
3495 1577 3586 1632 de-

2003 1671 2174 1730 notat,
2203 1680 2308 1734 qua
2355 1666 2467 1720 ait:
2499 1665 2756 1737 Nunquid
2793 1653 2952 1724 mare
2980 1684 3071 1738 ego
3107 1684 3243 1733 sum,
3288 1676 3378 1721 aut
3407 1669 3589 1722 cetus?

315 1771 451 1818 mus,
475 1755 606 1808 dum
641 1755 939 1809 turbabitur
977 1764 1141 1824 terra,
1173 1766 1222 1810 et
1255 1756 1640 1826 transferentur
1675 1764 1895 1823 montes,
1928 1747 1974 1806 Β
2002 1755 2123 1827 quia
2150 1756 2538 1812 circumdedisti
2566 1774 2645 1812 me
2680 1753 2888 1812 ca'rcere
2911 1756 3054 1829 (Job.
3088 1755 3204 1830 vn).
3239 1755 3430 1812 Cetum
3455 1771 3586 1828 ergo

315 1845 367 1899 id
427 1854 538 1912 est,
591 1847 836 1917 apostoli,
895 1849 949 1901 in
1007 1864 1098 1902 cor
1150 1849 1316 1903 maris
1347 1845 1519 1920 (Psal.
1563 1848 1708 1920 XLV).
1739 1847 1802 1903 Et
1841 1849 1895 1903 in

315 1934 610 2006 Evangelio
637 1953 652 1989 :
688 1936 747 1991 Si
777 1936 1032 1991 haberetis
1077 1938 1236 2006 ﬁdem
1259 1939 1395 1992 sicut
1417 1954 1638 2008 granum
1671 1939 1890 2009 sinapis,

311 2026 562 2081 diceretis
597 2027 720 2080 huic
755 2027 931 2081 arbori
967 2045 1114 2082 moro
1147 2044 1166 2083 :
1197 2027 1491 2082 Eradicare
1514 2037 1562 2082 et
1597 2027 1896 2098 transplan-

315 2131 448 2188 tare,
474 2122 533 2176 in
555 2139 702 2176 mare
722 2133 770 2176 et
789 2123 986 2178 obediet
1009 2124 1147 2178 vobis
1166 2123 1316 2196 (Luc.
1343 2123 1496 2196 xvu).
1519 2123 1576 2177 In
1606 2124 1706 2178 hoc
1731 2124 1893 2176 etiam

316 2227 465 2267 mare
483 2211 763 2268 diabolicae
785 2213 900 2268 sine
928 2228 1155 2269 numero
1184 2228 1402 2283 serpere
1427 2212 1727 2282 probantur
1767 2211 1896 2266 insi-

313 2303 413 2357 dia:
458 2302 789 2372 malitiaaque
837 2304 1159 2370 dzemonum,
1194 2303 1340 2358 velut
1367 2303 1688 2372 quibusdam
1716 2299 1893 2356 ﬂucti-

312 2394 414 2449 bus
442 2393 749 2448 animarum
794 2394 1048 2450 voluntas
1103 2394 1369 2451 instabilis
1397 2401 1786 2460 commovetur,
1833 2401 1894 2447 ut

312 2491 397 2540 est
437 2484 573 2540 illud
622 2484 923 2541 Psalmista
951 2504 963 2540 :
994 2484 1110 2539 Hoc
1157 2502 1300 2540 mare
1339 2501 1588 2555 magnum
1617 2493 1664 2538 et
1699 2484 1895 2554 spatio-

311 2590 449 2640 sum,
477 2573 589 2628 illic
627 2573 852 2644 reptilia,
881 2590 1104 2646 quorum
1132 2591 1236 2628 non
1271 2583 1346 2628 est
1376 2589 1643 2627 numerus.
1676 2571 1896 2626 Anima-

311 2661 386 2716 lia
411 2662 610 2733 pusilla
630 2673 678 2718 et
702 2680 912 2733 magna,
941 2663 1049 2716 illic
1092 2680 1244 2717 naves
1272 2661 1680 2733 pertransibunt.
1717 2660 1892 2715 Draco

309 2752 429 2817 iste,
458 2769 611 2824 quem
660 2753 901 2823 formasti
948 2753 1018 2807 ad
1074 2752 1402 2807 illudendum
1447 2751 1496 2806 ei
1523 2748 1695 2823 (Psal.
1749 2749 1890 2824 cm).

318 2843 468 2899 Mare
495 2844 637 2898 enim
668 2843 960 2912 spatiosum
989 2843 1118 2912 ipsa:
1147 2842 1394 2907 reddunt,
1417 2842 1541 2896 dum
1570 2840 1893 2911 naufragare

314 2933 680 3004 compellunt:
710 2933 838 3003 quia
885 2933 1106 2989 dubium
1148 2947 1256 2987 non
1299 2940 1384 2987 est
1409 2930 1558 2985 illum
1591 2931 1764 2985 undas
1793 2930 1894 2984 im—

315 3025 659 3080 rnanissimas
699 3025 829 3095 pati,
863 3025 954 3094 qui
995 3024 1259 3094 mergitur
1283 3023 1492 3094 gurgite
1519 3030 1888 3093 peccatorum.

316 3116 470 3172 Mare
495 3118 692 3188 quippe
720 3133 750 3171 a
777 3117 1006 3172 meando
1035 3117 1235 3171 dictum
1261 3124 1364 3182 est,
1390 3116 1533 3185 quod
1562 3130 1777 3185 semper
1806 3121 1896 3169 eat
1921 3104 1968 3167 C

319 3223 388 3263 ac
414 3208 626 3263 redeat.
661 3207 768 3263 Sed
806 3208 894 3262 isti
925 3207 1149 3277 spiritus
1185 3205 1606 3262 innumerabiles
1656 3205 1812 3261 nobis
1864 3219 1895 3258 a

311 3300 429 3355 Deo
457 3299 830 3368 comprehensi
879 3307 1028 3364 sunt,
1061 3299 1155 3368 qui
1195 3312 1414 3352 arenam
1466 3297 1632 3350 maris
1688 3304 1744 3353 et
1781 3295 1898 3366 plu-

314 3407 527 3448 vrarum
579 3399 756 3463 guttas
787 3400 1086 3448 enumerat.
1140 3391 1208 3446 Et
1245 3406 1313 3446 ne
1336 3389 1557 3446 omnino
1593 3390 1898 3459 incompre-

313 3480 609 3537 hensibiles
644 3481 1034 3552 linquerentur,
1067 3481 1368 3552 quantitate
1399 3496 1504 3535 non
1536 3481 1796 3549 qualitate
1831 3496 1896 3536 ea

311 3571 582 3628 diﬂinivit.
630 3573 871 3643 Denique
920 3574 988 3630 de
1040 3573 1120 3628 eis
1147 3572 1380 3628 dicitur:
1408 3570 1674 3625 Animalia
1700 3570 1894 3640 pusilla

311 3672 359 3715 et
382 3678 575 3732 magna
606 3675 624 3714 :
659 3662 909 3732 quoniam
940 3663 1081 3717 inter
1108 3662 1253 3733 ipsos
1281 3669 1336 3716 et
1371 3659 1604 3730 majores
1645 3673 1764 3714 esse
1803 3675 1895 3715 ne-

311 3753 501 3822 quitia:
529 3754 828 3822 probantur
869 3754 1214 3817 omnimodis,
1243 3760 1298 3807 et
1329 3751 1589 3806 minores.
1619 3749 1763 3814 Illic,
1793 3751 1894 3804 im-

311 3843 518 3898 mundo
559 3843 788 3908 scilicet,
827 3858 987 3914 quem
1037 3843 1282 3914 superius
1331 3841 1467 3896 dixit
1505 3855 1670 3895 mare.
1721 3839 1894 3894 Naves

311 3943 497 3989 autem
534 3935 728 3989 merito
757 3933 1132 4005 signiﬁcantur
1173 3932 1449 3998 Ecclesiae,
1482 3947 1601 4002 qua:
1624 3929 1892 4002 periculo-

310 4042 406 4083 sos
429 4026 624 4082 ﬂuctus
667 4026 849 4082 mundi
892 4041 990 4096 per
1026 4024 1230 4096 lignum
1277 4024 1524 4096 gloriosa:
1548 4022 1728 4078 crucis
1769 4038 1894 4078 eva-

310 4120 465 4184 dunt,
489 4127 769 4189 portantes
795 4117 1042 4188 populos,
1073 4117 1163 4186 qui
1191 4116 1342 4186 signo
1369 4113 1493 4170 ﬂdei
1524 4113 1889 4169 crediderunt.

311 4211 419 4268 Ubi
441 4221 497 4267 et
517 4213 684 4268 draco
719 4211 988 4282 malignus
1014 4208 1306 4280 etpestifer
1340 4207 1627 4269 inhabitat,
1655 4205 1748 4275 qui
1772 4204 1893 4259 illu-

311 4305 460 4359 ditur
501 4305 572 4360 ab
604 4304 812 4376 angelis
853 4303 948 4358 Dei
978 4319 1076 4374 per
1103 4302 1434 4374 justissimas
1474 4300 1890 4370 increpationes,

310 4397 396 4453 vel
419 4398 586 4454 etiam
609 4406 666 4451 et
689 4413 720 4450 a
745 4396 990 4452 ﬁdelibus
1013 4396 1164 4461 viris,
1193 4395 1317 4448 dum
1345 4393 1612 4449 incentiva
1638 4391 1888 4446 vitiorum

309 4486 430 4557 ejus
468 4486 775 4542 detestabili
802 4501 990 4541 errore
1043 4485 1334 4555 refugiunt.
1374 4482 1511 4537 Nam
1559 4483 1702 4552 quod
1741 4497 1890 4538 mare

309 4591 632 4654 peccatores
681 4581 968 4652 signiticet,
1030 4580 1266 4636 ostendit
1319 4578 1609 4634 Psalmista
1657 4579 1887 4634 dicens:

309 4674 464 4729 Mare
495 4675 624 4728 vidit
667 4683 715 4728 et
758 4673 893 4744 fugit
922 4691 935 4726 :
963 4672 1216 4727 Iordanis
1253 4686 1527 4725 conversus
1577 4677 1652 4723 est
1702 4677 1894 4723 retror-

307 4780 427 4817 sum
460 4762 634 4834 (Psal.
692 4764 868 4832 cxm).
900 4761 1044 4816 Mare
1085 4759 1396 4830 frequenter
1427 4759 1664 4814 diximus
1702 4773 1896 4827 pecca-

307 4863 458 4909 tores
488 4853 647 4907 istius
682 4851 862 4906 saaculi
919 4851 1115 4906 debere
1144 4849 1368 4919 suscipi,
1399 4848 1491 4918 qui
1543 4863 1692 4904 more
1720 4849 1894 4903 unda-

253 4988 258 4991 _
305 4957 431 4996 rum
456 4941 682 4995 tumidis
709 4940 1126 5011 cogitationibus
1145 4938 1426 4995 ﬂuctuant.
1456 4937 1744 4994 Iordanem
1761 4952 1893 4993 vero

302 5045 409 5099 pro
438 5029 678 5100 quolibet
706 5029 926 5086 ﬂumine
967 5029 1223 5085 debemus
1272 5029 1516 5099 accipere
1549 5047 1562 5082 :
1594 5029 1684 5099 qui
1728 5029 1895 5084 variis

305 5121 596 5176 desideriis
624 5121 873 5176 homines
894 5122 1110 5193 rapiunt
1127 5129 1182 5176 et
1208 5121 1261 5175 in
1300 5135 1451 5176 mare
1479 5120 1608 5176 illud
1636 5136 1890 5192 magnum

302 5211 539 5272 nefanda
561 5211 990 5282 praecipitatione
1010 5212 1300 5268 deducunt.
1325 5211 1427 5266 lsta
1455 5212 1598 5267 enim
1619 5212 1748 5279 duo,
1773 5228 1893 5283 quae

297 5318 480 5372 genus
531 5304 828 5358 humanum
885 5303 1096 5358 diversa
1167 5302 1522 5358 delectatione
1590 5302 1889 5371 rapiebant,

297 5396 574 5449 adventus
609 5394 826 5450 Domini
865 5403 1135 5464 respectu,
1167 5409 1198 5448 a
1249 5394 1362 5449 suis
1415 5392 1892 5448 consuetudinibus

298 5494 612 5541 retrorsum
659 5485 994 5556 praecipitata
1022 5485 1319 5542 redierunt.
1369 5485 1475 5540 Cor
1503 5484 1687 5549 maris,
1713 5485 1892 5541 homi-

295 5593 436 5632 num
475 5578 668 5641 corda,
718 5586 778 5634 ut
822 5579 874 5633 in
912 5579 1176 5634 Psalterio
1206 5593 1221 5632 :
1256 5578 1662 5648 Transferentur
1688 5588 1888 5634 montes

298 5670 359 5725 ιη
402 5685 495 5726 cor
516 5669 680 5732 maris
704 5666 877 5739 (Psal.
903 5670 1046 5738 xcv).
1070 5669 1178 5727 Cor
1204 5670 1392 5738 maris,
1421 5669 1625 5737 Iudaea,
1657 5684 1724 5727 eo
1747 5671 1890 5742 quod

1997 1847 2372 1918 cosmographi
2424 1849 2658 1903 maxime
2711 1848 2764 1902 in
2796 1847 2996 1903 Oceani
3041 1846 3410 1916 profunditate
3459 1862 3587 1901 con—

1998 1941 2207 1996 versari
2261 1942 2446 1996 dicunt
2480 1957 2494 1995 :
2525 1940 2678 2010 cujus
2727 1941 3008 1996 sententiae
3051 1939 3176 1994 talis
3227 1954 3347 1994 esse
3410 1948 3588 2008 potest

1997 2049 2208 2098 sensus,
2251 2036 2392 2104 quod
2425 2049 2574 2089 mare
2627 2034 2912 2102 allegorice
2968 2032 3228 2086 mundum
3272 2031 3493 2095 dixerit,
3533 2040 3588 2085 et

1997 2135 2173 2180 cetum
2197 2125 2489 2190 diabolum,
2513 2125 2606 2194 qui
2637 2125 2777 2178 intra
2814 2124 2999 2177 mundi
3033 2123 3188 2177 istius
3227 2122 3462 2176 claustra
3502 2130 3583 2174 te-

1996 2227 2154 2271 netur
2184 2235 2197 2270 :
2231 2216 2286 2270 in
2312 2215 2455 2270 illius
2483 2216 2648 2270 etiam
2691 2215 3032 2270 conclusione
3078 2213 3195 2282 ipse
3245 2211 3582 2266 damnandus

1996 2307 2084 2363 sit.
2138 2306 2424 2362 Carccrem
2450 2322 2580 2377 ergo
2609 2321 2707 2376 pro
2729 2305 3062 2361 cruciatibus
3108 2303 3235 2374 poni
3271 2317 3413 2374 saepe
3445 2303 3580 2374 legi-

1995 2415 2114 2454 mus
2160 2417 2173 2453 :
2211 2398 2337 2468 quia
2393 2399 2460 2454 ad
2502 2413 2774 2454 carcerem
2827 2412 3017 2452 omnes
3060 2397 3335 2466 pertinent
3380 2412 3572 2466 paenae.

1994 2489 2101 2546 Pro
2126 2490 2376 2546 omnibus
2405 2505 2535 2560 ergo
2558 2489 2734 2555 malis,
2762 2503 2882 2558 quae
2901 2488 3216 2558 patiebatur
3244 2487 3435 2543 beatus
3453 2486 3579 2553 Job,

1995 2581 2112 2650 ipsa
2127 2579 2344 2635 domum
2367 2587 2760 2635 tormentorum
2783 2578 3106 2643 nominavit,
3128 2577 3294 2632 veluti
3319 2576 3365 2632 si
3391 2577 3579 2632 eadem

1995 2669 2156 2726 domo
2184 2669 2373 2725 fuisset
2419 2669 2676 2725 inclusus.
2702 2667 2850 2723 Mare
2891 2683 3024 2740 ergo
3066 2668 3310 2723 Rubrum
3338 2667 3452 2722 sive
3478 2666 3582 2720 Ba-

1994 2760 2180 2831 ptismi
2233 2759 2502 2831 signiﬁcat
2549 2766 2968 2821 sacramentum,
3025 2773 3120 2812 seu
3173 2757 3337 2812 etiam
3397 2755 3580 2811 saeculi

1995 2850 2154 2904 istius
2175 2847 2433 2902 ﬂuentum
2458 2863 2523 2903 ac
2545 2847 2818 2902 turbidum
2848 2855 3072 2912 statum,
3099 2862 3199 2916 per
3218 2861 3379 2915 quem
3402 2847 3576 2900 sancti

1994 2945 2279 2992 transeunt
2326 2937 2500 3001 illaesi,
2531 2944 2584 2992 et
2625 2944 2940 3006 peccatores
2987 2937 3292 2990 obruuntur
3328 2934 3579 2988 examine

1995 3029 2161 3085 divini
2191 3028 2401 3098 judicii.
2425 3029 2501 3084 De
2529 3044 2636 3098 quo
2668 3028 2868 3100 legitur
2895 3028 2949 3082 in
2975 3027 3192 3082 Psalmo
3230 3045 3242 3080 :
3277 3025 3380 3092 Qui
3405 3026 3582 3078 divisit

1999 3137 2142 3176 mare
2170 3120 2406 3174 Rubrum
2433 3121 2490 3173 in
2525 3121 2820 3184 divisiones,
2857 3129 2905 3174 et
2939 3119 3115 3174 eduxit
3151 3117 3321 3172 Israel
3349 3134 3440 3188 per
3467 3134 3578 3170 me-

1997 3210 2141 3265 dium
2178 3211 2312 3282 ejus,
2348 3210 2588 3265 excussit
2613 3207 2946 3264 Pharaonem
2972 3218 3019 3263 et
3060 3209 3343 3263 exercitum
3375 3208 3490 3277 ejus
3522 3209 3576 3262 in

1997 3318 2141 3356 mare
2169 3301 2404 3355 Rubrum
2427 3298 2600 3373 (Psal.
2625 3301 2846 3372 cxxxv).
2871 3299 3069 3354 Priscae
3112 3299 3451 3354 auctoritatis
3473 3298 3575 3352 viri

1997 3411 2146 3451 mare
2173 3395 2418 3450 Rubrum
2463 3395 2516 3448 in
2547 3393 2828 3449 duodecim
2859 3392 3154 3448 divisiones
3177 3391 3433 3447 dixerunt
3457 3404 3579 3445 esse

1995 3487 2275 3557 partitum,
2315 3494 2548 3556 quantas
2587 3484 2760 3540 tribus
2803 3483 2974 3538 fuisse
3007 3481 3317 3538 Iudaeorum
3365 3499 3377 3534 :
3426 3481 3577 3536 ideo-

1997 3592 2101 3646 que
2131 3577 2220 3631 hic
2245 3574 2440 3646 plurali
2489 3589 2716 3630 numero
2746 3573 2983 3644 positum
3016 3580 3120 3638 est,
3171 3571 3227 3624 in
3275 3569 3576 3634 divisiones,

1998 3684 2066 3726 ne
2083 3677 2402 3740 putaremur
2424 3682 2574 3722 mare
2595 3660 2839 3722 Rubrum
2860 3681 2968 3721 uno
2996 3665 3188 3719 itinere
3210 3661 3378 3718 fuisse
3401 3670 3579 3716 trans-

1995 3763 2237 3818 missum.
2267 3758 2375 3816 Sed
2411 3768 2591 3830 potest
2617 3761 2720 3815 hoc
2747 3767 2802 3814 et
2836 3757 3152 3828 spiritaliter
3204 3760 3569 3826 congruenter

1996 3853 2223 3908 adverti.
2281 3851 2525 3906 Rubrum
2557 3866 2706 3906 mare
2754 3858 2839 3906 est
2888 3849 3068 3904 saeculi
3115 3849 3272 3902 istius
3307 3846 3573 3918 permixta

1994 3943 2351 4014 profunditas,
2397 3957 2557 4012 quam
2618 3941 2804 3995 multis
2859 3938 3212 3994 divisionibus
3255 3935 3574 3994 transimus,

1993 4035 2209 4104 quando
2248 4033 2494 4088 conversi
2541 4031 2608 4086 ad
2637 4038 2836 4086 terram
2886 4028 3180 4083 viventium
3211 4024 3423 4079 Domini
3450 4039 3571 4077 mu-

1994 4139 2124 4180 nere
2151 4124 2486 4180 festinamus.
2537 4121 2707 4176 Aliter
2735 4119 2879 4175 enim
2914 4133 3013 4189 per
3044 4117 3437 4185 eleemosynas,
3471 4113 3572 4166 ali-

1996 4223 2080 4269 ter
2101 4228 2199 4284 per
2221 4212 2489 4266 assiduam
2531 4209 3000 4280 supplicationem,
3033 4207 3189 4261 aliter
3210 4220 3308 4275 per
3341 4203 3571 4274 virgini-

1994 4314 2180 4371 tatem,
2229 4304 2387 4358 aliter
2409 4319 2507 4374 per
2533 4300 3044 4358 excellentissimam
3085 4297 3411 4352 charitatem
3449 4313 3462 4349 :
3496 4295 3571 4349 sic

1995 4398 2178 4454 multis
2211 4396 2565 4450 divisionibus
2584 4408 2682 4463 per
2706 4392 2888 4447 saeculi
2929 4390 3089 4458 hujus
3133 4402 3283 4443 mare
3311 4387 3570 4441 transitur

1996 4492 2061 4546 ad
2105 4488 2409 4550 Dominum,
2444 4485 2536 4556 qui
2569 4482 2838 4539 diabolum
2867 4496 2990 4536 cum
3043 4477 3307 4534 ministris
3349 4477 3462 4532 suis
3519 4476 3572 4530 in

1994 4581 2142 4637 fonte
2170 4579 2360 4635 salutis
2396 4575 2603 4632 excutit
2635 4593 2649 4628 :
2685 4571 2901 4643 quando
2923 4587 3046 4628 eum
3076 4586 3105 4624 a
3135 4569 3287 4625 nobis
3319 4567 3575 4638 potentim

1993 4689 2106 4728 sua:
2130 4673 2331 4728 virtute
2361 4675 2622 4726 removet.
2656 4666 2868 4722 Excutit
2895 4671 3098 4729 autem,
3132 4662 3285 4727 dixit,
3316 4669 3572 4730 tanquam

1995 4762 2275 4817 mulierem
2301 4759 2517 4831 projicit
2547 4777 2560 4812 :
2593 4765 2653 4812 ut
2673 4755 2740 4811 de
2780 4755 2883 4810 hac
2916 4754 3197 4810 celeritate
3238 4759 3293 4807 et
3317 4753 3570 4806 virtutem

1998 4851 2294 4908 divinitatis
2317 4850 2646 4916 ostenderet,
2676 4854 2732 4902 et
2766 4845 2887 4901 illos
2931 4853 3178 4900 terrenas
3225 4843 3413 4898 sordes
3450 4855 3583 4898 esse.

1995 4947 2346 4996 monstraret.

2561 5023 2829 5082 CAPUT
2887 5021 3004 5076 Vl.

2631 5117 2706 5170 De
2734 5116 2941 5184 abysso.

2063 5214 2304 5284 Abyssus
2329 5209 2668 5282 profunditas
2711 5215 2796 5263 est
2823 5217 3082 5275 aquarum
3123 5199 3563 5269 impenetrabilis,

1998 5305 2111 5360 sive
2137 5302 2404 5372 spelunca:
2441 5313 2704 5369 aquarum
2746 5294 3052 5357 latentium,
3081 5291 3277 5360 quibus
3311 5289 3491 5344 fontes
3515 5295 3570 5344 et

1995 5394 2215 5448 ﬂumina
2262 5389 2578 5460 procedunt,
2623 5386 2708 5440 vel
2751 5385 2842 5454 qui
2887 5391 2941 5439 et
2987 5381 3194 5437 occulte
3231 5379 3566 5434 subtereunt.

1997 5486 2150 5543 Unde
2179 5492 2234 5539 et
2261 5483 2487 5554 abyssus
2511 5480 2707 5534 dictus.
2739 5477 2872 5532 Nam
2897 5491 3086 5531 omnes
3122 5489 3276 5542 aqum
3296 5480 3564 5527 torrentes

1994 5593 2090 5647 per
2113 5575 2353 5632 occultas
2396 5585 2560 5626 venas
2585 5571 2654 5624 ad
2691 5567 2974 5622 matricem
3006 5564 3263 5636 abyssum
3292 5569 3566 5618 revertun-

1995 5679 2100 5724 tur.
2131 5668 2370 5740 Abyssus
2397 5661 2712 5733 intelligitur
2757 5657 3096 5731 profunditas
3133 5657 3562 5727 Scripturarum,
