4072 6198
501 255 605 312 515

500 378 560 424 ιιι
601 378 689 425 est
736 367 866 422 illud
919 366 973 422 in
1022 366 1275 437 psalmo:
1319 366 1548 438 Abyssus
1592 366 1836 437 abyssum
1869 365 2071 420 invocat
2098 369 2151 430 Α

498 457 672 533 (Psal.
704 457 851 532 xu);
880 459 933 515 id
962 468 1066 526 est,
1097 458 1263 515 Vetus
1290 458 1697 515 Testamentum
1724 457 1931 513 Novum
1981 473 2078 512 an-

498 551 732 617 nuntiat,
773 557 827 606 et
856 548 1063 605 Novum
1109 550 1276 607 Vetus
1310 550 1366 605 in
1397 550 1758 606 testimonium
1787 558 1943 606 vocat
1969 569 1982 605 :
2010 549 2078 604 In

497 658 618 697 voce
640 650 1027 696 cataraclarItm
1054 652 1266 698 tuarum
1293 641 1497 715 (lbid.).
1529 643 1632 697 hoc
1658 649 1760 709 est,
1788 642 1841 696 in
1883 640 2077 711 praedi-

497 733 713 788 catione
746 739 1075 787 sanctorum.
1108 730 1238 787 item
1279 730 1508 803 abyssus
1540 746 1693 803 aquae
1741 729 2101 811 immensitas

498 832 604 889 est,
629 823 765 878 utin
788 822 987 878 Genesi
1012 822 1210 893 legitur
1242 840 1255 876 :
1290 822 1353 877 Et
1385 823 1525 893 rupti
1554 829 1673 876 sunt
1699 821 1869 891 fontes
1904 812 2079 891 abyssi

497 932 701 987 magna?
729 912 883 980 (Gen.
923 913 1045 986 vn).
1087 914 1222 970 Item
1270 914 1498 986 abyssus
1536 911 1823 969 inell'abilia
1872 911 2076 981 judicia

495 1004 591 1058 Dei
620 1003 885 1073 designat,
917 1012 978 1058 ιιι
1006 1013 1089 1060 est
1113 1004 1217 1059 hoc
1246 1022 1259 1058 :
1287 1002 1504 1059 Iudicia
1533 1013 1624 1058 tua
1662 1004 1881 1074 abyssus
1909 1004 2075 1057 multa

496 1090 670 1163 (Psal.
702 1091 890 1167 xxxv).
939 1093 1072 1150 ltem
1108 1093 1335 1165 abyssus
1366 1092 1635 1148 infernum
1684 1091 1973 1163 significat,
2016 1099 2078 1146 ut

492 1182 783 1253 Apostolus
824 1184 943 1239 ait:
977 1183 1082 1237 Aut
1131 1184 1248 1256 quis
1288 1184 1551 1239 descendit
1586 1184 1643 1237 in
1697 1181 1982 1253 abyssum?
2019 1181 2075 1234 id

493 1286 589 1341 est,
634 1274 899 1330 Christum
946 1294 978 1330 a
1026 1278 1247 1331 mortuis
1294 1276 1539 1331 reducere
1589 1274 1765 1347 (Rom.
1810 1273 1889 1347 ι).
1940 1273 2073 1328 Item

494 1367 723 1437 abyssus
766 1367 930 1422 corda
973 1368 1247 1423 hominum
1294 1369 1515 1424 denotat
1560 1366 1887 1421 facinoribus
1927 1374 2075 1421 tene-

495 1456 678 1520 brosa,
704 1462 763 1509 ut
795 1463 878 1510 est
906 1456 1032 1511 illud
1061 1456 1205 1511 beati
1231 1454 1331 1511 Job
1356 1475 1369 1510 :
1397 1456 1624 1528 Abyssus
1647 1456 1814 1510 dicet:
1846 1453 1968 1509 Non
1998 1463 2074 1509 est

494 1544 548 1597 in
606 1561 707 1609 me,
752 1555 800 1598 et
841 1561 988 1599 mare
1022 1545 1264 1617 loquetur
1309 1563 1329 1601 :
1388 1544 1512 1601 Non
1564 1557 1640 1602 est
1682 1562 1882 1601 mecum
1928 1546 2070 1618 (Job.

495 1635 713 1708 xxvm).
747 1635 859 1693 Nec
903 1653 1009 1692 non
1062 1647 1121 1694 et
1162 1640 1390 1711 abyssus
1454 1636 1847 1707 superstitiosis
1911 1644 2074 1707 atque

494 1730 937 1798 persecutoribus
978 1730 1222 1786 ecclesiae
1272 1738 1619 1800 comparatur
1666 1748 1679 1784 :

499 1820 719 1890 pallium
735 1820 974 1889 subjecta
1002 1823 1266 1893 cooperit,
1296 1823 1371 1877 ita
1393 1822 1468 1877 illi
1496 1821 1753 1877 mundum
1776 1821 2072 1877 foedissima

494 1914 880 1983 superstitione
932 1922 1185 1971 texerunt
1244 1933 1258 1969 :
1314 1923 1373 1969 ut
1417 1931 1521 1970 non
1558 1914 1730 1970 solum
1775 1914 2073 1971 mediocres

494 2005 764 2072 homines,
796 2005 889 2061 sed
915 2006 967 2061 in
996 2007 1290 2077 perniciem
1330 2022 1479 2061 suam
1526 2007 1673 2077 ipsos
1699 2021 1911 2077 quoque
1945 2021 2070 2061 san-

491 2106 608 2153 ctos
646 2098 791 2154 viros
837 2107 998 2170 atque
1039 2099 1497 2155 eminentissimos
1556 2099 1839 2153 tormentis
1887 2112 2075 2169 corpo-

493 2204 609 2243 rum
663 2188 895 2246 obruere
945 2189 1278 2254 viderentur,
1331 2198 1388 2244 ut
1435 2197 1519 2245 est
1548 2189 1679 2244 illud
1726 2190 1780 2244 in
1808 2187 2024 2244 Psalmo
2053 2204 2068 2219 °

492 2280 723 2350 Abyssus
754 2281 888 2336 sicut
928 2280 1149 2350 pallium
1197 2282 1420 2335 amictus
1442 2282 1592 2351 ejus;
1637 2260 1841 2335 et‘sicut
1870 2289 2072 2335 montes

492 2370 703 2424 stabunt
727 2388 878 2442 aqua:
906 2367 1077 2443 (Psal.
1109 2369 1249 2442 cm).
1277 2370 1407 2425 [tem
1435 2372 1659 2442 abyssus
1689 2371 1850 2426 corda
1891 2371 2069 2427 ltomi-

492 2478 619 2516 num
677 2460 1006 2517 facinoribus
1052 2462 1361 2526 tenebrosa,
1396 2470 1456 2515 ut
1492 2462 1546 2515 in
1589 2462 1756 2516 Amos
1802 2479 1815 2515 :
1856 2460 2071 2516 Vocavit

486 2555 750 2625 judicium
805 2554 1083 2621 Dominus,
1134 2564 1183 2609 et
1244 2554 1507 2610 devoravit
1562 2556 1806 2625 abyssum
1850 2555 2070 2609 multam

498 2647 702 2717 (Amos.
752 2644 870 2718 vn).
907 2645 1151 2717 Abyssus
1181 2644 1457 2701 damnatio
1499 2653 1847 2717 peccatorum
1871 2646 2069 2715 sempi-

493 2747 664 2799 terna,
689 2746 750 2791 ut
776 2737 827 2791 in
850 2734 950 2793 Job
981 2756 994 2791 :
1031 2735 1334 2792 zEstimavit
1361 2738 1605 2808 abyssum
1628 2737 1779 2809 quasi
1802 2752 2070 2791 senescen-

492 2837 593 2882 tem
636 2826 778 2898 (Job.
812 2827 960 2900 xm);
998 2827 1053 2883 id
1082 2835 1187 2895 est,
1234 2826 1482 2883 diabolus
1506 2843 1605 2899 per
1640 2827 1919 2882 ministros
1944 2840 2071 2880 suos

490 2920 702 2992 putabit
752 2920 895 2989 quod
941 2935 1100 2990 paena
1141 2919 1430 2990 impiorum
1484 2919 1644 2974 finem
1674 2917 1925 2973 habitura
1974 2916 2066 2972 sit.

1135 254 1197 307 Β.
1239 252 1490 307 RABANI
1528 249 1745 307 MAURI
1783 250 2096 306 AllClllEP.
2136 248 2445 308 MOGUNT.
2482 247 2766 307 OPERUM
2805 249 2983 306 PARS
3016 250 3087 305 ll.’

3558 296 3573 313 .
3633 259 3734 317 516

2724 404 2727 408 ι
2759 362 2987 420 CAPUT
3026 364 3153 419 Vill.

2691 455 2769 512 De
2791 455 2920 511 lacis
2945 466 2994 510 et
3020 456 3239 527 stagnis.

2247 545 2387 601 Sunt
2426 554 2603 601 autem
2648 556 2702 603 et
2729 550 2975 618 quaedam
3003 550 3194 616 maria,
3227 567 3348 622 qua:
3375 566 3480 606 non
3515 554 3726 611 miscen-

2178 645 2266 691 tur
2285 636 2485 693 Oceani
2512 636 2765 694 lluctibus
2792 648 2883 694 aut
2907 641 3042 695 mari
3067 640 3276 714 Magno,
3308 651 3363 698 et
3393 644 3631 702 dicuntur
3655 649 3727 704 la-

2177 742 2273 782 cus
2303 735 2356 782 et
2381 737 2588 799 stagna.
2630 728 2806 785 Lacus
2831 739 2915 786 est
2942 732 3362 802 receptaculum,
3394 734 3448 789 in
3475 751 3578 805 quo
3601 752 3728 809 aqua

2176 819 2440 874 retinetur
2459 835 2560 876 nec
2582 821 2841 876 miscetur
2864 818 3133 885 ﬂuctibus,
3151 830 3211 877 ut
3230 823 3379 880 lacus
3403 824 3656 896 Asphaiti,
3677 840 3730 886 ut

2177 908 2325 964 lacus
2349 909 2610 976 Benacus,
2634 918 2690 966 et
2715 911 2917 978 caeteri,
2941 925 3077 983 quos
3104 910 3276 969 Graeci
3298 913 3544 983 limenas,
3567 918 3615 973 id
3636 928 3705 975 est
3716 961 3741 985 ,.

2176 1008 2367 1070 stagna
2394 1007 2612 1055 vocant.
2646 1000 2781 1055 Nam
2819 999 2993 1057 fontes
3021 1000 3279 1058 labuntur
3311 1004 3364 1059 in
3402 1003 3617 1073 fluvios,
3644 1008 3731 1063 συ-

2176 1089 2318 1149 mina
2359 1089 2414 1144 in
2464 1089 2603 1145 freta
2646 1090 2975 1146 discurrunt.
3029 1091 3206 1148 Lacus
3252 1095 3441 1149 statin
3472 1095 3603 1159 loco,
3643 1115 3731 1155 nec

2174 1178 2413 1251 profluit,
2460 1188 2527 1236 et.
2555 1182 2731 1237 dictus
2763 1182 2936 1249 lacus,
2980 1183 3134 1253 quasi
3175 1199 3330 1254 aquae
3353 1184 3522 1242 locus.
3571 1187 3734 1243 Lacus

2175 1279 2356 1325 autem
2390 1271 2533 1327 idem
2558 1279 2614 1327 et
2640 1280 2910 1344 stagnum,
2958 1274 3049 1329 ubi
3081 1274 3344 1331 immensa
3379 1290 3519 1348 aqua
3548 1293 3731 1334 convc-

2175 1361 2274 1415 nit.
2304 1359 2437 1416 Nam
2472 1361 2676 1418 dictum
2699 1372 2783 1419 est
2808 1373 3060 1437 stagnum
3088 1365 3156 1421 ab
3185 1380 3253 1422 eo
3285 1369 3431 1439 quod
3475 1369 3581 1425 illic
3606 1385 3733 1441 aqua

2174 1459 2303 1517 stet,
2360 1467 2461 1509 nec
2506 1454 2778 1509 decurrat.
2826 1454 3002 1512 Lacus
3050 1456 3259 1521 Asfalti,
3314 1459 3455 1514 idem
3498 1470 3554 1515 et
3600 1476 3736 1516 mare

2176 1540 2442 1596 Mortuum
2490 1550 2761 1610 vocatum,
2814 1552 3037 1614 propter
3083 1547 3224 1616 quod
3272 1548 3406 1603 nihil
3438 1549 3615 1604 vivum
3659 1550 3735 1620 gi-

2176 1635 2313 1706 gnit,
2357 1635 2491 1690 nihil
2518 1636 2709 1707 recipit
2735 1650 2802 1692 ex
2831 1653 3027 1710 genere
3055 1641 3366 1696 viventium.
3412 1641 3550 1698 Nam
3577 1658 3739 1714 neque

1735 1729 1861 1802 quia
1930 1729 2071 1785 sicut
2100 1728 2147 1788 B
2172 1726 2349 1797 pisces
2397 1726 2579 1794 habet,
2624 1741 2799 1799 neque
2827 1739 3076 1787 assuetas
3124 1732 3277 1802 aquis
3323 1744 3378 1788 et
3424 1733 3578 1789 betas
3609 1750 3738 1790 mer-

2177 1816 2335 1887 gendi
2378 1832 2477 1871 usu
2505 1817 2709 1888 patitur
2733 1832 2861 1875 aves
2891 1837 2905 1873 :
2930 1822 3025 1876 sed
3064 1831 3120 1877 et
3153 1838 3487 1893 quaecunque
3517 1824 3737 1879 viventia

2173 1909 2467 1979 mergenda
2517 1910 2888 1979 temptaveris,
2946 1928 3269 1986 quacunque
3312 1923 3431 1970 arte
3480 1914 3736 1979 demersa.

2174 1998 2355 2053 statim
2391 1999 2669 2069 resiliunt;
2698 2008 2754 2058 et
2779 2005 3028 2075 quamvis
3053 2005 3401 2061 vehementer
3430 2006 3592 2071 illisa,
3619 2020 3736 2061 con-

2173 2090 2355 2146 festim
2385 2092 2757 2162 excutiuntur;
2804 2097 2899 2152 sed
2928 2112 3102 2168 neque
3129 2098 3305 2154 ventis
3347 2108 3615 2163 movetur,
3653 2112 3734 2152 re-

2170 2180 2399 2237 sistente
2440 2183 2742 2241 turbinibus
2781 2186 3067 2255 bitumine,
3110 2204 3219 2258 quo
3248 2204 3388 2259 aqua
3435 2187 3614 2243 omnis
3643 2196 3743 2243 sta-

2175 2280 2372 2343 gnatur
2401 2292 2414 2327 :
2439 2289 2615 2346 neque
2650 2278 3007 2351 navigationis
3037 2280 3248 2349 patiens
3275 2289 3394 2347 est,
3422 2280 3552 2350 quia
3575 2279 3743 2335 omnia

2172 2364 2284 2418 vita
2314 2366 2555 2421 carentia
2590 2367 2642 2422 in
2678 2368 3005 2440 profundum
3048 2381 3368 2442 merguntur
3396 2390 3409 2427 :
3441 2388 3547 2428 nec
3588 2380 3743 2427 mate-

2172 2454 2308 2509 riem
2335 2455 2498 2511 ullam
2526 2460 2776 2527 sustinet,
2816 2460 2920 2516 nisi
2958 2477 3080 2531 qua:
3106 2461 3368 2517 bitumine
3396 2461 3699 2517 illustratur
3726 2479 3739 2513 :

2172 2544 2446 2601 lucernam
2504 2562 2788 2605 accensam
2838 2550 3019 2607 ferunt
3067 2562 3457 2623 supernatare,
3515 2553 3747 2607 extincto

2172 2634 2410 2707 demergi
2427 2637 2645 2696 lumine.
2672 2640 2786 2697 Hoc
2804 2651 2859 2699 et
2877 2659 3027 2699 mare
3055 2643 3364 2700 Salinarum
3395 2644 3616 2709 dicitur,
3642 2643 3746 2699 sive

2172 2728 2320 2787 lacus
2347 2731 2611 2804 Asphalti,
2637 2737 2689 2791 id
2710 2744 2812 2804 est,
2844 2738 3157 2807 bituminis;
3195 2748 3353 2796 etest
3378 2741 3434 2795 in
3454 2738 3641 2796 Iudaea
3668 2740 3746 2794 in-

2174 2832 2259 2878 ter
2310 2823 2567 2881 lliericho
2597 2835 2653 2883 et
2686 2829 2897 2885 Zoaran
2930 2848 2944 2884 :
2977 2830 3254 2903 longitudo
3301 2829 3418 2899 ejus
3462 2845 3637 2902 usque
3685 2829 3746 2883 ad

2172 2912 2374 2968 Zoaras
2422 2914 2634 2971 Arabia
2687 2918 2939 2989 dirigitur
3000 2920 3188 2975 stadiis
3247 2922 3560 2992 quingentis
3611 2928 3749 2975 octo-

490 3011 734 3082 Ahyssus
768 3008 1033 3078 infernus,
1072 3018 1131 3065 ιιι
1157 3009 1209 3065 in
1236 3009 1527 3082 Evangelia
1559 3030 1572 3064 ε
1622 3010 1689 3064 Et
1724 3008 2070 3081 deprecabar».
2109 3077 2142 3083 _
2171 3001 2340 3072 ginta,
2363 3002 2590 3060 latitudo
2612 3007 2802 3063 stadiis
2830 3017 3048 3063 centum
3075 3010 3463 3083 quinquaginta
3490 3025 3662 3083 usque
3686 3008 3747 3062 ad

491 3077 591 3158 tm:
627 3120 745 3158 eum
790 3103 1030 3173 spiritus,
1084 3101 1138 3156 id
1186 3111 1288 3168 est,
1319 3077 1608 3168 daemones,
1639 3117 1702 3156 ne
1726 3077 1798 3154 in-
1825 3099 2071 3171 abyssum
2100 3077 2143 3139 (Σ
2176 3092 2429 3147 viciniam
2477 3094 2854 3153 Sodomorum.
2903 3077 3108 3171 Stagna
3154 3077 3555 3171 philosophiam
3580 3077 3747 3170 thujus

494 3205 577 3244 eos
607 3188 825 3243 mitteret
858 3186 1072 3258 (Matth.
1105 3190 1246 3259 vni).

1094 3320 1322 3378 CAPUT
1360 3322 1470 3378 Vll.

975 3433 1053 3488 De
1083 3434 1294 3489 testibus
1318 3432 1394 3489 rei
1422 3433 1589 3504 fretis.

564 3545 755 3602 [Estus
787 3546 855 3602 ad
875 3545 1147 3602 Oceanum
1176 3545 1436 3616 pertinet,
1467 3543 1665 3598 frctmn
1692 3543 1759 3600 ad
1784 3552 2074 3614 utrumque

494 3656 666 3697 mare.
694 3638 830 3694 Nam
878 3646 1043 3693 aestus
1084 3644 1168 3693 est
1203 3637 1369 3692 maris
1398 3651 1651 3707 accessus
1687 3635 1773 3692 vel
1803 3650 2071 3701 secessus,

495 3733 549 3788 id
577 3739 681 3799 est,
712 3729 1021 3801 inquietudo
1052 3748 1065 3783 :
1089 3728 1229 3784 unde
1256 3728 1508 3783 mstuaria
1536 3726 1807 3792 dicuntur,
1831 3741 1928 3796 per
1954 3742 2077 3796 qua:

496 3839 648 3881 mare
690 3823 931 3878 vicissim
976 3831 1087 3876 tam
1133 3820 1341 3876 accedit
1385 3835 1546 3889 quam
1590 3818 1812 3874 recedit.
1855 3817 2075 3872 Fretum

494 3924 677 3971 autem
725 3912 1072 3984 appellatum,
1123 3911 1267 3982 quod
1299 3909 1369 3965 ibi
1411 3924 1625 3980 semper
1661 3924 1812 3964 mare
1851 3906 2074 3963 ferveat.

493 4007 628 4063 Nam
672 4005 868 4062 fretum
903 4014 988 4061 est
1031 4012 1318 4075 angustum
1357 4011 1413 4058 et
1439 4002 1593 4074 quasi
1642 4002 1856 4057 fervens
1905 4016 2075 4066 mare,

494 4101 562 4155 ab
589 4100 855 4155 undarum
901 4096 1114 4152 fervore
1147 4095 1501 4165 nominatum.
1550 4091 1711 4147 Juxta
1765 4092 2075 4163 allegoriam

491 4198 686 4246 mstuat
722 4189 953 4243 mundus
993 4186 1151 4242 undis
1201 4185 1633 4256 persecutionum
1657 4225 1670 4250 ,
1720 4191 1776 4239 et
1808 4198 1904 4252 per
1928 4182 2077 4237 varia

495 4281 611 4337 loca
644 4288 736 4334 aut
768 4278 975 4333 accedit
1009 4287 1104 4334 aut
1132 4277 1367 4344 recedit,
1409 4276 1582 4333 fervet
1616 4277 1779 4331 etiam
1813 4274 1979 4333 odiis.
2023 4283 2079 4329 et

499 4372 758 4427 tumultus
794 4370 1015 4435 excitat,
1058 4384 1160 4425 nec
1211 4384 1445 4439 unquam
1484 4367 1738 4438 perfecta:
1772 4365 2072 4436 tranquilli-

499 4464 624 4518 tatis
653 4461 706 4515 in
729 4459 898 4515 altero
926 4458 1079 4532 [alto]
1110 4459 1255 4516 valet
1277 4459 1477 4513 habere
1503 4465 1724 4513 statum.
1755 4456 1909 4514 Unde
1945 4458 2075 4513 etin

498 4552 793 4622 Evangelia
821 4551 1015 4621 legitur
1045 4549 1249 4621 (Marc.
1284 4549 1394 4621 vt),
1432 4549 1644 4605 misisse
1672 4548 1957 4603 Dominum
1990 4562 2077 4603 as-

498 4640 731 4696 cendere
777 4638 1067 4708 discipulos
1099 4653 1226 4694 suos
1252 4639 1305 4693 in
1330 4638 1653 4703 naviculam,
1688 4648 1742 4693 et
1772 4638 2076 4708 prmcedere

498 4748 623 4787 eum
657 4738 806 4784 trans
836 4727 1027 4781 fretum
1047 4769 1062 4793 ,
1103 4729 1275 4784 donec
1302 4729 1598 4784 dimitteret
1644 4726 1858 4792 turbas,
1908 4728 2079 4798 ipsos-

498 4839 605 4895 que
654 4821 969 4891 remigando
1015 4820 1263 4875 laborare
1298 4827 1524 4889 propter
1567 4819 1898 4874 contrarium
1945 4835 2077 4873 ven-

503 4924 635 4976 tum.
686 4913 837 4980 Quod
864 4911 1091 4983 mystice
1132 4910 1345 4967 labores
1383 4911 1563 4966 varios
1587 4911 1841 4966 Ecclesia:
1876 4918 2078 4967 sancta:

499 5008 765 5079 designat,
791 5019 912 5074 qum
936 5004 1079 5058 inter
1104 5002 1274 5059 undas
1303 5001 1483 5059 saeculi
1525 5002 1875 5058 adversantes
1900 5012 1955 5058 et
1978 5003 2079 5059 im-

500 5099 827 5154 mundorum
872 5096 1030 5151 flatus
1056 5094 1341 5166 spirituum
1372 5094 1440 5149 ad
1467 5095 1701 5165 quietem
1744 5095 1935 5164 patrim
1970 5109 2080 5150 ca:-

501 5189 680 5254 lestis,
719 5188 874 5259 quasi
909 5187 977 5242 ad
1015 5186 1175 5242 fidam
1213 5184 1411 5241 littoris
1445 5186 1730 5241 stationem
1752 5227 1766 5252 ,
1797 5187 2080 5257 pervenire

502 5290 751 5337 conatur.
787 5280 892 5335 Sed
920 5281 1070 5352 prius
1093 5294 1198 5335 non
1230 5287 1409 5335 cessat
1437 5288 1652 5343 ventus,
1694 5293 1855 5349 quam
1888 5277 2074 5333 Salva-

506 5382 591 5429 tor
633 5373 878 5430 ascendit
913 5373 966 5428 in
1002 5387 1234 5427 navem:
1268 5370 1395 5442 quia
1447 5371 1501 5425 in
1553 5385 1873 5442 quocunque
1914 5372 2079 5427 corde

508 5462 651 5519 Deus
690 5479 787 5534 per
818 5462 1042 5535 gratiam
1076 5461 1159 5517 sui
1198 5462 1353 5518 adest
1379 5461 1609 5527 amoris,
1652 5476 1775 5516 mox
1819 5461 2079 5516 immensa

509 5554 759 5609 vitiorum
785 5562 840 5609 et
865 5553 1202 5610 adversantis
1227 5553 1413 5609 mundi
1440 5554 1555 5609 sive
1588 5552 1877 5625 spirituum
1920 5552 2079 5607 mali-

507 5660 731 5719 gnorum
754 5644 891 5703 bella
917 5659 1228 5716 compressa
1255 5646 1559 5717 quiescunt.

2100 4424 2154 4485 D

2176 3183 2360 3238 mundi
2406 3185 2735 3255 significant,
2780 3197 2839 3242 ut
2870 3189 2922 3244 in
2971 3189 3109 3244 Isaia
3145 3208 3157 3243 :
3193 3188 3392 3245 Ponam
3435 3191 3659 3259 ﬂumina
3703 3188 3751 3241 in

2176 3273 2399 3341 insulas,
2438 3286 2488 3331 et
2512 3287 2699 3349 stagna
2728 3280 3013 3351 arefaciam
3042 3280 3187 3353 (Isa.
3216 3298 3326 3337 xui
3344 3282 3384 3354 ).
3412 3282 3640 3353 Mystice
3666 3294 3755 3333 au-

2179 3374 2287 3421 tem
2327 3382 2476 3422 mare
2515 3367 2804 3437 Mortuum,
2849 3373 2990 3442 quod
3021 3373 3151 3428 nihil
3182 3374 3353 3444 gignit
3392 3374 3598 3437 vivum,
3628 3370 3754 3426 nihil

2177 3457 2370 3526 recipit
2411 3472 2480 3513 ex
2524 3473 2721 3528 genere
2764 3461 3058 3518 viventium
3099 3482 3113 3517 :
3148 3464 3241 3519 sed
3281 3464 3461 3519 omnia
3516 3463 3627 3518 vita
3672 3475 3757 3516 ca-

2178 3549 2350 3603 rentia
2395 3549 2447 3603 in
2474 3550 2797 3621 profundum
2848 3555 3065 3626 mergit,
3106 3563 3162 3610 et
3199 3564 3358 3610 terrae
3401 3553 3756 3611 Sodomorum

2178 3648 2339 3708 atque
2383 3638 2699 3698 Gomorrhm
2737 3644 2983 3700 imminet
3009 3647 3166 3718 (quas
3195 3647 3462 3711 civitates,
3498 3647 3674 3719 ignem
3708 3651 3757 3696 et

2178 3725 2403 3796 sulphur
2427 3728 2493 3785 de
2518 3730 2657 3787 coelo
2684 3731 2894 3803 pluens,
2930 3735 3189 3791 Dominus
3230 3735 3531 3808 subvertit)
3556 3732 3757 3804 signiﬁ-

2178 3825 2266 3872 cat
2295 3820 2572 3889 prazsentis
2608 3823 2788 3878 saaculi
2837 3827 3250 3893 perversitatem
3297 3827 3387 3882 ubi
3419 3826 3669 3882 diabolus
3702 3822 3752 3876 in

2179 3911 2403 3980 perditis
2431 3925 2638 3984 regnat,
2667 3923 2720 3971 et
2760 3931 2883 3971 cum
2908 3917 3014 3985 his,
3051 3919 3139 3988 qui
3184 3918 3235 3973 in
3262 3918 3375 3975 Deo
3403 3919 3518 3973 vita
3548 3918 3749 3975 vivunt.

2181 4001 2326 4057 nullo
2353 4005 2626 4060 consortio
2656 4006 2904 4078 jungitur
2944 4022 2960 4062 :
2996 4009 3089 4063 sed
3112 4024 3239 4063 vera
3278 4010 3387 4063 vita
3426 4015 3676 4063 carentes
3703 4005 3751 4058 in

2179 4091 2504 4161 profundum
2533 4096 2727 4167 mergit
2750 4096 2966 4152 inferni.
3000 4099 3056 4154 In
3083 4099 3341 4169 sulphure
3369 4098 3513 4155 fetor
3552 4097 3753 4160 carnis,

2179 4188 2234 4235 et
2273 4194 2373 4250 per
2417 4182 2595 4252 ignem
2640 4185 2804 4239 ardor
2841 4187 3093 4242 desiderii
3138 4188 3374 4243 carnalis
3415 4188 3755 4259 exprimitur.

2181 4271 2423 4343 Sulphur
2448 4276 2646 4346 quippe
2693 4275 2919 4332 fetorem
2951 4278 3133 4344 habet,
3172 4280 3314 4350 ignis
3353 4280 3628 4336 ardorem.
3661 4276 3758 4345 Qui

2182 4360 2364 4431 itaque
2386 4363 2453 4417 ad
2479 4378 2734 4434 perversa
2780 4366 3045 4422 desideria
3069 4383 3133 4423 ex
3158 4369 3340 4424 carnis
3386 4368 3565 4424 fetore
3607 4380 3758 4422 arse-

2180 4460 2322 4518 rant,
2377 4454 2596 4524 dignum
2636 4454 2760 4522 fuit,
2808 4466 2869 4511 ut
2915 4458 3077 4513 simul
3113 4459 3371 4530 sulphure
3416 4459 3669 4530 perirent
3711 4464 3765 4512 et

2179 4544 2334 4614 igne,
2391 4556 2657 4618 quatenus
2717 4564 2785 4604 ex
2829 4549 2973 4620 justa
3027 4566 3189 4620 poena
3243 4552 3515 4608 discerent
3565 4551 3764 4620 injuste

2179 4635 2445 4693 desiderio
2491 4639 2622 4709 quid
2669 4638 2942 4695 fecissent.
2993 4636 3169 4697 Lacus
3207 4640 3513 4696 Tiberiadis
3555 4642 3626 4695 ab
3666 4652 3763 4707 op-

2177 4729 2302 4799 pido
2345 4730 2630 4788 Tiberiade
2666 4741 2909 4801 vocatus,
2950 4736 3094 4805 quod
3127 4736 3395 4806 quondam
3427 4733 3674 4790 Herodes
3706 4733 3757 4787 in

2179 4823 2437 4879 honorem
2460 4825 2671 4880 Tiberii
2696 4825 2923 4881 Caesaris
2951 4827 3208 4883 condidit.
3240 4826 3337 4881 Est
3371 4833 3554 4881 autem
3585 4826 3641 4880 in
3672 4821 3763 4878 Ju-

2179 4912 2293 4967 dma
2336 4914 2586 4970 omnibus
2612 4915 2745 4971 lacis
2774 4915 3043 4971 salubrior
3065 4923 3120 4970 et
3147 4916 3215 4971 ad
3243 4915 3531 4971 sanitatem
3570 4927 3766 4984 corpo-

2177 5018 2299 5057 rum
2344 5005 2576 5074 quodam
2617 5006 2775 5062 modo
2823 5005 3113 5062 efﬁcacior.
3163 5005 3409 5061 Genesar
3451 5005 3607 5061 lacus
3654 5017 3769 5057 am-

2178 5095 2455 5165 plissimus
2482 5097 2535 5151 in
2564 5095 2768 5164 Judma,
2799 5097 3131 5167 longitudine
3154 5105 3372 5152 centum
3404 5094 3771 5165 quadraginta

2180 5187 2491 5242 extenditur
2525 5188 2734 5254 stadiis,
2786 5188 3071 5243 latitudine
3111 5187 3471 5258 quadraginta
3510 5183 3772 5239 diffundi-

2185 5290 2294 5343 tur,
2324 5279 2686 5350 crispantibus
2714 5281 2869 5350 aquis
2897 5294 3083 5335 auram
3113 5294 3220 5334 non
3252 5280 3450 5343 Ventis,
3485 5278 3584 5332 sed
3616 5278 3687 5331 de
3714 5288 3775 5330 se

2187 5371 2304 5443 ipso
2328 5372 2427 5427 sibi
2448 5388 2724 5428 excreans.
2747 5371 2901 5428 Unde
2927 5381 2981 5426 et
3001 5371 3241 5428 Genesar
3260 5372 3458 5427 dicitur
3475 5385 3659 5441 graeco
3681 5382 3777 5422 vo-

2186 5461 2399 5529 cabulo,
2420 5464 2573 5533 quasi
2590 5478 2854 5535 generans
2875 5463 2976 5519 sibi
2997 5479 3207 5518 auram.
3233 5463 3474 5533 Denique
3488 5477 3590 5532 per
3610 5457 3779 5516 diffu-

2188 5554 2330 5609 siora
2381 5556 2553 5625 spatia
2608 5554 2753 5610 lacus
2810 5554 3184 5625 frequentibus
3226 5555 3376 5610 auris
3431 5552 3779 5624 spirantibus

2192 5646 2444 5717 agitatur,
2477 5645 2617 5702 unde
2649 5656 2704 5703 et
2741 5646 2928 5718 purior
2966 5646 3192 5703 haustus
3224 5644 3363 5718 ejus,
3393 5658 3450 5701 et
3483 5642 3551 5699 ad
3578 5650 3780 5713 potanc
