4072 6198
333 281 439 337 5H

1357 279 1441 333 DE
1483 276 1827 338 UNlV'ERSO
1867 281 2045 335 LIBRI
2083 281 2243 336 XXII.
2283 315 2350 322 —-
2391 285 2514 340 LIB.
2558 286 2646 340 ΧΙ.

3505 299 3608 352 513

334 405 466 458 dum
511 401 684 456 dulcis
711 409 764 456 et
798 399 1018 455 habilis.
1055 399 1316 469 Denique,
1345 399 1391 454 si
1421 400 1683 456 sciremus
1709 401 1836 470 quid
1870 399 1924 455 in
1954 400 2003 460 Α
2027 415 2240 469 aquam,
2268 417 2426 471 quam
2452 419 2543 472 ego
2569 403 2657 468 do,
2693 403 2780 470 ﬁet
2808 406 2860 458 in
2891 420 2948 457 eo
2973 405 3088 474 fons
3116 424 3264 476 aqua:
3291 408 3525 466 salientis
3554 415 3609 466 in

333 493 529 549 Latina
575 492 755 564 lingua
788 499 1004 545 resonet
1033 489 1294 555 Genesar,
1336 491 1757 562 intelligeremus
1793 509 1926 564 quo-

336 583 497 639 modo
527 580 687 638 Iesus
712 597 809 652 per
835 591 1020 652 typum
1063 581 1444 651 Apostolorum
1473 593 1527 638 et
1558 585 1712 640 navis
1736 585 1925 642 Eccle-

333 678 472 732 siam
506 677 573 730 de
600 674 996 745 persecutionis
1029 673 1311 745 naufragio
1345 673 1630 731 liberatam
1668 680 1922 734 transdu-

335 775 422 820 cat
443 767 509 820 ad
536 765 713 831 littus,
747 772 802 820 et
830 764 883 818 in
914 763 1357 833 tranquillissime
1383 774 1542 836 portu
1575 767 1922 837 requiescere

337 855 519 911 faciat.
572 856 962 926 Interpretatur
1001 864 1181 910 autem
1209 853 1471 922 Genesar,
1521 865 1672 912 ortus
1714 859 1921 928 princi-

335 946 503 1015 pium,
533 955 593 1001 ut
624 947 676 1000 in
709 947 846 1002 libro
867 946 932 1000 de
954 946 1261 1002 nominibus
1288 947 1566 1003 Hebraicis
1590 949 1916 1006 invenimus.

331 1036 485 1092 'l'unc
541 1037 688 1090 enim
749 1035 906 1106 plena
968 1037 1124 1091 nobis
1183 1036 1452 1092 tribuetur
1511 1039 1872 1108 tranquillitas
1901 1081 1916 1107 ,

329 1127 550 1198 quando
573 1126 812 1182 Paradisi
845 1141 941 1196 per
963 1125 1236 1182 Christum
1263 1127 1418 1183 nobis
1458 1128 1774 1184 restituetur
1803 1129 1916 1184 ha:-

331 1217 559 1282 reditas,
582 1232 649 1271 ac
675 1216 862 1285 prima:
903 1215 1052 1270 stola:
1094 1216 1350 1270 reddetur
1381 1217 1714 1287 jucunditas.
1743 1219 1917 1273 Lacus

331 1308 470 1361 enim
499 1306 742 1377 generali
773 1306 1032 1360 vocabulo
1059 1313 1153 1360 aut
1175 1321 1274 1375 pro
1305 1305 1515 1361 inferno
1544 1308 1781 1375 ponitur,
1825 1317 1916 1362 aut

328 1414 422 1468 pro
463 1396 746 1467 sepultura
791 1394 1006 1461 foveali,
1058 1405 1153 1450 aut
1174 1396 1332 1451 istius
1377 1397 1562 1452 mundi
1607 1397 1916 1467 profundis-

326 1490 460 1543 sima
490 1489 829 1543 calamitate.
885 1489 1091 1542 Dicitur
1117 1489 1262 1543 enim
1294 1489 1418 1544 inde
1447 1489 1618 1556 lacus,
1644 1491 1786 1561 quod
1815 1490 1915 1546 sub

327 1582 436 1651 ipsa
475 1591 626 1636 terra
653 1581 839 1636 lateat.
873 1581 1006 1635 Nam
1034 1581 1184 1638 lacus
1211 1598 1311 1652 pro
1341 1582 1551 1638 inferno
1586 1593 1826 1650 notatur,
1853 1592 1914 1639 ut

322 1682 401 1726 cst
437 1672 572 1726 illud
600 1672 902 1728 Psalmista:
933 1689 945 1727 :
974 1671 1271 1728 Posuerunt
1298 1691 1380 1728 me
1408 1675 1461 1728 in
1487 1673 1659 1728 lacum
1685 1675 1908 1744 inferio-

322 1782 451 1830 rem,
495 1766 553 1818 in
597 1766 838 1820 tenebras
871 1773 920 1818 et
947 1764 1131 1818 umbra
1176 1765 1357 1819 mortis
1386 1763 1574 1837 (Psal.
1601 1782 1816 1820 Lxxxvn

321 1860 410 1915 Sic
441 1869 499 1916 et
531 1861 586 1914 in
618 1859 710 1914 illo
733 1859 1044 1914 testimonio
1074 1858 1350 1913 Zachariae
1378 1857 1680 1928 Prophetas,
1711 1873 1818 1927 quo
1843 1858 1911 1912 ad

321 1952 496 2020 ipsum
526 1949 815 2006 Dominum
840 1949 944 2004 ait:
963 1949 1029 2004 In
1047 1951 1300 2021 sanguine
1319 1951 1612 2004 testamenti
1631 1951 1708 2004 tui
1728 1950 1911 2003 eduxit

323 2041 606 2114 [eduxisti]
639 2042 833 2096 vinctos
865 2051 981 2095 tuos
1020 2041 1083 2094 de
1127 2040 1270 2106 lacu,
1302 2041 1357 2094 in
1389 2057 1489 2111 quo
1520 2057 1621 2094 non
1658 2047 1731 2092 est
1767 2056 1908 2109 aqua

321 2131 506 2204 (Zach.
543 2134 646 2203 Ix).
674 2131 827 2200 Quod
855 2131 927 2186 ita
955 2129 1378 2200 intelligitur:ln
1407 2129 1668 2200 sanguine
1695 2129 1905 2199 passio-

320 2223 401 2275 nis
445 2232 573 2285 ture,
607 2239 642 2278 ο
666 2223 939 2288 Salvator,
973 2237 1066 2276 eos
1092 2221 1183 2290 qui
1212 2221 1378 2275 vincti
1423 2220 1478 2274 in
1506 2233 1726 2275 carcere
1755 2228 1905 2274 tene-

318 2316 519 2370 bantur
548 2316 769 2381 inferni,
798 2317 850 2370 in
877 2331 983 2385 quo
1012 2331 1118 2370 non
1143 2323 1228 2370 est
1252 2315 1359 2370 ulla
1388 2315 1778 2379 misericordia,
1813 2324 1902 2369 tua

320 2407 610 2462 clementia
653 2407 912 2462 liherasti.
958 2407 1088 2462 Item
1116 2406 1264 2463 lacus
1303 2421 1402 2476 pro
1440 2406 1713 2476 sepultura
1753 2407 1906 2476 poni-

318 2506 424 2560 tur,
479 2506 539 2552 nt
583 2506 667 2552 est
713 2497 840 2551 illud
889 2497 1185 2552 Psalmistte
1217 2514 1231 2550 :
1266 2496 1584 2550 xEstimatus
1619 2513 1736 2549 sum
1785 2513 1904 2551 cum

317 2587 750 2640 descendentibus
769 2587 821 2639 in
845 2587 1016 2640 lacum
1042 2590 1058 2657 (
1085 2586 1230 2642 Psal.
1261 2603 1478 2641 Lxxxvu
1501 2585 1542 2658 ).
1572 2585 1766 2656 Culpat
1785 2602 1900 2651 eos,

321 2678 415 2750 qui
457 2680 728 2748 putabant
764 2673 1045 2734 Dominum
1075 2679 1410 2735 Salvatorem
1437 2687 1708 2734 mortuum
1735 2678 1901 2734 fuisse

319 2770 703 2834 communiter,
734 2778 788 2825 et
825 2771 968 2825 illam
999 2771 1321 2841 singularem
1355 2779 1411 2826 et
1437 2770 1740 2826 mirabilem
1779 2787 1904 2840 pas-

320 2859 529 2912 sionem
572 2857 930 2913 morientibus
963 2857 1182 2927 reliquis
1219 2859 1528 2914 hominibus
1568 2873 1898 2930 comparem.

321 2949 556 3004 Rursum
615 2950 668 3004 in
729 2950 830 3004 laci
877 2951 1094 3006 nomine
1150 2951 1566 3021 profundissima
1619 2953 1902 3009 calamitas

1842 1732 1988 1837 Mn

2027 486 2184 540 vitam
2215 497 2459 542 a'ternam
2484 488 2674 560 (Joan.
2702 490 2806 562 iV).
2851 491 3111 562 Baptismi
3142 509 3270 549 vero
3298 512 3606 554 sacramen-

2026 584 2138 631 tum
2170 580 2404 633 ostendit
2433 579 2557 634 illnd
2595 581 2870 636 Zachariae
2908 582 3220 653 Prophetm,
3255 602 3362 655 quo
3389 589 3464 642 ait
3497 609 3508 642 :
3540 590 3603 644 In

2023 668 2107 722 die
2136 668 2228 722 illa
2263 672 2360 724 erit
2399 671 2518 741 fons
2549 683 2732 742 patens
2767 674 2948 728 domui
2992 675 3184 740 David,
3227 687 3273 732 et
3314 680 3601 735 habitanti-

2022 759 2116 814 bus
2135 759 2428 814 Jerusalem
2457 763 2511 814 in
2538 762 2854 818 ablutionem
2885 767 3168 834 peccatoris
3191 779 3238 822 et
3266 779 3602 827 menstruam:

2022 848 2215 922 (Zach.
2265 851 2415 924 xm).
2450 851 2547 908 Hic
2572 852 2690 910 fons
2712 856 2777 910 de
2803 856 2962 912 domo
2994 857 3088 912 Dei
3119 860 3401 929 egrediens
3429 861 3602 917 fertur

2018 942 2087 996 ad
2112 940 2430 1010 Ecclesium,
2455 951 2508 998 et
2535 946 2603 999 ad
2631 947 2912 1001 scient-iam
2941 947 3366 1020 Scripturarum,
3400 961 3460 1007 ut
3483 971 3600 1008 om-

2018 1046 2115 1088 nes
2135 1047 2483 1088 renascamur
2510 1035 2565 1089 in
2593 1035 2828 1103 Christo,
2879 1046 2934 1091 et
2971 1040 3026 1093 in
3059 1055 3197 1110 aqua
3226 1042 3598 1111 Baptismatis,

2017 1129 2203 1176 nostra
2258 1125 2414 1179 nobis
2461 1135 2681 1194 peccata
2729 1126 3019 1183 donentur.
3074 1129 3217 1186 Nihil
3267 1133 3598 1190 immundius

2016 1221 2368 1278 menstruata,
2405 1230 2524 1284 qua:
2567 1217 2822 1286 quicquid
2854 1219 3122 1289 attigerit,
3152 1221 3484 1278 immundum
3513 1224 3595 1279 fa-

2015 1301 2089 1357 cit
2121 1318 2135 1356 :
2162 1312 2217 1357 et
2253 1304 2576 1374 injustorum
2618 1309 2804 1363 sordes
2850 1307 3053 1364 Christi
3096 1312 3390 1367 abluuntur
3414 1317 3596 1386 Bapti-

2015 1402 2206 1450 smate.
2259 1395 2402 1451 Fons
2449 1395 2731 1464 Salvator,
2773 1409 2833 1454 ut.
2879 1401 2932 1454 in
2973 1399 3252 1459 Jcremia:
3288 1403 3374 1458 Me
3409 1407 3599 1459 dereli-

2011 1495 2233 1556 querunt
2259 1487 2456 1556 fontem
2482 1505 2633 1558 aqua?
2660 1490 2786 1544 viva:
2816 1490 2960 1561 (Jer.
2985 1492 3084 1563 ιι).
3130 1491 3273 1548 Fons
3294 1493 3596 1565 baptismus

2012 1577 2064 1632 in
2089 1577 2205 1634 Joel
2239 1593 2253 1632 :
2287 1578 2353 1632 Et
2385 1579 2504 1648 fons
2534 1579 2598 1632 de
2627 1578 2780 1633 domo
2805 1579 3017 1634 Domini
3058 1581 3351 1652 egredietur
3383 1593 3431 1638 et
3470 1585 3596 1639 irri-

2013 1670 2152 1741 gabit
2180 1687 2382 1725 omnem
2409 1680 2602 1724 terram
2635 1671 2805 1742 (Joel.
2846 1689 2906 1727 ιιι
2930 1673 2969 1743 ).
3000 1673 3066 1728 Ει
3095 1675 3147 1729 in
3175 1675 3336 1730 aliam
3358 1685 3591 1746 partem,

2020 1772 2075 1818 ut
2101 1764 2154 1819 in
2175 1765 2470 1835 propheta:
2494 1765 2878 1820 Dessiccabitur
2899 1768 3091 1838 ﬂuvius
3112 1786 3143 1823 a
3165 1769 3307 1839 fonte
3326 1787 3421 1824 suo
3443 1770 3588 1843 (Isa.

2015 1853 2167 1926 xix).
2210 1854 2436 1919 Fontes,
2511 1857 2683 1912 sancti
2728 1858 3142 1927 praedicatores,
3194 1866 3252 1914 ut
3303 1861 3358 1916 in
3406 1861 3588 1917 lsaia:

2014 1945 2288 2000 llaurietis
2329 1965 2493 2018 aquas
2546 1950 2601 2003 in
2654 1950 2847 2018 gaudio
2901 1951 2965 2004 de
3014 1951 3244 2020 fontibus
3299 1952 3590 2010 Salvatoris

2013 2036 2169 2107 (Isa.
2226 2053 2299 2090 xu
2325 2037 2366 2109 ).
2411 2039 2476 2093 Et
2516 2039 2567 2092 in
2614 2040 2774 2093 aliam
2810 2049 3020 2109 partem
3066 2055 3162 2110 per
3201 2041 3316 2098 Joel
3347 2061 3360 2096 :
3393 2044 3499 2098 Sed
3541 2055 3589 2099 et

2010 2126 2184 2181 bestia:
2212 2138 2554 2197 suspexerunt
2584 2130 2653 2182 ad
2689 2139 2755 2195 te,
2798 2131 3045 2184 exsiccati
3083 2141 3204 2184 sunt
3233 2131 3401 2201 fontes
3427 2151 3590 2203 aqua-

2007 2233 2144 2270 rum.
2199 2217 2417 2285 Fontes,
2469 2220 2705 2275 lneretici
2751 2221 2804 2275 in
2853 2221 3087 2292 Epistola
3119 2221 3304 2277 Petri:
3342 2221 3414 2276 Ili
3465 2235 3585 2277 sunt

2009 2307 2178 2376 fontes
2227 2309 2337 2363 sine
2373 2326 2510 2380 aqua
2541 2309 2636 2381 (II
2680 2311 2792 2366 Pet.
2832 2311 2924 2385 ιι).
2981 2312 3124 2367 Fons
3170 2313 3322 2385 origo
3373 2315 3586 2386 generis

2008 2403 2224 2458 humani
2259 2405 2310 2458 in
2345 2404 2667 2462 Salomone:
2696 2409 2983 2478 Antequam
3020 2417 3293 2479 rumpatur
3333 2408 3472 2478 funis
3500 2426 3587 2462 ar-

2005 2503 2237 2564 genteus,
2268 2505 2315 2548 et
2359 2506 2591 2550 recurrat
2632 2497 2781 2561 iuxta
2812 2495 3007 2570 [vitta]
3055 2513 3236 2563 aurea,
3274 2507 3320 2551 et
3350 2506 3589 2551 contera-

2005 2591 2092 2636 tur
2124 2583 2310 2652 hydria
2333 2600 2488 2653 super
2507 2583 2705 2653 fontem
2730 2583 2927 2655 (Eccle.
2953 2583 3075 2656 xu),
3113 2585 3166 2639 id
3194 2593 3299 2648 est,
3329 2600 3458 2640 caro
3488 2585 3584 2639 ho-

2007 2674 2168 2728 minis
2195 2689 2291 2744 pcr
2311 2682 2562 2728 mortem.
2594 2672 2738 2729 Fons
2765 2690 2892 2746 ergo
2931 2675 3194 2746 originem
3225 2675 3482 2729 virtutum
3509 2676 3584 2729 si-

2005 2767 2225 2836 gniﬁcat
2265 2767 2318 2820 in
2361 2765 2450 2820 illo
2472 2765 2772 2820 Psalmistaa
2798 2783 2810 2819 :
2839 2765 3101 2830 Quoniam
3129 2765 3269 2836 apud
3289 2775 3336 2818 te
3360 2775 3436 2820 est
3465 2765 3583 2834 fons

2005 2857 2140 2917 vitai,
2173 2856 2295 2909 etin
2327 2855 2519 2908 lumine
2549 2865 2638 2909 tuo
2679 2854 2963 2909 videbimus
2990 2854 3162 2907 lumen
3193 2851 3365 2926 (Psal.
3395 2855 3579 2924 xxxv).

2005 2945 2220 3000 Christo
2277 2945 2504 2999 Domino
2551 2945 2680 3000 dicit
2719 2960 2734 2998 :
2771 2947 3020 3016 quoniam
3070 2945 3209 3014 apud
3241 2953 3290 2998 te
3340 2954 3415 2998 est
3465 2945 3580 3014 fons

318 3040 477 3094 istius
525 3041 710 3094 mundi
745 3042 1086 3112 exprimitur,
1123 3051 1182 3097 υι
1220 3051 1304 3098 εει
1346 3043 1473 3097 illud
1508 3062 1521 3097 ε
1572 3044 1654 3098 Ad
1681 3055 1762 3109 ιε,
1798 3045 1900 3098 Do-
1929 3069 1974 3131 Ο
2007 3036 2140 3096 uiue,
2171 3035 2220 3088 id
2250 3045 2354 3100 est,
2388 3035 2598 3088 initium
2631 3036 2867 3089 omnium
2899 3035 3182 3099 bonorum,
3215 3042 3267 3088 et
3297 3034 3449 3104 origo
3469 3034 3578 3088 vir-

319 3130 479 3193 mine,
522 3129 782 3184 clamavi:
813 3131 956 3185 Deus
980 3148 1141 3195 meus,
1177 3149 1238 3186 ne
1267 3133 1422 3188 sileas
1457 3151 1488 3188 a
1516 3151 1617 3199 me,
1645 3148 1691 3189 et
1721 3152 1808 3189 ero
1830 3135 1902 3189 si-

318 3220 456 3272 milis
488 3219 917 3275 descendentibus
960 3222 1014 3276 in
1055 3221 1226 3276 lacum
1275 3221 1464 3295 (Psal.
1496 3224 1692 3295 CXLII).
1726 3223 1902 3279 Lacus

318 3309 463 3362 enim
509 3309 615 3364 hoc
655 3309 909 3364 smculum
953 3318 1055 3374 est,
1088 3312 1232 3380 quod
1275 3312 1430 3381 quasi
1472 3311 1789 3368 delectabile
1835 3328 1901 3369 ac

317 3398 666 3468 tranquillum
723 3399 1004 3467 creditur;
1067 3401 1159 3455 sed
1206 3415 1341 3471 quas
1398 3399 1793 3471 profunditates
1842 3407 1900 3456 et

315 3502 603 3545 mensuras
676 3489 910 3555 habeat,
988 3491 1285 3561 ignoratur.
1363 3490 1538 3546 Lacus
1606 3491 1758 3546 dolor
1815 3489 1900 3544 vel

315 3576 499 3647 lapsus
548 3581 601 3634 in
650 3588 902 3646 mortem,
931 3581 1072 3635 utin
1111 3579 1375 3636 l‘salterio
1406 3599 1419 3634 :
1451 3580 1650 3636 Lucum
1694 3581 1896 3652 aperuit

313 3678 367 3724 et
393 3670 572 3739 eﬂ’adit
617 3687 734 3725 eum
767 3669 956 3742 (Psal.
1001 3671 1130 3742 vn).
1160 3673 1225 3726 Et
1253 3672 1379 3726 alibi
1412 3690 1426 3725 :
1460 3670 1694 3743 Laqueos
1734 3689 1898 3742 para-

314 3771 499 3814 verunt
541 3762 756 3816 vadibus
786 3762 912 3816 meis
964 3760 1150 3833 (Psal.
1178 3763 1321 3832 Lvt).
1351 3761 1589 3827 Lacuna,
1635 3762 1894 3827 haeretici,

313 3857 378 3910 ut
405 3851 459 3903 in
502 3851 762 3920 propheta
793 3869 805 3906 :
833 3851 936 3918 Qui
971 3852 1232 3921 faciebant
1276 3851 1492 3906 lacunas
1516 3851 1584 3904 ad
1618 3853 1896 3923 capiendos

311 3941 480 4010 pisces
520 3941 674 4013 (lsa.
707 3944 852 4014 xu).

929 4034 1157 4090 CAPUT
1195 4033 1287 4088 1X.

921 4124 997 4178 De
1034 4125 1283 4194 fatalibus.

386 4212 600 4268 Vascho
624 4228 818 4269 nomen
847 4224 930 4269 est
961 4215 1126 4270 fontis
1153 4216 1204 4268 in
1231 4217 1371 4271 tribu
1397 4216 1702 4288 Benjamin,
1731 4227 1785 4271 et
1814 4216 1893 4269 in-

312 4313 664 4376 terpretatur,
695 4305 956 4359 conversio
989 4307 1352 4376 generationis.
1398 4307 1561 4377 Rogcl
1592 4321 1787 4360 nomen
1813 4316 1894 4360 est

2007 3135 2210 3192 tutum;
2244 3129 2383 3180 unde
2420 3125 2810 3196 perfectissime
2854 3125 3208 3197 complemur,
3240 3126 3456 3196 quando
3485 3127 3579 3179 ali-

2002 3216 2146 3288 quod
2193 3232 2388 3271 munus
2432 3218 2497 3270 ab
2526 3215 2644 3286 ejus
2678 3217 2877 3287 pietate
2921 3215 3272 3284 suscepimus.
3319 3213 3582 3270 Similiter

2000 3319 2055 3365 et
2111 3309 2241 3363 illud
2288 3309 2685 3380 intelligendum
2737 3321 2864 3364 est:
2911 3307 3014 3374 Qui
3068 3309 3250 3362 emittit
3304 3309 3473 3378 fontes
3524 3309 3579 3361 in

1999 3399 2354 3464 convallibus,
2429 3400 2794 3454 intermedium
2864 3401 3118 3454 montium
3187 3399 3575 3470 pertransibunt

1999 3507 2148 3560 aqua:
2172 3487 2354 3561 (Psal.
2381 3490 2510 3560 cm)
2545 3490 2707 3560 :qula
2752 3491 3095 3560 omnipotens
3138 3490 3280 3544 Deus
3303 3489 3439 3545 dona
3470 3489 3578 3559 spi-

1999 3581 2170 3636 ritalis
2208 3582 2394 3651 gratiae
2433 3582 2722 3637 humilibus
2759 3589 3002 3652 prmstat,
3036 3597 3140 3652 quo
3175 3583 3295 3636 loco
3325 3581 3413 3636 hic
3442 3597 3576 3635 con-

1997 3671 2161 3726 valles
2200 3683 2493 3742 ponuntur,
2540 3681 2593 3726 et
2627 3687 2779 3741 aquae
2831 3671 3027 3725 divina:
3059 3671 3132 3726 ibi
3178 3686 3394 3741 semper
3431 3685 3573 3724 exrn-

1997 3769 2180 3816 stuant
2209 3780 2220 3815 :
2250 3778 2369 3832 quae
2398 3763 2762 3816 intermedium
2805 3761 3080 3826 montium,
3122 3761 3224 3816 hoc
3251 3770 3353 3827 est,
3386 3776 3572 3829 super-

1999 3856 2190 3909 borum
2244 3855 2618 3910 haereticorum
2665 3855 2783 3909 sine
2842 3854 3022 3925 aliquo
3077 3855 3251 3910 fructu
3299 3863 3576 3925 pertrans-

1999 3945 2171 4000 ibunt.

2619 4033 2846 4089 CAPUT
2886 4034 2951 4089 Χ.

2569 4123 2642 4176 De
2677 4124 2994 4193 ﬂuminibus.

2066 4213 2282 4268 Fluvius
2312 4223 2394 4267 est
2420 4214 2669 4284 perennis
2697 4229 2959 4284 aquarum
2987 4214 3268 4277 decursus,
3298 4229 3326 4267 a
3359 4214 3569 4269 ﬂuendo

1994 4306 2256 4376 perpetim
2286 4306 2479 4360 dictus.
2531 4303 2751 4374 Proprie
2791 4313 2968 4358 autem
2998 4304 3192 4358 ﬂumen
3235 4320 3368 4376 aqua
3412 4307 3522 4375 ipsa
3557 4325 3567 4359 :

311 4393 483 4447 fontis
505 4392 560 4446 in
593 4393 733 4448 tribu
770 4393 1047 4463 Bcnjamin
1075 4409 1089 4447 :
1121 4403 1176 4448 et
1206 4395 1609 4464 interpretatur,
1647 4395 1886 4448 deorsum
1921 4413 1968 4472 ι)
1995 4394 2205 4461 ﬂuvius,
2233 4411 2422 4451 cursus
2446 4411 2618 4466 aqum.
2649 4394 2805 4448 Prius
2841 4403 3019 4450 autem
3057 4394 3254 4448 ﬂumen
3284 4411 3443 4465 quam
3476 4393 3573 4448 lla-

308 4485 504 4553 ferens.
533 4483 724 4538 Sames
763 4482 883 4538 fons
926 4493 1008 4539 est
1031 4483 1085 4538 in
1111 4484 1252 4538 tribu
1290 4484 1590 4556 Beujamin,
1637 4493 1691 4540 et.
1717 4485 1886 4538 inter.

309 4584 579 4645 pretatur,
604 4576 703 4630 sol.
726 4575 894 4630 Areth
925 4576 1062 4641 lous,
1093 4577 1233 4646 apud
1257 4594 1414 4647 quem
1439 4577 1654 4634 Gedeon
1678 4589 1888 4634 castra-

312 4681 549 4727 .stetatus
595 4660 938 4744 est'(Judic.
971 4672 1076 4743 vn)
1104 4673 1520 4742 interpretatur,
1577 4673 1890 4743 artifex:ct

309 4763 528 4826 merito,
563 4764 690 4832 quia
714 4763 784 4818 ibi
815 4763 1022 4818 Domini
1057 4764 1310 4817 mandato
1347 4763 1674 4832 probabatur
1720 4777 1887 4832 popu-

308 4853 418 4917 lus,
441 4851 593 4920 juxta
625 4870 810 4923 aquas,
841 4855 1078 4925 quicum
1104 4853 1353 4908 cheone
1385 4862 1718 4924 pugnaturus
1747 4862 1881 4907 erat.

311 4945 458 4999 Fons
478 4959 692 5015 quoque
715 4957 807 5000 aut
835 4945 1118 5000 Demittunt
1151 4944 1422 4999 Christum
1464 4944 1690 5014 mystice
1725 4944 1890 5014 signi-

309 5035 462 5101 ﬁcat,
493 5047 584 5089 aut
615 5037 844 5105 gratiam
876 5035 1110 5105 Spiritus
1150 5035 1345 5098 sancti,
1394 5042 1486 5087 aut
1522 5033 1780 5102 Baptismi
1810 5032 1888 5085 la-

310 5141 554 5190 vacrum,
605 5136 699 5180 aut
726 5125 986 5196 originem
1022 5126 1281 5179 virtutum
1333 5123 1464 5178 Nam
1499 5123 1776 5177 Christum
1809 5122 1886 5176 si-

308 5215 530 5285 gniﬁcat
553 5217 604 5270 iu
635 5232 723 5281 eo,
747 5216 884 5286 quod
918 5217 969 5269 in
992 5215 1190 5271 Genesi
1219 5215 1414 5284 legitur
1443 5211 1601 5284 (Cen.
1627 5212 1719 5284 tl),
1763 5214 1884 5266 fon-

313 5315 424 5359 tem
468 5321 588 5360 esse
617 5307 668 5360 in
697 5307 872 5360 medio
911 5305 1184 5370 Paradisi,
1235 5305 1376 5359 unde
1399 5313 1630 5374 quatuor
1668 5301 1884 5356 ﬂumina

305 5395 696 5462 procedebant,
730 5397 832 5450 hoc
871 5406 989 5461 est,
1036 5403 1270 5465 quatuor
1309 5393 1594 5464 Evangelia
1633 5394 1697 5446 de
1743 5393 1886 5446 fonte

309 5484 568 5541 salutaris
619 5488 967 5557 procedentia
1014 5488 1080 5542 ad
1123 5487 1491 5557 irrigationem
1528 5484 1738 5554 generis
1783 5485 1886 5538 hu-

304 5574 476 5626 mani.
507 5573 640 5628 ltetn
677 5576 797 5632 fons
835 5575 1067 5646 Spiritus
1094 5577 1264 5631 sancti
1291 5575 1518 5646 gratiam
1561 5573 1804 5644 designat
1833 5573 1884 5626 in

305 5681 399 5728 eo,
439 5667 581 5738 quod
630 5667 886 5725 Dominus
931 5669 1059 5723 dicit
1101 5669 1151 5724 in
1199 5669 1487 5741 Evangelia
1523 5688 1533 5723 :
1564 5669 1664 5734 Qui
1708 5668 1888 5723 biberit

1995 4488 2133 4552 vius,
2161 4487 2212 4542 id
2237 4496 2340 4552 est,
2384 4487 2533 4557 prior
2579 4501 2716 4556 aqua
2754 4502 2914 4556 quam
2958 4486 3238 4541 decursus.
3280 4485 3392 4541 Duo
3443 4495 3568 4541 sunt

1992 4591 2169 4636 autem
2199 4581 2476 4634 ﬂuminum
2505 4595 2724 4651 genera,
2765 4595 2928 4632 unum
2972 4588 3206 4643 torrens,
3237 4579 3464 4633 alterum
3491 4578 3572 4631 vi-

1992 4687 2138 4725 vum.
2205 4671 2282 4725 De
2335 4685 2441 4740 quo
2493 4669 2749 4741 Virgilius
2794 4687 2806 4722 :
2850 4669 3024 4724 Donec
3069 4687 3147 4723 me
3195 4671 3410 4740 ﬂumine
3460 4669 3567 4723 rivo

1991 4765 2223 4818 abluero.
2284 4765 2518 4819 Torrcns
2574 4772 2657 4819 est
2705 4780 2843 4834 aqua
2893 4765 3113 4818 veniens
3161 4780 3282 4820 cum
3341 4765 3565 4834 impetu.

1991 4857 2176 4911 Dictus
2212 4865 2390 4910 autem
2418 4865 2648 4922 torrens,
2700 4857 2821 4926 quia
2852 4857 3026 4926 pluvia
3055 4859 3272 4922 crescit,
3322 4857 3567 4910 siccitate

1995 4947 2265 5011 tori-escit,
2311 4947 2363 5002 id
2387 4956 2488 5013 est,
2534 4947 2747 5001 arescit.
2785 4947 3048 5017 Allegoria
3080 4945 3223 5000 ﬂuvii
3260 4960 3354 4999 seu
3386 4941 3566 4996 ﬂumi-

1992 5036 2075 5090 nis
2103 5036 2391 5105 aliquando
2421 5035 2474 5090 in
2502 5037 2699 5091 bonam
2731 5042 2960 5104 partem,
3000 5034 3286 5102 aliquando
3333 5031 3386 5084 in
3436 5045 3564 5085 con-

1993 5126 2214 5179 trariam
2267 5125 2511 5179 vertitur.
2571 5125 2626 5178 In
2664 5123 2860 5179 bonam
2905 5134 3112 5193 partem
3147 5121 3365 5176 ﬂumina
3414 5122 3561 5178 acci-

1991 5219 2229 5289 piuntur,
2274 5216 2364 5270 ubi
2414 5216 2663 5270 Salvator
2695 5216 2826 5270 dicit
2858 5234 2870 5269 :
2909 5215 3010 5280 Qui
3039 5215 3093 5267 in
3122 5229 3201 5266 me
3234 5212 3416 5279 credit,
3460 5215 3566 5283 ﬂu-

1987 5307 2126 5360 mina
2149 5305 2211 5359 de
2241 5314 2410 5359 ventre
2433 5305 2547 5374 ejus
2577 5307 2736 5374 [luent
2769 5320 2914 5373 aqutc
2944 5303 3065 5356 viva:
3099 5300 3290 5372 (Joan.
3320 5299 3437 5372 vn)
3463 5341 3479 5367 ,
3510 5300 3563 5355 id

1987 5407 2092 5464 est,
2145 5397 2330 5468 gratiae
2377 5397 2644 5467 spiritales
2691 5398 2754 5451 de
2795 5395 2973 5450 cordis
3029 5404 3239 5450 secreto
3281 5406 3557 5450 emanant.

1991 5487 2080 5542 Sic
2116 5487 2279 5542 etiam
2313 5487 2365 5540 in
2404 5487 2665 5540 Psalterio
2698 5502 2711 5539 :
2747 5483 3025 5549 Fluminis,
3073 5485 3264 5554 inquit,
3320 5485 3560 5556 impetus.

1991 5581 2092 5634 hoc
2135 5586 2238 5641 est,
2287 5576 2457 5648 gratia
2503 5573 2735 5644 Spiritus
2782 5573 2976 5639 sancti,
3027 5574 3258 5643 lwtiﬁcat
3307 5575 3562 5630 civitatem

1993 5670 2088 5724 Dei
2117 5670 2132 5740 (
2159 5666 2304 5723 Psal.
2355 5684 2452 5722 κων
2476 5667 2516 5738 ),
2551 5666 2600 5720 id
2639 5673 2740 5721 est.
2782 5664 3075 5724 Ecclesium
3119 5667 3232 5724 Dei.
3281 5669 3345 5724 lit
3392 5667 3514 5723 alibi
3549 5684 3561 5721 :
