  <div class='ocr_page' id='page_1' title='image "/cluster/home/n/w/nwhite01/storage/ocr_20150623/111/hvd.32044054759766/165.png"; bbox 0 0 3974 6188; ppageno 0'>
   <div class='ocr_carea' id='block_1_1' title="bbox 447 305 550 360">
    <p class='ocr_par' dir='ltr' id='par_1_1' title="bbox 447 305 550 360">
     <span class='ocr_line' id='line_1_1' title="bbox 447 305 550 360; baseline 0 -1"><span class='ocrx_word' id='word_1_1' title='bbox 447 305 550 360; x_wconf 67' lang='grc'><strong>519</strong></span> 
     </span>
    </p>
   </div>
   <div class='ocr_carea' id='block_1_2' title="bbox 1078 295 3029 356">
    <p class='ocr_par' dir='ltr' id='par_1_2' title="bbox 1078 295 3029 356">
     <span class='ocr_line' id='line_1_2' title="bbox 1078 295 3029 356; baseline 0 -2"><span class='ocrx_word' id='word_1_2' title='bbox 1078 302 1137 354; x_wconf 87' lang='grc' dir='ltr'><strong>Β.</strong></span> <span class='ocrx_word' id='word_1_3' title='bbox 1177 299 1429 354; x_wconf 66' lang='grc' dir='ltr'><strong>ΚᾹΒΑΝΙ</strong></span> <span class='ocrx_word' id='word_1_4' title='bbox 1471 299 1690 356; x_wconf 73' lang='lat' dir='ltr'><strong>MAURI</strong></span> <span class='ocrx_word' id='word_1_5' title='bbox 1728 297 2049 356; x_wconf 79' lang='lat' dir='ltr'><strong>ARCHIEP.</strong></span> <span class='ocrx_word' id='word_1_6' title='bbox 2093 295 2701 355; x_wconf 72' lang='lat' dir='ltr'><strong>MOGUNT.OPERUM</strong></span> <span class='ocrx_word' id='word_1_7' title='bbox 2744 297 2924 353; x_wconf 67' lang='lat' dir='ltr'><strong>PARS</strong></span> <span class='ocrx_word' id='word_1_8' title='bbox 2969 299 3029 354; x_wconf 92' lang='lat' dir='ltr'><strong>ll.</strong></span> 
     </span>
    </p>
   </div>
   <div class='ocr_carea' id='block_1_3' title="bbox 3595 304 3707 361">
    <p class='ocr_par' dir='ltr' id='par_1_3' title="bbox 3595 304 3707 361">
     <span class='ocr_line' id='line_1_3' title="bbox 3595 304 3707 361; baseline -0.036 0"><span class='ocrx_word' id='word_1_9' title='bbox 3595 304 3707 361; x_wconf 70' lang='lat'><strong>320</strong></span> 
     </span>
    </p>
   </div>
   <div class='ocr_carea' id='block_1_4' title="bbox 451 405 3712 486">
    <p class='ocr_par' dir='ltr' id='par_1_4' title="bbox 451 405 3712 486">
     <span class='ocr_line' id='line_1_4' title="bbox 451 405 3712 486; baseline -0.002 -15"><span class='ocrx_word' id='word_1_10' title='bbox 451 417 676 472; x_wconf 85' lang='lat' dir='ltr'><strong>Flu’men</strong></span> <span class='ocrx_word' id='word_1_11' title='bbox 709 415 800 469; x_wconf 87' lang='lat' dir='ltr'><strong>Dei</strong></span> <span class='ocrx_word' id='word_1_12' title='bbox 837 415 1087 486; x_wconf 87' lang='lat' dir='ltr'><strong>repletum</strong></span> <span class='ocrx_word' id='word_1_13' title='bbox 1114 423 1187 468; x_wconf 83' lang='lat' dir='ltr'><strong>est</strong></span> <span class='ocrx_word' id='word_1_14' title='bbox 1211 431 1347 484; x_wconf 85' lang='lat' dir='ltr'><strong>aqua</strong></span> <span class='ocrx_word' id='word_1_15' title='bbox 1380 411 1565 485; x_wconf 86' lang='lat' dir='ltr'><strong>(Psal.</strong></span> <span class='ocrx_word' id='word_1_16' title='bbox 1596 411 1772 485; x_wconf 75' lang='lat' dir='ltr'><strong>um).</strong></span> <span class='ocrx_word' id='word_1_17' title='bbox 1821 409 2026 466; x_wconf 87' lang='lat' dir='ltr'><strong>Simili-</strong></span> <span class='ocrx_word' id='word_1_18' title='bbox 2055 418 2100 470; x_wconf 79' lang='grc' dir='ltr'><strong>Α</strong></span> <span class='ocrx_word' id='word_1_19' title='bbox 2131 407 2346 478; x_wconf 83' lang='lat' dir='ltr'><strong>Ganges</strong></span> <span class='ocrx_word' id='word_1_20' title='bbox 2383 405 2604 472; x_wconf 91' lang='lat' dir='ltr'><strong>ﬂuvius,</strong></span> <span class='ocrx_word' id='word_1_21' title='bbox 2633 423 2793 476; x_wconf 86' lang='lat' dir='ltr'><strong>quem</strong></span> <span class='ocrx_word' id='word_1_22' title='bbox 2829 407 3028 462; x_wconf 82' lang='lat' dir='ltr'><strong>Phison</strong></span> <span class='ocrx_word' id='word_1_23' title='bbox 3065 416 3252 464; x_wconf 89' lang='lat' dir='ltr'><strong>sancta</strong></span> <span class='ocrx_word' id='word_1_24' title='bbox 3300 409 3579 481; x_wconf 77' lang='lat' dir='ltr'><strong>Scriptura</strong></span> <span class='ocrx_word' id='word_1_25' title='bbox 3617 430 3712 470; x_wconf 80' lang='lat' dir='ltr'><strong>co-</strong></span> 
     </span>
    </p>
   </div>
   <div class='ocr_carea' id='block_1_5' title="bbox 452 502 2028 572">
    <p class='ocr_par' dir='ltr' id='par_1_5' title="bbox 452 502 2028 572">
     <span class='ocr_line' id='line_1_5' title="bbox 452 502 2028 572; baseline -0.005 -10"><span class='ocrx_word' id='word_1_26' title='bbox 452 519 535 562; x_wconf 87' lang='lat' dir='ltr'><strong>ter</strong></span> <span class='ocrx_word' id='word_1_27' title='bbox 575 515 628 560; x_wconf 88' lang='lat' dir='ltr'><strong>et</strong></span> <span class='ocrx_word' id='word_1_28' title='bbox 659 505 786 560; x_wconf 90' lang='lat' dir='ltr'><strong>illud</strong></span> <span class='ocrx_word' id='word_1_29' title='bbox 829 504 1148 569; x_wconf 64' lang='lat' dir='ltr'><strong>Psalmistat,</strong></span> <span class='ocrx_word' id='word_1_30' title='bbox 1187 504 1277 559; x_wconf 92' lang='lat' dir='ltr'><strong>ubi</strong></span> <span class='ocrx_word' id='word_1_31' title='bbox 1309 503 1382 558; x_wconf 90' lang='lat' dir='ltr'><strong>ait</strong></span> <span class='ocrx_word' id='word_1_32' title='bbox 1414 522 1426 557; x_wconf 91' lang='lat'><strong>:</strong></span> <span class='ocrx_word' id='word_1_33' title='bbox 1460 502 1682 557; x_wconf 73' lang='lat' dir='ltr'><strong>Excelsa</strong></span> <span class='ocrx_word' id='word_1_34' title='bbox 1722 512 1813 557; x_wconf 89' lang='lat' dir='ltr'><strong>tua</strong></span> <span class='ocrx_word' id='word_1_35' title='bbox 1852 511 1900 556; x_wconf 87' lang='lat' dir='ltr'><strong>et</strong></span> <span class='ocrx_word' id='word_1_36' title='bbox 1924 503 2028 572; x_wconf 85' lang='lat' dir='ltr'><strong>ﬂu-</strong></span> 
     </span>
    </p>
   </div>
   <div class='ocr_carea' id='block_1_6' title="bbox 451 592 2029 665">
    <p class='ocr_par' dir='ltr' id='par_1_6' title="bbox 451 592 2029 665">
     <span class='ocr_line' id='line_1_6' title="bbox 451 592 2029 665; baseline -0.003 -15"><span class='ocrx_word' id='word_1_37' title='bbox 451 607 564 650; x_wconf 87' lang='lat' dir='ltr'><strong>ctus</strong></span> <span class='ocrx_word' id='word_1_38' title='bbox 607 597 684 649; x_wconf 87' lang='lat' dir='ltr'><strong>tui</strong></span> <span class='ocrx_word' id='word_1_39' title='bbox 712 612 867 664; x_wconf 83' lang='lat' dir='ltr'><strong><em>super</em></strong></span> <span class='ocrx_word' id='word_1_40' title='bbox 900 612 979 648; x_wconf 88' lang='lat' dir='ltr'><strong>me</strong></span> <span class='ocrx_word' id='word_1_41' title='bbox 1012 596 1331 649; x_wconf 88' lang='lat' dir='ltr'><strong>transierunt</strong></span> <span class='ocrx_word' id='word_1_42' title='bbox 1376 592 1558 665; x_wconf 82' lang='lat' dir='ltr'><strong>(Psal.</strong></span> <span class='ocrx_word' id='word_1_43' title='bbox 1609 593 1750 665; x_wconf 80' lang='lat' dir='ltr'><strong>xm).</strong></span> <span class='ocrx_word' id='word_1_44' title='bbox 1806 593 2029 648; x_wconf 73' lang='lat' dir='ltr'><strong>Excelsa</strong></span> 
     </span>
    </p>
   </div>
   <div class='ocr_carea' id='block_1_7' title="bbox 453 685 2032 755">
    <p class='ocr_par' dir='ltr' id='par_1_7' title="bbox 453 685 2032 755">
     <span class='ocr_line' id='line_1_7' title="bbox 453 685 2032 755; baseline -0.002 -14"><span class='ocrx_word' id='word_1_45' title='bbox 453 702 582 741; x_wconf 88' lang='lat' dir='ltr'><strong>vero</strong></span> <span class='ocrx_word' id='word_1_46' title='bbox 629 695 684 741; x_wconf 91' lang='lat' dir='ltr'><strong>et</strong></span> <span class='ocrx_word' id='word_1_47' title='bbox 729 685 923 740; x_wconf 91' lang='lat' dir='ltr'><strong>ﬂuctus</strong></span> <span class='ocrx_word' id='word_1_48' title='bbox 974 687 1040 740; x_wconf 91' lang='lat' dir='ltr'><strong>ad</strong></span> <span class='ocrx_word' id='word_1_49' title='bbox 1088 685 1397 754; x_wconf 89' lang='lat' dir='ltr'><strong>Scripturas</strong></span> <span class='ocrx_word' id='word_1_50' title='bbox 1432 701 1618 740; x_wconf 89' lang='lat' dir='ltr'><strong>sacras</strong></span> <span class='ocrx_word' id='word_1_51' title='bbox 1667 693 2032 755; x_wconf 87' lang='lat' dir='ltr'><strong>competenter</strong></span> 
     </span>
    </p>
   </div>
   <div class='ocr_carea' id='block_1_8' title="bbox 456 777 2031 848">
    <p class='ocr_par' dir='ltr' id='par_1_8' title="bbox 456 777 2031 848">
     <span class='ocr_line' id='line_1_8' title="bbox 456 777 2031 848; baseline 0.002 -18"><span class='ocrx_word' id='word_1_52' title='bbox 456 788 722 848; x_wconf 90' lang='lat' dir='ltr'><strong>aptamus.</strong></span> <span class='ocrx_word' id='word_1_53' title='bbox 753 777 884 847; x_wconf 83' lang='lat' dir='ltr'><strong>Ipsae</strong></span> <span class='ocrx_word' id='word_1_54' title='bbox 913 786 1038 832; x_wconf 88' lang='lat' dir='ltr'><strong>sunt</strong></span> <span class='ocrx_word' id='word_1_55' title='bbox 1064 778 1230 842; x_wconf 90' lang='lat' dir='ltr'><strong>enim,</strong></span> <span class='ocrx_word' id='word_1_56' title='bbox 1257 793 1392 846; x_wconf 90' lang='lat' dir='ltr'><strong>quas</strong></span> <span class='ocrx_word' id='word_1_57' title='bbox 1425 779 1672 847; x_wconf 86' lang='lat' dir='ltr'><strong>superius</strong></span> <span class='ocrx_word' id='word_1_58' title='bbox 1695 778 1916 848; x_wconf 90' lang='lat' dir='ltr'><strong>abyssos</strong></span> <span class='ocrx_word' id='word_1_59' title='bbox 1938 795 2031 833; x_wconf 80' lang='lat' dir='ltr'><strong>vo-</strong></span> 
     </span>
    </p>
   </div>
   <div class='ocr_carea' id='block_1_9' title="bbox 455 865 2032 936">
    <p class='ocr_par' dir='ltr' id='par_1_9' title="bbox 455 865 2032 936">
     <span class='ocr_line' id='line_1_9' title="bbox 455 865 2032 936; baseline 0 -16"><span class='ocrx_word' id='word_1_60' title='bbox 455 867 615 932; x_wconf 93' lang='lat' dir='ltr'><strong>cavit,</strong></span> <span class='ocrx_word' id='word_1_61' title='bbox 645 866 734 920; x_wconf 89' lang='lat' dir='ltr'><strong>ubi</strong></span> <span class='ocrx_word' id='word_1_62' title='bbox 766 876 820 920; x_wconf 88' lang='lat' dir='ltr'><strong>et</strong></span> <span class='ocrx_word' id='word_1_63' title='bbox 846 867 1221 936; x_wconf 89' lang='lat' dir='ltr'><strong>parabolarum</strong></span> <span class='ocrx_word' id='word_1_64' title='bbox 1257 867 1470 936; x_wconf 83' lang='lat' dir='ltr'><strong>quidem</strong></span> <span class='ocrx_word' id='word_1_65' title='bbox 1502 865 1696 921; x_wconf 89' lang='lat' dir='ltr'><strong>ﬂuctus</strong></span> <span class='ocrx_word' id='word_1_66' title='bbox 1728 865 1936 931; x_wconf 76' lang='lat' dir='ltr'><strong>alludit,</strong></span> <span class='ocrx_word' id='word_1_67' title='bbox 1977 876 2032 921; x_wconf 91' lang='lat' dir='ltr'><strong>et</strong></span> 
     </span>
    </p>
   </div>
   <div class='ocr_carea' id='block_1_10' title="bbox 455 956 2032 1029">
    <p class='ocr_par' dir='ltr' id='par_1_10' title="bbox 455 956 2032 1029">
     <span class='ocr_line' id='line_1_10' title="bbox 455 956 2032 1029; baseline -0.001 -18"><span class='ocrx_word' id='word_1_68' title='bbox 455 956 578 1029; x_wconf 75' lang='lat' dir='ltr'><strong>[ut]</strong></span> <span class='ocrx_word' id='word_1_69' title='bbox 631 956 854 1010; x_wconf 85' lang='lat' dir='ltr'><strong>altitudo</strong></span> <span class='ocrx_word' id='word_1_70' title='bbox 896 971 1149 1011; x_wconf 87' lang='lat' dir='ltr'><strong>sensuum</strong></span> <span class='ocrx_word' id='word_1_71' title='bbox 1189 957 1274 1026; x_wconf 89' lang='lat' dir='ltr'><strong>pia</strong></span> <span class='ocrx_word' id='word_1_72' title='bbox 1323 956 1752 1026; x_wconf 81' lang='lat' dir='ltr'><strong>perscrutatione</strong></span> <span class='ocrx_word' id='word_1_73' title='bbox 1802 958 2032 1026; x_wconf 85' lang='lat' dir='ltr'><strong>grande-</strong></span> 
     </span>
    </p>
   </div>
   <div class='ocr_carea' id='block_1_11' title="bbox 454 1045 2031 1117">
    <p class='ocr_par' dir='ltr' id='par_1_11' title="bbox 454 1045 2031 1117">
     <span class='ocr_line' id='line_1_11' title="bbox 454 1045 2031 1117; baseline -0.001 -16"><span class='ocrx_word' id='word_1_74' title='bbox 454 1056 586 1103; x_wconf 89' lang='lat' dir='ltr'><strong>scat.</strong></span> <span class='ocrx_word' id='word_1_75' title='bbox 621 1046 745 1102; x_wconf 72' lang='lat' dir='ltr'><strong>Hzec</strong></span> <span class='ocrx_word' id='word_1_76' title='bbox 769 1063 897 1117; x_wconf 88' lang='lat' dir='ltr'><strong>ergo</strong></span> <span class='ocrx_word' id='word_1_77' title='bbox 927 1062 1087 1116; x_wconf 83' lang='lat' dir='ltr'><strong>supra</strong></span> <span class='ocrx_word' id='word_1_78' title='bbox 1116 1061 1173 1100; x_wconf 90' lang='lat' dir='ltr'><strong>se</strong></span> <span class='ocrx_word' id='word_1_79' title='bbox 1207 1046 1340 1101; x_wconf 80' lang='lat' dir='ltr'><strong>dicit</strong></span> <span class='ocrx_word' id='word_1_80' title='bbox 1385 1047 1643 1100; x_wconf 89' lang='lat' dir='ltr'><strong>transisse</strong></span> <span class='ocrx_word' id='word_1_81' title='bbox 1679 1045 1880 1115; x_wconf 91' lang='lat' dir='ltr'><strong>justus,</strong></span> <span class='ocrx_word' id='word_1_82' title='bbox 1905 1047 2031 1115; x_wconf 85' lang='lat' dir='ltr'><strong>quia</strong></span> 
     </span>
    </p>
   </div>
   <div class='ocr_carea' id='block_1_12' title="bbox 456 1137 2028 1206">
    <p class='ocr_par' dir='ltr' id='par_1_12' title="bbox 456 1137 2028 1206">
     <span class='ocr_line' id='line_1_12' title="bbox 456 1137 2028 1206; baseline -0.001 -13"><span class='ocrx_word' id='word_1_83' title='bbox 456 1141 508 1193; x_wconf 90' lang='lat' dir='ltr'><strong>in</strong></span> <span class='ocrx_word' id='word_1_84' title='bbox 549 1153 735 1193; x_wconf 88' lang='lat' dir='ltr'><strong>eorum</strong></span> <span class='ocrx_word' id='word_1_85' title='bbox 778 1137 967 1191; x_wconf 84' lang='lat' dir='ltr'><strong>notitia</strong></span> <span class='ocrx_word' id='word_1_86' title='bbox 997 1137 1184 1191; x_wconf 90' lang='lat' dir='ltr'><strong>avidus</strong></span> <span class='ocrx_word' id='word_1_87' title='bbox 1214 1153 1272 1192; x_wconf 89' lang='lat' dir='ltr'><strong>se</strong></span> <span class='ocrx_word' id='word_1_88' title='bbox 1315 1146 1682 1206; x_wconf 90' lang='lat' dir='ltr'><strong>pcrscrutator</strong></span> <span class='ocrx_word' id='word_1_89' title='bbox 1711 1138 2028 1192; x_wconf 88' lang='lat' dir='ltr'><strong>immiserat.</strong></span> 
     </span>
    </p>
   </div>
   <div class='ocr_carea' id='block_1_13' title="bbox 453 1226 2032 1299">
    <p class='ocr_par' dir='ltr' id='par_1_13' title="bbox 453 1226 2032 1299">
     <span class='ocr_line' id='line_1_13' title="bbox 453 1226 2032 1299; baseline 0.001 -18"><span class='ocrx_word' id='word_1_90' title='bbox 453 1227 754 1298; x_wconf 88' lang='lat' dir='ltr'><strong>Aliquando</strong></span> <span class='ocrx_word' id='word_1_91' title='bbox 785 1236 963 1282; x_wconf 89' lang='lat' dir='ltr'><strong>autem</strong></span> <span class='ocrx_word' id='word_1_92' title='bbox 993 1227 1212 1280; x_wconf 91' lang='lat' dir='ltr'><strong>ﬂumina</strong></span> <span class='ocrx_word' id='word_1_93' title='bbox 1243 1226 1548 1299; x_wconf 85' lang='lat' dir='ltr'><strong>signiﬁcant</strong></span> <span class='ocrx_word' id='word_1_94' title='bbox 1579 1228 1946 1298; x_wconf 82' lang='lat' dir='ltr'><strong>apostolorum</strong></span> <span class='ocrx_word' id='word_1_95' title='bbox 1977 1237 2032 1283; x_wconf 90' lang='lat' dir='ltr'><strong>et</strong></span> 
     </span>
    </p>
   </div>
   <div class='ocr_carea' id='block_1_14' title="bbox 451 1317 2034 1390">
    <p class='ocr_par' dir='ltr' id='par_1_14' title="bbox 451 1317 2034 1390">
     <span class='ocr_line' id='line_1_14' title="bbox 451 1317 2034 1390; baseline 0.003 -20"><span class='ocrx_word' id='word_1_96' title='bbox 451 1317 905 1388; x_wconf 87' lang='lat' dir='ltr'><strong>cvangelistarum</strong></span> <span class='ocrx_word' id='word_1_97' title='bbox 947 1317 1244 1372; x_wconf 87' lang='lat' dir='ltr'><strong>doctrinam</strong></span> <span class='ocrx_word' id='word_1_98' title='bbox 1291 1334 1412 1372; x_wconf 93' lang='lat' dir='ltr'><strong>cum</strong></span> <span class='ocrx_word' id='word_1_99' title='bbox 1458 1319 1614 1373; x_wconf 81' lang='lat' dir='ltr'><strong>bonis</strong></span> <span class='ocrx_word' id='word_1_100' title='bbox 1652 1320 1925 1390; x_wconf 84' lang='lat' dir='ltr'><strong>operibus,</strong></span> <span class='ocrx_word' id='word_1_101' title='bbox 1974 1328 2034 1374; x_wconf 93' lang='lat' dir='ltr'><strong>ut</strong></span> 
     </span>
    </p>
   </div>
   <div class='ocr_carea' id='block_1_15' title="bbox 453 1408 2030 1480">
    <p class='ocr_par' dir='ltr' id='par_1_15' title="bbox 453 1408 2030 1480">
     <span class='ocr_line' id='line_1_15' title="bbox 453 1408 2030 1480; baseline -0.001 -18"><span class='ocrx_word' id='word_1_102' title='bbox 453 1418 536 1462; x_wconf 88' lang='lat' dir='ltr'><strong>est</strong></span> <span class='ocrx_word' id='word_1_103' title='bbox 591 1409 715 1462; x_wconf 90' lang='lat' dir='ltr'><strong>illud</strong></span> <span class='ocrx_word' id='word_1_104' title='bbox 754 1428 766 1462; x_wconf 86' lang='lat'><strong>:</strong></span> <span class='ocrx_word' id='word_1_105' title='bbox 809 1408 1154 1462; x_wconf 80' lang='lat' dir='ltr'><strong>Elevaverunt</strong></span> <span class='ocrx_word' id='word_1_106' title='bbox 1200 1409 1419 1478; x_wconf 81' lang='lat' dir='ltr'><strong>ﬂumina</strong></span> <span class='ocrx_word' id='word_1_107' title='bbox 1464 1426 1608 1463; x_wconf 80' lang='lat' dir='ltr'><strong>voces</strong></span> <span class='ocrx_word' id='word_1_108' title='bbox 1649 1426 1774 1463; x_wconf 88' lang='lat' dir='ltr'><strong>suas</strong></span> <span class='ocrx_word' id='word_1_109' title='bbox 1831 1408 2030 1480; x_wconf 89' lang='lat' dir='ltr'><strong>(Psal.</strong></span> 
     </span>
    </p>
   </div>
   <div class='ocr_carea' id='block_1_16' title="bbox 456 1500 2034 1572">
    <p class='ocr_par' dir='ltr' id='par_1_16' title="bbox 456 1500 2034 1572">
     <span class='ocr_line' id='line_1_16' title="bbox 456 1500 2034 1572; baseline 0.001 -18"><span class='ocrx_word' id='word_1_110' title='bbox 456 1502 627 1571; x_wconf 83' lang='lat' dir='ltr'><strong>xcn);</strong></span> <span class='ocrx_word' id='word_1_111' title='bbox 664 1511 717 1556; x_wconf 92' lang='lat' dir='ltr'><strong>et</strong></span> <span class='ocrx_word' id='word_1_112' title='bbox 765 1500 1064 1555; x_wconf 87' lang='lat' dir='ltr'><strong>:Flumina</strong></span> <span class='ocrx_word' id='word_1_113' title='bbox 1101 1501 1349 1571; x_wconf 86' lang='lat' dir='ltr'><strong>plaudent</strong></span> <span class='ocrx_word' id='word_1_114' title='bbox 1404 1502 1642 1555; x_wconf 87' lang='lat' dir='ltr'><strong>manibus</strong></span> <span class='ocrx_word' id='word_1_115' title='bbox 1697 1503 1751 1555; x_wconf 88' lang='lat' dir='ltr'><strong>in</strong></span> <span class='ocrx_word' id='word_1_116' title='bbox 1806 1503 2034 1572; x_wconf 84' lang='lat' dir='ltr'><strong>idipsum</strong></span> 
     </span>
    </p>
   </div>
   <div class='ocr_carea' id='block_1_17' title="bbox 456 1591 2032 1663">
    <p class='ocr_par' dir='ltr' id='par_1_17' title="bbox 456 1591 2032 1663">
     <span class='ocr_line' id='line_1_17' title="bbox 456 1591 2032 1663; baseline 0.003 -21"><span class='ocrx_word' id='word_1_117' title='bbox 456 1591 638 1661; x_wconf 79' lang='lat' dir='ltr'><strong>(Psal.</strong></span> <span class='ocrx_word' id='word_1_118' title='bbox 674 1607 813 1647; x_wconf 80' lang='lat' dir='ltr'><strong>xcvu</strong></span> <span class='ocrx_word' id='word_1_119' title='bbox 837 1593 878 1662; x_wconf 88' lang='lat'><strong>).</strong></span> <span class='ocrx_word' id='word_1_120' title='bbox 907 1593 1039 1646; x_wconf 87' lang='lat' dir='ltr'><strong>Item</strong></span> <span class='ocrx_word' id='word_1_121' title='bbox 1085 1593 1245 1646; x_wconf 88' lang='lat' dir='ltr'><strong>Isaias</strong></span> <span class='ocrx_word' id='word_1_122' title='bbox 1279 1611 1290 1646; x_wconf 91' lang='lat'>:</span> <span class='ocrx_word' id='word_1_123' title='bbox 1325 1591 1526 1646; x_wconf 81' lang='lat' dir='ltr'><strong>Ponam</strong></span> <span class='ocrx_word' id='word_1_124' title='bbox 1554 1594 1776 1663; x_wconf 83' lang='lat' dir='ltr'><strong>ﬂumina</strong></span> <span class='ocrx_word' id='word_1_125' title='bbox 1806 1593 1858 1646; x_wconf 87' lang='lat' dir='ltr'><strong>in</strong></span> <span class='ocrx_word' id='word_1_126' title='bbox 1885 1595 2032 1647; x_wconf 87' lang='lat' dir='ltr'><strong>insu-</strong></span> 
     </span>
    </p>
   </div>
   <div class='ocr_carea' id='block_1_18' title="bbox 453 1673 2033 1753">
    <p class='ocr_par' dir='ltr' id='par_1_18' title="bbox 453 1673 2033 1753">
     <span class='ocr_line' id='line_1_18' title="bbox 453 1673 2033 1753; baseline 0.003 -20"><span class='ocrx_word' id='word_1_127' title='bbox 453 1681 532 1735; x_wconf 85' lang='lat' dir='ltr'><strong>.&#39;as</strong></span> <span class='ocrx_word' id='word_1_128' title='bbox 563 1680 714 1750; x_wconf 84' lang='lat' dir='ltr'><strong>(lsa.</strong></span> <span class='ocrx_word' id='word_1_129' title='bbox 771 1697 875 1736; x_wconf 74' lang='lat' dir='ltr'><strong>tu.&quot;</strong></span> <span class='ocrx_word' id='word_1_130' title='bbox 975 1682 1029 1736; x_wconf 90' lang='lat' dir='ltr'><strong>In</strong></span> <span class='ocrx_word' id='word_1_131' title='bbox 1055 1683 1382 1736; x_wconf 89' lang='lat' dir='ltr'><strong>contrariam</strong></span> <span class='ocrx_word' id='word_1_132' title='bbox 1410 1698 1538 1738; x_wconf 89' lang='lat' dir='ltr'><strong>vero</strong></span> <span class='ocrx_word' id='word_1_133' title='bbox 1565 1691 1772 1752; x_wconf 76' lang='lat' dir='ltr'><strong>partem</strong></span> <span class='ocrx_word' id='word_1_134' title='bbox 1812 1681 2033 1736; x_wconf 88' lang='lat' dir='ltr'><strong>ﬂumina</strong></span> 
     </span>
    </p>
   </div>
   <div class='ocr_carea' id='block_1_19' title="bbox 2132 496 3713 570">
    <p class='ocr_par' dir='ltr' id='par_1_19' title="bbox 2132 496 3713 570">
     <span class='ocr_line' id='line_1_19' title="bbox 2132 496 3713 570; baseline 0.005 -17"><span class='ocrx_word' id='word_1_135' title='bbox 2132 499 2424 569; x_wconf 87' lang='lat' dir='ltr'><strong>gnominat,</strong></span> <span class='ocrx_word' id='word_1_136' title='bbox 2463 498 2648 552; x_wconf 80' lang='lat' dir='ltr'><strong>exiens</strong></span> <span class='ocrx_word' id='word_1_137' title='bbox 2689 500 2753 552; x_wconf 91' lang='lat' dir='ltr'><strong>de</strong></span> <span class='ocrx_word' id='word_1_138' title='bbox 2791 496 3072 564; x_wconf 86' lang='lat' dir='ltr'><strong>Paradiso,</strong></span> <span class='ocrx_word' id='word_1_139' title='bbox 3120 500 3294 570; x_wconf 77' lang='lat' dir='ltr'><strong>pergit</strong></span> <span class='ocrx_word' id='word_1_140' title='bbox 3331 501 3398 554; x_wconf 86' lang='lat' dir='ltr'><strong>ad</strong></span> <span class='ocrx_word' id='word_1_141' title='bbox 3430 501 3589 558; x_wconf 71' lang='lat' dir='ltr'><strong>ludia:</strong></span> <span class='ocrx_word' id='word_1_142' title='bbox 3624 521 3713 561; x_wconf 86' lang='lat' dir='ltr'><strong>re-</strong></span> 
     </span>
    </p>
   </div>
   <div class='ocr_carea' id='block_1_20' title="bbox 2134 593 3708 666">
    <p class='ocr_par' dir='ltr' id='par_1_20' title="bbox 2134 593 3708 666">
     <span class='ocr_line' id='line_1_20' title="bbox 2134 593 3708 666; baseline 0.004 -18"><span class='ocrx_word' id='word_1_143' title='bbox 2134 595 2338 666; x_wconf 90' lang='lat' dir='ltr'><strong>giones.</strong></span> <span class='ocrx_word' id='word_1_144' title='bbox 2402 595 2588 649; x_wconf 86' lang='lat' dir='ltr'><strong>Dictus</strong></span> <span class='ocrx_word' id='word_1_145' title='bbox 2643 603 2822 648; x_wconf 82' lang='lat' dir='ltr'><strong>autent</strong></span> <span class='ocrx_word' id='word_1_146' title='bbox 2871 593 3108 659; x_wconf 77' lang='lat' dir='ltr'><strong>Phison,</strong></span> <span class='ocrx_word' id='word_1_147' title='bbox 3171 595 3224 649; x_wconf 90' lang='lat' dir='ltr'><strong>id</strong></span> <span class='ocrx_word' id='word_1_148' title='bbox 3271 605 3392 660; x_wconf 88' lang='lat' dir='ltr'><strong>est,</strong></span> <span class='ocrx_word' id='word_1_149' title='bbox 3457 608 3708 666; x_wconf 77' lang='lat' dir='ltr'><strong>caterva;</strong></span> 
     </span>
    </p>
   </div>
   <div class='ocr_carea' id='block_1_21' title="bbox 2134 684 3711 756">
    <p class='ocr_par' dir='ltr' id='par_1_21' title="bbox 2134 684 3711 756">
     <span class='ocr_line' id='line_1_21' title="bbox 2134 684 3711 756; baseline 0.003 -17"><span class='ocrx_word' id='word_1_150' title='bbox 2134 688 2258 756; x_wconf 89' lang='lat' dir='ltr'><strong>quia</strong></span> <span class='ocrx_word' id='word_1_151' title='bbox 2281 687 2586 756; x_wconf 88' lang='lat' dir='ltr'><strong>quindecim</strong></span> <span class='ocrx_word' id='word_1_152' title='bbox 2614 684 2922 739; x_wconf 88' lang='lat' dir='ltr'><strong>ﬂuminibus</strong></span> <span class='ocrx_word' id='word_1_153' title='bbox 2954 686 3164 756; x_wconf 82' lang='lat' dir='ltr'><strong>magnis</strong></span> <span class='ocrx_word' id='word_1_154' title='bbox 3186 686 3286 740; x_wconf 84' lang='lat' dir='ltr'><strong>sibi</strong></span> <span class='ocrx_word' id='word_1_155' title='bbox 3311 684 3577 756; x_wconf 89' lang='lat' dir='ltr'><strong>adjunctis</strong></span> <span class='ocrx_word' id='word_1_156' title='bbox 3603 689 3711 743; x_wconf 67' lang='lat' dir='ltr'><strong>imo</strong></span> 
     </span>
    </p>
   </div>
   <div class='ocr_carea' id='block_1_22' title="bbox 2132 776 3713 848">
    <p class='ocr_par' dir='ltr' id='par_1_22' title="bbox 2132 776 3713 848">
     <span class='ocr_line' id='line_1_22' title="bbox 2132 776 3713 848; baseline 0.001 -15"><span class='ocrx_word' id='word_1_157' title='bbox 2132 779 2306 848; x_wconf 87' lang='lat' dir='ltr'><strong>pietur</strong></span> <span class='ocrx_word' id='word_1_158' title='bbox 2347 787 2400 833; x_wconf 93' lang='lat' dir='ltr'><strong>et</strong></span> <span class='ocrx_word' id='word_1_159' title='bbox 2455 779 2682 833; x_wconf 86' lang='lat' dir='ltr'><strong>cllicitur</strong></span> <span class='ocrx_word' id='word_1_160' title='bbox 2732 793 2892 831; x_wconf 90' lang='lat' dir='ltr'><strong>unus.</strong></span> <span class='ocrx_word' id='word_1_161' title='bbox 2929 776 3141 844; x_wconf 81' lang='lat' dir='ltr'><strong>Ganges</strong></span> <span class='ocrx_word' id='word_1_162' title='bbox 3181 787 3359 831; x_wconf 87' lang='lat' dir='ltr'><strong>autem</strong></span> <span class='ocrx_word' id='word_1_163' title='bbox 3411 789 3635 834; x_wconf 88' lang='lat' dir='ltr'><strong>vocatus</strong></span> <span class='ocrx_word' id='word_1_164' title='bbox 3683 797 3713 835; x_wconf 87' lang='lat' dir='ltr'><strong>a</strong></span> 
     </span>
    </p>
   </div>
   <div class='ocr_carea' id='block_1_23' title="bbox 2133 869 3715 942">
    <p class='ocr_par' dir='ltr' id='par_1_23' title="bbox 2133 869 3715 942">
     <span class='ocr_line' id='line_1_23' title="bbox 2133 869 3715 942; baseline 0.001 -16"><span class='ocrx_word' id='word_1_165' title='bbox 2133 871 2317 942; x_wconf 87' lang='lat' dir='ltr'><strong>Gange</strong></span> <span class='ocrx_word' id='word_1_166' title='bbox 2334 886 2458 941; x_wconf 85' lang='lat' dir='ltr'><strong>rege</strong></span> <span class='ocrx_word' id='word_1_167' title='bbox 2478 871 2668 936; x_wconf 62' lang='lat' dir='ltr'><strong>Indiae,</strong></span> <span class='ocrx_word' id='word_1_168' title='bbox 2695 869 2866 925; x_wconf 88' lang='lat' dir='ltr'><strong>fertur</strong></span> <span class='ocrx_word' id='word_1_169' title='bbox 2891 877 3069 923; x_wconf 87' lang='lat' dir='ltr'><strong>autem</strong></span> <span class='ocrx_word' id='word_1_170' title='bbox 3085 869 3188 923; x_wconf 88' lang='lat' dir='ltr'><strong>Nili</strong></span> <span class='ocrx_word' id='word_1_171' title='bbox 3211 871 3368 924; x_wconf 91' lang='lat' dir='ltr'><strong>modo</strong></span> <span class='ocrx_word' id='word_1_172' title='bbox 3389 872 3633 938; x_wconf 78' lang='lat' dir='ltr'><strong>exaltari,</strong></span> <span class='ocrx_word' id='word_1_173' title='bbox 3659 881 3715 928; x_wconf 87' lang='lat' dir='ltr'><strong>et</strong></span> 
     </span>
    </p>
   </div>
   <div class='ocr_carea' id='block_1_24' title="bbox 2133 957 3712 1031">
    <p class='ocr_par' dir='ltr' id='par_1_24' title="bbox 2133 957 3712 1031">
     <span class='ocr_line' id='line_1_24' title="bbox 2133 957 3712 1031; baseline 0.002 -18"><span class='ocrx_word' id='word_1_174' title='bbox 2133 977 2293 1031; x_wconf 72' lang='lat' dir='ltr'><strong>super</strong></span> <span class='ocrx_word' id='word_1_175' title='bbox 2315 959 2549 1015; x_wconf 90' lang='lat' dir='ltr'><strong>Orientis</strong></span> <span class='ocrx_word' id='word_1_176' title='bbox 2583 969 2753 1014; x_wconf 86' lang='lat' dir='ltr'><strong>terras</strong></span> <span class='ocrx_word' id='word_1_177' title='bbox 2779 973 3081 1027; x_wconf 90' lang='lat' dir='ltr'><strong>erumpere.</strong></span> <span class='ocrx_word' id='word_1_178' title='bbox 3113 957 3291 1028; x_wconf 84' lang='lat' dir='ltr'><strong>Tigris</strong></span> <span class='ocrx_word' id='word_1_179' title='bbox 3319 957 3512 1014; x_wconf 88' lang='lat' dir='ltr'><strong>ﬂuvius</strong></span> <span class='ocrx_word' id='word_1_180' title='bbox 3543 960 3712 1017; x_wconf 68' lang='grc' dir='ltr'><strong>Μθεοσ</strong></span> 
     </span>
    </p>
   </div>
   <div class='ocr_carea' id='block_1_25' title="bbox 2133 1050 3716 1121">
    <p class='ocr_par' dir='ltr' id='par_1_25' title="bbox 2133 1050 3716 1121">
     <span class='ocr_line' id='line_1_25' title="bbox 2133 1050 3716 1121; baseline 0.001 -16"><span class='ocrx_word' id='word_1_181' title='bbox 2133 1052 2382 1120; x_wconf 66' lang='lat' dir='ltr'><strong>potamitc</strong></span> <span class='ocrx_word' id='word_1_182' title='bbox 2422 1051 2487 1106; x_wconf 86' lang='lat' dir='ltr'><strong>de</strong></span> <span class='ocrx_word' id='word_1_183' title='bbox 2540 1050 2797 1105; x_wconf 90' lang='lat' dir='ltr'><strong>Paradiso</strong></span> <span class='ocrx_word' id='word_1_184' title='bbox 2847 1050 3118 1114; x_wconf 80' lang='lat' dir='ltr'><strong>exoriens,</strong></span> <span class='ocrx_word' id='word_1_185' title='bbox 3155 1058 3210 1102; x_wconf 90' lang='lat' dir='ltr'><strong>et</strong></span> <span class='ocrx_word' id='word_1_186' title='bbox 3253 1065 3482 1121; x_wconf 85' lang='lat' dir='ltr'><strong>pergens</strong></span> <span class='ocrx_word' id='word_1_187' title='bbox 3522 1061 3716 1107; x_wconf 90' lang='lat' dir='ltr'><strong>contra</strong></span> 
     </span>
    </p>
   </div>
   <div class='ocr_carea' id='block_1_26' title="bbox 2134 1141 3712 1211">
    <p class='ocr_par' dir='ltr' id='par_1_26' title="bbox 2134 1141 3712 1211">
     <span class='ocr_line' id='line_1_26' title="bbox 2134 1141 3712 1211; baseline 0.003 -16"><span class='ocrx_word' id='word_1_188' title='bbox 2134 1142 2405 1211; x_wconf 81' lang='lat' dir='ltr'><strong>Assyrios,</strong></span> <span class='ocrx_word' id='word_1_189' title='bbox 2429 1150 2483 1196; x_wconf 88' lang='lat' dir='ltr'><strong>et</strong></span> <span class='ocrx_word' id='word_1_190' title='bbox 2509 1151 2630 1211; x_wconf 89' lang='lat' dir='ltr'><strong>post</strong></span> <span class='ocrx_word' id='word_1_191' title='bbox 2660 1141 2858 1196; x_wconf 91' lang='lat' dir='ltr'><strong>multos</strong></span> <span class='ocrx_word' id='word_1_192' title='bbox 2881 1143 3140 1198; x_wconf 90' lang='lat' dir='ltr'><strong>circuitus</strong></span> <span class='ocrx_word' id='word_1_193' title='bbox 3167 1144 3221 1197; x_wconf 92' lang='lat' dir='ltr'><strong>in</strong></span> <span class='ocrx_word' id='word_1_194' title='bbox 3254 1159 3401 1198; x_wconf 91' lang='lat' dir='ltr'><strong>mare</strong></span> <span class='ocrx_word' id='word_1_195' title='bbox 3435 1143 3712 1200; x_wconf 80' lang='lat' dir='ltr'><strong>Mortuum</strong></span> 
     </span>
    </p>
   </div>
   <div class='ocr_carea' id='block_1_27' title="bbox 2133 1232 3720 1304">
    <p class='ocr_par' dir='ltr' id='par_1_27' title="bbox 2133 1232 3720 1304">
     <span class='ocr_line' id='line_1_27' title="bbox 2133 1232 3720 1304; baseline 0.003 -18"><span class='ocrx_word' id='word_1_196' title='bbox 2133 1232 2380 1287; x_wconf 90' lang='lat' dir='ltr'><strong>inﬂuens.</strong></span> <span class='ocrx_word' id='word_1_197' title='bbox 2409 1232 2641 1288; x_wconf 85' lang='lat' dir='ltr'><strong>Vocatus</strong></span> <span class='ocrx_word' id='word_1_198' title='bbox 2660 1241 2837 1287; x_wconf 90' lang='lat' dir='ltr'><strong>autem</strong></span> <span class='ocrx_word' id='word_1_199' title='bbox 2861 1234 2964 1288; x_wconf 89' lang='lat' dir='ltr'><strong>hoc</strong></span> <span class='ocrx_word' id='word_1_200' title='bbox 2988 1234 3202 1288; x_wconf 89' lang='lat' dir='ltr'><strong>nomine</strong></span> <span class='ocrx_word' id='word_1_201' title='bbox 3223 1245 3442 1304; x_wconf 82' lang='lat' dir='ltr'><strong>propter</strong></span> <span class='ocrx_word' id='word_1_202' title='bbox 3457 1237 3720 1291; x_wconf 81' lang='lat' dir='ltr'><strong>velocita-</strong></span> 
     </span>
    </p>
   </div>
   <div class='ocr_carea' id='block_1_28' title="bbox 2139 1322 3721 1396">
    <p class='ocr_par' dir='ltr' id='par_1_28' title="bbox 2139 1322 3721 1396">
     <span class='ocr_line' id='line_1_28' title="bbox 2139 1322 3721 1396; baseline 0.004 -20"><span class='ocrx_word' id='word_1_203' title='bbox 2139 1331 2266 1386; x_wconf 91' lang='lat' dir='ltr'><strong>tem,</strong></span> <span class='ocrx_word' id='word_1_204' title='bbox 2313 1323 2485 1377; x_wconf 90' lang='lat' dir='ltr'><strong>instar</strong></span> <span class='ocrx_word' id='word_1_205' title='bbox 2534 1323 2720 1378; x_wconf 69' lang='lat' dir='ltr'><strong>bestiae</strong></span> <span class='ocrx_word' id='word_1_206' title='bbox 2753 1323 2966 1392; x_wconf 88' lang='lat' dir='ltr'><strong>tigridis</strong></span> <span class='ocrx_word' id='word_1_207' title='bbox 3014 1322 3180 1378; x_wconf 85' lang='lat' dir='ltr'><strong>nimia</strong></span> <span class='ocrx_word' id='word_1_208' title='bbox 3228 1327 3548 1396; x_wconf 79' lang='lat' dir='ltr'><strong>pernicitate</strong></span> <span class='ocrx_word' id='word_1_209' title='bbox 3593 1343 3721 1382; x_wconf 86' lang='lat' dir='ltr'><strong>cur-</strong></span> 
     </span>
    </p>
   </div>
   <div class='ocr_carea' id='block_1_29' title="bbox 2136 1412 3719 1484">
    <p class='ocr_par' dir='ltr' id='par_1_29' title="bbox 2136 1412 3719 1484">
     <span class='ocr_line' id='line_1_29' title="bbox 2136 1412 3719 1484; baseline 0.004 -18"><span class='ocrx_word' id='word_1_210' title='bbox 2136 1413 2324 1466; x_wconf 90' lang='lat' dir='ltr'><strong>rentis.</strong></span> <span class='ocrx_word' id='word_1_211' title='bbox 2349 1413 2648 1482; x_wconf 81' lang='lat' dir='ltr'><strong>Euphrates</strong></span> <span class='ocrx_word' id='word_1_212' title='bbox 2679 1412 2870 1467; x_wconf 89' lang='lat' dir='ltr'><strong>ﬂuvius</strong></span> <span class='ocrx_word' id='word_1_213' title='bbox 2896 1413 3311 1484; x_wconf 67' lang='lat' dir='ltr'><strong>Mesopotamiae,</strong></span> <span class='ocrx_word' id='word_1_214' title='bbox 3359 1417 3426 1472; x_wconf 92' lang='lat' dir='ltr'><strong>dc</strong></span> <span class='ocrx_word' id='word_1_215' title='bbox 3456 1417 3719 1473; x_wconf 86' lang='lat' dir='ltr'><strong>Paradiso</strong></span> 
     </span>
    </p>
   </div>
   <div class='ocr_carea' id='block_1_30' title="bbox 2134 1503 3717 1578">
    <p class='ocr_par' dir='ltr' id='par_1_30' title="bbox 2134 1503 3717 1578">
     <span class='ocr_line' id='line_1_30' title="bbox 2134 1503 3717 1578; baseline 0.006 -22"><span class='ocrx_word' id='word_1_216' title='bbox 2134 1503 2413 1567; x_wconf 81' lang='lat' dir='ltr'><strong>exoriens,</strong></span> <span class='ocrx_word' id='word_1_217' title='bbox 2462 1503 2863 1574; x_wconf 85' lang='lat' dir='ltr'><strong>cepiosissimus</strong></span> <span class='ocrx_word' id='word_1_218' title='bbox 2907 1507 3168 1575; x_wconf 89' lang='lat' dir='ltr'><strong>gemmis,</strong></span> <span class='ocrx_word' id='word_1_219' title='bbox 3210 1506 3300 1578; x_wconf 85' lang='lat' dir='ltr'><strong>qui</strong></span> <span class='ocrx_word' id='word_1_220' title='bbox 3353 1526 3449 1578; x_wconf 89' lang='lat' dir='ltr'><strong>per</strong></span> <span class='ocrx_word' id='word_1_221' title='bbox 3479 1511 3717 1566; x_wconf 89' lang='lat' dir='ltr'><strong>mediam</strong></span> 
     </span>
    </p>
   </div>
   <div class='ocr_carea' id='block_1_31' title="bbox 2137 1590 3721 1664">
    <p class='ocr_par' dir='ltr' id='par_1_31' title="bbox 2137 1590 3721 1664">
     <span class='ocr_line' id='line_1_31' title="bbox 2137 1590 3721 1664; baseline 0.006 -21"><span class='ocrx_word' id='word_1_222' title='bbox 2137 1590 2482 1661; x_wconf 86' lang='lat' dir='ltr'><strong>Babyloniam</strong></span> <span class='ocrx_word' id='word_1_223' title='bbox 2516 1591 2710 1646; x_wconf 90' lang='lat' dir='ltr'><strong>inﬂuit.</strong></span> <span class='ocrx_word' id='word_1_224' title='bbox 2765 1591 2863 1647; x_wconf 89' lang='lat' dir='ltr'><strong>Hic</strong></span> <span class='ocrx_word' id='word_1_225' title='bbox 2901 1594 3200 1664; x_wconf 68' lang='lat' dir='ltr'><strong>al‘rugibus</strong></span> <span class='ocrx_word' id='word_1_226' title='bbox 3234 1596 3314 1649; x_wconf 84' lang='lat' dir='ltr'><strong>vel</strong></span> <span class='ocrx_word' id='word_1_227' title='bbox 3359 1599 3426 1651; x_wconf 93' lang='lat' dir='ltr'><strong>ab</strong></span> <span class='ocrx_word' id='word_1_228' title='bbox 3467 1599 3721 1654; x_wconf 89' lang='lat' dir='ltr'><strong>ubertate</strong></span> 
     </span>
    </p>
   </div>
   <div class='ocr_carea' id='block_1_32' title="bbox 2140 1679 3722 1755">
    <p class='ocr_par' dir='ltr' id='par_1_32' title="bbox 2140 1679 3722 1755">
     <span class='ocr_line' id='line_1_32' title="bbox 2140 1679 3722 1755; baseline 0.005 -23"><span class='ocrx_word' id='word_1_229' title='bbox 2140 1694 2334 1733; x_wconf 91' lang='lat' dir='ltr'><strong>nomen</strong></span> <span class='ocrx_word' id='word_1_230' title='bbox 2369 1681 2595 1750; x_wconf 90' lang='lat' dir='ltr'><strong>accepit.</strong></span> <span class='ocrx_word' id='word_1_231' title='bbox 2638 1679 2772 1734; x_wconf 87' lang='lat' dir='ltr'><strong>Nam</strong></span> <span class='ocrx_word' id='word_1_232' title='bbox 2814 1680 3080 1738; x_wconf 84' lang='lat' dir='ltr'><strong>Hebraice</strong></span> <span class='ocrx_word' id='word_1_233' title='bbox 3125 1684 3381 1754; x_wconf 86' lang='lat' dir='ltr'><strong>eupltrata</strong></span> <span class='ocrx_word' id='word_1_234' title='bbox 3406 1726 3420 1750; x_wconf 93' lang='lat'><strong>,</strong></span> <span class='ocrx_word' id='word_1_235' title='bbox 3470 1686 3722 1755; x_wconf 87' lang='lat' dir='ltr'><strong>fertilitas</strong></span> 
     </span>
    </p>
   </div>
   <div class='ocr_carea' id='block_1_33' title="bbox 456 1769 3724 1851">
    <p class='ocr_par' dir='ltr' id='par_1_33' title="bbox 456 1769 3724 1851">
     <span class='ocr_line' id='line_1_33' title="bbox 456 1769 3724 1851; baseline 0.001 -25"><span class='ocrx_word' id='word_1_236' title='bbox 456 1783 750 1844; x_wconf 87' lang='lat' dir='ltr'><strong>ponuntur,</strong></span> <span class='ocrx_word' id='word_1_237' title='bbox 783 1774 996 1844; x_wconf 90' lang='lat' dir='ltr'><strong>quando</strong></span> <span class='ocrx_word' id='word_1_238' title='bbox 1022 1774 1202 1828; x_wconf 64' lang='lat' dir='ltr'><strong>saeculi</strong></span> <span class='ocrx_word' id='word_1_239' title='bbox 1244 1774 1398 1829; x_wconf 88' lang='lat' dir='ltr'><strong>istius</strong></span> <span class='ocrx_word' id='word_1_240' title='bbox 1435 1774 1704 1828; x_wconf 90' lang='lat' dir='ltr'><strong>turbidum</strong></span> <span class='ocrx_word' id='word_1_241' title='bbox 1731 1789 1949 1828; x_wconf 90' lang='lat' dir='ltr'><strong>cursum</strong></span> <span class='ocrx_word' id='word_1_242' title='bbox 1979 1782 2034 1828; x_wconf 88' lang='lat' dir='ltr'><strong>et</strong></span> <span class='ocrx_word' id='word_1_243' title='bbox 2067 1771 2109 1830; x_wconf 84' lang='grc' dir='ltr'><strong>Β</strong></span> <span class='ocrx_word' id='word_1_244' title='bbox 2139 1769 2544 1840; x_wconf 82' lang='lat' dir='ltr'><strong>interpretatur.</strong></span> <span class='ocrx_word' id='word_1_245' title='bbox 2592 1772 2816 1844; x_wconf 84' lang='lat' dir='ltr'><strong>Mystice</strong></span> <span class='ocrx_word' id='word_1_246' title='bbox 2854 1782 3032 1830; x_wconf 87' lang='lat' dir='ltr'><strong>autem</strong></span> <span class='ocrx_word' id='word_1_247' title='bbox 3082 1775 3136 1830; x_wconf 86' lang='lat' dir='ltr'><strong>bi</strong></span> <span class='ocrx_word' id='word_1_248' title='bbox 3173 1786 3410 1846; x_wconf 89' lang='lat' dir='ltr'><strong>quatuor</strong></span> <span class='ocrx_word' id='word_1_249' title='bbox 3451 1778 3599 1832; x_wconf 91' lang='lat' dir='ltr'><strong>ﬂuvii</strong></span> <span class='ocrx_word' id='word_1_250' title='bbox 3633 1779 3724 1851; x_wconf 90' lang='lat' dir='ltr'><strong>(ut</strong></span> 
     </span>
    </p>
   </div>
   <div class='ocr_carea' id='block_1_34' title="bbox 455 1865 2034 1936">
    <p class='ocr_par' dir='ltr' id='par_1_34' title="bbox 455 1865 2034 1936">
     <span class='ocr_line' id='line_1_34' title="bbox 455 1865 2034 1936; baseline 0 -18"><span class='ocrx_word' id='word_1_251' title='bbox 455 1873 799 1931; x_wconf 85' lang='lat' dir='ltr'><strong>peccatorum</strong></span> <span class='ocrx_word' id='word_1_252' title='bbox 844 1865 1247 1920; x_wconf 74' lang='lat' dir='ltr'><strong>inundationem</strong></span> <span class='ocrx_word' id='word_1_253' title='bbox 1283 1865 1606 1936; x_wconf 88' lang='lat' dir='ltr'><strong>signiﬁcant,</strong></span> <span class='ocrx_word' id='word_1_254' title='bbox 1660 1875 1714 1919; x_wconf 94' lang='lat' dir='ltr'><strong>ut</strong></span> <span class='ocrx_word' id='word_1_255' title='bbox 1743 1875 1827 1920; x_wconf 92' lang='lat' dir='ltr'><strong>est</strong></span> <span class='ocrx_word' id='word_1_256' title='bbox 1857 1865 1987 1920; x_wconf 91' lang='lat' dir='ltr'><strong>illud</strong></span> <span class='ocrx_word' id='word_1_257' title='bbox 2019 1881 2034 1918; x_wconf 90' lang='lat'><strong>:</strong></span> 
     </span>
    </p>
   </div>
   <div class='ocr_carea' id='block_1_35' title="bbox 455 1953 2036 2028">
    <p class='ocr_par' dir='ltr' id='par_1_35' title="bbox 455 1953 2036 2028">
     <span class='ocr_line' id='line_1_35' title="bbox 455 1953 2036 2028; baseline 0.002 -19"><span class='ocrx_word' id='word_1_258' title='bbox 455 1953 624 2026; x_wconf 85' lang='lat' dir='ltr'><strong>Super</strong></span> <span class='ocrx_word' id='word_1_259' title='bbox 665 1957 886 2026; x_wconf 82' lang='lat' dir='ltr'><strong>[lumina</strong></span> <span class='ocrx_word' id='word_1_260' title='bbox 941 1956 1242 2027; x_wconf 73' lang='lat' dir='ltr'><strong>Babylonis,</strong></span> <span class='ocrx_word' id='word_1_261' title='bbox 1297 1955 1410 2012; x_wconf 82' lang='lat' dir='ltr'><strong>illic</strong></span> <span class='ocrx_word' id='word_1_262' title='bbox 1447 1956 1679 2012; x_wconf 80' lang='lat' dir='ltr'><strong>sedimus</strong></span> <span class='ocrx_word' id='word_1_263' title='bbox 1715 1967 1762 2012; x_wconf 90' lang='lat' dir='ltr'><strong>et</strong></span> <span class='ocrx_word' id='word_1_264' title='bbox 1794 1959 2036 2028; x_wconf 81' lang='lat' dir='ltr'><strong>ﬂeuimus</strong></span> 
     </span>
    </p>
   </div>
   <div class='ocr_carea' id='block_1_36' title="bbox 456 2043 2036 2120">
    <p class='ocr_par' dir='ltr' id='par_1_36' title="bbox 456 2043 2036 2120">
     <span class='ocr_line' id='line_1_36' title="bbox 456 2043 2036 2120; baseline 0.005 -23"><span class='ocrx_word' id='word_1_265' title='bbox 456 2046 474 2117; x_wconf 93' lang='lat'><strong>(</strong></span> <span class='ocrx_word' id='word_1_266' title='bbox 499 2043 647 2100; x_wconf 88' lang='lat' dir='ltr'><strong>Psal.</strong></span> <span class='ocrx_word' id='word_1_267' title='bbox 676 2063 871 2101; x_wconf 75' lang='lat' dir='ltr'><strong>cxxxvr</strong></span> <span class='ocrx_word' id='word_1_268' title='bbox 897 2047 935 2117; x_wconf 92' lang='lat'><strong>).</strong></span> <span class='ocrx_word' id='word_1_269' title='bbox 985 2046 1470 2117; x_wconf 74' lang='lat' dir='ltr'><strong>(Iotttemplandum</strong></span> <span class='ocrx_word' id='word_1_270' title='bbox 1503 2057 1706 2115; x_wconf 88' lang='lat' dir='ltr'><strong>autem,</strong></span> <span class='ocrx_word' id='word_1_271' title='bbox 1752 2049 1896 2120; x_wconf 87' lang='lat' dir='ltr'><strong>quod</strong></span> <span class='ocrx_word' id='word_1_272' title='bbox 1927 2065 2036 2105; x_wconf 92' lang='lat' dir='ltr'><strong>non</strong></span> 
     </span>
    </p>
   </div>
   <div class='ocr_carea' id='block_1_37' title="bbox 452 2137 2036 2212">
    <p class='ocr_par' dir='ltr' id='par_1_37' title="bbox 452 2137 2036 2212">
     <span class='ocr_line' id='line_1_37' title="bbox 452 2137 2036 2212; baseline 0.003 -21"><span class='ocrx_word' id='word_1_273' title='bbox 452 2137 604 2203; x_wconf 87' lang='lat' dir='ltr'><strong>dicit,</strong></span> <span class='ocrx_word' id='word_1_274' title='bbox 657 2139 711 2192; x_wconf 85' lang='lat' dir='ltr'><strong>in</strong></span> <span class='ocrx_word' id='word_1_275' title='bbox 760 2140 1085 2208; x_wconf 85' lang='lat' dir='ltr'><strong>fluminibus,</strong></span> <span class='ocrx_word' id='word_1_276' title='bbox 1130 2140 1244 2204; x_wconf 82' lang='lat' dir='ltr'><strong>sed,</strong></span> <span class='ocrx_word' id='word_1_277' title='bbox 1293 2156 1450 2210; x_wconf 89' lang='lat' dir='ltr'><strong>super</strong></span> <span class='ocrx_word' id='word_1_278' title='bbox 1495 2142 1739 2212; x_wconf 80' lang='lat' dir='ltr'><strong>ﬂumina.</strong></span> <span class='ocrx_word' id='word_1_279' title='bbox 1774 2140 1909 2196; x_wconf 89' lang='lat' dir='ltr'><strong>Nam</strong></span> <span class='ocrx_word' id='word_1_280' title='bbox 1945 2141 2036 2210; x_wconf 92' lang='lat' dir='ltr'><strong>qui</strong></span> 
     </span>
    </p>
   </div>
   <div class='ocr_carea' id='block_1_38' title="bbox 455 2229 2041 2302">
    <p class='ocr_par' dir='ltr' id='par_1_38' title="bbox 455 2229 2041 2302">
     <span class='ocr_line' id='line_1_38' title="bbox 455 2229 2041 2302; baseline 0.004 -20"><span class='ocrx_word' id='word_1_281' title='bbox 455 2230 632 2284; x_wconf 90' lang='lat' dir='ltr'><strong>adhuc</strong></span> <span class='ocrx_word' id='word_1_282' title='bbox 659 2230 713 2283; x_wconf 89' lang='lat' dir='ltr'><strong>in</strong></span> <span class='ocrx_word' id='word_1_283' title='bbox 744 2229 1052 2286; x_wconf 91' lang='lat' dir='ltr'><strong>ﬂuminibus</strong></span> <span class='ocrx_word' id='word_1_284' title='bbox 1096 2231 1214 2285; x_wconf 90' lang='lat' dir='ltr'><strong>istis</strong></span> <span class='ocrx_word' id='word_1_285' title='bbox 1254 2240 1398 2297; x_wconf 84' lang='lat' dir='ltr'><strong>sunt,</strong></span> <span class='ocrx_word' id='word_1_286' title='bbox 1439 2240 1782 2302; x_wconf 83' lang='lat' dir='ltr'><strong>peccatorum</strong></span> <span class='ocrx_word' id='word_1_287' title='bbox 1812 2234 2041 2288; x_wconf 90' lang='lat' dir='ltr'><strong>inunda-</strong></span> 
     </span>
    </p>
   </div>
   <div class='ocr_carea' id='block_1_39' title="bbox 458 2321 2036 2393">
    <p class='ocr_par' dir='ltr' id='par_1_39' title="bbox 458 2321 2036 2393">
     <span class='ocr_line' id='line_1_39' title="bbox 458 2321 2036 2393; baseline 0.002 -20"><span class='ocrx_word' id='word_1_288' title='bbox 458 2321 603 2376; x_wconf 89' lang='lat' dir='ltr'><strong>tione</strong></span> <span class='ocrx_word' id='word_1_289' title='bbox 642 2321 958 2390; x_wconf 88' lang='lat' dir='ltr'><strong>rapiuntur;</strong></span> <span class='ocrx_word' id='word_1_290' title='bbox 989 2322 1079 2391; x_wconf 90' lang='lat' dir='ltr'><strong>qui</strong></span> <span class='ocrx_word' id='word_1_291' title='bbox 1122 2337 1251 2376; x_wconf 86' lang='lat' dir='ltr'><strong>vero</strong></span> <span class='ocrx_word' id='word_1_292' title='bbox 1299 2338 1463 2393; x_wconf 88' lang='lat' dir='ltr'><strong>super</strong></span> <span class='ocrx_word' id='word_1_293' title='bbox 1489 2323 1633 2392; x_wconf 87' lang='lat' dir='ltr'><strong>ripas</strong></span> <span class='ocrx_word' id='word_1_294' title='bbox 1664 2321 1798 2378; x_wconf 91' lang='lat' dir='ltr'><strong>salvi</strong></span> <span class='ocrx_word' id='word_1_295' title='bbox 1824 2323 2036 2390; x_wconf 90' lang='lat' dir='ltr'><strong>sedent,</strong></span> 
     </span>
    </p>
   </div>
   <div class='ocr_carea' id='block_1_40' title="bbox 451 2409 2034 2481">
    <p class='ocr_par' dir='ltr' id='par_1_40' title="bbox 451 2409 2034 2481">
     <span class='ocr_line' id='line_1_40' title="bbox 451 2409 2034 2481; baseline 0.003 -18"><span class='ocrx_word' id='word_1_296' title='bbox 451 2411 566 2481; x_wconf 90' lang='lat' dir='ltr'><strong>jam</strong></span> <span class='ocrx_word' id='word_1_297' title='bbox 595 2411 663 2466; x_wconf 89' lang='lat' dir='ltr'><strong>ab</strong></span> <span class='ocrx_word' id='word_1_298' title='bbox 706 2410 811 2466; x_wconf 91' lang='lat' dir='ltr'><strong>illis</strong></span> <span class='ocrx_word' id='word_1_299' title='bbox 847 2409 1102 2466; x_wconf 88' lang='lat' dir='ltr'><strong>ﬂuetibus</strong></span> <span class='ocrx_word' id='word_1_300' title='bbox 1150 2412 1330 2466; x_wconf 91' lang='lat' dir='ltr'><strong>divino</strong></span> <span class='ocrx_word' id='word_1_301' title='bbox 1376 2428 1601 2469; x_wconf 88' lang='lat' dir='ltr'><strong>munere</strong></span> <span class='ocrx_word' id='word_1_302' title='bbox 1647 2423 1773 2468; x_wconf 91' lang='lat' dir='ltr'><strong>sunt</strong></span> <span class='ocrx_word' id='word_1_303' title='bbox 1802 2415 2034 2470; x_wconf 88' lang='lat' dir='ltr'><strong>liberati.</strong></span> 
     </span>
    </p>
   </div>
   <div class='ocr_carea' id='block_1_41' title="bbox 458 2502 2038 2576">
    <p class='ocr_par' dir='ltr' id='par_1_41' title="bbox 458 2502 2038 2576">
     <span class='ocr_line' id='line_1_41' title="bbox 458 2502 2038 2576; baseline 0.001 -18"><span class='ocrx_word' id='word_1_304' title='bbox 458 2502 611 2558; x_wconf 88' lang='lat' dir='ltr'><strong>Unde</strong></span> <span class='ocrx_word' id='word_1_305' title='bbox 641 2503 708 2558; x_wconf 90' lang='lat' dir='ltr'><strong>de</strong></span> <span class='ocrx_word' id='word_1_306' title='bbox 754 2503 970 2557; x_wconf 89' lang='lat' dir='ltr'><strong>Sanctis</strong></span> <span class='ocrx_word' id='word_1_307' title='bbox 999 2504 1126 2557; x_wconf 89' lang='lat' dir='ltr'><strong>alibi</strong></span> <span class='ocrx_word' id='word_1_308' title='bbox 1165 2505 1332 2558; x_wconf 90' lang='lat' dir='ltr'><strong>dicit:</strong></span> <span class='ocrx_word' id='word_1_309' title='bbox 1361 2504 1614 2560; x_wconf 84' lang='lat' dir='ltr'><strong>Flumina</strong></span> <span class='ocrx_word' id='word_1_310' title='bbox 1651 2507 2038 2576; x_wconf 78' lang='lat' dir='ltr'><strong>pertransibunt</strong></span> 
     </span>
    </p>
   </div>
   <div class='ocr_carea' id='block_1_42' title="bbox 456 2589 2039 2664">
    <p class='ocr_par' dir='ltr' id='par_1_42' title="bbox 456 2589 2039 2664">
     <span class='ocr_line' id='line_1_42' title="bbox 456 2589 2039 2664; baseline 0.003 -19"><span class='ocrx_word' id='word_1_311' title='bbox 456 2589 797 2662; x_wconf 84' lang='lat' dir='ltr'><strong>pede(Psal.</strong></span> <span class='ocrx_word' id='word_1_312' title='bbox 852 2591 1029 2664; x_wconf 77' lang='lat' dir='ltr'><strong>va),</strong></span> <span class='ocrx_word' id='word_1_313' title='bbox 1081 2593 1182 2647; x_wconf 92' lang='lat' dir='ltr'><strong>hoc</strong></span> <span class='ocrx_word' id='word_1_314' title='bbox 1211 2604 1330 2659; x_wconf 92' lang='lat' dir='ltr'><strong>est,</strong></span> <span class='ocrx_word' id='word_1_315' title='bbox 1383 2596 1565 2648; x_wconf 91' lang='lat' dir='ltr'><strong>mundi</strong></span> <span class='ocrx_word' id='word_1_316' title='bbox 1619 2595 1776 2663; x_wconf 87' lang='lat' dir='ltr'><strong>hujus</strong></span> <span class='ocrx_word' id='word_1_317' title='bbox 1829 2595 2039 2650; x_wconf 90' lang='lat' dir='ltr'><strong>turbida</strong></span> 
     </span>
    </p>
   </div>
   <div class='ocr_carea' id='block_1_43' title="bbox 457 2681 2040 2754">
    <p class='ocr_par' dir='ltr' id='par_1_43' title="bbox 457 2681 2040 2754">
     <span class='ocr_line' id='line_1_43' title="bbox 457 2681 2040 2754; baseline 0.005 -19"><span class='ocrx_word' id='word_1_318' title='bbox 457 2681 654 2736; x_wconf 91' lang='lat' dir='ltr'><strong>ﬂuenta</strong></span> <span class='ocrx_word' id='word_1_319' title='bbox 701 2698 798 2752; x_wconf 90' lang='lat' dir='ltr'><strong>per</strong></span> <span class='ocrx_word' id='word_1_320' title='bbox 837 2684 1062 2754; x_wconf 89' lang='lat' dir='ltr'><strong>gratiam</strong></span> <span class='ocrx_word' id='word_1_321' title='bbox 1110 2683 1306 2739; x_wconf 88' lang='lat' dir='ltr'><strong>Christi</strong></span> <span class='ocrx_word' id='word_1_322' title='bbox 1340 2699 1532 2739; x_wconf 89' lang='lat' dir='ltr'><strong>securo</strong></span> <span class='ocrx_word' id='word_1_323' title='bbox 1565 2686 1825 2741; x_wconf 87' lang='lat' dir='ltr'><strong>virtutum</strong></span> <span class='ocrx_word' id='word_1_324' title='bbox 1864 2695 2040 2743; x_wconf 85' lang='lat' dir='ltr'><strong>trans-</strong></span> 
     </span>
    </p>
   </div>
   <div class='ocr_carea' id='block_1_44' title="bbox 458 2775 2038 2849">
    <p class='ocr_par' dir='ltr' id='par_1_44' title="bbox 458 2775 2038 2849">
     <span class='ocr_line' id='line_1_44' title="bbox 458 2775 2038 2849; baseline 0.004 -20"><span class='ocrx_word' id='word_1_325' title='bbox 458 2775 612 2830; x_wconf 91' lang='lat' dir='ltr'><strong>ibunt</strong></span> <span class='ocrx_word' id='word_1_326' title='bbox 641 2791 827 2846; x_wconf 86' lang='lat' dir='ltr'><strong>gressu</strong></span> <span class='ocrx_word' id='word_1_327' title='bbox 873 2777 940 2832; x_wconf 92' lang='lat' dir='ltr'><strong>ad</strong></span> <span class='ocrx_word' id='word_1_328' title='bbox 980 2776 1212 2832; x_wconf 88' lang='lat' dir='ltr'><strong>futuram</strong></span> <span class='ocrx_word' id='word_1_329' title='bbox 1240 2777 1501 2848; x_wconf 80' lang='lat' dir='ltr'><strong>patriam,</strong></span> <span class='ocrx_word' id='word_1_330' title='bbox 1535 2778 1626 2832; x_wconf 93' lang='lat' dir='ltr'><strong>ubi</strong></span> <span class='ocrx_word' id='word_1_331' title='bbox 1660 2779 1838 2849; x_wconf 88' lang='lat' dir='ltr'><strong>gaudii</strong></span> <span class='ocrx_word' id='word_1_332' title='bbox 1866 2779 2038 2835; x_wconf 84' lang='lat' dir='ltr'><strong>nbstri</strong></span> 
     </span>
    </p>
   </div>
   <div class='ocr_carea' id='block_1_45' title="bbox 454 2869 2037 2941">
    <p class='ocr_par' dir='ltr' id='par_1_45' title="bbox 454 2869 2037 2941">
     <span class='ocr_line' id='line_1_45' title="bbox 454 2869 2037 2941; baseline 0.001 -16"><span class='ocrx_word' id='word_1_333' title='bbox 454 2879 540 2925; x_wconf 88' lang='lat' dir='ltr'><strong>est</strong></span> <span class='ocrx_word' id='word_1_334' title='bbox 563 2877 617 2926; x_wconf 90' lang='lat' dir='ltr'><strong>et</strong></span> <span class='ocrx_word' id='word_1_335' title='bbox 641 2869 829 2925; x_wconf 89' lang='lat' dir='ltr'><strong>salutis</strong></span> <span class='ocrx_word' id='word_1_336' title='bbox 855 2879 1070 2925; x_wconf 66' lang='lat' dir='ltr'><strong>acterna:</strong></span> <span class='ocrx_word' id='word_1_337' title='bbox 1106 2871 1257 2940; x_wconf 83' lang='lat' dir='ltr'><strong>origo</strong></span> <span class='ocrx_word' id='word_1_338' title='bbox 1287 2879 1608 2941; x_wconf 69' lang='lat' dir='ltr'><strong>praeparata.</strong></span> <span class='ocrx_word' id='word_1_339' title='bbox 1653 2871 1902 2926; x_wconf 88' lang='lat' dir='ltr'><strong>Flumina</strong></span> <span class='ocrx_word' id='word_1_340' title='bbox 1934 2871 2037 2926; x_wconf 92' lang='lat' dir='ltr'><strong>im-</strong></span> 
     </span>
    </p>
   </div>
   <div class='ocr_carea' id='block_1_46' title="bbox 456 2961 2040 3032">
    <p class='ocr_par' dir='ltr' id='par_1_46' title="bbox 456 2961 2040 3032">
     <span class='ocr_line' id='line_1_46' title="bbox 456 2961 2040 3032; baseline 0 -16"><span class='ocrx_word' id='word_1_341' title='bbox 456 2971 612 3032; x_wconf 83' lang='lat' dir='ltr'><strong>petus</strong></span> <span class='ocrx_word' id='word_1_342' title='bbox 649 2963 1039 3032; x_wconf 88' lang='lat' dir='ltr'><strong>persecutionis</strong></span> <span class='ocrx_word' id='word_1_343' title='bbox 1087 2963 1138 3016; x_wconf 90' lang='lat' dir='ltr'><strong>in</strong></span> <span class='ocrx_word' id='word_1_344' title='bbox 1180 2963 1420 3018; x_wconf 87' lang='lat' dir='ltr'><strong>Canticis</strong></span> <span class='ocrx_word' id='word_1_345' title='bbox 1459 2963 1795 3018; x_wconf 88' lang='lat' dir='ltr'><strong>canticorum</strong></span> <span class='ocrx_word' id='word_1_346' title='bbox 1832 2981 1844 3016; x_wconf 92' lang='lat'>:</span> <span class='ocrx_word' id='word_1_347' title='bbox 1876 2961 2040 3030; x_wconf 75' lang='lat' dir='ltr'><strong>Aqua:</strong></span> 
     </span>
    </p>
   </div>
   <div class='ocr_carea' id='block_1_47' title="bbox 458 3052 2039 3125">
    <p class='ocr_par' dir='ltr' id='par_1_47' title="bbox 458 3052 2039 3125">
     <span class='ocr_line' id='line_1_47' title="bbox 458 3052 2039 3125; baseline 0.003 -19"><span class='ocrx_word' id='word_1_348' title='bbox 458 3052 635 3108; x_wconf 73' lang='lat' dir='ltr'><strong>multa:</strong></span> <span class='ocrx_word' id='word_1_349' title='bbox 663 3069 765 3107; x_wconf 87' lang='lat' dir='ltr'><strong>non</strong></span> <span class='ocrx_word' id='word_1_350' title='bbox 793 3064 1070 3123; x_wconf 85' lang='lat' dir='ltr'><strong>potuerunt</strong></span> <span class='ocrx_word' id='word_1_351' title='bbox 1101 3055 1400 3125; x_wconf 80' lang='lat' dir='ltr'><strong>extinguere</strong></span> <span class='ocrx_word' id='word_1_352' title='bbox 1439 3055 1770 3121; x_wconf 82' lang='lat' dir='ltr'><strong>charitatem,</strong></span> <span class='ocrx_word' id='word_1_353' title='bbox 1818 3071 1910 3110; x_wconf 85' lang='lat' dir='ltr'><strong>nec</strong></span> <span class='ocrx_word' id='word_1_354' title='bbox 1935 3056 2039 3124; x_wconf 84' lang='lat' dir='ltr'><strong>flu-</strong></span> 
     </span>
    </p>
   </div>
   <div class='ocr_carea' id='block_1_48' title="bbox 2139 1863 3719 1940">
    <p class='ocr_par' dir='ltr' id='par_1_48' title="bbox 2139 1863 3719 1940">
     <span class='ocr_line' id='line_1_48' title="bbox 2139 1863 3719 1940; baseline 0.004 -23"><span class='ocrx_word' id='word_1_355' title='bbox 2139 1878 2300 1932; x_wconf 91' lang='lat' dir='ltr'><strong>supra</strong></span> <span class='ocrx_word' id='word_1_356' title='bbox 2345 1863 2548 1919; x_wconf 91' lang='lat' dir='ltr'><strong>dictum</strong></span> <span class='ocrx_word' id='word_1_357' title='bbox 2594 1865 2715 1936; x_wconf 90' lang='lat' dir='ltr'><strong>est)</strong></span> <span class='ocrx_word' id='word_1_358' title='bbox 2767 1874 3001 1935; x_wconf 87' lang='lat' dir='ltr'><strong>quatuor</strong></span> <span class='ocrx_word' id='word_1_359' title='bbox 3048 1865 3336 1936; x_wconf 86' lang='lat' dir='ltr'><strong>Evangelia</strong></span> <span class='ocrx_word' id='word_1_360' title='bbox 3387 1869 3719 1940; x_wconf 79' lang='lat' dir='ltr'><strong>signiﬁcant,</strong></span> 
     </span>
    </p>
   </div>
   <div class='ocr_carea' id='block_1_49' title="bbox 2139 1954 3720 2026">
    <p class='ocr_par' dir='ltr' id='par_1_49' title="bbox 2139 1954 3720 2026">
     <span class='ocr_line' id='line_1_49' title="bbox 2139 1954 3720 2026; baseline 0.005 -20"><span class='ocrx_word' id='word_1_361' title='bbox 2139 1968 2258 2022; x_wconf 61' lang='lat' dir='ltr'><strong>quae</strong></span> <span class='ocrx_word' id='word_1_362' title='bbox 2286 1961 2516 2022; x_wconf 89' lang='lat' dir='ltr'><strong>quatuor</strong></span> <span class='ocrx_word' id='word_1_363' title='bbox 2541 1954 2895 2026; x_wconf 82' lang='lat' dir='ltr'><strong>Evangelista:</strong></span> <span class='ocrx_word' id='word_1_364' title='bbox 2922 1957 3379 2026; x_wconf 90' lang='lat' dir='ltr'><strong>conscripserunt.</strong></span> <span class='ocrx_word' id='word_1_365' title='bbox 3408 1958 3542 2012; x_wconf 83' lang='lat' dir='ltr'><strong>Nam</strong></span> <span class='ocrx_word' id='word_1_366' title='bbox 3568 1959 3720 2014; x_wconf 80' lang='lat' dir='ltr'><strong>Geon</strong></span> 
     </span>
    </p>
   </div>
   <div class='ocr_carea' id='block_1_50' title="bbox 2140 2041 3718 2118">
    <p class='ocr_par' dir='ltr' id='par_1_50' title="bbox 2140 2041 3718 2118">
     <span class='ocr_line' id='line_1_50' title="bbox 2140 2041 3718 2118; baseline 0.005 -23"><span class='ocrx_word' id='word_1_367' title='bbox 2140 2041 2332 2098; x_wconf 90' lang='lat' dir='ltr'><strong>ﬂuvius</strong></span> <span class='ocrx_word' id='word_1_368' title='bbox 2358 2083 2373 2108; x_wconf 93' lang='lat'><strong>,</strong></span> <span class='ocrx_word' id='word_1_369' title='bbox 2424 2044 2512 2113; x_wconf 91' lang='lat' dir='ltr'><strong>qui</strong></span> <span class='ocrx_word' id='word_1_370' title='bbox 2557 2045 2944 2114; x_wconf 83' lang='lat' dir='ltr'><strong>interpretatur</strong></span> <span class='ocrx_word' id='word_1_371' title='bbox 2988 2057 3190 2117; x_wconf 81' lang='lat' dir='ltr'><strong>pectus,</strong></span> <span class='ocrx_word' id='word_1_372' title='bbox 3223 2048 3335 2102; x_wconf 89' lang='lat' dir='ltr'><strong>sive</strong></span> <span class='ocrx_word' id='word_1_373' title='bbox 3369 2059 3718 2118; x_wconf 72' lang='lat' dir='ltr'><strong>prteruptum,</strong></span> 
     </span>
    </p>
   </div>
   <div class='ocr_carea' id='block_1_51' title="bbox 2140 2135 3724 2217">
    <p class='ocr_par' dir='ltr' id='par_1_51' title="bbox 2140 2135 3724 2217">
     <span class='ocr_line' id='line_1_51' title="bbox 2140 2135 3724 2217; baseline 0.005 -29"><span class='ocrx_word' id='word_1_374' title='bbox 2140 2135 2407 2205; x_wconf 88' lang='lat' dir='ltr'><strong>signiﬁcat</strong></span> <span class='ocrx_word' id='word_1_375' title='bbox 2452 2137 2798 2208; x_wconf 86' lang='lat' dir='ltr'><strong>Evangelium</strong></span> <span class='ocrx_word' id='word_1_376' title='bbox 2838 2138 3078 2205; x_wconf 79' lang='lat' dir='ltr'><strong>Matthei,</strong></span> <span class='ocrx_word' id='word_1_377' title='bbox 3119 2141 3262 2217; x_wconf 86' lang='lat' dir='ltr'><strong>quod</strong></span> <span class='ocrx_word' id='word_1_378' title='bbox 3306 2142 3539 2210; x_wconf 90' lang='lat' dir='ltr'><strong>primum</strong></span> <span class='ocrx_word' id='word_1_379' title='bbox 3593 2159 3724 2198; x_wconf 87' lang='lat' dir='ltr'><strong>con-</strong></span> 
     </span>
    </p>
   </div>
   <div class='ocr_carea' id='block_1_52' title="bbox 2140 2225 3723 2303">
    <p class='ocr_par' dir='ltr' id='par_1_52' title="bbox 2140 2225 3723 2303">
     <span class='ocr_line' id='line_1_52' title="bbox 2140 2225 3723 2303; baseline 0.005 -25"><span class='ocrx_word' id='word_1_380' title='bbox 2140 2225 2399 2295; x_wconf 87' lang='lat' dir='ltr'><strong>scriptum</strong></span> <span class='ocrx_word' id='word_1_381' title='bbox 2427 2236 2512 2282; x_wconf 89' lang='lat' dir='ltr'><strong>est</strong></span> <span class='ocrx_word' id='word_1_382' title='bbox 2551 2227 2619 2282; x_wconf 91' lang='lat' dir='ltr'><strong>ab</strong></span> <span class='ocrx_word' id='word_1_383' title='bbox 2649 2230 2764 2298; x_wconf 93' lang='lat' dir='ltr'><strong>ipso</strong></span> <span class='ocrx_word' id='word_1_384' title='bbox 2795 2237 3015 2284; x_wconf 90' lang='lat' dir='ltr'><strong>auctore</strong></span> <span class='ocrx_word' id='word_1_385' title='bbox 3058 2229 3320 2285; x_wconf 76' lang='lat' dir='ltr'><strong>Hebraiea</strong></span> <span class='ocrx_word' id='word_1_386' title='bbox 3359 2231 3563 2303; x_wconf 82' lang='lat' dir='ltr'><strong>lingua,</strong></span> <span class='ocrx_word' id='word_1_387' title='bbox 3613 2243 3668 2286; x_wconf 76' lang='lat' dir='ltr'><strong>et</strong></span> <span class='ocrx_word' id='word_1_388' title='bbox 3695 2248 3723 2285; x_wconf 89' lang='lat' dir='ltr'><strong>a</strong></span> 
     </span>
    </p>
   </div>
   <div class='ocr_carea' id='block_1_53' title="bbox 2140 2317 3725 2390">
    <p class='ocr_par' dir='ltr' id='par_1_53' title="bbox 2140 2317 3725 2390">
     <span class='ocr_line' id='line_1_53' title="bbox 2140 2317 3725 2390; baseline 0.005 -22"><span class='ocrx_word' id='word_1_389' title='bbox 2140 2317 2466 2388; x_wconf 85' lang='lat' dir='ltr'><strong>genealogiis</strong></span> <span class='ocrx_word' id='word_1_390' title='bbox 2492 2317 2789 2374; x_wconf 88' lang='lat' dir='ltr'><strong>Salvatoris</strong></span> <span class='ocrx_word' id='word_1_391' title='bbox 2813 2320 3099 2390; x_wconf 88' lang='lat' dir='ltr'><strong>incipiens,</strong></span> <span class='ocrx_word' id='word_1_392' title='bbox 3122 2320 3360 2377; x_wconf 87' lang='lat' dir='ltr'><strong>breviter</strong></span> <span class='ocrx_word' id='word_1_393' title='bbox 3381 2323 3725 2378; x_wconf 87' lang='lat' dir='ltr'><strong>nativitatem</strong></span> 
     </span>
    </p>
   </div>
   <div class='ocr_carea' id='block_1_54' title="bbox 2141 2405 3727 2483">
    <p class='ocr_par' dir='ltr' id='par_1_54' title="bbox 2141 2405 3727 2483">
     <span class='ocr_line' id='line_1_54' title="bbox 2141 2405 3727 2483; baseline 0.005 -25"><span class='ocrx_word' id='word_1_394' title='bbox 2141 2405 2354 2460; x_wconf 88' lang='lat' dir='ltr'><strong>Domini</strong></span> <span class='ocrx_word' id='word_1_395' title='bbox 2402 2418 2573 2474; x_wconf 85' lang='lat' dir='ltr'><strong>notat,</strong></span> <span class='ocrx_word' id='word_1_396' title='bbox 2630 2425 3052 2480; x_wconf 88' lang='lat' dir='ltr'><strong>magnorumque</strong></span> <span class='ocrx_word' id='word_1_397' title='bbox 3095 2412 3385 2466; x_wconf 85' lang='lat' dir='ltr'><strong>adventum</strong></span> <span class='ocrx_word' id='word_1_398' title='bbox 3433 2413 3500 2466; x_wconf 89' lang='lat' dir='ltr'><strong>ad</strong></span> <span class='ocrx_word' id='word_1_399' title='bbox 3550 2414 3727 2483; x_wconf 89' lang='lat' dir='ltr'><strong>ipsum</strong></span> 
     </span>
    </p>
   </div>
   <div class='ocr_carea' id='block_1_55' title="bbox 2142 2493 3725 2568">
    <p class='ocr_par' dir='ltr' id='par_1_55' title="bbox 2142 2493 3725 2568">
     <span class='ocr_line' id='line_1_55' title="bbox 2142 2493 3725 2568; baseline 0.006 -21"><span class='ocrx_word' id='word_1_400' title='bbox 2142 2493 2501 2562; x_wconf 84' lang='lat' dir='ltr'><strong>Salvaturem,</strong></span> <span class='ocrx_word' id='word_1_401' title='bbox 2532 2507 2585 2552; x_wconf 91' lang='lat' dir='ltr'><strong>et</strong></span> <span class='ocrx_word' id='word_1_402' title='bbox 2611 2497 2955 2568; x_wconf 90' lang='lat' dir='ltr'><strong>parvulorum</strong></span> <span class='ocrx_word' id='word_1_403' title='bbox 2998 2501 3066 2554; x_wconf 92' lang='lat' dir='ltr'><strong>ab</strong></span> <span class='ocrx_word' id='word_1_404' title='bbox 3111 2498 3320 2554; x_wconf 78' lang='lat' dir='ltr'><strong>Herode</strong></span> <span class='ocrx_word' id='word_1_405' title='bbox 3369 2502 3725 2568; x_wconf 88' lang='lat' dir='ltr'><strong>occisionem,</strong></span> 
     </span>
    </p>
   </div>
   <div class='ocr_carea' id='block_1_56' title="bbox 2141 2586 3729 2658">
    <p class='ocr_par' dir='ltr' id='par_1_56' title="bbox 2141 2586 3729 2658">
     <span class='ocr_line' id='line_1_56' title="bbox 2141 2586 3729 2658; baseline 0.006 -20"><span class='ocrx_word' id='word_1_406' title='bbox 2141 2594 2324 2654; x_wconf 90' lang='lat' dir='ltr'><strong>postea</strong></span> <span class='ocrx_word' id='word_1_407' title='bbox 2353 2586 2677 2656; x_wconf 88' lang='lat' dir='ltr'><strong>baptismum</strong></span> <span class='ocrx_word' id='word_1_408' title='bbox 2706 2589 2823 2658; x_wconf 86' lang='lat' dir='ltr'><strong>ejus</strong></span> <span class='ocrx_word' id='word_1_409' title='bbox 2849 2604 3300 2652; x_wconf 84' lang='lat' dir='ltr'><strong>commemorans,</strong></span> <span class='ocrx_word' id='word_1_410' title='bbox 3343 2598 3396 2641; x_wconf 87' lang='lat' dir='ltr'><strong>et</strong></span> <span class='ocrx_word' id='word_1_411' title='bbox 3429 2589 3480 2643; x_wconf 91' lang='lat' dir='ltr'><strong>in</strong></span> <span class='ocrx_word' id='word_1_412' title='bbox 3511 2590 3729 2647; x_wconf 86' lang='lat' dir='ltr'><strong>deserto</strong></span> 
     </span>
    </p>
   </div>
   <div class='ocr_carea' id='block_1_57' title="bbox 2135 2671 3730 2752">
    <p class='ocr_par' dir='ltr' id='par_1_57' title="bbox 2135 2671 3730 2752">
     <span class='ocr_line' id='line_1_57' title="bbox 2135 2671 3730 2752; baseline 0.006 -24"><span class='ocrx_word' id='word_1_413' title='bbox 2135 2671 2396 2744; x_wconf 83' lang='lat' dir='ltr'><strong>jejunium</strong></span> <span class='ocrx_word' id='word_1_414' title='bbox 2437 2685 2598 2746; x_wconf 88' lang='lat' dir='ltr'><strong>atque</strong></span> <span class='ocrx_word' id='word_1_415' title='bbox 2643 2680 2984 2746; x_wconf 87' lang='lat' dir='ltr'><strong>tentationes,</strong></span> <span class='ocrx_word' id='word_1_416' title='bbox 3015 2681 3212 2752; x_wconf 90' lang='lat' dir='ltr'><strong>quibus</strong></span> <span class='ocrx_word' id='word_1_417' title='bbox 3242 2697 3271 2735; x_wconf 87' lang='lat' dir='ltr'><strong>a</strong></span> <span class='ocrx_word' id='word_1_418' title='bbox 3304 2681 3517 2736; x_wconf 82' lang='lat' dir='ltr'><strong>diabolo</strong></span> <span class='ocrx_word' id='word_1_419' title='bbox 3551 2691 3730 2737; x_wconf 86' lang='lat' dir='ltr'><strong>tenta-</strong></span> 
     </span>
    </p>
   </div>
   <div class='ocr_carea' id='block_1_58' title="bbox 2141 2771 3726 2845">
    <p class='ocr_par' dir='ltr' id='par_1_58' title="bbox 2141 2771 3726 2845">
     <span class='ocr_line' id='line_1_58' title="bbox 2141 2771 3726 2845; baseline 0.006 -23"><span class='ocrx_word' id='word_1_420' title='bbox 2141 2778 2228 2823; x_wconf 92' lang='lat' dir='ltr'><strong>tus</strong></span> <span class='ocrx_word' id='word_1_421' title='bbox 2252 2777 2354 2833; x_wconf 89' lang='lat' dir='ltr'><strong>est,</strong></span> <span class='ocrx_word' id='word_1_422' title='bbox 2387 2785 2511 2824; x_wconf 81' lang='lat' dir='ltr'><strong>mox</strong></span> <span class='ocrx_word' id='word_1_423' title='bbox 2541 2771 2606 2824; x_wconf 92' lang='lat' dir='ltr'><strong>ad</strong></span> <span class='ocrx_word' id='word_1_424' title='bbox 2647 2774 3086 2842; x_wconf 65' lang='lat' dir='ltr'><strong>praedicationem</strong></span> <span class='ocrx_word' id='word_1_425' title='bbox 3129 2775 3436 2845; x_wconf 85' lang='lat' dir='ltr'><strong>Evangelii,</strong></span> <span class='ocrx_word' id='word_1_426' title='bbox 3469 2786 3523 2830; x_wconf 89' lang='lat' dir='ltr'><strong>et</strong></span> <span class='ocrx_word' id='word_1_427' title='bbox 3553 2777 3726 2831; x_wconf 88' lang='lat' dir='ltr'><strong>mira-</strong></span> 
     </span>
    </p>
   </div>
   <div class='ocr_carea' id='block_1_59' title="bbox 2142 2859 3726 2936">
    <p class='ocr_par' dir='ltr' id='par_1_59' title="bbox 2142 2859 3726 2936">
     <span class='ocr_line' id='line_1_59' title="bbox 2142 2859 3726 2936; baseline 0.004 -22"><span class='ocrx_word' id='word_1_428' title='bbox 2142 2860 2386 2914; x_wconf 90' lang='lat' dir='ltr'><strong>culorum</strong></span> <span class='ocrx_word' id='word_1_429' title='bbox 2415 2859 2680 2917; x_wconf 80' lang='lat' dir='ltr'><strong>facturam</strong></span> <span class='ocrx_word' id='word_1_430' title='bbox 2705 2864 2936 2930; x_wconf 89' lang='lat' dir='ltr'><strong>transit;</strong></span> <span class='ocrx_word' id='word_1_431' title='bbox 2980 2865 3164 2936; x_wconf 89' lang='lat' dir='ltr'><strong>sicque</strong></span> <span class='ocrx_word' id='word_1_432' title='bbox 3184 2866 3248 2919; x_wconf 89' lang='lat' dir='ltr'><strong>ad</strong></span> <span class='ocrx_word' id='word_1_433' title='bbox 3274 2867 3588 2936; x_wconf 91' lang='lat' dir='ltr'><strong>passionem</strong></span> <span class='ocrx_word' id='word_1_434' title='bbox 3613 2867 3726 2935; x_wconf 88' lang='lat' dir='ltr'><strong>ejus</strong></span> 
     </span>
    </p>
   </div>
   <div class='ocr_carea' id='block_1_60' title="bbox 2142 2953 3726 3023">
    <p class='ocr_par' dir='ltr' id='par_1_60' title="bbox 2142 2953 3726 3023">
     <span class='ocr_line' id='line_1_60' title="bbox 2142 2953 3726 3023; baseline 0.007 -20"><span class='ocrx_word' id='word_1_435' title='bbox 2142 2953 2481 3021; x_wconf 89' lang='lat' dir='ltr'><strong>perveniens,</strong></span> <span class='ocrx_word' id='word_1_436' title='bbox 2510 2955 2872 3009; x_wconf 85' lang='lat' dir='ltr'><strong>resurrexisse</strong></span> <span class='ocrx_word' id='word_1_437' title='bbox 2902 2971 3025 3010; x_wconf 89' lang='lat' dir='ltr'><strong>eum</strong></span> <span class='ocrx_word' id='word_1_438' title='bbox 3055 2971 3086 3010; x_wconf 92' lang='lat' dir='ltr'><strong>a</strong></span> <span class='ocrx_word' id='word_1_439' title='bbox 3126 2958 3354 3012; x_wconf 88' lang='lat' dir='ltr'><strong>mortuis</strong></span> <span class='ocrx_word' id='word_1_440' title='bbox 3377 2959 3636 3023; x_wconf 77' lang='lat' dir='ltr'><strong>ostendit,</strong></span> <span class='ocrx_word' id='word_1_441' title='bbox 3675 2969 3726 3014; x_wconf 87' lang='lat' dir='ltr'><strong>et</strong></span> 
     </span>
    </p>
   </div>
   <div class='ocr_carea' id='block_1_61' title="bbox 2143 3043 3728 3119">
    <p class='ocr_par' dir='ltr' id='par_1_61' title="bbox 2143 3043 3728 3119">
     <span class='ocr_line' id='line_1_61' title="bbox 2143 3043 3728 3119; baseline 0.004 -22"><span class='ocrx_word' id='word_1_442' title='bbox 2143 3043 2419 3113; x_wconf 89' lang='lat' dir='ltr'><strong>discipulis</strong></span> <span class='ocrx_word' id='word_1_443' title='bbox 2454 3044 2507 3098; x_wconf 92' lang='lat' dir='ltr'><strong>in</strong></span> <span class='ocrx_word' id='word_1_444' title='bbox 2547 3045 2765 3100; x_wconf 75' lang='lat' dir='ltr'><strong>Galilaea</strong></span> <span class='ocrx_word' id='word_1_445' title='bbox 2807 3048 3142 3116; x_wconf 89' lang='lat' dir='ltr'><strong>apparuisse,</strong></span> <span class='ocrx_word' id='word_1_446' title='bbox 3189 3056 3244 3104; x_wconf 91' lang='lat' dir='ltr'><strong>et</strong></span> <span class='ocrx_word' id='word_1_447' title='bbox 3284 3049 3350 3103; x_wconf 91' lang='lat' dir='ltr'><strong>ad</strong></span> <span class='ocrx_word' id='word_1_448' title='bbox 3383 3049 3728 3119; x_wconf 63' lang='lat' dir='ltr'><strong>pratdicatio-</strong></span> 
     </span>
    </p>
   </div>
   <div class='ocr_carea' id='block_1_62' title="bbox 457 3122 2037 3217">
    <p class='ocr_par' dir='ltr' id='par_1_62' title="bbox 457 3122 2037 3217">
     <span class='ocr_line' id='line_1_62' title="bbox 457 3122 2037 3217; baseline 0.003 -21"><span class='ocrx_word' id='word_1_449' title='bbox 457 3143 601 3197; x_wconf 86' lang='lat' dir='ltr'><strong>mina</strong></span> <span class='ocrx_word' id='word_1_450' title='bbox 639 3122 858 3199; x_wconf 82' lang='lat' dir='ltr'><strong>obruent</strong></span> <span class='ocrx_word' id='word_1_451' title='bbox 905 3145 1050 3198; x_wconf 78' lang='lat' dir='ltr'><strong>illaut</strong></span> <span class='ocrx_word' id='word_1_452' title='bbox 1092 3122 1279 3216; x_wconf 74' lang='lat' dir='ltr'><strong>(Cant.</strong></span> <span class='ocrx_word' id='word_1_453' title='bbox 1324 3148 1480 3217; x_wconf 87' lang='lat' dir='ltr'><strong>vm).</strong></span> <span class='ocrx_word' id='word_1_454' title='bbox 1531 3146 1754 3201; x_wconf 80' lang='lat' dir='ltr'><strong>Flumen</strong></span> <span class='ocrx_word' id='word_1_455' title='bbox 1801 3122 2037 3217; x_wconf 81' lang='lat' dir='ltr'><strong>philoso-</strong></span> 
     </span>
    </p>
   </div>
   <div class='ocr_carea' id='block_1_63' title="bbox 2141 3122 3729 3217">
    <p class='ocr_par' dir='ltr' id='par_1_63' title="bbox 2143 3135 3729 3210">
     <span class='ocr_line' id='line_1_63' title="bbox 2143 3135 3729 3210; baseline 0.004 -21"><span class='ocrx_word' id='word_1_456' title='bbox 2143 3150 2264 3190; x_wconf 91' lang='lat' dir='ltr'><strong>nem</strong></span> <span class='ocrx_word' id='word_1_457' title='bbox 2308 3135 2582 3206; x_wconf 86' lang='lat' dir='ltr'><strong>Evangelii</strong></span> <span class='ocrx_word' id='word_1_458' title='bbox 2619 3152 2712 3192; x_wconf 90' lang='lat' dir='ltr'><strong>eos</strong></span> <span class='ocrx_word' id='word_1_459' title='bbox 2753 3137 2999 3192; x_wconf 91' lang='lat' dir='ltr'><strong>misisse:</strong></span> <span class='ocrx_word' id='word_1_460' title='bbox 3029 3148 3086 3194; x_wconf 90' lang='lat' dir='ltr'><strong>et</strong></span> <span class='ocrx_word' id='word_1_461' title='bbox 3108 3147 3308 3194; x_wconf 86' lang='lat' dir='ltr'><strong>terram</strong></span> <span class='ocrx_word' id='word_1_462' title='bbox 3340 3139 3638 3210; x_wconf 64' lang='lat' dir='ltr'><strong>Ethiopite</strong></span> <span class='ocrx_word' id='word_1_463' title='bbox 3676 3152 3729 3195; x_wconf 88' lang='lat' dir='ltr'><strong>et</strong></span> 
     </span>
    </p>
   </div>
   <div class='ocr_carea' id='block_1_64' title="bbox 455 3233 2042 3308">
    <p class='ocr_par' dir='ltr' id='par_1_64' title="bbox 455 3233 2042 3308">
     <span class='ocr_line' id='line_1_64' title="bbox 455 3233 2042 3308; baseline 0.004 -21"><span class='ocrx_word' id='word_1_464' title='bbox 455 3235 582 3302; x_wconf 89' lang='lat' dir='ltr'><strong>phia</strong></span> <span class='ocrx_word' id='word_1_465' title='bbox 611 3233 770 3303; x_wconf 87' lang='lat' dir='ltr'><strong>hujus</strong></span> <span class='ocrx_word' id='word_1_466' title='bbox 803 3236 982 3291; x_wconf 90' lang='lat' dir='ltr'><strong>mundi</strong></span> <span class='ocrx_word' id='word_1_467' title='bbox 1024 3236 1103 3290; x_wconf 90' lang='lat' dir='ltr'><strong>vel</strong></span> <span class='ocrx_word' id='word_1_468' title='bbox 1132 3236 1323 3308; x_wconf 87' lang='lat' dir='ltr'><strong>dogma</strong></span> <span class='ocrx_word' id='word_1_469' title='bbox 1354 3239 1729 3293; x_wconf 63' lang='lat' dir='ltr'><strong>haereticorum</strong></span> <span class='ocrx_word' id='word_1_470' title='bbox 1758 3239 1810 3293; x_wconf 91' lang='lat' dir='ltr'><strong>in</strong></span> <span class='ocrx_word' id='word_1_471' title='bbox 1841 3239 2042 3294; x_wconf 84' lang='lat' dir='ltr'><strong>Psalte-</strong></span> 
     </span>
    </p>
   </div>
   <div class='ocr_carea' id='block_1_65' title="bbox 459 3322 2040 3400">
    <p class='ocr_par' dir='ltr' id='par_1_65' title="bbox 459 3322 2040 3400">
     <span class='ocr_line' id='line_1_65' title="bbox 459 3322 2040 3400; baseline 0.004 -24"><span class='ocrx_word' id='word_1_472' title='bbox 459 3323 540 3377; x_wconf 81' lang='lat' dir='ltr'><strong>rio</strong></span> <span class='ocrx_word' id='word_1_473' title='bbox 567 3341 579 3376; x_wconf 91' lang='lat'><strong>:</strong></span> <span class='ocrx_word' id='word_1_474' title='bbox 611 3322 688 3376; x_wconf 88' lang='lat' dir='ltr'><strong>Tu</strong></span> <span class='ocrx_word' id='word_1_475' title='bbox 713 3325 986 3378; x_wconf 71' lang='lat' dir='ltr'><strong>exsiccain</strong></span> <span class='ocrx_word' id='word_1_476' title='bbox 1011 3325 1232 3394; x_wconf 84' lang='lat' dir='ltr'><strong>ﬂumina</strong></span> <span class='ocrx_word' id='word_1_477' title='bbox 1261 3325 1438 3380; x_wconf 78' lang='lat' dir='ltr'><strong>Etltan</strong></span> <span class='ocrx_word' id='word_1_478' title='bbox 1478 3323 1659 3398; x_wconf 83' lang='lat' dir='ltr'><strong>(Psal.</strong></span> <span class='ocrx_word' id='word_1_479' title='bbox 1693 3327 1916 3400; x_wconf 71' lang='lat' dir='ltr'><strong>LXXIII),</strong></span> <span class='ocrx_word' id='word_1_480' title='bbox 1948 3329 2040 3397; x_wconf 90' lang='lat' dir='ltr'><strong>qui</strong></span> 
     </span>
    </p>
   </div>
   <div class='ocr_carea' id='block_1_66' title="bbox 459 3413 2040 3489">
    <p class='ocr_par' dir='ltr' id='par_1_66' title="bbox 459 3413 2040 3489">
     <span class='ocr_line' id='line_1_66' title="bbox 459 3413 2040 3489; baseline 0.004 -23"><span class='ocrx_word' id='word_1_481' title='bbox 459 3413 865 3484; x_wconf 87' lang='lat' dir='ltr'><strong>interpretatur,</strong></span> <span class='ocrx_word' id='word_1_482' title='bbox 917 3416 1070 3485; x_wconf 88' lang='lat' dir='ltr'><strong>fortis</strong></span> <span class='ocrx_word' id='word_1_483' title='bbox 1097 3457 1111 3480; x_wconf 96' lang='lat'><strong>,</strong></span> <span class='ocrx_word' id='word_1_484' title='bbox 1166 3417 1218 3470; x_wconf 92' lang='lat' dir='ltr'><strong>id</strong></span> <span class='ocrx_word' id='word_1_485' title='bbox 1265 3424 1369 3482; x_wconf 91' lang='lat' dir='ltr'><strong>est,</strong></span> <span class='ocrx_word' id='word_1_486' title='bbox 1415 3416 1680 3483; x_wconf 89' lang='lat' dir='ltr'><strong>diabolus,</strong></span> <span class='ocrx_word' id='word_1_487' title='bbox 1725 3421 1790 3474; x_wconf 90' lang='lat' dir='ltr'><strong>de</strong></span> <span class='ocrx_word' id='word_1_488' title='bbox 1832 3434 1939 3489; x_wconf 90' lang='lat' dir='ltr'><strong>quo</strong></span> <span class='ocrx_word' id='word_1_489' title='bbox 1987 3421 2040 3473; x_wconf 93' lang='lat' dir='ltr'><strong>in</strong></span> 
     </span>
    </p>
   </div>
   <div class='ocr_carea' id='block_1_67' title="bbox 458 3504 2040 3577">
    <p class='ocr_par' dir='ltr' id='par_1_67' title="bbox 458 3504 2040 3577">
     <span class='ocr_line' id='line_1_67' title="bbox 458 3504 2040 3577; baseline 0.001 -17"><span class='ocrx_word' id='word_1_490' title='bbox 458 3504 748 3576; x_wconf 83' lang='lat' dir='ltr'><strong>Evangelio</strong></span> <span class='ocrx_word' id='word_1_491' title='bbox 811 3507 1048 3560; x_wconf 83' lang='lat' dir='ltr'><strong>dicitur:</strong></span> <span class='ocrx_word' id='word_1_492' title='bbox 1091 3505 1222 3560; x_wconf 90' lang='lat' dir='ltr'><strong>Cum</strong></span> <span class='ocrx_word' id='word_1_493' title='bbox 1293 3509 1446 3577; x_wconf 85' lang='lat' dir='ltr'><strong>fortis</strong></span> <span class='ocrx_word' id='word_1_494' title='bbox 1510 3520 1747 3563; x_wconf 86' lang='lat' dir='ltr'><strong>armatus</strong></span> <span class='ocrx_word' id='word_1_495' title='bbox 1815 3511 2040 3564; x_wconf 80' lang='lat' dir='ltr'><strong>custodit</strong></span> 
     </span>
    </p>
   </div>
   <div class='ocr_carea' id='block_1_68' title="bbox 458 3597 2042 3671">
    <p class='ocr_par' dir='ltr' id='par_1_68' title="bbox 458 3597 2042 3671">
     <span class='ocr_line' id='line_1_68' title="bbox 458 3597 2042 3671; baseline 0.003 -22"><span class='ocrx_word' id='word_1_496' title='bbox 458 3597 653 3650; x_wconf 87' lang='lat' dir='ltr'><strong>atrium</strong></span> <span class='ocrx_word' id='word_1_497' title='bbox 698 3613 872 3662; x_wconf 83' lang='lat' dir='ltr'><strong>suum,</strong></span> <span class='ocrx_word' id='word_1_498' title='bbox 909 3605 1013 3652; x_wconf 90' lang='lat' dir='ltr'><strong>etc.</strong></span> <span class='ocrx_word' id='word_1_499' title='bbox 1074 3597 1242 3668; x_wconf 85' lang='lat' dir='ltr'><strong>(Luc.</strong></span> <span class='ocrx_word' id='word_1_500' title='bbox 1283 3598 1400 3671; x_wconf 81' lang='lat' dir='ltr'><strong>xl).</strong></span> <span class='ocrx_word' id='word_1_501' title='bbox 1459 3599 1589 3654; x_wconf 85' lang='lat' dir='ltr'><strong>item</strong></span> <span class='ocrx_word' id='word_1_502' title='bbox 1639 3600 1745 3654; x_wconf 91' lang='lat' dir='ltr'><strong>alio</strong></span> <span class='ocrx_word' id='word_1_503' title='bbox 1794 3601 1952 3655; x_wconf 92' lang='lat' dir='ltr'><strong>modo</strong></span> <span class='ocrx_word' id='word_1_504' title='bbox 1989 3601 2042 3654; x_wconf 92' lang='lat' dir='ltr'><strong>in</strong></span> 
     </span>
    </p>
   </div>
   <div class='ocr_carea' id='block_1_69' title="bbox 456 3685 2035 3758">
    <p class='ocr_par' dir='ltr' id='par_1_69' title="bbox 456 3685 2035 3758">
     <span class='ocr_line' id='line_1_69' title="bbox 456 3685 2035 3758; baseline 0.004 -18"><span class='ocrx_word' id='word_1_505' title='bbox 456 3685 557 3742; x_wconf 82' lang='lat' dir='ltr'><strong>Job</strong></span> <span class='ocrx_word' id='word_1_506' title='bbox 585 3705 597 3740; x_wconf 91' lang='lat'><strong>:</strong></span> <span class='ocrx_word' id='word_1_507' title='bbox 625 3686 923 3742; x_wconf 82' lang='lat' dir='ltr'><strong>Absorbebit</strong></span> <span class='ocrx_word' id='word_1_508' title='bbox 952 3691 1190 3758; x_wconf 79' lang='lat' dir='ltr'><strong>fluvium,</strong></span> <span class='ocrx_word' id='word_1_509' title='bbox 1225 3700 1271 3744; x_wconf 89' lang='lat' dir='ltr'><strong>et</strong></span> <span class='ocrx_word' id='word_1_510' title='bbox 1302 3707 1405 3744; x_wconf 88' lang='lat' dir='ltr'><strong>non</strong></span> <span class='ocrx_word' id='word_1_511' title='bbox 1435 3692 1742 3756; x_wconf 81' lang='lat' dir='ltr'><strong>mirabitur,</strong></span> <span class='ocrx_word' id='word_1_512' title='bbox 1789 3702 1835 3746; x_wconf 90' lang='lat' dir='ltr'><strong>et</strong></span> <span class='ocrx_word' id='word_1_513' title='bbox 1880 3693 2035 3747; x_wconf 87' lang='lat' dir='ltr'><strong>habe-</strong></span> 
     </span>
    </p>
   </div>
   <div class='ocr_carea' id='block_1_70' title="bbox 457 3777 2039 3855">
    <p class='ocr_par' dir='ltr' id='par_1_70' title="bbox 457 3777 2039 3855">
     <span class='ocr_line' id='line_1_70' title="bbox 457 3777 2039 3855; baseline 0.006 -26"><span class='ocrx_word' id='word_1_514' title='bbox 457 3777 528 3829; x_wconf 82' lang='lat' dir='ltr'><strong>bit</strong></span> <span class='ocrx_word' id='word_1_515' title='bbox 544 3777 968 3848; x_wconf 77' lang='lat' dir='ltr'><strong>fiduciam,quod</strong></span> <span class='ocrx_word' id='word_1_516' title='bbox 989 3779 1177 3850; x_wconf 82' lang='lat' dir='ltr'><strong>inﬂuat</strong></span> <span class='ocrx_word' id='word_1_517' title='bbox 1201 3779 1454 3836; x_wconf 79' lang='lat' dir='ltr'><strong>Iordanis</strong></span> <span class='ocrx_word' id='word_1_518' title='bbox 1481 3782 1535 3834; x_wconf 89' lang='lat' dir='ltr'><strong>in</strong></span> <span class='ocrx_word' id='word_1_519' title='bbox 1555 3799 1612 3835; x_wconf 91' lang='lat' dir='ltr'><strong>os</strong></span> <span class='ocrx_word' id='word_1_520' title='bbox 1641 3784 1754 3853; x_wconf 87' lang='lat' dir='ltr'><strong>ejus</strong></span> <span class='ocrx_word' id='word_1_521' title='bbox 1779 3783 2039 3855; x_wconf 74' lang='lat' dir='ltr'><strong>(Job.xr.).</strong></span> 
     </span>
    </p>
   </div>
   <div class='ocr_carea' id='block_1_71' title="bbox 457 3868 2037 3945">
    <p class='ocr_par' dir='ltr' id='par_1_71' title="bbox 457 3868 2037 3945">
     <span class='ocr_line' id='line_1_71' title="bbox 457 3868 2037 3945; baseline 0.005 -24"><span class='ocrx_word' id='word_1_522' title='bbox 457 3868 631 3923; x_wconf 78' lang='lat' dir='ltr'><strong>Fluvii</strong></span> <span class='ocrx_word' id='word_1_523' title='bbox 681 3869 900 3924; x_wconf 91' lang='lat' dir='ltr'><strong>nomine</strong></span> <span class='ocrx_word' id='word_1_524' title='bbox 939 3870 1162 3924; x_wconf 91' lang='lat' dir='ltr'><strong>humani</strong></span> <span class='ocrx_word' id='word_1_525' title='bbox 1215 3873 1426 3942; x_wconf 80' lang='lat' dir='ltr'><strong>generis</strong></span> <span class='ocrx_word' id='word_1_526' title='bbox 1477 3874 1726 3929; x_wconf 85' lang='lat' dir='ltr'><strong>decursio</strong></span> <span class='ocrx_word' id='word_1_527' title='bbox 1773 3875 2037 3945; x_wconf 90' lang='lat' dir='ltr'><strong>signatur,</strong></span> 
     </span>
    </p>
   </div>
   <div class='ocr_carea' id='block_1_72' title="bbox 456 3958 2043 4037">
    <p class='ocr_par' dir='ltr' id='par_1_72' title="bbox 456 3958 2043 4037">
     <span class='ocr_line' id='line_1_72' title="bbox 456 3958 2043 4037; baseline 0.008 -26"><span class='ocrx_word' id='word_1_528' title='bbox 456 3973 577 4028; x_wconf 65' lang='lat' dir='ltr'><strong>quae</strong></span> <span class='ocrx_word' id='word_1_529' title='bbox 607 3958 752 4014; x_wconf 88' lang='lat' dir='ltr'><strong>velut</strong></span> <span class='ocrx_word' id='word_1_530' title='bbox 797 3976 828 4014; x_wconf 88' lang='lat' dir='ltr'><strong>a</strong></span> <span class='ocrx_word' id='word_1_531' title='bbox 869 3959 1033 4015; x_wconf 84' lang='lat' dir='ltr'><strong>fontis</strong></span> <span class='ocrx_word' id='word_1_532' title='bbox 1079 3961 1158 4016; x_wconf 92' lang='lat' dir='ltr'><strong>sui</strong></span> <span class='ocrx_word' id='word_1_533' title='bbox 1203 3963 1410 4032; x_wconf 89' lang='lat' dir='ltr'><strong>origine</strong></span> <span class='ocrx_word' id='word_1_534' title='bbox 1447 3967 1718 4019; x_wconf 87' lang='lat' dir='ltr'><strong>nascendo</strong></span> <span class='ocrx_word' id='word_1_535' title='bbox 1756 3967 1947 4037; x_wconf 88' lang='lat' dir='ltr'><strong>surgit,</strong></span> <span class='ocrx_word' id='word_1_536' title='bbox 1987 3975 2043 4023; x_wconf 87' lang='lat' dir='ltr'><strong>et</strong></span> 
     </span>
    </p>
   </div>
   <div class='ocr_carea' id='block_1_73' title="bbox 456 4050 2044 4123">
    <p class='ocr_par' dir='ltr' id='par_1_73' title="bbox 456 4050 2044 4123">
     <span class='ocr_line' id='line_1_73' title="bbox 456 4050 2044 4123; baseline 0.005 -19"><span class='ocrx_word' id='word_1_537' title='bbox 456 4052 524 4105; x_wconf 89' lang='lat' dir='ltr'><strong>ad</strong></span> <span class='ocrx_word' id='word_1_538' title='bbox 551 4050 660 4106; x_wconf 88' lang='lat' dir='ltr'><strong>ima</strong></span> <span class='ocrx_word' id='word_1_539' title='bbox 695 4051 935 4108; x_wconf 92' lang='lat' dir='ltr'><strong>deﬂuens</strong></span> <span class='ocrx_word' id='word_1_540' title='bbox 982 4053 1264 4107; x_wconf 90' lang='lat' dir='ltr'><strong>moriendo</strong></span> <span class='ocrx_word' id='word_1_541' title='bbox 1307 4055 1618 4123; x_wconf 88' lang='lat' dir='ltr'><strong>pertransit.</strong></span> <span class='ocrx_word' id='word_1_542' title='bbox 1668 4056 1920 4112; x_wconf 83' lang='lat' dir='ltr'><strong>Jordanis</strong></span> <span class='ocrx_word' id='word_1_543' title='bbox 1951 4073 2044 4111; x_wconf 90' lang='lat' dir='ltr'><strong>au-</strong></span> 
     </span>
    </p>
   </div>
   <div class='ocr_carea' id='block_1_74' title="bbox 459 4143 2045 4220">
    <p class='ocr_par' dir='ltr' id='par_1_74' title="bbox 459 4143 2045 4220">
     <span class='ocr_line' id='line_1_74' title="bbox 459 4143 2045 4220; baseline 0.003 -22"><span class='ocrx_word' id='word_1_544' title='bbox 459 4151 568 4198; x_wconf 91' lang='lat' dir='ltr'><strong>tem</strong></span> <span class='ocrx_word' id='word_1_545' title='bbox 597 4143 954 4214; x_wconf 87' lang='lat' dir='ltr'><strong>appellatione</strong></span> <span class='ocrx_word' id='word_1_546' title='bbox 1007 4143 1263 4214; x_wconf 87' lang='lat' dir='ltr'><strong>baptizati</strong></span> <span class='ocrx_word' id='word_1_547' title='bbox 1310 4146 1676 4216; x_wconf 90' lang='lat' dir='ltr'><strong>designantur.</strong></span> <span class='ocrx_word' id='word_1_548' title='bbox 1721 4147 1884 4214; x_wconf 84' lang='lat' dir='ltr'><strong>Quasi</strong></span> <span class='ocrx_word' id='word_1_549' title='bbox 1915 4165 2045 4220; x_wconf 90' lang='lat' dir='ltr'><strong>ergo</strong></span> 
     </span>
    </p>
   </div>
   <div class='ocr_carea' id='block_1_75' title="bbox 459 4233 2042 4306">
    <p class='ocr_par' dir='ltr' id='par_1_75' title="bbox 459 4233 2042 4306">
     <span class='ocr_line' id='line_1_75' title="bbox 459 4233 2042 4306; baseline 0.004 -19"><span class='ocrx_word' id='word_1_550' title='bbox 459 4235 661 4289; x_wconf 89' lang='lat' dir='ltr'><strong>diceret</strong></span> <span class='ocrx_word' id='word_1_551' title='bbox 689 4252 702 4288; x_wconf 89' lang='lat'><strong>:</strong></span> <span class='ocrx_word' id='word_1_552' title='bbox 730 4233 870 4290; x_wconf 76' lang='lat' dir='ltr'><strong>Ante</strong></span> <span class='ocrx_word' id='word_1_553' title='bbox 907 4236 1096 4290; x_wconf 90' lang='lat' dir='ltr'><strong>mundi</strong></span> <span class='ocrx_word' id='word_1_554' title='bbox 1130 4234 1545 4306; x_wconf 79' lang='lat' dir='ltr'><strong>Redemptorem</strong></span> <span class='ocrx_word' id='word_1_555' title='bbox 1578 4239 1836 4293; x_wconf 89' lang='lat' dir='ltr'><strong>mundum</strong></span> <span class='ocrx_word' id='word_1_556' title='bbox 1865 4238 2042 4293; x_wconf 85' lang='lat' dir='ltr'><strong>Vehe-</strong></span> 
     </span>
    </p>
   </div>
   <div class='ocr_carea' id='block_1_76' title="bbox 459 4325 2042 4402">
    <p class='ocr_par' dir='ltr' id='par_1_76' title="bbox 459 4325 2042 4402">
     <span class='ocr_line' id='line_1_76' title="bbox 459 4325 2042 4402; baseline 0.004 -25"><span class='ocrx_word' id='word_1_557' title='bbox 459 4325 616 4402; x_wconf 81' lang='lat' dir='ltr'><strong>tnoth</strong></span> <span class='ocrx_word' id='word_1_558' title='bbox 637 4340 744 4379; x_wconf 91' lang='lat' dir='ltr'><strong>non</strong></span> <span class='ocrx_word' id='word_1_559' title='bbox 769 4326 996 4380; x_wconf 91' lang='lat' dir='ltr'><strong>miratus</strong></span> <span class='ocrx_word' id='word_1_560' title='bbox 1024 4328 1342 4382; x_wconf 88' lang='lat' dir='ltr'><strong>absorbuit:</strong></span> <span class='ocrx_word' id='word_1_561' title='bbox 1375 4328 1466 4382; x_wconf 85' lang='lat' dir='ltr'><strong>sed</strong></span> <span class='ocrx_word' id='word_1_562' title='bbox 1499 4328 1672 4400; x_wconf 91' lang='lat' dir='ltr'><strong>(quod</strong></span> <span class='ocrx_word' id='word_1_563' title='bbox 1705 4339 1787 4384; x_wconf 90' lang='lat' dir='ltr'><strong>est</strong></span> <span class='ocrx_word' id='word_1_564' title='bbox 1825 4329 2042 4402; x_wconf 89' lang='lat' dir='ltr'><strong>acrius)</strong></span> 
     </span>
    </p>
   </div>
   <div class='ocr_carea' id='block_1_77' title="bbox 457 4415 2039 4490">
    <p class='ocr_par' dir='ltr' id='par_1_77' title="bbox 457 4415 2039 4490">
     <span class='ocr_line' id='line_1_77' title="bbox 457 4415 2039 4490; baseline 0.005 -23"><span class='ocrx_word' id='word_1_565' title='bbox 457 4415 620 4468; x_wconf 89' lang='lat' dir='ltr'><strong>ctiam</strong></span> <span class='ocrx_word' id='word_1_566' title='bbox 662 4423 783 4485; x_wconf 90' lang='lat' dir='ltr'><strong>post</strong></span> <span class='ocrx_word' id='word_1_567' title='bbox 829 4415 1203 4485; x_wconf 83' lang='lat' dir='ltr'><strong>Redemptoris</strong></span> <span class='ocrx_word' id='word_1_568' title='bbox 1254 4418 1569 4483; x_wconf 88' lang='lat' dir='ltr'><strong>adventum,</strong></span> <span class='ocrx_word' id='word_1_569' title='bbox 1627 4421 1908 4488; x_wconf 90' lang='lat' dir='ltr'><strong>quosdam,</strong></span> <span class='ocrx_word' id='word_1_570' title='bbox 1949 4423 2039 4490; x_wconf 92' lang='lat' dir='ltr'><strong>qui</strong></span> 
     </span>
    </p>
   </div>
   <div class='ocr_carea' id='block_1_78' title="bbox 460 4505 2038 4578">
    <p class='ocr_par' dir='ltr' id='par_1_78' title="bbox 460 4505 2038 4578">
     <span class='ocr_line' id='line_1_78' title="bbox 460 4505 2038 4578; baseline 0.005 -20"><span class='ocrx_word' id='word_1_571' title='bbox 460 4505 712 4574; x_wconf 85' lang='lat' dir='ltr'><strong>baptizati</strong></span> <span class='ocrx_word' id='word_1_572' title='bbox 764 4514 908 4571; x_wconf 90' lang='lat' dir='ltr'><strong>sunt,</strong></span> <span class='ocrx_word' id='word_1_573' title='bbox 941 4507 1204 4578; x_wconf 89' lang='lat' dir='ltr'><strong>deglutire</strong></span> <span class='ocrx_word' id='word_1_574' title='bbox 1242 4524 1299 4562; x_wconf 92' lang='lat' dir='ltr'><strong>sc</strong></span> <span class='ocrx_word' id='word_1_575' title='bbox 1334 4525 1489 4578; x_wconf 90' lang='lat' dir='ltr'><strong>posse</strong></span> <span class='ocrx_word' id='word_1_576' title='bbox 1535 4512 1775 4564; x_wconf 79' lang='lat' dir='ltr'><strong>c0nlidit.</strong></span> <span class='ocrx_word' id='word_1_577' title='bbox 1809 4512 2038 4578; x_wconf 85' lang='lat' dir='ltr'><strong>Quidam</strong></span> 
     </span>
    </p>
   </div>
   <div class='ocr_carea' id='block_1_79' title="bbox 458 4594 2040 4672">
    <p class='ocr_par' dir='ltr' id='par_1_79' title="bbox 458 4594 2040 4672">
     <span class='ocr_line' id='line_1_79' title="bbox 458 4594 2040 4672; baseline 0.006 -26"><span class='ocrx_word' id='word_1_578' title='bbox 458 4602 637 4648; x_wconf 88' lang='lat' dir='ltr'><strong>autem</strong></span> <span class='ocrx_word' id='word_1_579' title='bbox 670 4594 952 4651; x_wconf 89' lang='lat' dir='ltr'><strong>ﬂuviorum</strong></span> <span class='ocrx_word' id='word_1_580' title='bbox 989 4598 1220 4668; x_wconf 89' lang='lat' dir='ltr'><strong>propriis</strong></span> <span class='ocrx_word' id='word_1_581' title='bbox 1257 4615 1323 4654; x_wconf 76' lang='lat' dir='ltr'><strong>ex</strong></span> <span class='ocrx_word' id='word_1_582' title='bbox 1347 4600 1524 4654; x_wconf 89' lang='lat' dir='ltr'><strong>causis</strong></span> <span class='ocrx_word' id='word_1_583' title='bbox 1556 4602 1776 4655; x_wconf 88' lang='lat' dir='ltr'><strong>nomina</strong></span> <span class='ocrx_word' id='word_1_584' title='bbox 1816 4617 2040 4672; x_wconf 81' lang='lat' dir='ltr'><strong>accepe-</strong></span> 
     </span>
    </p>
   </div>
   <div class='ocr_carea' id='block_1_80' title="bbox 460 4684 2038 4760">
    <p class='ocr_par' dir='ltr' id='par_1_80' title="bbox 460 4684 2038 4760">
     <span class='ocr_line' id='line_1_80' title="bbox 460 4684 2038 4760; baseline 0.006 -23"><span class='ocrx_word' id='word_1_585' title='bbox 460 4692 604 4738; x_wconf 90' lang='lat' dir='ltr'><strong>runt.</strong></span> <span class='ocrx_word' id='word_1_586' title='bbox 637 4684 714 4738; x_wconf 74' lang='lat' dir='ltr'><strong>Ex</strong></span> <span class='ocrx_word' id='word_1_587' title='bbox 742 4685 934 4754; x_wconf 90' lang='lat' dir='ltr'><strong>quibus</strong></span> <span class='ocrx_word' id='word_1_588' title='bbox 961 4687 1199 4740; x_wconf 89' lang='lat' dir='ltr'><strong>nonnulli</strong></span> <span class='ocrx_word' id='word_1_589' title='bbox 1231 4689 1450 4744; x_wconf 89' lang='lat' dir='ltr'><strong>notandi</strong></span> <span class='ocrx_word' id='word_1_590' title='bbox 1483 4697 1630 4756; x_wconf 92' lang='lat' dir='ltr'><strong>sunt,</strong></span> <span class='ocrx_word' id='word_1_591' title='bbox 1665 4691 1756 4760; x_wconf 91' lang='lat' dir='ltr'><strong>qui</strong></span> <span class='ocrx_word' id='word_1_592' title='bbox 1790 4690 1841 4743; x_wconf 91' lang='lat' dir='ltr'><strong>in</strong></span> <span class='ocrx_word' id='word_1_593' title='bbox 1871 4691 2038 4746; x_wconf 87' lang='lat' dir='ltr'><strong>histo-</strong></span> 
     </span>
    </p>
   </div>
   <div class='ocr_carea' id='block_1_81' title="bbox 460 4775 2039 4840">
    <p class='ocr_par' dir='ltr' id='par_1_81' title="bbox 460 4775 2039 4840">
     <span class='ocr_line' id='line_1_81' title="bbox 460 4775 2039 4840; baseline 0.006 -11"><span class='ocrx_word' id='word_1_594' title='bbox 460 4777 555 4830; x_wconf 88' lang='lat' dir='ltr'><strong>riis</strong></span> <span class='ocrx_word' id='word_1_595' title='bbox 583 4775 824 4831; x_wconf 85' lang='lat' dir='ltr'><strong>celebres</strong></span> <span class='ocrx_word' id='word_1_596' title='bbox 865 4787 1253 4832; x_wconf 88' lang='lat' dir='ltr'><strong>memorantur.</strong></span> <span class='ocrx_word' id='word_1_597' title='bbox 1285 4777 1432 4833; x_wconf 90' lang='lat' dir='ltr'><strong>Geon</strong></span> <span class='ocrx_word' id='word_1_598' title='bbox 1464 4779 1656 4836; x_wconf 81' lang='lat' dir='ltr'><strong>ﬂuvius</strong></span> <span class='ocrx_word' id='word_1_599' title='bbox 1689 4783 1754 4836; x_wconf 91' lang='lat' dir='ltr'><strong>de</strong></span> <span class='ocrx_word' id='word_1_600' title='bbox 1779 4781 2039 4840; x_wconf 86' lang='lat' dir='ltr'><strong>Paradiso</strong></span> 
     </span>
    </p>
   </div>
   <div class='ocr_carea' id='block_1_82' title="bbox 457 4867 2039 4941">
    <p class='ocr_par' dir='ltr' id='par_1_82' title="bbox 457 4867 2039 4941">
     <span class='ocr_line' id='line_1_82' title="bbox 457 4867 2039 4941; baseline 0.005 -21"><span class='ocrx_word' id='word_1_601' title='bbox 457 4868 663 4930; x_wconf 74' lang='lat' dir='ltr'><strong>exiens.</strong></span> <span class='ocrx_word' id='word_1_602' title='bbox 695 4876 856 4936; x_wconf 87' lang='lat' dir='ltr'><strong>atque</strong></span> <span class='ocrx_word' id='word_1_603' title='bbox 898 4868 1201 4922; x_wconf 83' lang='lat' dir='ltr'><strong>universam</strong></span> <span class='ocrx_word' id='word_1_604' title='bbox 1247 4867 1581 4940; x_wconf 62' lang='lat' dir='ltr'><strong>JEthiopiam</strong></span> <span class='ocrx_word' id='word_1_605' title='bbox 1607 4872 1843 4941; x_wconf 80' lang='lat' dir='ltr'><strong>cingens,</strong></span> <span class='ocrx_word' id='word_1_606' title='bbox 1879 4889 2039 4928; x_wconf 90' lang='lat' dir='ltr'><strong>voca-</strong></span> 
     </span>
    </p>
   </div>
   <div class='ocr_carea' id='block_1_83' title="bbox 460 4959 2042 5028">
    <p class='ocr_par' dir='ltr' id='par_1_83' title="bbox 460 4959 2042 5028">
     <span class='ocr_line' id='line_1_83' title="bbox 460 4959 2042 5028; baseline 0.003 -13"><span class='ocrx_word' id='word_1_607' title='bbox 460 4973 544 5016; x_wconf 86' lang='lat' dir='ltr'><strong>tus</strong></span> <span class='ocrx_word' id='word_1_608' title='bbox 570 4960 672 5015; x_wconf 87' lang='lat' dir='ltr'><strong>hoc</strong></span> <span class='ocrx_word' id='word_1_609' title='bbox 700 4959 933 5022; x_wconf 90' lang='lat' dir='ltr'><strong>nomine,</strong></span> <span class='ocrx_word' id='word_1_610' title='bbox 977 4959 1119 5028; x_wconf 90' lang='lat' dir='ltr'><strong>quod</strong></span> <span class='ocrx_word' id='word_1_611' title='bbox 1153 4959 1484 5016; x_wconf 91' lang='lat' dir='ltr'><strong>incremento</strong></span> <span class='ocrx_word' id='word_1_612' title='bbox 1517 4978 1628 5016; x_wconf 70' lang='lat' dir='ltr'><strong>sua:</strong></span> <span class='ocrx_word' id='word_1_613' title='bbox 1663 4965 2042 5020; x_wconf 80' lang='lat' dir='ltr'><strong>exundationis</strong></span> 
     </span>
    </p>
   </div>
   <div class='ocr_carea' id='block_1_84' title="bbox 461 5049 2043 5124">
    <p class='ocr_par' dir='ltr' id='par_1_84' title="bbox 461 5049 2043 5124">
     <span class='ocr_line' id='line_1_84' title="bbox 461 5049 2043 5124; baseline 0.001 -18"><span class='ocrx_word' id='word_1_614' title='bbox 461 5063 656 5107; x_wconf 84' lang='lat' dir='ltr'><strong>terram</strong></span> <span class='ocrx_word' id='word_1_615' title='bbox 700 5051 917 5124; x_wconf 60' lang='lat' dir='ltr'><strong>Egypti</strong></span> <span class='ocrx_word' id='word_1_616' title='bbox 966 5051 1173 5123; x_wconf 88' lang='lat' dir='ltr'><strong>irriget.</strong></span> <span class='ocrx_word' id='word_1_617' title='bbox 1223 5049 1296 5105; x_wconf 84' lang='lat' dir='ltr'><strong>Ge</strong></span> <span class='ocrx_word' id='word_1_618' title='bbox 1341 5053 1483 5106; x_wconf 91' lang='lat' dir='ltr'><strong>enim</strong></span> <span class='ocrx_word' id='word_1_619' title='bbox 1530 5061 1728 5108; x_wconf 90' lang='lat' dir='ltr'><strong>terram</strong></span> <span class='ocrx_word' id='word_1_620' title='bbox 1773 5055 2043 5124; x_wconf 89' lang='lat' dir='ltr'><strong>signiﬁcat</strong></span> 
     </span>
    </p>
   </div>
   <div class='ocr_carea' id='block_1_85' title="bbox 457 5141 2041 5215">
    <p class='ocr_par' dir='ltr' id='par_1_85' title="bbox 457 5141 2041 5215">
     <span class='ocr_line' id='line_1_85' title="bbox 457 5141 2041 5215; baseline 0.002 -19"><span class='ocrx_word' id='word_1_621' title='bbox 457 5145 678 5198; x_wconf 76' lang='lat' dir='ltr'><strong>Grzecis.</strong></span> <span class='ocrx_word' id='word_1_622' title='bbox 716 5143 884 5200; x_wconf 84' lang='lat' dir='ltr'><strong>Porro</strong></span> <span class='ocrx_word' id='word_1_623' title='bbox 914 5145 1055 5214; x_wconf 90' lang='lat' dir='ltr'><strong>apud</strong></span> <span class='ocrx_word' id='word_1_624' title='bbox 1085 5141 1367 5215; x_wconf 65' lang='lat' dir='ltr'><strong>Egyptios</strong></span> <span class='ocrx_word' id='word_1_625' title='bbox 1399 5143 1549 5198; x_wconf 85' lang='lat' dir='ltr'><strong>Nilus</strong></span> <span class='ocrx_word' id='word_1_626' title='bbox 1572 5153 1795 5199; x_wconf 89' lang='lat' dir='ltr'><strong>vocatur</strong></span> <span class='ocrx_word' id='word_1_627' title='bbox 1819 5155 2041 5215; x_wconf 90' lang='lat' dir='ltr'><strong>propter</strong></span> 
     </span>
    </p>
   </div>
   <div class='ocr_carea' id='block_1_86' title="bbox 458 5233 2042 5304">
    <p class='ocr_par' dir='ltr' id='par_1_86' title="bbox 458 5233 2042 5304">
     <span class='ocr_line' id='line_1_86' title="bbox 458 5233 2042 5304; baseline 0.001 -16"><span class='ocrx_word' id='word_1_628' title='bbox 458 5235 665 5299; x_wconf 88' lang='lat' dir='ltr'><strong>limum,</strong></span> <span class='ocrx_word' id='word_1_629' title='bbox 698 5249 858 5302; x_wconf 85' lang='lat' dir='ltr'><strong>quem</strong></span> <span class='ocrx_word' id='word_1_630' title='bbox 887 5235 1071 5299; x_wconf 90' lang='lat' dir='ltr'><strong>trahit,</strong></span> <span class='ocrx_word' id='word_1_631' title='bbox 1104 5234 1195 5304; x_wconf 88' lang='lat' dir='ltr'><strong>qui</strong></span> <span class='ocrx_word' id='word_1_632' title='bbox 1234 5233 1396 5288; x_wconf 88' lang='lat' dir='ltr'><strong>cllicit</strong></span> <span class='ocrx_word' id='word_1_633' title='bbox 1446 5233 1853 5288; x_wconf 85' lang='lat' dir='ltr'><strong>fecunditatem.</strong></span> <span class='ocrx_word' id='word_1_634' title='bbox 1888 5234 2042 5290; x_wconf 90' lang='lat' dir='ltr'><strong>Unde</strong></span> 
     </span>
    </p>
   </div>
   <div class='ocr_carea' id='block_1_87' title="bbox 457 5323 2039 5395">
    <p class='ocr_par' dir='ltr' id='par_1_87' title="bbox 457 5323 2039 5395">
     <span class='ocr_line' id='line_1_87' title="bbox 457 5323 2039 5395; baseline -0.001 -16"><span class='ocrx_word' id='word_1_635' title='bbox 457 5333 512 5379; x_wconf 89' lang='lat' dir='ltr'><strong>ct</strong></span> <span class='ocrx_word' id='word_1_636' title='bbox 530 5323 679 5379; x_wconf 84' lang='lat' dir='ltr'><strong>Nilus</strong></span> <span class='ocrx_word' id='word_1_637' title='bbox 699 5324 876 5379; x_wconf 88' lang='lat' dir='ltr'><strong>dictus</strong></span> <span class='ocrx_word' id='word_1_638' title='bbox 898 5333 999 5391; x_wconf 90' lang='lat' dir='ltr'><strong>est,</strong></span> <span class='ocrx_word' id='word_1_639' title='bbox 1024 5324 1178 5394; x_wconf 89' lang='lat' dir='ltr'><strong>quasi</strong></span> <span class='ocrx_word' id='word_1_640' title='bbox 1203 5341 1339 5378; x_wconf 86' lang='lat' dir='ltr'><strong>nean</strong></span> <span class='ocrx_word' id='word_1_641' title='bbox 1366 5341 1397 5395; x_wconf 92' lang='lat' dir='ltr'><strong>y</strong></span> <span class='ocrx_word' id='word_1_642' title='bbox 1421 5325 1505 5379; x_wconf 90' lang='lat' dir='ltr'><strong>len</strong></span> <span class='ocrx_word' id='word_1_643' title='bbox 1532 5326 1769 5380; x_wconf 89' lang='lat' dir='ltr'><strong>trahens.</strong></span> <span class='ocrx_word' id='word_1_644' title='bbox 1792 5324 1925 5378; x_wconf 89' lang='lat' dir='ltr'><strong>Nam</strong></span> <span class='ocrx_word' id='word_1_645' title='bbox 1942 5342 2039 5379; x_wconf 88' lang='lat' dir='ltr'><strong>an-</strong></span> 
     </span>
    </p>
   </div>
   <div class='ocr_carea' id='block_1_88' title="bbox 462 5416 2038 5488">
    <p class='ocr_par' dir='ltr' id='par_1_88' title="bbox 462 5416 2038 5488">
     <span class='ocr_line' id='line_1_88' title="bbox 462 5416 2038 5488; baseline 0.003 -19"><span class='ocrx_word' id='word_1_646' title='bbox 462 5424 546 5470; x_wconf 88' lang='lat' dir='ltr'><strong>tea</strong></span> <span class='ocrx_word' id='word_1_647' title='bbox 578 5416 731 5472; x_wconf 83' lang='lat' dir='ltr'><strong>Nilus</strong></span> <span class='ocrx_word' id='word_1_648' title='bbox 759 5417 949 5472; x_wconf 88' lang='lat' dir='ltr'><strong>Latine</strong></span> <span class='ocrx_word' id='word_1_649' title='bbox 992 5417 1126 5472; x_wconf 86' lang='lat' dir='ltr'><strong>Melo</strong></span> <span class='ocrx_word' id='word_1_650' title='bbox 1150 5418 1446 5473; x_wconf 90' lang='lat' dir='ltr'><strong>dicebatur.</strong></span> <span class='ocrx_word' id='word_1_651' title='bbox 1484 5418 1724 5488; x_wconf 88' lang='lat' dir='ltr'><strong>Apparet</strong></span> <span class='ocrx_word' id='word_1_652' title='bbox 1764 5428 1944 5475; x_wconf 89' lang='lat' dir='ltr'><strong>autem</strong></span> <span class='ocrx_word' id='word_1_653' title='bbox 1981 5419 2038 5474; x_wconf 90' lang='lat' dir='ltr'><strong>in</strong></span> 
     </span>
    </p>
   </div>
   <div class='ocr_carea' id='block_1_89' title="bbox 459 5506 2039 5580">
    <p class='ocr_par' dir='ltr' id='par_1_89' title="bbox 459 5506 2039 5580">
     <span class='ocr_line' id='line_1_89' title="bbox 459 5506 2039 5580; baseline 0.001 -20"><span class='ocrx_word' id='word_1_654' title='bbox 459 5506 634 5563; x_wconf 76' lang='lat' dir='ltr'><strong>Nilide</strong></span> <span class='ocrx_word' id='word_1_655' title='bbox 673 5509 824 5574; x_wconf 89' lang='lat' dir='ltr'><strong>lacu,</strong></span> <span class='ocrx_word' id='word_1_656' title='bbox 875 5510 942 5566; x_wconf 85' lang='lat' dir='ltr'><strong>de</strong></span> <span class='ocrx_word' id='word_1_657' title='bbox 980 5525 1086 5580; x_wconf 91' lang='lat' dir='ltr'><strong>quo</strong></span> <span class='ocrx_word' id='word_1_658' title='bbox 1129 5509 1182 5564; x_wconf 91' lang='lat' dir='ltr'><strong>in</strong></span> <span class='ocrx_word' id='word_1_659' title='bbox 1223 5510 1506 5565; x_wconf 90' lang='lat' dir='ltr'><strong>meridiem</strong></span> <span class='ocrx_word' id='word_1_660' title='bbox 1536 5525 1725 5566; x_wconf 90' lang='lat' dir='ltr'><strong>versus</strong></span> <span class='ocrx_word' id='word_1_661' title='bbox 1769 5511 2039 5579; x_wconf 86' lang='lat' dir='ltr'><strong>excipitur</strong></span> 
     </span>
    </p>
   </div>
   <div class='ocr_carea' id='block_1_90' title="bbox 459 5597 2037 5672">
    <p class='ocr_par' dir='ltr' id='par_1_90' title="bbox 459 5597 2037 5672">
     <span class='ocr_line' id='line_1_90' title="bbox 459 5597 2037 5672; baseline -0.001 -17"><span class='ocrx_word' id='word_1_662' title='bbox 459 5597 714 5671; x_wconf 64' lang='lat' dir='ltr'><strong>Egypto,</strong></span> <span class='ocrx_word' id='word_1_663' title='bbox 731 5602 818 5658; x_wconf 93' lang='lat' dir='ltr'><strong>ubi</strong></span> <span class='ocrx_word' id='word_1_664' title='bbox 835 5601 1100 5672; x_wconf 89' lang='lat' dir='ltr'><strong>aquilonis</strong></span> <span class='ocrx_word' id='word_1_665' title='bbox 1116 5602 1335 5657; x_wconf 91' lang='lat' dir='ltr'><strong>ﬂatibus</strong></span> <span class='ocrx_word' id='word_1_666' title='bbox 1352 5616 1700 5671; x_wconf 86' lang='lat' dir='ltr'><strong>repercussus</strong></span> <span class='ocrx_word' id='word_1_667' title='bbox 1715 5602 1869 5671; x_wconf 89' lang='lat' dir='ltr'><strong>aquis</strong></span> <span class='ocrx_word' id='word_1_668' title='bbox 1891 5608 2037 5655; x_wconf 89' lang='lat' dir='ltr'><strong>retro</strong></span> 
     </span>
    </p>
   </div>
   <div class='ocr_carea' id='block_1_91' title="bbox 462 5690 2035 5765">
    <p class='ocr_par' dir='ltr' id='par_1_91' title="bbox 462 5690 2035 5765">
     <span class='ocr_line' id='line_1_91' title="bbox 462 5690 2035 5765; baseline 0.001 -21"><span class='ocrx_word' id='word_1_669' title='bbox 462 5691 789 5748; x_wconf 84' lang='lat' dir='ltr'><strong>lactantibus</strong></span> <span class='ocrx_word' id='word_1_670' title='bbox 809 5691 1119 5748; x_wconf 86' lang='lat' dir='ltr'><strong>intumescit</strong></span> <span class='ocrx_word' id='word_1_671' title='bbox 1138 5701 1193 5749; x_wconf 87' lang='lat' dir='ltr'><strong>et</strong></span> <span class='ocrx_word' id='word_1_672' title='bbox 1214 5691 1619 5750; x_wconf 89' lang='lat' dir='ltr'><strong>inundationem</strong></span> <span class='ocrx_word' id='word_1_673' title='bbox 1640 5691 1858 5765; x_wconf 57' lang='lat' dir='ltr'><strong>[Egypti</strong></span> <span class='ocrx_word' id='word_1_674' title='bbox 1887 5690 2035 5747; x_wconf 90' lang='lat' dir='ltr'><strong>facit.</strong></span> 
     </span>
    </p>
   </div>
   <div class='ocr_carea' id='block_1_92' title="bbox 2143 3225 3726 3301">
    <p class='ocr_par' dir='ltr' id='par_1_92' title="bbox 2143 3225 3726 3301">
     <span class='ocr_line' id='line_1_92' title="bbox 2143 3225 3726 3301; baseline 0.004 -23"><span class='ocrx_word' id='word_1_675' title='bbox 2143 3225 2416 3294; x_wconf 87' lang='lat' dir='ltr'><strong>spiritales</strong></span> <span class='ocrx_word' id='word_1_676' title='bbox 2438 3225 2658 3298; x_wconf 64' lang='lat' dir='ltr'><strong>Egypti</strong></span> <span class='ocrx_word' id='word_1_677' title='bbox 2683 3237 2917 3298; x_wconf 90' lang='lat' dir='ltr'><strong>quatuor</strong></span> <span class='ocrx_word' id='word_1_678' title='bbox 2935 3227 3148 3284; x_wconf 90' lang='lat' dir='ltr'><strong>ﬂuentis</strong></span> <span class='ocrx_word' id='word_1_679' title='bbox 3171 3230 3480 3300; x_wconf 86' lang='lat' dir='ltr'><strong>dogmatum</strong></span> <span class='ocrx_word' id='word_1_680' title='bbox 3510 3231 3726 3301; x_wconf 79' lang='lat' dir='ltr'><strong>irrigat,</strong></span> 
     </span>
    </p>
   </div>
   <div class='ocr_carea' id='block_1_93' title="bbox 2145 3317 3726 3392">
    <p class='ocr_par' dir='ltr' id='par_1_93' title="bbox 2145 3317 3726 3392">
     <span class='ocr_line' id='line_1_93' title="bbox 2145 3317 3726 3392; baseline 0.003 -23"><span class='ocrx_word' id='word_1_681' title='bbox 2145 3332 2250 3386; x_wconf 91' lang='lat' dir='ltr'><strong>qua</strong></span> <span class='ocrx_word' id='word_1_682' title='bbox 2304 3317 2540 3372; x_wconf 87' lang='lat' dir='ltr'><strong>fructunt</strong></span> <span class='ocrx_word' id='word_1_683' title='bbox 2598 3318 2720 3372; x_wconf 90' lang='lat' dir='ltr'><strong>ﬁdei</strong></span> <span class='ocrx_word' id='word_1_684' title='bbox 2769 3327 2824 3373; x_wconf 90' lang='lat' dir='ltr'><strong>et</strong></span> <span class='ocrx_word' id='word_1_685' title='bbox 2873 3319 3134 3374; x_wconf 91' lang='lat' dir='ltr'><strong>bonorum</strong></span> <span class='ocrx_word' id='word_1_686' title='bbox 3187 3336 3410 3388; x_wconf 91' lang='lat' dir='ltr'><strong>operum</strong></span> <span class='ocrx_word' id='word_1_687' title='bbox 3462 3321 3726 3392; x_wconf 74' lang='lat' dir='ltr'><strong>proferat.</strong></span> 
     </span>
    </p>
   </div>
   <div class='ocr_carea' id='block_1_94' title="bbox 2146 3409 3729 3482">
    <p class='ocr_par' dir='ltr' id='par_1_94' title="bbox 2146 3409 3729 3482">
     <span class='ocr_line' id='line_1_94' title="bbox 2146 3409 3729 3482; baseline 0.001 -17"><span class='ocrx_word' id='word_1_688' title='bbox 2146 3409 2298 3465; x_wconf 89' lang='lat' dir='ltr'><strong>Unde</strong></span> <span class='ocrx_word' id='word_1_689' title='bbox 2332 3419 2386 3463; x_wconf 90' lang='lat' dir='ltr'><strong>et</strong></span> <span class='ocrx_word' id='word_1_690' title='bbox 2434 3411 2548 3480; x_wconf 91' lang='lat' dir='ltr'><strong>ipse</strong></span> <span class='ocrx_word' id='word_1_691' title='bbox 2581 3410 2918 3482; x_wconf 86' lang='lat' dir='ltr'><strong>Evangelista</strong></span> <span class='ocrx_word' id='word_1_692' title='bbox 2971 3411 3025 3464; x_wconf 93' lang='lat' dir='ltr'><strong>in</strong></span> <span class='ocrx_word' id='word_1_693' title='bbox 3075 3411 3439 3467; x_wconf 88' lang='lat' dir='ltr'><strong>ecclesiastica</strong></span> <span class='ocrx_word' id='word_1_694' title='bbox 3500 3413 3729 3468; x_wconf 86' lang='lat' dir='ltr'><strong>historia</strong></span> 
     </span>
    </p>
   </div>
   <div class='ocr_carea' id='block_1_95' title="bbox 2141 3499 3728 3573">
    <p class='ocr_par' dir='ltr' id='par_1_95' title="bbox 2141 3499 3728 3573">
     <span class='ocr_line' id='line_1_95' title="bbox 2141 3499 3728 3573; baseline 0.001 -19"><span class='ocrx_word' id='word_1_695' title='bbox 2141 3499 2466 3554; x_wconf 89' lang='lat' dir='ltr'><strong>describitur</strong></span> <span class='ocrx_word' id='word_1_696' title='bbox 2495 3501 2546 3553; x_wconf 94' lang='lat' dir='ltr'><strong>in</strong></span> <span class='ocrx_word' id='word_1_697' title='bbox 2577 3499 2870 3568; x_wconf 57' lang='lat' dir='ltr'><strong>lEthiopize</strong></span> <span class='ocrx_word' id='word_1_698' title='bbox 2895 3501 3139 3571; x_wconf 86' lang='lat' dir='ltr'><strong>partibus</strong></span> <span class='ocrx_word' id='word_1_699' title='bbox 3165 3502 3338 3570; x_wconf 91' lang='lat' dir='ltr'><strong>ipsum</strong></span> <span class='ocrx_word' id='word_1_700' title='bbox 3374 3502 3728 3573; x_wconf 80' lang='lat' dir='ltr'><strong>Evangelium</strong></span> 
     </span>
    </p>
   </div>
   <div class='ocr_carea' id='block_1_96' title="bbox 2144 3589 3730 3664">
    <p class='ocr_par' dir='ltr' id='par_1_96' title="bbox 2144 3589 3730 3664">
     <span class='ocr_line' id='line_1_96' title="bbox 2144 3589 3730 3664; baseline 0.005 -24"><span class='ocrx_word' id='word_1_701' title='bbox 2144 3589 2466 3658; x_wconf 63' lang='lat' dir='ltr'><strong>praedicasse</strong></span> <span class='ocrx_word' id='word_1_702' title='bbox 2499 3598 2556 3644; x_wconf 90' lang='lat' dir='ltr'><strong>et</strong></span> <span class='ocrx_word' id='word_1_703' title='bbox 2601 3591 2859 3661; x_wconf 87' lang='lat' dir='ltr'><strong>martyrio</strong></span> <span class='ocrx_word' id='word_1_704' title='bbox 2894 3601 3296 3646; x_wconf 87' lang='lat' dir='ltr'><strong>consummatus</strong></span> <span class='ocrx_word' id='word_1_705' title='bbox 3344 3607 3481 3648; x_wconf 89' lang='lat' dir='ltr'><strong>esse.</strong></span> <span class='ocrx_word' id='word_1_706' title='bbox 3516 3592 3730 3664; x_wconf 84' lang='lat' dir='ltr'><strong>Ganges</strong></span> 
     </span>
    </p>
   </div>
   <div class='ocr_carea' id='block_1_97' title="bbox 2147 3681 3723 3754">
    <p class='ocr_par' dir='ltr' id='par_1_97' title="bbox 2147 3681 3723 3754">
     <span class='ocr_line' id='line_1_97' title="bbox 2147 3681 3723 3754; baseline 0.005 -22"><span class='ocrx_word' id='word_1_707' title='bbox 2147 3695 2300 3747; x_wconf 90' lang='lat' dir='ltr'><strong>vero,</strong></span> <span class='ocrx_word' id='word_1_708' title='bbox 2346 3681 2448 3736; x_wconf 89' lang='lat' dir='ltr'><strong>hoc</strong></span> <span class='ocrx_word' id='word_1_709' title='bbox 2494 3690 2575 3736; x_wconf 90' lang='lat' dir='ltr'><strong>cst</strong></span> <span class='ocrx_word' id='word_1_710' title='bbox 2622 3682 2852 3747; x_wconf 88' lang='lat' dir='ltr'><strong>Phison,</strong></span> <span class='ocrx_word' id='word_1_711' title='bbox 2904 3684 2994 3752; x_wconf 90' lang='lat' dir='ltr'><strong>qui</strong></span> <span class='ocrx_word' id='word_1_712' title='bbox 3054 3684 3440 3754; x_wconf 87' lang='lat' dir='ltr'><strong>interpretatur</strong></span> <span class='ocrx_word' id='word_1_713' title='bbox 3495 3697 3723 3746; x_wconf 81' lang='lat' dir='ltr'><strong>caterva,</strong></span> 
     </span>
    </p>
   </div>
   <div class='ocr_carea' id='block_1_98' title="bbox 2144 3773 3726 3845">
    <p class='ocr_par' dir='ltr' id='par_1_98' title="bbox 2144 3773 3726 3845">
     <span class='ocr_line' id='line_1_98' title="bbox 2144 3773 3726 3845; baseline 0.004 -19"><span class='ocrx_word' id='word_1_714' title='bbox 2144 3773 2258 3826; x_wconf 82' lang='lat' dir='ltr'><strong>sive</strong></span> <span class='ocrx_word' id='word_1_715' title='bbox 2335 3773 2442 3826; x_wconf 88' lang='lat' dir='ltr'><strong>oris</strong></span> <span class='ocrx_word' id='word_1_716' title='bbox 2507 3774 2729 3826; x_wconf 86' lang='lat' dir='ltr'><strong>mutatio</strong></span> <span class='ocrx_word' id='word_1_717' title='bbox 2781 3773 3052 3842; x_wconf 87' lang='lat' dir='ltr'><strong>signiﬁcat</strong></span> <span class='ocrx_word' id='word_1_718' title='bbox 3110 3774 3457 3845; x_wconf 68' lang='lat' dir='ltr'><strong>EVangelium</strong></span> <span class='ocrx_word' id='word_1_719' title='bbox 3519 3776 3726 3840; x_wconf 82' lang='lat' dir='ltr'><strong>Marci,</strong></span> 
     </span>
    </p>
   </div>
   <div class='ocr_carea' id='block_1_99' title="bbox 2144 3862 3728 3933">
    <p class='ocr_par' dir='ltr' id='par_1_99' title="bbox 2144 3862 3728 3933">
     <span class='ocr_line' id='line_1_99' title="bbox 2144 3862 3728 3933; baseline 0.004 -18"><span class='ocrx_word' id='word_1_720' title='bbox 2144 3863 2287 3933; x_wconf 91' lang='lat' dir='ltr'><strong>quod</strong></span> <span class='ocrx_word' id='word_1_721' title='bbox 2335 3862 2402 3917; x_wconf 93' lang='lat' dir='ltr'><strong>de</strong></span> <span class='ocrx_word' id='word_1_722' title='bbox 2445 3863 2759 3933; x_wconf 86' lang='lat' dir='ltr'><strong>genealogia</strong></span> <span class='ocrx_word' id='word_1_723' title='bbox 2810 3863 3109 3919; x_wconf 83' lang='lat' dir='ltr'><strong>Salvatoris</strong></span> <span class='ocrx_word' id='word_1_724' title='bbox 3157 3868 3452 3920; x_wconf 90' lang='lat' dir='ltr'><strong>secundum</strong></span> <span class='ocrx_word' id='word_1_725' title='bbox 3505 3881 3728 3921; x_wconf 84' lang='lat' dir='ltr'><strong>carnem</strong></span> 
     </span>
    </p>
   </div>
   <div class='ocr_carea' id='block_1_100' title="bbox 2144 3954 3730 4024">
    <p class='ocr_par' dir='ltr' id='par_1_100' title="bbox 2144 3954 3730 4024">
     <span class='ocr_line' id='line_1_100' title="bbox 2144 3954 3730 4024; baseline 0.003 -17"><span class='ocrx_word' id='word_1_726' title='bbox 2144 3969 2333 4022; x_wconf 89' lang='lat' dir='ltr'><strong>parum</strong></span> <span class='ocrx_word' id='word_1_727' title='bbox 2378 3961 2564 4007; x_wconf 88' lang='lat' dir='ltr'><strong>narrat</strong></span> <span class='ocrx_word' id='word_1_728' title='bbox 2591 3970 2604 4006; x_wconf 93' lang='lat'><strong>:</strong></span> <span class='ocrx_word' id='word_1_729' title='bbox 2631 3955 2697 4009; x_wconf 88' lang='lat' dir='ltr'><strong>de</strong></span> <span class='ocrx_word' id='word_1_730' title='bbox 2745 3955 3127 4024; x_wconf 70' lang='lat' dir='ltr'><strong>prwdicatione</strong></span> <span class='ocrx_word' id='word_1_731' title='bbox 3173 3965 3352 4010; x_wconf 91' lang='lat' dir='ltr'><strong>autem</strong></span> <span class='ocrx_word' id='word_1_732' title='bbox 3403 3954 3539 4023; x_wconf 85' lang='lat' dir='ltr'><strong>ejus,</strong></span> <span class='ocrx_word' id='word_1_733' title='bbox 3581 3957 3730 4011; x_wconf 84' lang='lat' dir='ltr'><strong>etde</strong></span> 
     </span>
    </p>
   </div>
   <div class='ocr_carea' id='block_1_101' title="bbox 2146 4044 3730 4117">
    <p class='ocr_par' dir='ltr' id='par_1_101' title="bbox 2146 4044 3730 4117">
     <span class='ocr_line' id='line_1_101' title="bbox 2146 4044 3730 4117; baseline 0.003 -19"><span class='ocrx_word' id='word_1_734' title='bbox 2146 4044 2420 4100; x_wconf 89' lang='lat' dir='ltr'><strong>miraculis</strong></span> <span class='ocrx_word' id='word_1_735' title='bbox 2485 4046 2848 4111; x_wconf 88' lang='lat' dir='ltr'><strong>catervatim,</strong></span> <span class='ocrx_word' id='word_1_736' title='bbox 2923 4061 3042 4115; x_wconf 66' lang='lat' dir='ltr'><strong>qua:</strong></span> <span class='ocrx_word' id='word_1_737' title='bbox 3109 4048 3290 4101; x_wconf 61' lang='lat' dir='ltr'><strong>ueteri</strong></span> <span class='ocrx_word' id='word_1_738' title='bbox 3369 4047 3730 4117; x_wconf 71' lang='lat' dir='ltr'><strong>Evangelista:</strong></span> 
     </span>
    </p>
   </div>
   <div class='ocr_carea' id='block_1_102' title="bbox 2143 4137 3732 4210">
    <p class='ocr_par' dir='ltr' id='par_1_102' title="bbox 2143 4137 3732 4210">
     <span class='ocr_line' id='line_1_102' title="bbox 2143 4137 3732 4210; baseline 0.001 -19"><span class='ocrx_word' id='word_1_739' title='bbox 2143 4137 2354 4206; x_wconf 90' lang='lat' dir='ltr'><strong>plenius</strong></span> <span class='ocrx_word' id='word_1_740' title='bbox 2415 4146 2675 4201; x_wconf 90' lang='lat' dir='ltr'><strong>narrant,</strong></span> <span class='ocrx_word' id='word_1_741' title='bbox 2735 4139 2788 4192; x_wconf 92' lang='lat' dir='ltr'><strong>in</strong></span> <span class='ocrx_word' id='word_1_742' title='bbox 2843 4154 3009 4192; x_wconf 87' lang='lat' dir='ltr'><strong>unum</strong></span> <span class='ocrx_word' id='word_1_743' title='bbox 3082 4139 3322 4194; x_wconf 88' lang='lat' dir='ltr'><strong>codicem</strong></span> <span class='ocrx_word' id='word_1_744' title='bbox 3379 4139 3585 4210; x_wconf 85' lang='lat' dir='ltr'><strong>colligit</strong></span> <span class='ocrx_word' id='word_1_745' title='bbox 3627 4159 3640 4194; x_wconf 89' lang='lat'>:</span> <span class='ocrx_word' id='word_1_746' title='bbox 3679 4148 3732 4194; x_wconf 90' lang='lat' dir='ltr'><strong>et</strong></span> 
     </span>
    </p>
   </div>
   <div class='ocr_carea' id='block_1_103' title="bbox 2145 4228 3730 4298">
    <p class='ocr_par' dir='ltr' id='par_1_103' title="bbox 2145 4228 3730 4298">
     <span class='ocr_line' id='line_1_103' title="bbox 2145 4228 3730 4298; baseline 0.001 -15"><span class='ocrx_word' id='word_1_747' title='bbox 2145 4230 2223 4284; x_wconf 91' lang='lat' dir='ltr'><strong>sic</strong></span> <span class='ocrx_word' id='word_1_748' title='bbox 2269 4229 2335 4283; x_wconf 91' lang='lat' dir='ltr'><strong>ad</strong></span> <span class='ocrx_word' id='word_1_749' title='bbox 2379 4230 2685 4298; x_wconf 87' lang='lat' dir='ltr'><strong>passionem</strong></span> <span class='ocrx_word' id='word_1_750' title='bbox 2735 4228 2934 4283; x_wconf 88' lang='lat' dir='ltr'><strong>Christi</strong></span> <span class='ocrx_word' id='word_1_751' title='bbox 2981 4229 3319 4298; x_wconf 86' lang='lat' dir='ltr'><strong>perveniens,</strong></span> <span class='ocrx_word' id='word_1_752' title='bbox 3371 4232 3730 4285; x_wconf 87' lang='lat' dir='ltr'><strong>resurrectio—</strong></span> 
     </span>
    </p>
   </div>
   <div class='ocr_carea' id='block_1_104' title="bbox 2146 4321 3732 4390">
    <p class='ocr_par' dir='ltr' id='par_1_104' title="bbox 2146 4321 3732 4390">
     <span class='ocr_line' id='line_1_104' title="bbox 2146 4321 3732 4390; baseline 0.002 -16"><span class='ocrx_word' id='word_1_753' title='bbox 2146 4336 2377 4390; x_wconf 89' lang='lat' dir='ltr'><strong>nemque</strong></span> <span class='ocrx_word' id='word_1_754' title='bbox 2426 4336 2456 4375; x_wconf 91' lang='lat' dir='ltr'><strong>a</strong></span> <span class='ocrx_word' id='word_1_755' title='bbox 2491 4321 2742 4385; x_wconf 90' lang='lat' dir='ltr'><strong>mortuis,</strong></span> <span class='ocrx_word' id='word_1_756' title='bbox 2803 4322 2856 4375; x_wconf 92' lang='lat' dir='ltr'><strong>in</strong></span> <span class='ocrx_word' id='word_1_757' title='bbox 2889 4322 3085 4375; x_wconf 72' lang='lat' dir='ltr'><strong>cwlum</strong></span> <span class='ocrx_word' id='word_1_758' title='bbox 3125 4335 3248 4374; x_wconf 88' lang='lat' dir='ltr'><strong>eum</strong></span> <span class='ocrx_word' id='word_1_759' title='bbox 3289 4323 3618 4385; x_wconf 89' lang='lat' dir='ltr'><strong>ascendisse,</strong></span> <span class='ocrx_word' id='word_1_760' title='bbox 3679 4333 3732 4377; x_wconf 86' lang='lat' dir='ltr'><strong>et</strong></span> 
     </span>
    </p>
   </div>
   <div class='ocr_carea' id='block_1_105' title="bbox 2147 4411 3731 4484">
    <p class='ocr_par' dir='ltr' id='par_1_105' title="bbox 2147 4411 3731 4484">
     <span class='ocr_line' id='line_1_105' title="bbox 2147 4411 3731 4484; baseline 0 -17"><span class='ocrx_word' id='word_1_761' title='bbox 2147 4415 2418 4483; x_wconf 84' lang='lat' dir='ltr'><strong>apostolos</strong></span> <span class='ocrx_word' id='word_1_762' title='bbox 2465 4423 2586 4484; x_wconf 86' lang='lat' dir='ltr'><strong>post</strong></span> <span class='ocrx_word' id='word_1_763' title='bbox 2615 4415 2984 4469; x_wconf 90' lang='lat' dir='ltr'><strong>ascensionem</strong></span> <span class='ocrx_word' id='word_1_764' title='bbox 3015 4411 3130 4481; x_wconf 85' lang='lat' dir='ltr'><strong>ejus</strong></span> <span class='ocrx_word' id='word_1_765' title='bbox 3161 4415 3360 4468; x_wconf 91' lang='lat' dir='ltr'><strong>mundo</strong></span> <span class='ocrx_word' id='word_1_766' title='bbox 3406 4415 3731 4484; x_wconf 70' lang='lat' dir='ltr'><strong>przedicasse</strong></span> 
     </span>
    </p>
   </div>
   <div class='ocr_carea' id='block_1_106' title="bbox 2144 4509 3732 4580">
    <p class='ocr_par' dir='ltr' id='par_1_106' title="bbox 2144 4509 3732 4580">
     <span class='ocr_line' id='line_1_106' title="bbox 2144 4509 3732 4580; baseline 0.001 -17"><span class='ocrx_word' id='word_1_767' title='bbox 2144 4509 2497 4563; x_wconf 87' lang='lat' dir='ltr'><strong>demonstrat.</strong></span> <span class='ocrx_word' id='word_1_768' title='bbox 2554 4509 2731 4578; x_wconf 88' lang='lat' dir='ltr'><strong>Tigris</strong></span> <span class='ocrx_word' id='word_1_769' title='bbox 2768 4523 2982 4579; x_wconf 91' lang='lat' dir='ltr'><strong>quoque</strong></span> <span class='ocrx_word' id='word_1_770' title='bbox 3031 4509 3168 4562; x_wconf 86' lang='lat' dir='ltr'><strong>bene</strong></span> <span class='ocrx_word' id='word_1_771' title='bbox 3216 4518 3394 4580; x_wconf 88' lang='lat' dir='ltr'><strong>potest</strong></span> <span class='ocrx_word' id='word_1_772' title='bbox 3441 4511 3732 4564; x_wconf 89' lang='lat' dir='ltr'><strong>convenire</strong></span> 
     </span>
    </p>
   </div>
   <div class='ocr_carea' id='block_1_107' title="bbox 2142 4597 3729 4668">
    <p class='ocr_par' dir='ltr' id='par_1_107' title="bbox 2142 4597 3729 4668">
     <span class='ocr_line' id='line_1_107' title="bbox 2142 4597 3729 4668; baseline 0 -16"><span class='ocrx_word' id='word_1_773' title='bbox 2142 4598 2428 4668; x_wconf 88' lang='lat' dir='ltr'><strong>Evangeliu</strong></span> <span class='ocrx_word' id='word_1_774' title='bbox 2458 4597 2634 4662; x_wconf 63' lang='lat' dir='ltr'><strong>Luem,</strong></span> <span class='ocrx_word' id='word_1_775' title='bbox 2660 4599 2750 4666; x_wconf 87' lang='lat' dir='ltr'><strong>qui</strong></span> <span class='ocrx_word' id='word_1_776' title='bbox 2778 4599 3008 4668; x_wconf 87' lang='lat' dir='ltr'><strong>primum</strong></span> <span class='ocrx_word' id='word_1_777' title='bbox 3037 4613 3066 4650; x_wconf 91' lang='lat' dir='ltr'><strong>a</strong></span> <span class='ocrx_word' id='word_1_778' title='bbox 3099 4599 3404 4653; x_wconf 89' lang='lat' dir='ltr'><strong>sacerdotio</strong></span> <span class='ocrx_word' id='word_1_779' title='bbox 3430 4599 3729 4662; x_wconf 67' lang='lat' dir='ltr'><strong>Zacharia},</strong></span> 
     </span>
    </p>
   </div>
   <div class='ocr_carea' id='block_1_108' title="bbox 2141 4687 3729 4757">
    <p class='ocr_par' dir='ltr' id='par_1_108' title="bbox 2141 4687 3729 4757">
     <span class='ocr_line' id='line_1_108' title="bbox 2141 4687 3729 4757; baseline 0.001 -15"><span class='ocrx_word' id='word_1_780' title='bbox 2141 4697 2196 4742; x_wconf 88' lang='lat' dir='ltr'><strong>et</strong></span> <span class='ocrx_word' id='word_1_781' title='bbox 2229 4690 2294 4743; x_wconf 90' lang='lat' dir='ltr'><strong>de</strong></span> <span class='ocrx_word' id='word_1_782' title='bbox 2341 4689 2621 4742; x_wconf 87' lang='lat' dir='ltr'><strong>nativitate</strong></span> <span class='ocrx_word' id='word_1_783' title='bbox 2662 4687 2885 4742; x_wconf 77' lang='lat' dir='ltr'><strong>Joannis</strong></span> <span class='ocrx_word' id='word_1_784' title='bbox 2925 4688 3206 4757; x_wconf 89' lang='lat' dir='ltr'><strong>incipiens,</strong></span> <span class='ocrx_word' id='word_1_785' title='bbox 3262 4689 3729 4744; x_wconf 90' lang='lat' dir='ltr'><strong>annuntiationem</strong></span> 
     </span>
    </p>
   </div>
   <div class='ocr_carea' id='block_1_109' title="bbox 2142 4776 3732 4846">
    <p class='ocr_par' dir='ltr' id='par_1_109' title="bbox 2142 4776 3732 4846">
     <span class='ocr_line' id='line_1_109' title="bbox 2142 4776 3732 4846; baseline 0.001 -16"><span class='ocrx_word' id='word_1_786' title='bbox 2142 4777 2316 4846; x_wconf 89' lang='lat' dir='ltr'><strong>angeli</strong></span> <span class='ocrx_word' id='word_1_787' title='bbox 2364 4776 2430 4830; x_wconf 91' lang='lat' dir='ltr'><strong>ad</strong></span> <span class='ocrx_word' id='word_1_788' title='bbox 2471 4776 2694 4830; x_wconf 85' lang='lat' dir='ltr'><strong>Mariam</strong></span> <span class='ocrx_word' id='word_1_789' title='bbox 2725 4776 3008 4846; x_wconf 88' lang='lat' dir='ltr'><strong>virginem,</strong></span> <span class='ocrx_word' id='word_1_790' title='bbox 3065 4785 3120 4831; x_wconf 92' lang='lat' dir='ltr'><strong>et</strong></span> <span class='ocrx_word' id='word_1_791' title='bbox 3164 4778 3502 4832; x_wconf 60' lang='lat' dir='ltr'><strong>nativitatem</strong></span> <span class='ocrx_word' id='word_1_792' title='bbox 3543 4777 3732 4833; x_wconf 85' lang='lat' dir='ltr'><strong>Salva-</strong></span> 
     </span>
    </p>
   </div>
   <div class='ocr_carea' id='block_1_110' title="bbox 2140 4869 3731 4942">
    <p class='ocr_par' dir='ltr' id='par_1_110' title="bbox 2140 4869 3731 4942">
     <span class='ocr_line' id='line_1_110' title="bbox 2140 4869 3731 4942; baseline 0.001 -20"><span class='ocrx_word' id='word_1_793' title='bbox 2140 4869 2274 4923; x_wconf 90' lang='lat' dir='ltr'><strong>toris</strong></span> <span class='ocrx_word' id='word_1_794' title='bbox 2328 4878 2721 4938; x_wconf 87' lang='lat' dir='ltr'><strong>consequenter</strong></span> <span class='ocrx_word' id='word_1_795' title='bbox 2773 4871 3055 4934; x_wconf 90' lang='lat' dir='ltr'><strong>enuntiat;</strong></span> <span class='ocrx_word' id='word_1_796' title='bbox 3109 4870 3293 4940; x_wconf 85' lang='lat' dir='ltr'><strong>sicque</strong></span> <span class='ocrx_word' id='word_1_797' title='bbox 3365 4870 3731 4942; x_wconf 88' lang='lat' dir='ltr'><strong>genealogiam</strong></span> 
     </span>
    </p>
   </div>
   <div class='ocr_carea' id='block_1_111' title="bbox 2143 4960 3732 5031">
    <p class='ocr_par' dir='ltr' id='par_1_111' title="bbox 2143 4960 3732 5031">
     <span class='ocr_line' id='line_1_111' title="bbox 2143 4960 3732 5031; baseline 0.001 -16"><span class='ocrx_word' id='word_1_798' title='bbox 2143 4960 2258 5029; x_wconf 89' lang='lat' dir='ltr'><strong>ejus</strong></span> <span class='ocrx_word' id='word_1_799' title='bbox 2295 4960 2438 5014; x_wconf 91' lang='lat' dir='ltr'><strong>circa</strong></span> <span class='ocrx_word' id='word_1_800' title='bbox 2487 4961 2826 5031; x_wconf 90' lang='lat' dir='ltr'><strong>baptismatis</strong></span> <span class='ocrx_word' id='word_1_801' title='bbox 2875 4961 3242 5015; x_wconf 88' lang='lat' dir='ltr'><strong>narrationem</strong></span> <span class='ocrx_word' id='word_1_802' title='bbox 3295 4977 3732 5016; x_wconf 89' lang='lat' dir='ltr'><strong>commemorans</strong></span> 
     </span>
    </p>
   </div>
   <div class='ocr_carea' id='block_1_112' title="bbox 2147 5049 3732 5122">
    <p class='ocr_par' dir='ltr' id='par_1_112' title="bbox 2147 5049 3732 5122">
     <span class='ocr_line' id='line_1_112' title="bbox 2147 5049 3732 5122; baseline -0.001 -17"><span class='ocrx_word' id='word_1_803' title='bbox 2147 5052 2340 5106; x_wconf 89' lang='lat' dir='ltr'><strong>transit</strong></span> <span class='ocrx_word' id='word_1_804' title='bbox 2371 5051 2438 5105; x_wconf 89' lang='lat' dir='ltr'><strong>ad</strong></span> <span class='ocrx_word' id='word_1_805' title='bbox 2467 5053 2842 5120; x_wconf 87' lang='lat' dir='ltr'><strong>exponendum</strong></span> <span class='ocrx_word' id='word_1_806' title='bbox 2879 5051 3322 5122; x_wconf 65' lang='lat' dir='ltr'><strong>praedicationem</strong></span> <span class='ocrx_word' id='word_1_807' title='bbox 3346 5049 3483 5119; x_wconf 89' lang='lat' dir='ltr'><strong>ejus,</strong></span> <span class='ocrx_word' id='word_1_808' title='bbox 3533 5060 3589 5105; x_wconf 89' lang='lat' dir='ltr'><strong>et</strong></span> <span class='ocrx_word' id='word_1_809' title='bbox 3629 5050 3732 5106; x_wconf 80' lang='lat' dir='ltr'><strong>mi—</strong></span> 
     </span>
    </p>
   </div>
   <div class='ocr_carea' id='block_1_113' title="bbox 2147 5141 3729 5197">
    <p class='ocr_par' dir='ltr' id='par_1_113' title="bbox 2147 5141 3729 5197">
     <span class='ocr_line' id='line_1_113' title="bbox 2147 5141 3729 5197; baseline 0 -2"><span class='ocrx_word' id='word_1_810' title='bbox 2147 5143 2446 5197; x_wconf 89' lang='lat' dir='ltr'><strong>raculorum</strong></span> <span class='ocrx_word' id='word_1_811' title='bbox 2477 5141 2740 5196; x_wconf 89' lang='lat' dir='ltr'><strong>facturam</strong></span> <span class='ocrx_word' id='word_1_812' title='bbox 2772 5157 2786 5193; x_wconf 89' lang='lat'><strong>:</strong></span> <span class='ocrx_word' id='word_1_813' title='bbox 2817 5151 2873 5197; x_wconf 88' lang='lat' dir='ltr'><strong>et</strong></span> <span class='ocrx_word' id='word_1_814' title='bbox 2904 5141 3162 5196; x_wconf 90' lang='lat' dir='ltr'><strong>velociter</strong></span> <span class='ocrx_word' id='word_1_815' title='bbox 3193 5152 3573 5196; x_wconf 81' lang='lat' dir='ltr'><strong>transcurrens</strong></span> <span class='ocrx_word' id='word_1_816' title='bbox 3610 5157 3729 5196; x_wconf 90' lang='lat' dir='ltr'><strong>om-</strong></span> 
     </span>
    </p>
   </div>
   <div class='ocr_carea' id='block_1_114' title="bbox 2144 5229 3728 5301">
    <p class='ocr_par' dir='ltr' id='par_1_114' title="bbox 2144 5229 3728 5301">
     <span class='ocr_line' id='line_1_114' title="bbox 2144 5229 3728 5301; baseline -0.001 -16"><span class='ocrx_word' id='word_1_817' title='bbox 2144 5233 2254 5297; x_wconf 92' lang='lat' dir='ltr'><strong>nia,</strong></span> <span class='ocrx_word' id='word_1_818' title='bbox 2287 5241 2448 5301; x_wconf 90' lang='lat' dir='ltr'><strong>atque</strong></span> <span class='ocrx_word' id='word_1_819' title='bbox 2484 5231 2788 5301; x_wconf 88' lang='lat' dir='ltr'><strong>passionem</strong></span> <span class='ocrx_word' id='word_1_820' title='bbox 2821 5230 3033 5285; x_wconf 89' lang='lat' dir='ltr'><strong>Domini</strong></span> <span class='ocrx_word' id='word_1_821' title='bbox 3063 5239 3118 5283; x_wconf 89' lang='lat' dir='ltr'><strong>et</strong></span> <span class='ocrx_word' id='word_1_822' title='bbox 3150 5230 3607 5285; x_wconf 89' lang='lat' dir='ltr'><strong>resurrectionem</strong></span> <span class='ocrx_word' id='word_1_823' title='bbox 3633 5229 3728 5284; x_wconf 84' lang='lat' dir='ltr'><strong>de-</strong></span> 
     </span>
    </p>
   </div>
   <div class='ocr_carea' id='block_1_115' title="bbox 2149 5320 3732 5390">
    <p class='ocr_par' dir='ltr' id='par_1_115' title="bbox 2149 5320 3732 5390">
     <span class='ocr_line' id='line_1_115' title="bbox 2149 5320 3732 5390; baseline -0.003 -13"><span class='ocrx_word' id='word_1_824' title='bbox 2149 5324 2417 5387; x_wconf 90' lang='lat' dir='ltr'><strong>scribens,</strong></span> <span class='ocrx_word' id='word_1_825' title='bbox 2468 5339 2594 5378; x_wconf 93' lang='lat' dir='ltr'><strong>eum</strong></span> <span class='ocrx_word' id='word_1_826' title='bbox 2635 5323 2943 5377; x_wconf 89' lang='lat' dir='ltr'><strong>ascendisse</strong></span> <span class='ocrx_word' id='word_1_827' title='bbox 2990 5323 3055 5376; x_wconf 89' lang='lat' dir='ltr'><strong>ad</strong></span> <span class='ocrx_word' id='word_1_828' title='bbox 3092 5321 3278 5385; x_wconf 60' lang='lat' dir='ltr'><strong>caelos,</strong></span> <span class='ocrx_word' id='word_1_829' title='bbox 3329 5320 3732 5390; x_wconf 88' lang='lat' dir='ltr'><strong>discipulosque</strong></span> 
     </span>
    </p>
   </div>
   <div class='ocr_carea' id='block_1_116' title="bbox 2149 5412 3734 5482">
    <p class='ocr_par' dir='ltr' id='par_1_116' title="bbox 2149 5412 3734 5482">
     <span class='ocr_line' id='line_1_116' title="bbox 2149 5412 3734 5482; baseline -0.005 -12"><span class='ocrx_word' id='word_1_830' title='bbox 2149 5415 2431 5470; x_wconf 92' lang='lat' dir='ltr'><strong>Dominum</strong></span> <span class='ocrx_word' id='word_1_831' title='bbox 2471 5413 2804 5468; x_wconf 86' lang='lat' dir='ltr'><strong>collaudasse</strong></span> <span class='ocrx_word' id='word_1_832' title='bbox 2848 5413 2901 5465; x_wconf 92' lang='lat' dir='ltr'><strong>in</strong></span> <span class='ocrx_word' id='word_1_833' title='bbox 2944 5413 3164 5482; x_wconf 90' lang='lat' dir='ltr'><strong>templo,</strong></span> <span class='ocrx_word' id='word_1_834' title='bbox 3221 5412 3462 5466; x_wconf 82' lang='lat' dir='ltr'><strong>breviter</strong></span> <span class='ocrx_word' id='word_1_835' title='bbox 3509 5419 3566 5464; x_wconf 89' lang='lat' dir='ltr'><strong>et</strong></span> <span class='ocrx_word' id='word_1_836' title='bbox 3611 5424 3734 5465; x_wconf 88' lang='lat' dir='ltr'><strong>suc-</strong></span> 
     </span>
    </p>
   </div>
   <div class='ocr_carea' id='block_1_117' title="bbox 2148 5499 3734 5574">
    <p class='ocr_par' dir='ltr' id='par_1_117' title="bbox 2148 5499 3734 5574">
     <span class='ocr_line' id='line_1_117' title="bbox 2148 5499 3734 5574; baseline -0.004 -12"><span class='ocrx_word' id='word_1_837' title='bbox 2148 5507 2324 5562; x_wconf 89' lang='lat' dir='ltr'><strong>cincte</strong></span> <span class='ocrx_word' id='word_1_838' title='bbox 2355 5505 2534 5560; x_wconf 90' lang='lat' dir='ltr'><strong>omnia</strong></span> <span class='ocrx_word' id='word_1_839' title='bbox 2559 5504 2985 5574; x_wconf 89' lang='lat' dir='ltr'><strong>comprehendit.</strong></span> <span class='ocrx_word' id='word_1_840' title='bbox 3019 5505 3321 5572; x_wconf 86' lang='lat' dir='ltr'><strong>Euphrates</strong></span> <span class='ocrx_word' id='word_1_841' title='bbox 3351 5504 3498 5558; x_wconf 91' lang='lat' dir='ltr'><strong>enim</strong></span> <span class='ocrx_word' id='word_1_842' title='bbox 3535 5499 3734 5556; x_wconf 83' lang='lat' dir='ltr'><strong>ﬂuvius</strong></span> 
     </span>
    </p>
   </div>
   <div class='ocr_carea' id='block_1_118' title="bbox 2148 5592 3734 5668">
    <p class='ocr_par' dir='ltr' id='par_1_118' title="bbox 2148 5592 3734 5668">
     <span class='ocr_line' id='line_1_118' title="bbox 2148 5592 3734 5668; baseline -0.005 -17"><span class='ocrx_word' id='word_1_843' title='bbox 2148 5599 2238 5668; x_wconf 91' lang='lat' dir='ltr'><strong>qui</strong></span> <span class='ocrx_word' id='word_1_844' title='bbox 2290 5598 2679 5666; x_wconf 87' lang='lat' dir='ltr'><strong>interpretatur</strong></span> <span class='ocrx_word' id='word_1_845' title='bbox 2732 5594 2975 5664; x_wconf 74' lang='lat' dir='ltr'><strong>frugifer,</strong></span> <span class='ocrx_word' id='word_1_846' title='bbox 3033 5594 3146 5649; x_wconf 89' lang='lat' dir='ltr'><strong>sive</strong></span> <span class='ocrx_word' id='word_1_847' title='bbox 3211 5611 3471 5658; x_wconf 87' lang='lat' dir='ltr'><strong>crescens,</strong></span> <span class='ocrx_word' id='word_1_848' title='bbox 3527 5592 3734 5661; x_wconf 90' lang='lat' dir='ltr'><strong>optime</strong></span> 
     </span>
    </p>
   </div>
   <div class='ocr_carea' id='block_1_119' title="bbox 2147 5683 3734 5758">
    <p class='ocr_par' dir='ltr' id='par_1_119' title="bbox 2147 5683 3734 5758">
     <span class='ocr_line' id='line_1_119' title="bbox 2147 5683 3734 5758; baseline -0.008 -12"><span class='ocrx_word' id='word_1_849' title='bbox 2147 5687 2392 5746; x_wconf 87' lang='lat' dir='ltr'><strong>convenit</strong></span> <span class='ocrx_word' id='word_1_850' title='bbox 2430 5684 2716 5758; x_wconf 86' lang='lat' dir='ltr'><strong>Evangelio</strong></span> <span class='ocrx_word' id='word_1_851' title='bbox 2754 5683 2998 5751; x_wconf 85' lang='lat' dir='ltr'><strong>Joannis,</strong></span> <span class='ocrx_word' id='word_1_852' title='bbox 3049 5684 3142 5755; x_wconf 90' lang='lat' dir='ltr'><strong>qui</strong></span> <span class='ocrx_word' id='word_1_853' title='bbox 3179 5684 3246 5741; x_wconf 89' lang='lat' dir='ltr'><strong>dc</strong></span> <span class='ocrx_word' id='word_1_854' title='bbox 3278 5685 3456 5740; x_wconf 88' lang='lat' dir='ltr'><strong>divina</strong></span> <span class='ocrx_word' id='word_1_855' title='bbox 3505 5696 3734 5755; x_wconf 84' lang='lat' dir='ltr'><strong>genera-</strong></span> 
     </span>
    </p>
   </div>
  </div>
