3974 6188
249 297 345 351 52!

1236 289 1322 344 DE
1364 285 1710 346 UNIVERSO
1748 285 1925 341 LIBRI
1967 283 2130 339 XXII.
2168 315 2239 326 -—
2274 283 2403 340 LIII.
2446 285 2536 340 XI.

3420 287 3528 342 59.2

251 409 400 462 tione
428 402 1041 470 Salvatorisinehoans,
1073 404 1329 468 maxime,
1360 420 1480 473 qua:
1506 405 1573 459 ad
1601 403 1834 458 divinam
1865 408 1912 465 Α
1943 399 2162 452 nomina
2208 398 2483 452 ﬂuminum
2533 399 2587 454 in
2637 408 2778 454 terra
2833 398 3134 465 Medorum,
3181 401 3248 455 ad
3297 415 3526 472 quorum

248 497 368 568 ejus
407 504 658 550 naturam
696 495 1067 565 exponendam
1124 494 1486 564 pertinebant,
1534 493 1838 562 descripsit,

249 599 305 644 et
349 587 434 650 sic
465 596 664 642 terram
693 584 952 640 Ecclesiae
1001 585 1067 638 ad
1098 599 1320 655 germen
1351 583 1592 653 spiritale
1641 591 1697 637 et
1733 583 1843 637 fru-

249 689 396 735 ctum
449 679 709 732 virtutum
742 676 1123 748 proferendum
1172 676 1436 745 irrigavit,
1497 677 1842 746 sc'ientireque

251 769 512 839 spiritalis
568 767 645 821 illi
693 782 825 836 opes
866 765 1114 820 contulit.
1177 765 1533 834 Jordanisque
1593 764 1840 820 ﬂuviusa

249 862 460 916 duobus
517 859 756 915 fontibus
802 859 1132 922 nominatur,
1173 874 1401 927 quorum
1441 857 1580 911 alter
1617 867 1843 910 vocatur

249 949 362 1017 Jor,
404 949 549 1006 alter
593 950 730 1004 Dan.
792 949 887 1003 llis
922 949 1085 1020 igitur
1130 948 1316 1019 procul
1365 963 1394 1001 a
1441 963 1498 1002 se
1523 947 1842 1001 distantibus

251 1043 304 1096 in
334 1058 505 1097 unum
537 1042 746 1097 alveum
791 1041 1089 1105 fcederatis,
1153 1039 1405 1096 Jordauis
1444 1039 1701 1108 deinceps
1748 1053 1843 1108 ap-

250 1131 502 1203 pellatur.
564 1131 816 1185 Nascitur
871 1140 1050 1183 autem
1104 1129 1205 1182 sub
1260 1127 1466 1182 Libano
1526 1135 1729 1192 monte,
1789 1133 1844 1178 et

251 1225 447 1280 dividit
471 1223 714 1278 Judzeam
741 1221 1095 1277 etArabiam:
1123 1220 1211 1290 qui
1239 1236 1336 1290 per
1362 1219 1559 1273 multos
1585 1218 1843 1272 circuitus

250 1315 404 1384 juxta
439 1313 698 1367 Hiericho
726 1312 778 1366 in
811 1326 961 1365 mare
983 1310 1249 1365 Mortuum
1279 1307 1472 1362 inﬂuit.
1501 1307 1724 1378 Mystice
1749 1322 1844 1360 au-

254 1415 359 1461 tem
385 1403 666 1468 Jordanis,
696 1403 789 1471 qui
811 1403 1220 1471 interpretatur,
1254 1399 1519 1452 descensio
1546 1414 1749 1462 eorum,
1790 1405 1845 1451 et

253 1498 308 1550 in
351 1508 464 1565 quo
508 1491 762 1547 Salvator
807 1493 1108 1562 baptizatus
1145 1497 1262 1554 est,
1311 1488 1562 1559 baptismi
1613 1489 1842 1558 gratiam

251 1587 547 1659 signiﬁcat,
597 1585 688 1639 ubi
713 1585 982 1654 deponere
1011 1582 1269 1636 debemus
1297 1588 1540 1634 veterem
1567 1579 1843 1633 hominem

252 1695 373 1734 cum
400 1677 618 1732 actibus
638 1675 770 1740 suis,
818 1681 873 1729 et
901 1674 1128 1727 induere
1154 1685 1373 1734 novum,
1420 1669 1511 1740 qui
1548 1669 1844 1724 secundum

1944 499 2156 544 montes
2194 490 2437 560 captivus
2486 489 2677 544 ductus
2722 498 2806 545 est
2843 489 3031 544 Israel.
3086 489 3198 544 Ella
3255 491 3527 561 interpre-

1945 587 2090 633 tatur
2136 579 2415 648 inﬁrmitas
2455 596 2472 633 :
2521 589 2574 634 et
2626 581 2772 634 Abcr
2819 579 3204 652 interpretatur
3251 579 3400 647 livor,
3435 591 3529 636 aut

1942 673 2113 728 vultus
2137 691 2156 727 :
2179 681 2234 728 et
2271 672 2477 732 Gozan.
2507 673 2673 726 tonsio
2715 690 2894 727 eorum
2931 675 3350 744 interpretatur:
3383 675 3527 744 quod

1943 764 2250 834 signiﬁcare
2302 771 2480 833 potest
2526 778 2714 818 eorum
2776 763 3070 829 ltesionem,
3128 763 3220 833 qui
3270 764 3337 819 de
3384 773 3528 818 terra

1942 855 2197 910 Ecclesia:
2248 856 2426 909 educti
2464 856 2515 908 in
2549 855 2914 923 voluptatibus
2964 856 3144 910 sazculi
3180 857 3387 922 vivunt,
3437 857 3530 912 ubi

1943 943 2151 999 diversa
2189 944 2410 998 vulnera
2458 945 2709 999 vitiorum
2747 948 3041 1014 patiuntur.
3094 946 3282 1000 Abana
3337 946 3532 1002 ﬂuvius

1943 1032 2288 1098 Damasci,et
2330 1034 2740 1102 interpretatur,
2794 1034 2993 1105 lapides
3039 1037 3180 1106 ejus,
3238 1038 3531 1108 designans

1944 1124 2196 1178 duritiam
2220 1124 2520 1180 sterilitatis
2546 1141 2858 1196 pravorum,
2907 1127 2998 1196 qui
3026 1128 3285 1183 virtutum
3309 1129 3529 1200 gignere

1945 1215 2194 1268 nesciunt
2238 1214 2493 1270 fructum.
2528 1216 2744 1270 Cbobar
2781 1216 2994 1283 ﬂuvius,
3017 1217 3168 1286 juxta
3196 1235 3354 1289 quem
3397 1221 3533 1275 Eze-

1943 1304 2080 1359 chiel
2124 1306 2384 1375 propheta
2417 1307 2620 1375 positus
2646 1308 2908 1362 visionem
2941 1310 3091 1374 vidit,
3123 1310 3530 1381 interpretatur,

1944 1399 2222 1468 gravitudo
2256 1413 2273 1450 :
2315 1400 2560 1454 Ezechiel
2608 1417 2756 1467 vero,
2789 1402 3043 1471 fortitudo
3065 1403 3184 1458 Dei.
3219 1403 3378 1460 Venit
3403 1422 3528 1478 ergo

1946 1488 2195 1544 Ezechiel
2233 1487 2388 1558 juxta
2443 1491 2660 1546 ﬂuvium
2689 1493 2933 1558 Cbobar;
2965 1495 3092 1564 quia
3140 1495 3399 1552 fortitudo
3437 1497 3532 1553 Dei

1946 1594 2044 1648 per
2081 1579 2470 1636 incarnationis
2519 1599 2629 1636 sua:
2679 1585 2996 1654 mysterium
3043 1588 3405 1657 propinquare
3451 1589 3529 1644 di-

1947 1677 2110 1737 gnata
2153 1676 2239 1724 est
2306 1680 2649 1740 peccatorum
2717 1689 2936 1728 suorum
2984 1677 3226 1746 pondera
3297 1677 3534 1748 portauit

256 1773 423 1826 Deum
478 1779 698 1825 creatus
726 1775 808 1822 est
848 1767 900 1820 in
931 1763 1144 1836 justitTa
1185 1771 1241 1818 et
1279 1763 1568 1817 sanctitate
1597 1761 1842 1815 veritatis
1871 1771 1916 1829 Β
1945 1763 2130 1832 generi
2175 1764 2430 1830 humano,
2490 1766 2633 1834 quod
2672 1767 2740 1821 ab
2773 1777 2896 1822 ortu
2934 1783 3032 1823 suo
3082 1769 3322 1840 quotidie
3351 1769 3533 1825 deﬂuti

257 1861 420 1932 (Eph.
455 1859 566 1931 tv);
596 1859 686 1913 ubi
718 1867 775 1912 et
824 1856 1151 1911 descendere
1188 1854 1253 1910 de
1293 1853 1542 1923 superbia
1579 1851 1845 1906 diabolica

256 1952 543 2016 debemus,
595 1957 652 2002 et
693 1945 1014 2002 humilitatis
1067 1959 1132 1999 ac
1171 1941 1598 1997 mansuetudinis
1643 1939 1845 1995 Christi

258 2046 558 2118 participes
604 2056 746 2097 esse.
817 2039 1107 2110 Triplicem
1166 2052 1294 2108 ergo
1340 2035 1410 2091 ob
1453 2050 1674 2090 causam
1729 2032 1846 2088 Sal-

255 2146 408 2192 vator
463 2135 534 2190 ab
579 2132 786 2189 Joanne
841 2131 1052 2201 accepit
1107 2128 1434 2199 baptismum
1466 2125 1680 2198 (Matth.
1722 2123 1842 2197 m);

256 2229 514 2298 primum,
551 2232 608 2278 ut
645 2223 773 2292 quia
799 2221 960 2276 homo
993 2227 1149 2274 natus
1169 2226 1306 2283 erat,
1337 2231 1554 2271 omnem
1579 2215 1844 2287 justitiam

253 2325 300 2370 et
339 2314 707 2371 humilitatem
755 2311 887 2381 legis
937 2308 1219 2380 impleret;
1252 2307 1508 2372 secundo,
1558 2312 1616 2360 ut
1666 2303 1843 2374 bapti-

255 2412 432 2459 smate
470 2418 570 2458 suo
621 2401 846 2457 Joannis
874 2399 1139 2469 baptisma
1188 2397 1603 2465 comprobaret;
1657 2393 1844 2458 tertio,

255 2507 315 2552 ut
362 2496 621 2552 Jordanis
665 2510 835 2565 aquas
887 2492 1233 2549 sanctiﬁcans
1284 2505 1380 2561 per
1435 2487 1844 2543 descensionem

254 2587 542 2654 columba,
604 2585 838 2657 Spiritus
878 2584 1047 2640 sancti
1121 2583 1173 2637 in
1227 2582 1447 2636 lavacro
1501 2578 1844 2635 credentium

256 2687 593 2734 monstraret
639 2676 953 2731 adventum.
1010 2673 1162 2740 Quod
1198 2681 1378 2728 autem
1434 2670 1489 2725 in
1519 2667 1645 2724 Jesu
1698 2666 1848 2722 Nave

261 2769 525 2838 scriptum
572 2775 656 2822 est
732 2765 868 2838 (Ias.
917 2764 1021 2838 ιιι),
1057 2763 1148 2820 ubi
1206 2763 1273 2817 de
1326 2761 1555 2816 transitu
1609 2759 1846 2814 ﬁliorum

256 2857 427 2913 'Israel
469 2873 568 2927 per
603 2853 854 2911 Iordanis
895 2855 1109 2910 alveum
1164 2859 1643 2916 commemoratur,
1705 2847 1848 2918 quod

262 2950 598 3012 sacerdotes,
656 2947 747 3018 qui
796 2947 1083 3018 portabant
1121 2960 1302 3000 arcam
1340 2942 1562 2997 fmderis
1611 2938 1846 3004 Domini,

257 3057 386 3098 cum
415 3051 713 3111 posuerunt
736 3038 959 3110 vestigia
998 3039 1192 3109 pedum
1221 3051 1440 3092 suorum
1468 3035 1522 3088 in
1544 3034 1698 3104 aquis
1725 3032 1848 3088 Jor-

1949 1855 2016 1908 ad
2047 1862 2298 1909 mortem.
2331 1854 2477 1910 Fons
2507 1867 2688 1912 autem
2727 1860 2840 1914 sive
2871 1862 3142 1916 natatoria
3175 1862 3320 1918 Siloe
3350 1864 3416 1918 ad
3442 1878 3521 1918 ra-

1947 1944 2119 1998 dicem
2153 1947 2351 1999 montis
2374 1945 2502 2000 Sion
2548 1947 2629 2018 (ut
2657 1965 2818 2019 supra
2856 1950 3058 2004 dictum
3091 1951 3196 2018 est)
3240 1962 3293 2007 et
3315 1952 3537 2024 jugibus

1948 2034 2102 2104 aquis
2143 2033 2237 2088 sed
2263 2035 2485 2089 incertis
2525 2036 2674 2090 horis
2704 2038 2997 2108 diebusque
3022 2041 3231 2107 ebullit,
3269 2042 3539 2113 signiﬁcat

1948 2122 2209 2192 Baptismi
2268 2134 2671 2179 sacramentum
2707 2144 2718 2178 :
2767 2128 2909 2182 unde
2943 2129 3204 2184 Dominus
3257 2132 3385 2186 caeci
3420 2132 3532 2186 nati

1946 2211 2130 2265 oculos
2160 2219 2318 2281 sputo
2353 2228 2477 2267 cum
2520 2213 2633 2268 luto
2676 2214 2846 2270 mixto
2885 2216 3114 2286 desuper
3152 2218 3351 2273 liniens
3400 2220 3534 2276 dicit

1946 2302 2040 2356 ei:
2087 2300 2246 2368 Vade,
2293 2313 2340 2357 et
2375 2303 2492 2358 lava
2538 2316 2586 2358 te
2633 2306 2687 2359 in
2727 2309 2991 2361 natatoria
3030 2307 3194 2373 Siloe.
3255 2311 3398 2380 quod
3449 2311 3533 2366 itt—

1949 2402 2298 2465 terpretatur,
2357 2397 2570 2452 missus.
2630 2397 2782 2466 Quod
2828 2399 2955 2454 fecit
3002 2401 3280 2468 Dominus,
3331 2403 3542 2472 perspi-

1948 2502 2108 2542 cuum
2143 2498 2246 2542 est.
2288 2487 2610 2544 Illuminatio
2645 2492 2787 2546 (nim
2818 2492 2960 2548 facta
3001 2503 3085 2548 est
3117 2494 3173 2549 in
3213 2510 3380 2562 casco,
3443 2496 3539 2552 sed

1949 2594 2202 2650 magnum
2249 2582 2565 2651 mysterium
2606 2584 3015 2639 commendatur
3066 2587 3126 2640 in
3165 2588 3402 2643 humano
3447 2603 3543 2662 ge-

1949 2685 2080 2725 nere
2112 2689 2124 2724 :
2158 2673 2335 2741 expuit
2359 2673 2414 2726 in
2449 2684 2668 2741 terram,
2721 2676 2786 2730 de
2826 2675 2990 2730 saliva
3017 2675 3186 2730 lutum
3211 2678 3377 2747 fecit:
3413 2677 3540 2748 quia

1964 2758 2184 2814 Verbum
2204 2778 2327 2816 caro
2350 2762 2549 2833 factum
2562 2775 2636 2819 est
2663 2764 2846 2837 (Joan.
2865 2766 2905 2837 ι)
2921 2783 2936 2832 ;
2954 2778 3001 2822 et
3023 2769 3170 2821 unxit
3191 2767 3367 2823 oculos
3390 2771 3538 2824 cruci.

1948 2851 2207 2907 lnunctus
2242 2861 2362 2908 erat
2409 2864 2464 2908 et
2498 2856 2738 2910 nondum
2773 2853 2990 2913 videbat
3026 2875 3039 2911 :
3073 2859 3238 2912 mittit
3266 2859 3416 2914 illum
3469 2861 3540 2915 ad

1950 2943 2236 3015 piscinam,
2289 2960 2409 3015 quae
2456 2957 2676 3002 vocatur
2726 2947 2890 3003 Siloe.
2938 2948 3203 3004 Pertinuit
3242 2961 3423 3006 autem
3469 2953 3540 3008 ad

1951 3035 2374 3107 Evangelistam,
2431 3040 2814 3094 commendare
2852 3041 3008 3095 nobis
3042 3057 3236 3097 nomen
3267 3042 3428 3114 hujus
3459 3045 3540 3114 pi-

265 3133 440 3194 danis,
474 3146 648 3200 aquae,
673 3145 792 3200 qua:
820 3127 1104 3182 inferiores
1128 3134 1253 3182 sunt
1279 3125 1652 3188 decurrerent,
1685 3129 1848 3192 atque
1879 3123 1922 3184 C
1956 3126 2141 3193 scium,
2194 3136 2249 3182 et
2297 3128 2394 3193 ait,
2457 3130 2600 3199 quod
2655 3130 3059 3200 interpretatur,
3133 3134 3343 3188 missus.
3395 3133 3538 3201 Jam,

261 3221 608 3286 deﬁcerent;
641 3235 760 3288 qua:
801 3227 982 3273 autem
1014 3217 1244 3287 desuper
1273 3222 1554 3279 venerunt,
1592 3213 1646 3267 in
1679 3211 1849 3266 multa

263 3311 410 3366 mole
453 3310 844 3374 consisterent;
871 3307 958 3362 illa
995 3322 1123 3377 pars
1149 3307 1429 3361 hominum
1451 3305 1542 3374 qui
1564 3311 1850 3375 postquam

264 3412 516 3458 sanetum
554 3401 819 3472 baptisma
845 3407 1268 3471 consequuntur,
1296 3414 1356 3453 se
1383 3397 1530 3468 ipsos
1559 3410 1748 3450 rursus
1784 3396 1852 3450 ad

264 3493 482 3566 negotia
525 3492 730 3557 szrculi,
776 3499 831 3546 et
875 3490 1156 3547 illecebras
1180 3489 1462 3544 libidinum
1509 3487 1747 3552 tradunt,
1797 3494 1851 3541 et

267 3602 392 3642 cum
429 3585 657 3639 avaritia
696 3584 896 3640 salsum
945 3583 1192 3655 poculum
1236 3583 1446 3649 bibunt,
1495 3584 1550 3638 in
1590 3596 1653 3636 ea
1696 3589 1851 3651 parte

266 3691 531 3747 aquarum
573 3677 904 3747 designatur,
955 3690 1074 3746 quae
1123 3675 1175 3729 in
1218 3689 1368 3729 mare
1422 3671 1640 3744 proﬂuit
1689 3681 1851 3741 atque

267 3768 324 3821 in
366 3767 526 3822 salsis
574 3765 825 3822 ﬂuctibus
871 3766 1105 3835 deperiit
1157 3780 1328 3834 :pars
1383 3781 1510 3821 vero
1565 3764 1676 3829 illa,
1729 3777 1851 3834 qua:

267 3878 392 3918 cum
440 3861 732 3918 stabilitate
772 3871 1055 3932 permanet
1101 3870 1155 3916 et
1177 3860 1516 3916 dulcedinem
1539 3875 1692 3915 suam
1731 3873 1850 3913 ser-

267 3964 381 4019 vat,
442 3955 691 4025 designat
729 3968 842 4016 eos,
879 3954 968 4024 qui
1004 3961 1284 4024 acceptum
1320 3953 1414 4009 Dei
1457 3968 1651 4008 munus
1695 3952 1849 4006 inde-

268 4046 594 4101 clinabiliter
638 4054 842 4100 tenent.
903 4043 1072 4100 Jahoe
1118 4043 1310 4100 ﬂuvius
1361 4053 1446 4100 est
1485 4054 1540 4099 et
1587 4045 1852 4113 interpre-

270 4144 420 4191 tatur
439 4154 620 4202 arena,
645 4135 732 4190 vel
755 4135 1015 4190 luctamen
1043 4148 1061 4186 .'
1093 4151 1199 4206 quo
1225 4136 1566 4201 transmisso,
1615 4135 1852 4189 luctatus

274 4224 448 4282 Jaeob
509 4227 769 4280 adversus
801 4240 948 4287 eum,
997 4225 1089 4294 qui
1139 4223 1242 4279 sibi
1292 4234 1639 4294 apparuerat,
1693 4237 1852 4277 voea-

269 4328 359 4374 tus
406 4326 491 4373 est
512 4317 696 4373 Israel.
750 4317 873 4372 Fuit
903 4325 1086 4371 autem
1130 4317 1272 4372 inter
1300 4318 1551 4381 Amman,
1591 4317 1694 4371 hoc
1745 4325 1848 4378 est,

267 4409 693 4479 Philadelphiam
731 4417 785 4463 et
812 4407 1054 4463 Garasan
1104 4408 1158 4462 in
1187 4416 1383 4478 quarto
1419 4407 1535 4478 ejus
1579 4405 1850 4470 milliario,

1951 3220 2074 3290 quis
2134 3228 2219 3275 est
2248 3221 2464 3288 missus,
2518 3223 2830 3294 agnoscitis.
2889 3223 3004 3279 Nisi
3037 3225 3181 3280 enim
3232 3226 3322 3282 ille
3349 3225 3542 3283 fuisset

1953 3309 2150 3366 missus
2182 3329 2194 3364 :
2227 3325 2388 3366 nemo
2417 3321 2664 3367 nostrum
2719 3313 2912 3370 fuisset
2938 3315 3006 3369 ab
3035 3315 3319 3385 iniquitate
3347 3318 3539 3373 dimis-

1951 3418 2043 3457 sus
2075 3421 2088 3457 :
2133 3403 2263 3459 lavit
2287 3419 2418 3476 ergo
2439 3405 2623 3460 oculos
2656 3407 2710 3460 in
2749 3422 2812 3460 ea
2844 3408 3075 3476 piscina,
3124 3425 3244 3479 quae
3271 3411 3538 3480 interpre-

1951 3500 2118 3559 tatur,
2170 3495 2381 3560 missus,
2439 3495 2745 3564 baptizatus
2789 3506 2872 3551 est
2921 3499 2974 3551 in
3000 3498 3234 3555 Christo.
3289 3499 3381 3556 Sic
3409 3515 3538 3573 ergo

1951 3586 2165 3655 quando
2221 3601 2342 3640 eum
2395 3587 2448 3641 in
2499 3601 2557 3642 se
2589 3587 2705 3656 ipso
2772 3589 3170 3658 quodammodo
3217 3591 3533 3662 baptizavit,

1953 3687 2080 3732 tunc
2108 3677 2447 3746 illuminavit,
2500 3681 2716 3751 quando
2745 3681 2974 3747 inunxit,
3008 3680 3241 3739 fortasse
3281 3684 3538 3740 catechu-

1953 3787 2171 3826 menum
2240 3771 2386 3828 fecit.

2553 3864 2783 3922 CAPUT
2831 3866 2925 3920 XI.

2523 3952 2601 4007 De
2624 3954 2962 4009 torrentibus.

2023 4040 2258 4096 Torrens
2308 4048 2392 4096 est
2469 4041 2550 4115 (ut
2595 4058 2759 4114 supra
2811 4044 3068 4117 diximus)
3119 4060 3263 4115 aqua
3316 4047 3540 4104 veniens

1951 4145 2074 4184 cum
2110 4130 2330 4199 impetu.
2391 4129 2529 4185 Sunt
2572 4141 2753 4186 autem
2781 4136 3028 4203 quaedam
3075 4136 3291 4191 nomina
3318 4139 3536 4208 propria

1956 4224 2296 4287 torrentium,
2331 4239 2450 4293 qua:
2470 4224 2624 4294 juxta
2672 4227 3174 4296 interpretationem
3204 4243 3377 4294 suam,
3419 4246 3536 4301 my-

1954 4313 2144 4368 sticam
2173 4313 2619 4384 signiﬁcationem
2642 4316 2844 4372 habent
2875 4336 2890 4372 :
2919 4327 2979 4373 ut
3005 4329 3090 4374 est
3113 4328 3326 4376 torrens
3349 4320 3536 4389 Cison,

1953 4407 2046 4476 qui
2075 4407 2461 4475 interpretatur
2511 4409 2708 4462 duritia
2754 4426 2958 4478 eorum,
2985 4421 3041 4468 et
3064 4421 3150 4468 est
3194 4412 3348 4482 juxta
3386 4430 3542 4470 mon-

265 4511 324 4556 et
352 4501 493 4556 ultra
516 4502 813 4572 procedens
837 4499 1056 4556 Jordani
1085 4499 1247 4556 ﬂuvio
1292 4501 1694 4556 commiscetur.
1745 4499 1852 4554 Lu-
1876 4481 1929 4540 D
1957 4505 2066 4553 tem
2098 4495 2332 4562 Thahor,
2388 4497 2478 4552 ubi
2507 4505 2693 4552 contra
2725 4497 2965 4555 Sisaram
3009 4481 3322 4558 dimicatum
3350 4512 3451 4570 est,
3487 4515 3545 4560 et

267 4602 489 4646 etamen
518 4593 638 4657 viri,
684 4593 923 4663 quicum
946 4590 1112 4648 Jacob
1163 4593 1482 4657 luctabatur,
1523 4592 1678 4662 juxta
1725 4590 1856 4645 alle—
1955 4588 2222 4660 signiﬁcat
2280 4590 2673 4644 contumaciam
2720 4594 3094 4661 superborum,
3156 4612 3278 4667 qtae
3324 4596 3542 4653 Domini

267 4685 482 4753 goriam
526 4684 795 4755 signiﬁcat
833 4685 1138 4755 passionem
1187 4683 1385 4740 Christi
1421 4702 1432 4738 :
1465 4685 1554 4738 ubi
1586 4683 1733 4738 visus
1771 4689 1857 4736 est
1957 4681 2155 4736 virtute
2189 4681 2505 4737 conteritur.
2557 4681 2773 4738 Cademi
2814 4691 3026 4740 torrens
3057 4694 3154 4749 est,
3200 4685 3356 4755 juxta
3378 4703 3540 4758 quem

264 4775 440 4830 Jacob
490 4775 544 4829 in
574 4773 880 4830 Judzeorum
927 4785 1073 4847 typo,
1110 4776 1212 4830 hoc
1260 4784 1362 4842 est,
1416 4776 1468 4830 in
1499 4775 1742 4845 corporis
1771 4775 1855 4829 sui
1957 4771 2201 4828 Debbora
2268 4773 2466 4828 bellum
2512 4774 2698 4844 gessit.
2747 4774 3140 4846 Interpretatur
3208 4786 3407 4842 autem,
3461 4795 3541 4832 re-

264 4867 458 4923 sobole
495 4867 837 4938 praevaluisse
863 4869 992 4936 Deo,
1044 4878 1097 4923 et
1127 4871 1280 4938 quasi
1332 4885 1454 4924 cum
1479 4869 1713 4932 inﬁrmo,
1779 4867 1854 4922 ita
1954 4863 2206 4918 surrectio
2227 4863 2468 4917 inutilis:
2492 4865 2634 4933 quod
2672 4865 2942 4936 signiﬁcat
2967 4875 3306 4936 peccatorum
3359 4881 3541 4921 resur-

262 4973 395 5013 cum
423 4971 586 5013 carne
611 4957 726 5026 ejus
754 4961 1020 5015 luctamen
1045 4958 1181 5015 inire
1219 4969 1273 5015 et
1297 4959 1626 5015 invalescere
1650 4959 1702 5013 in
1724 4973 1851 5028 pas-

262 5049 422 5103 sione
443 5047 581 5116 ejus,
623 5049 762 5103 sicut
799 5049 1056 5120 seriptum
1090 5058 1194 5116 est,
1242 5065 1365 5104 cum
1395 5048 1674 5104 dicerent:
1712 5045 1850 5102 Cru-

262 5141 443 5211 ciﬁge.
474 5137 634 5193 Juxta
667 5141 1018 5211 tropologiam
1047 5157 1176 5196 vero
1229 5139 1417 5206 Jacob,
1447 5141 1536 5209 qui
1576 5156 1698 5194 cum
1756 5155 1851 5193 an-

262 5231 390 5302 gelo
438 5233 737 5296 contendit,
792 5231 1212 5301 uniuscujusque
1269 5231 1495 5300 perfecti
1547 5231 1648 5284 viri
1693 5241 1748 5285 et
1795 5231 1848 5283 in

259 5323 728 5393 contemplatione
766 5323 925 5392 positi
951 5324 1183 5378 animam
1219 5323 1474 5392 exprimit
1508 5321 1669 5391 :quia
1705 5321 1850 5374 vide-

258 5413 400 5466 licet
461 5413 642 5466 anima
713 5429 834 5468 eum
908 5412 1259 5483 contemplari
1319 5412 1602 5466 Dominum
1665 5409 1852 5463 nititur

257 5503 417 5558 velut
464 5503 516 5556 in
541 5504 774 5572 quodam
797 5503 1092 5557 certamine
1118 5503 1312 5573 posita,
1370 5501 1530 5556 modo
1568 5499 1720 5569 quasi
1760 5514 1854 5552 ex-

253 5600 511 5660 superat,
556 5593 679 5660 quia
703 5592 1047 5664 intelligendo
1074 5601 1128 5647 et
1161 5594 1438 5648 sentiendo
1463 5593 1530 5647 de
1569 5591 1854 5645 incircum-

251 5682 475 5752 scripto
509 5683 711 5738 lumine
740 5684 939 5754 aliqui-l
970 5685 1232 5752 degustat.
1290 5686 1428 5751 Elia,
1461 5685 1620 5750 Aber,
1651 5685 1850 5740 Gozam

1960 4955 2280 5021 rectionem,
2308 4956 2398 5026 qui
2425 4971 2529 5011 non
2563 4959 2630 5012 ad
2658 4959 2846 5023 vitam,
2879 4958 2973 5012 sed
3003 4959 3070 5011 ad
3101 4972 3314 5027 ptnnam
3340 4973 3535 5026 perpe-

1962 5055 2108 5101 tuam
2133 5049 2488 5102 resurrecturi
2532 5057 2709 5104 erunt.
2759 5050 2981 5105 Corathi
3024 5058 3237 5104 torrens
3267 5057 3349 5102 est
3387 5057 3535 5104 trans

1958 5135 2266 5200 Jordancm,
2330 5138 2383 5190 in
2410 5153 2516 5205 quo
2558 5140 2906 5194 absconditus
2933 5148 3015 5195 est
3066 5139 3210 5193 Elias
3255 5153 3285 5192 e
3316 5140 3538 5208 regione

1957 5228 2195 5296 ejusdem
2250 5228 2525 5282 ﬂuminis:
2560 5230 2943 5300 interpretatur
2978 5241 3157 5285 autem
3201 5231 3409 5297 divisio,
3453 5233 3533 5288 vel

1958 5320 2203 5390 cognitio.
2254 5318 2558 5386 Chimarus,
2616 5321 2669 5375 id
2712 5329 2812 5386 est,
2862 5329 3073 5377 torrens
3121 5322 3334 5378 Cedron
3395 5325 3533 5379 inter

1959 5421 2194 5466 montem
2247 5421 2330 5467 est
2369 5411 2584 5477 Oliveti,
2632 5421 2685 5467 et
2735 5413 3052 5476 Jerusalem,
3098 5415 3185 5468 ubi
3239 5412 3528 5471 Dominum

1960 5500 2294 5556 Salvatorem
2341 5500 2576 5556 Joannes
2615 5503 2939 5572 evangelista
2993 5514 3178 5560 narrat
3235 5506 3532 5565 traditum:

1961 5593 2346 5662 interpretatur
2396 5603 2574 5647 autem
2628 5592 2860 5659 Cedron,
2921 5595 3141 5650 tenebris
3200 5596 3283 5652 vel
3340 5598 3532 5652 dolor:

1959 5691 2015 5737 et
2057 5682 2317 5752 signiﬁcat
2346 5683 2988 5755 Caecitate":Judmorum,
3028 5688 3118 5756 qui
3156 5704 3276 5744 eum
3306 5688 3534 5744 tumultu
