3974 6188
471 363 577 421 523

471 482 737 534 venerunt
768 474 1229 545 comprehendere
1265 471 1473 529 Iesum.
1529 472 1666 529 Nam
1708 481 1920 531 torrens
1962 474 2059 529 flu-
2088 483 2135 540 Α

471 569 593 624 vius
616 565 857 623 hibernis
884 565 1146 621 imbribus
1174 564 1476 622 concitatur
1508 566 1686 621 subito
1718 585 1730 620 :
1759 566 1851 637 qui
1881 574 1936 621 ct
1970 584 2054 622 ra-

473 662 630 731 pidus
669 659 1011 731 cognoscitur
1046 665 1101 714 et
1129 672 1401 724 caenosus,
1440 658 1563 728 quia
1605 674 1709 713 non
1742 673 1877 728 puro
1907 657 2055 714 fonte

476 751 834 819 profunditur,
883 750 979 806 sed
1033 751 1262 806 terrenis
1301 749 1676 805 infectionibus
1723 750 2049 805 sordidatur.

476 840 612 898 fluic
648 842 842 897 merito
888 848 1233 910 comparatur
1260 840 1440 896 saeculi
1472 839 1627 895 istius
1659 841 1903 896 turbidus
1931 856 2054 895 cur-

471 950 585 1001 sus,
636 935 727 1005 qui
757 933 902 988 nullo
934 933 1182 987 veritatis
1212 930 1359 987 fonte
1402 930 1609 1001 deﬂuit,
1654 933 1747 989 sed
1786 933 2051 988 malorum

467 1024 711 1079 omnium
760 1030 1075 1093 tempestate
1108 1022 1381 1078 coalescit.
1436 1020 1589 1077 Unde
1629 1022 1868 1077 dicitur:
1924 1021 2053 1076 Tar-

468 1122 667 1168 rentem
721 1113 1052 1183 pertransivit
1116 1113 1293 1166 anima
1360 1121 1539 1166 nostra
1593 1110 1765 1182 (Psal.
1831 1110 2047 1180 cxxtu).

467 1204 537 1258 fit
586 1205 716 1259 item
751 1221 763 1256 :
798 1203 875 1257 De
914 1213 1140 1257 torrente
1174 1202 1230 1256 in
1268 1203 1350 1256 via
1395 1201 1540 1269 bibit,
1592 1211 1862 1274 propterea
1904 1202 2051 1258 exal-

467 1297 595 1352 tavit
622 1304 779 1365 caput
817 1294 1008 1367 (Psal.
1060 1291 1192 1367 cxx).
1253 1292 1443 1347 Merito
1482 1308 1611 1364 ergo
1653 1300 1709 1348 et
1752 1293 1917 1351 Israel
1964 1294 2049 1364 ip-

465 1401 585 1441 sum
612 1386 971 1457 pertransisse
1003 1401 1061 1440 se
1091 1385 1339 1455 perhibet
1367 1403 1380 1438 :
1426 1385 1567 1439 unde
1597 1393 1756 1456 caput
1781 1385 1897 1455 ejus
1942 1401 2046 1456 po-

467 1486 613 1533 tasse
648 1477 994 1547 prmdicatum
1039 1485 1142 1532 cst.
1182 1474 1291 1531 Sed
1320 1475 1373 1530 iu
1414 1476 1500 1530 his
1528 1476 1780 1532 omnibus
1833 1491 1940 1531 una
1965 1485 2049 1533 est

466 1582 594 1621 vera
620 1566 908 1631 confessio,
950 1566 1207 1635 quoniam
1230 1566 1295 1619 de
1321 1565 1487 1620 tantis
1515 1565 1771 1636 periculis
1801 1565 1914 1621 sola
1945 1567 2049 1622 Do-

466 1657 599 1711 mini
623 1656 967 1711 miseratione
994 1655 1305 1710 liberamur.
1358 1653 1488 1709 Item
1528 1665 1761 1721 torrens,
1802 1656 2045 1711 doctrina

467 1760 754 1813 pravorum
808 1745 861 1799 in
890 1742 1187 1798 Psalteriu:
1218 1743 1295 1798 Tu
1324 1743 1595 1814 disrupisti
1648 1745 1817 1816 fontes
1854 1754 1900 1800 et
1939 1755 2048 1800 tor-

1101 362 1162 417 B.
1202 362 1455 418 RABANI
1495 362 1713 418 MAURI
1752 360 2070 418 ARCIllEP.
2112 363 2420 419 MOGUN'I‘.
2466 361 2748 419 OPERUM
2783 362 2965 420 PARS
2998 365 3062 419 II.

3634 365 3744 423 5ἑᾶ

2758 473 2987 532 CAPUT
3022 475 3138 532 XII.

2786 564 2859 620 De
2903 567 3091 638 puteis.

2224 652 2426 709 Puteus
2463 662 2545 709 est
2568 654 2718 710 lacus
2743 649 3009 722 defossus,
3061 672 3128 712 ex
3158 672 3266 728 quo
3292 659 3546 715 hauritur
3574 675 3748 731 aqua,

2155 759 2184 797 a
2217 744 2493 812 potatione
2517 745 2732 801 dictus:
2781 746 2874 816 qui
2899 754 2953 801 et
2980 749 3034 802 in
3060 749 3255 803 bonam
3292 750 3749 822 significationem

2153 832 2363 901 positus
2424 833 2653 904 intelligi
2707 843 2904 904 potest,
2949 846 3005 891 et
3048 837 3101 891 in
3142 840 3491 894 contrariam.
3542 839 3749 894 Puteus

2147 923 2461 993 juramenti,
2492 937 2655 995 quem
2692 926 2827 981 fodit
2860 927 3136 983 Abraham
3184 926 3337 1002 (Gen.
3372 930 3513 1003 xxi),
3546 932 3747 1009 id’est,

2154 1011 2423 1067 Bersabee
2461 1013 2516 1067 in
2557 1014 2778 1085 regione
2813 1014 3135 1072 Geraritica.
3164 1016 3365 1074 Puteus
3388 1020 3614 1076 visionis
3660 1033 3753 1078 est

2152 1103 2204 1157 in
2249 1104 2464 1159 deserto
2519 1107 2658 1175 apud
2707 1120 2869 1176 quem
2924 1107 3183 1162 habitavit
3212 1108 3381 1166 Isaac.
3429 1109 3630 1168 Puteus
3660 1113 3753 1184 ju-

2152 1194 2285 1250 dicii
2329 1204 2415 1250 est
2434 1210 2603 1264 usque
2636 1195 2692 1250 in
2716 1203 3036 1266 praesentem
3074 1197 3217 1253 diem
3245 1199 3298 1254 in
3326 1201 3549 1272 regione
3573 1202 3754 1260 Gera-

2150 1287 2328 1342 ritica.
2391 1286 2627 1342 Rursum
2678 1295 2872 1359 puteus
2917 1288 3233 1359 juramenti,
3289 1291 3379 1346 ubi
3420 1291 3752 1360 iuraverunt

2148 1377 2299 1434 Isaac
2316 1385 2372 1431 et
2389 1377 2723 1445 Abimelech,
2745 1388 3077 1452 vocaturque
3098 1382 3351 1451 oppidum
3380 1383 3553 1440 Isaac.
3600 1385 3751 1442 Sunt

2146 1477 2202 1524 et
2221 1468 2311 1523 alii
2347 1469 2527 1539 plures
2552 1472 2702 1539 putei
2772 1471 2826 1526 in
2860 1471 3062 1528 sanctis
3086 1471 3401 1544 Scripturis,
3448 1476 3543 1546 qui
3577 1476 3634 1531 in
3666 1493 3754 1534 rc-

2146 1561 2306 1631 gione
2358 1560 2679 1626 Geraritica,
2725 1571 2779 1617 et
2815 1561 2971 1633 juxta
3006 1560 3326 1618 Ascalonem
3365 1565 3753 1621 demonstran-

2147 1660 2257 1706 tur.
2312 1650 2369 1705 In
2401 1652 2600 1706 bonam
2629 1667 2759 1724 ergo
2792 1653 3243 1724 significationem
3280 1654 3408 1709 illud
3440 1656 3612 1727 accipi
3647 1673 3752 1726 po-

2147 1749 2268 1808 test,
2290 1741 2509 1813 quodin
2529 1740 2724 1798 Genesi
2752 1742 2951 1813 legitur
2981 1743 3131 1799 Isaac
3156 1743 3341 1799 fodere
3364 1755 3554 1815 puteos
3586 1744 3746 1819 (Cen.

467 1844 635 1889 rentes
690 1833 873 1906 (Psal.
922 1832 1145 1903 uxrn).
1200 1833 1433 1889 Rursum
1492 1841 1735 1899 torrens,
1791 1836 2040 1891 tentatio-
2077 1839 2123 1898 B
2154 1831 2326 1905 xxvr),
2372 1848 2507 1903 quos
2555 1832 2808 1888 foderunt
2866 1835 3020 1906 pueri
3056 1837 3225 1906 patris
3271 1835 3387 1905 ejus
3420 1838 3745 1893 Abraham:

464 1925 552 1980 nis
601 1925 836 1994 impetus
890 1923 943 1977 in
990 1922 1252 1977 Psalterio
1294 1939 1306 1975 :
1351 1921 1416 1975 Et
1456 1933 1710 1978 torrentes
1759 1925 2047 1996 iniquitatis

465 2014 902 2070 conturbauerunt
942 2031 1025 2068 me
1062 2012 1246 2086 (,Psal.
1287 2011 1454 2086 xvn).
1507 2013 1785 2069 Invenitur
1833 2024 1887 2071 et
1935 2025 2048 2071 tor-

464 2120 591 2162 rens
626 2107 833 2177 positus
874 2106 929 2160 in
958 2105 1153 2160 bonam
1192 2111 1424 2175 partem,
1477 2114 1537 2160 ut
1574 2112 1659 2161 cst
1708 2106 1836 2161 illud
1876 2098 2050 2161 κτον-

462 2208 608 2256 rente
670 2197 951 2268 voluptatis
1013 2206 1120 2251 tuo:
1173 2197 1376 2268 potabis
1436 2212 1522 2251 eos
1586 2194 1775 2268 (Psal.
1837 2197 2045 2272 xxxv).

465 2291 781 2347 Torrentem
814 2305 948 2345 vero
987 2290 1222 2345 diximus
1249 2304 1370 2346 esse
1401 2289 1620 2344 fluvium
1653 2289 1916 2358 velocem,
1956 2292 2049 2363 qui

465 2382 640 2437 subita
688 2382 990 2451 pluviarum
1038 2381 1390 2437 inundatione
1426 2381 1722 2448 descendit,
1771 2383 1858 2438 cui
1914 2384 2055 2439 bene

465 2482 810 2546 comparatur
856 2474 1118 2544 sapientia
1164 2475 1364 2530 Christi
1408 2493 1422 2530 :
1462 2476 1588 2547 quia
1622 2485 1678 2532 et
1717 2478 1895 2533 subita
1945 2486 2045 2543 est,

464 2576 520 2621 ct
567 2568 643 2620 ita
690 2564 894 2635 rapida,
945 2573 1006 2619 ut
1044 2564 1111 2619 ad
1149 2565 1307 2620 linem
1333 2607 1347 2632 ,
1396 2581 1556 2636 quem
1596 2568 1737 2633 vult,
1795 2570 1914 2624 sine
1953 2571 2051 2626 ali-

465 2673 572 2727 qua
622 2656 881 2711 tarditate
911 2655 1211 2725 perveniat.
1251 2656 1371 2710 Rivi
1419 2657 1580 2723 dicti,
1619 2658 1760 2729 quod
1798 2659 2048 2717 deriven-

465 2757 556 2802 tur
592 2747 658 2802 ad
695 2747 1059 2818 irrigandum,
1100 2747 1151 2803 id
1199 2756 1317 2815 est,
1360 2748 1428 2803 ad
1485 2749 1841 2806 inducendum
1881 2766 2051 2823 aquas

466 2840 521 2898 iu
551 2841 715 2913 agris.
763 2840 897 2895 Nam
944 2840 1119 2911 rigare
1161 2840 1418 2897 inducere
1467 2848 1570 2897 est.
1634 2841 1914 2913 Significat
1956 2861 2052 2901 au-

466 2939 576 2988 tem
609 2931 867 2987 fluentum
916 2940 1075 3000 atque
1113 2931 1482 3003 irrigationem
1532 2933 1769 2989 cmlestis
1809 2936 1993 3005 gratia:
2031 2954 2044 2991 :

465 3023 592 3093 quia
636 3022 794 3077 corda
844 3021 1077 3075 humana
1127 3021 1192 3075 ad
1238 3021 1619 3090 proferendum
1665 3022 1898 3080 fructum
1950 3027 2048 3081 do-

430 3098 654 3171 ctrina:
703 3123 758 3168 et
819 3112 1081 3168 bonorum
1145 3127 1369 3183 operum
1425 3115 1739 3186 irrigantur.
1799 3117 1951 3176 Unde
1996 3129 2051 3176 et

2148 1924 2243 1979 sed
2270 1924 2572 1979 invidentes
2599 1923 2649 1979 ei
2680 1924 2951 1981 Palaestini
2978 1928 3366 1983 obstruxerunt
3390 1945 3482 1985 eos
3520 1930 3753 2002 implen-

2151 2025 2230 2071 tes
2263 2015 2448 2082 humo,
2491 2023 2546 2071 et
2574 2014 2802 2088 reliqua.
2853 2015 2988 2084 Quis
3021 2026 3103 2073 est
3134 2018 3425 2085 istelsaac,
3480 2020 3582 2074 nisi
3621 2020 3749 2075 Sal-

2148 2113 2303 2161 vator
2323 2106 2541 2162 noster?
2564 2104 2666 2173 Qui
2704 2107 2831 2161 dum
2857 2109 3228 2164 descendisset
3254 2109 3306 2164 in
3334 2110 3492 2165 istum
3525 2120 3747 2167 torren-

2151 2204 2258 2251 tem
2285 2195 2513 2262 Gerara,
2573 2198 2750 2270 primo
2776 2199 3020 2254 omnium
3057 2200 3179 2256 illos
3208 2212 3400 2273 puteos
3428 2203 3617 2261 fodere
3648 2223 3749 2263 vo-

2149 2285 2269 2354 luit,
2300 2302 2437 2357 quos
2478 2287 2724 2344 foderant
2774 2291 2926 2359 pueri
2957 2292 3130 2361 patris
3151 2291 3254 2358 sui,
3310 2293 3363 2348 id
3386 2303 3491 2360 est,
3531 2296 3749 2368 Moyses

2149 2387 2370 2448 puteum
2391 2379 2527 2452 legis
2554 2378 2784 2447 fuderat,
2832 2382 3025 2451 David,
3069 2382 3323 2441 Salomon
3370 2395 3425 2443 et
3463 2392 3751 2461 propheta:

2151 2468 2318 2524 libros
2346 2469 2681 2541 scripserunt
2728 2470 2941 2527 Veteris
2986 2472 3316 2530 Testamenti
3344 2494 3357 2530 :
3390 2492 3525 2547 quos
3562 2487 3749 2535 tamen

2153 2569 2366 2615 terrena
2393 2569 2449 2615 et
2476 2561 2690 2616 sordida
2717 2561 3382 2636 repleveratintelligentia
3406 2566 3744 2624 Iudaeorum.

2149 2648 2220 2704 Et
2236 2663 2423 2705 eorum
2450 2665 2512 2706 os
2534 2665 2656 2706 cum
2679 2651 2840 2706 vellet
2868 2667 3099 2725 purgare
3137 2653 3285 2712 Isaac
3322 2666 3383 2712 ut
3410 2659 3747 2727 ostenderet,

2151 2741 2279 2811 quia
2316 2758 2651 2815 quacunque
2691 2743 2775 2799 lex
2818 2754 2874 2800 et
2900 2748 3177 2817 prophetae
3203 2749 3477 2819 dixerunt,
3532 2753 3600 2808 de
3625 2755 3748 2825 ipso

2151 2833 2440 2888 dixerunt:
2472 2835 2632 2890 rixati
2653 2845 2777 2891 sunt
2804 2852 2925 2892 cum
2953 2854 3016 2893 eo
3048 2837 3339 2908 Palatstini,
3368 2842 3420 2898 id
3442 2852 3545 2909 est,
3574 2844 3748 2903 Juda-i

2151 2941 2182 2979 a
2213 2940 2377 2999 regno
2401 2927 2493 2983 Dei
2524 2927 2683 2983 alieni
2717 2946 2730 2982 :
2775 2929 2867 2984 sed
2892 2930 3167 2988 descendit
3195 2942 3251 2988 et
3280 2934 3510 2991 discedit
3546 2938 3615 2991 ab
3639 2938 3747 3003 eis,

2150 3025 2205 3070 ct
2243 3031 2349 3071 non
2376 3025 2553 3087 potest
2580 3032 2699 3074 esse
2729 3033 2850 3074 cum
2893 3020 2979 3075 his
3006 3023 3097 3093 qui
3137 3023 3190 3077 in
3222 3024 3399 3094 puteis
3426 3041 3621 3097 aquam
3657 3043 3754 3083 no-

2151 3110 2269 3165 lunt
2290 3109 2513 3177 babere,
2539 3111 2637 3166 sed
2679 3118 2902 3179 terram,
2932 3122 2987 3169 et
3016 3115 3150 3169 dicit
3171 3116 3253 3171 eis
3279 3134 3292 3170 :
3317 3115 3454 3172 Ecce
3479 3117 3750 3190 relinque-

464 3207 595 3264 ξιιυά
629 3225 642 3261 ε
679 3206 837 3261 Petra
867 3204 1101 3277 profudit
1127 3205 1255 3260 mihi
1278 3206 1411 3260 rivo.
1446 3206 1546 3261 olei
1572 3207 1715 3279 (Job.
1741 3209 1915 3283 χχιχ),
1948 3211 2053 3268 hoc
2081 3192 2125 3254 C
2157 3211 2246 3255 tur
2263 3200 2405 3256 vobis
2435 3202 2621 3257 donius
2671 3212 2835 3257 uestra
2866 3203 3070 3261 deserta
3110 3203 3325 3279 (Matth.
3355 3207 3534 3280 χχιιι).
3586 3208 3752 3264 Fodit

465 3310 571 3366 est,
598 3299 845 3355 Christus
870 3298 1006 3353 dona
1038 3295 1273 3366 Spiritus
1295 3297 1488 3353 sancti.
1517 3296 1576 3353 In
1603 3297 1821 3356 Psalmo
1852 3315 1868 3356 :
1897 3300 2052 3359 Rivos

464 3393 577 3462 ejus
619 3389 841 3455 inebria,
883 3387 1170 3457 multiplica
1210 3388 1565 3458 generationes
1597 3390 1731 3460 ejus,
1799 3393 1853 3447 in
1892 3392 2051 3446 stilli-

464 3485 616 3540 cidiis
639 3483 745 3539 suis
766 3482 1050 3546 lwtabitur,
1095 3495 1212 3534 cum
1236 3480 1500 3534 exorietur
1540 3478 1712 3552 (Psal.
1751 3488 1923 3555 sxw).
1956 3482 2052 3538 Ri-

463 3588 561 3629 vos
596 3572 757 3627 etiam
811 3571 899 3626 hic
922 3570 1051 3625 dicit
1074 3568 1363 3639 apostolos,
1421 3568 1506 3624 vel
1532 3569 1666 3627 alios
1705 3572 1910 3640 fideles,
1958 3576 2049 3645 qui

464 3663 532 3718 de
573 3661 662 3715 illo
691 3661 784 3716 Dei
808 3659 1011 3729 repleto
1038 3673 1251 3729 semper
1288 3657 1508 3713 flumine
1538 3659 1808 3716 biberunt.
1848 3662 1953 3718 Sed
1983 3680 2052 3720 nc

466 3761 650 3823 potum
681 3752 854 3821 ipsum
882 3749 1131 3804 crederes
1150 3763 1270 3804 esse
1298 3749 1718 3816 tenutissimum,
1746 3751 1875 3807 dicit
1908 3753 2050 3811 rivos

468 3844 614 3913 ipsos
662 3840 1026 3905 inebriandos,
1067 3847 1126 3893 ut
1168 3839 1234 3894 ad
1268 3846 1475 3893 tantam
1522 3841 1827 3897 satietatem
1865 3857 2051 3912 perve-

467 3933 639 3998 niant,
684 3939 884 4002 quanta
922 3939 974 3986 et
1003 3929 1134 4000 ipsis
1164 3928 1376 3983 abunde
1405 3926 1651 3994 sufﬁciat,
1689 3940 1745 3987 et
1791 3932 1913 3989 aliis
1950 3950 2050 4004 pro

468 4023 646 4079 futura
668 4021 947 4078 concedat.
994 4019 1157 4075 Redit
1186 4019 1350 4091 igitur
1406 4018 1472 4072 ad
1502 4019 1828 4091 singularem
1860 4039 2051 4079 nume-

467 4132 612 4183 rum,
638 4131 795 4186 qucm
825 4113 1206 4170 ecclesiastica:
1235 4113 1429 4167 unitati
1466 4112 1700 4168 diximus
1737 4116 2046 4171 convenire.

465 4206 613 4262 Dixit
645 4207 810 4272 enim,
846 4202 1134 4274 multiplica
1178 4204 1535 4275 generationes
1563 4203 1692 4274 ejus,
1746 4204 1887 4261 illius
1942 4206 2051 4261 sci-

466 4295 595 4352 licet
632 4296 758 4361 rivi,
805 4295 898 4364 qui
936 4295 1005 4350 de
1038 4294 1257 4349 flumine
1294 4305 1481 4349 sancto
1525 4290 1796 4364 proﬂuxit,
1849 4301 1909 4348 ut
1951 4309 2050 4365 per

466 4387 839 4457 generationes
873 4386 1225 4442 succedentes
1271 4385 1579 4456 praedicatio
1606 4386 1762 4439 beata
1806 4400 1911 4440 non
1959 4386 2050 4441 de-

470 4476 637 4541 ficiat,
696 4476 791 4531 sed
834 4474 1171 4546 multiplicet,
1211 4476 1351 4529 unde
1380 4474 1645 4529 catholica
1687 4488 1902 4544 semper
1930 4488 2047 4528 cre-

2157 3308 2287 3365 ergo
2317 3293 2465 3348 Isaac
2490 3309 2693 3349 novum
2723 3302 2967 3365 puteum,
2998 3295 3106 3350 imo
3134 3297 3288 3367 pueri
3315 3296 3467 3353 Isaac
3507 3298 3746 3353 fodiunt.

2154 3382 2313 3439 Pueri
2367 3392 2494 3438 sunt
2569 3385 2739 3450 Isaac,
2797 3384 3098 3453 Matthams,
3142 3385 3374 3453 Marcus,
3428 3387 3625 3453 Lucas,
3693 3399 3787 3444 et-

2151 3470 2404 3539 Joannes,
2468 3470 2662 3528 Petrus
2728 3483 2784 3529 et
2827 3473 3080 3542 Jacobus,
3137 3474 3304 3531 Judas
3362 3485 3417 3531 et
3470 3476 3751 3548 apostolus

2150 3561 2370 3629 Paulus,
2426 3564 2519 3634 qui
2550 3579 2739 3621 omnes
2784 3565 3115 3621 Testamenti
3161 3565 3295 3621 Novi
3330 3578 3550 3638 puteum
3588 3569 3747 3626 fode-

2153 3664 2297 3721 runt,
2328 3664 2384 3711 et
2405 3656 2729 3712 invenerunt
2750 3673 2946 3728 aquam
2975 3660 3174 3726 vivam,
3209 3675 3329 3730 quae
3353 3660 3413 3715 fit
3436 3676 3591 3732 aqua:
3625 3662 3749 3719 fons

2150 3747 2392 3804 salientis
2420 3750 2475 3804 in
2505 3749 2672 3804 vitam
2700 3758 2959 3806 internum
2984 3750 3167 3822 (Ioan.
3200 3752 3295 3826 tv).
3326 3753 3430 3810 Pro
3463 3755 3547 3811 his
3566 3755 3752 3812 adhuc

2151 3837 2493 3894 altercantur
2543 3839 2643 3907 illi,
2714 3841 2808 3911 qui
2860 3850 3076 3897 terrena
3134 3845 3369 3915 sapiunt,
3443 3861 3545 3902 nec
3603 3862 3750 3905 nova

2149 3931 2313 3986 condi
2368 3931 2671 4003 patiuntur,
2725 3947 2825 3988 nec
2864 3942 3049 3989 vetera
3099 3938 3340 4006 purgari,
3419 3938 3749 4009 evangelicis

2148 4021 2325 4091 puteis
2361 4023 2750 4088 contradicunt,
2793 4024 3051 4094 apostolis
3091 4025 3450 4082 adversantur
3484 4047 3498 4082 :
3533 4038 3589 4083 et
3611 4044 3747 4099 quo-

2149 4115 2295 4171 niam
2334 4116 2387 4170 in
2416 4116 2667 4171 omnibus
2707 4116 3086 4171 contradicunt
3118 4117 3410 4189 litigantes,
3440 4119 3645 4174 dicitur
3667 4123 3738 4174 a-l

2148 4222 2242 4263 cos
2272 4226 2284 4262 :
2317 4206 2577 4273 Quoniam
2614 4207 2856 4278 indignos
2898 4224 2985 4262 vos
3033 4208 3231 4277 fecistis
3281 4211 3466 4279 gratia:
3510 4210 3629 4275 Dei,
3681 4230 3747 4266 ea:

2148 4300 2246 4352 hoc
2280 4297 2396 4366 jam
2424 4296 2491 4350 ad
2519 4306 2691 4367 gentes
2720 4298 2908 4351 ibimus
2948 4297 3085 4368 (Act.
3119 4296 3263 4367 xm).
3310 4299 3439 4352 Post
3467 4299 3583 4354 haec.
3612 4300 3745 4356 fodit

2151 4389 2364 4442 tertium
2395 4396 2616 4459 puteum
2657 4387 2828 4454 lsaac,
2855 4397 2909 4443 et
2935 4388 3222 4459 appellavit
3247 4404 3440 4444 nomen
3469 4389 3570 4447 loci
3600 4392 3748 4447 illius

2156 4477 2386 4533 latitudo
2415 4478 2601 4532 dicens
2629 4495 2642 4530 :
2684 4477 2842 4532 Nunc
2875 4477 3115 4532 dilatavit
3140 4494 3234 4533 nos
3266 4478 3543 4543 Dominus,
3593 4492 3643 4534 et
3674 4483 3746 4550 [e-

469 4567 871 4633 scatEcclesia,
894 4576 954 4622 ut
980 4543 1070 4638 qui
1098 4568 1256 4623 modo
1279 4566 1590 4622 imbuuntur
1609 4581 1763 4621 sacro
1784 4543 2047 4638 dogmate,
2078 4543 2130 4602 Ῑ)
2158 4570 2226 4623 cit
2264 4586 2491 4623 crescere
2520 4585 2676 4639 super
2702 4579 2896 4623 terram
2924 4568 3077 4641 (Gen.
3112 4570 3282 4641 xxvx).
3326 4569 3464 4625 Vere
3490 4543 3748 4628 dilatatus

471 4665 596 4727 post
640 4659 777 4713 alios
820 4660 1015 4713 docere
1055 4660 1360 4714 vidcantur.
1416 4657 1699 4712 Stillicidia
1728 4656 1873 4711 enim
1927 4665 2054 4710 sunt

470 4755 635 4818 gutta:
664 4763 783 4817 qua:
809 4748 876 4802 de
898 4750 1052 4803 lectis
1098 4750 1318 4813 cadunt,
1372 4765 1477 4803 non
1506 4748 1764 4817 pondere,
1796 4746 1892 4803 sed
1917 4747 2051 4800 assi-

472 4840 679 4894 duitate
730 4840 1069 4910 penetrantia
1130 4856 1250 4909 qua:
1298 4848 1556 4908 quantum
1604 4839 1806 4893 distent
1859 4853 1890 4891 a
1920 4837 2052 4892 rivis

470 4933 637 4988 etiam
661 4931 883 4987 visualis
910 4932 1063 4988 nobis
1089 4932 1227 4986 ratio
1251 4931 1520 5003 patefecit.
1575 4931 1713 5000 Ergo
1742 4931 1793 4984 in
1821 4931 2052 5000 primor-

471 5025 577 5081 diis
610 5024 723 5080 suis
751 5023 1023 5079 lmtabitur
1050 5024 1228 5078 omnis
1250 5022 1442 5087 ﬁdelis,
1496 5037 1617 5076 cum
1650 5022 1924 5076 exorietur
1951 5040 1965 5076 ε
1997 5030 2052 5076 et

473 5133 610 5187 aqua
656 5127 709 5171 et
759 5115 958 5187 Spiritu
997 5124 1185 5172 sancto
1233 5130 1363 5170 vere
1394 5114 1746 5177 renascimur,
1795 5122 1850 5167 et
1881 5112 2052 5182 gloria

471 5206 685 5261 Domini
741 5207 908 5276 ipsius
956 5206 1262 5278 dignatione
1317 5220 1709 5277 prazparamur.
1767 5204 1863 5259 Est
1909 5204 2053 5259 enim

472 5299 627 5354 nobis
669 5306 794 5353 tunc
833 5316 1027 5371 magna
1087 5299 1293 5362 latitia,
1321 5299 1537 5371 quando
1576 5299 1783 5368 antiqui
1821 5297 2056 5352 hominis

472 5401 740 5449 vetustate
777 5394 1042 5462 deposita,
1102 5391 1155 5445 in
1185 5406 1338 5445 novae
1384 5388 1816 5460 regenerationis
1858 5387 2050 5458 gaudia

472 5484 891 5538 committantur.
923 5484 1065 5547 llivi,
1094 5481 1403 5552 prmdicatio
1430 5489 1740 5534 sanctorum
1787 5476 1840 5532 in
1870 5476 2005 5531 Isaia
2037 5493 2049 5528 :

474 5574 542 5628 Et
586 5585 737 5629 erunt
786 5592 941 5642 super
983 5590 1186 5629 omnem
1225 5583 1448 5628 montem
1485 5570 1769 5635 excelsum,
1822 5579 1869 5621 et
1901 5582 2056 5637 super

476 5679 678 5717 temnem
735 5664 913 5717 collem
967 5665 1222 5718 eleuatum
1270 5665 1366 5717 riri
1411 5661 1731 5717 currentium
1799 5672 2052 5727 aquarum

477 5753 611 5827 Usa.
664 5756 812 5824 xxx).
1378 5752 1383 5757 ’

2158 4669 2240 4715 est
2262 4660 2435 4727 lsaac,
2480 4668 2537 4715 et
2561 4661 2804 4732 implevit
2832 4677 3048 4717 omnem
3083 4672 3283 4717 terram
3316 4664 3545 4719 scientia
3569 4665 3746 4721 Trini-

2160 4753 2306 4817 tatis,
2341 4760 2396 4806 et
2421 4753 2475 4807 in
2501 4761 2618 4807 toto
2643 4753 2775 4807 orbe
2796 4752 3133 4808 latitudinem
3154 4753 3408 4809 Ecclesia:
3434 4754 3743 4812 collocavit.

2157 4842 2313 4897 Prius
2344 4850 2550 4897 tantum
2574 4843 2628 4897 in
2652 4840 2835 4898 Judtea
2860 4850 3020 4898 notus
3040 4851 3159 4898 erat
3187 4844 3348 4902 Deus.
3381 4846 3434 4899 in
3462 4844 3626 4900 Israel
3653 4864 3749 4901 no-

2158 4932 2467 4987 minabatur
2495 4929 2664 5004 (Psal.
2696 4930 2858 5003 Lxxv)
2891 4950 2904 4985 :
2939 4947 3083 4986 nunc
3111 4941 3290 4987 autem
3320 4934 3375 4986 in
3397 4949 3599 4987 onmem
3637 4943 3746 4987 ter—

2160 5038 2273 5075 ram
2300 5021 2455 5075 exivit
2490 5036 2649 5075 sonus
2683 5035 2887 5088 eorum,
2937 5030 2985 5074 et
3012 5021 3067 5074 in
3094 5021 3223 5090 ﬁnes
3244 5021 3383 5074 orbis
3411 5031 3565 5075 terra:
3592 5021 3748 5075 verba

2155 5128 2336 5166 eorum
2367 5109 2539 5183 (Psal.
2587 5109 2767 5182 xvm).
2796 5111 2856 5165 In
2882 5110 3213 5166 contrariam
3237 5126 3364 5165 vero
3392 5108 3752 5181 significatio~

2156 5216 2280 5256 nem
2337 5201 2543 5271 positus
2589 5210 2673 5255 est
2716 5209 2911 5270 puteus
2958 5199 3068 5265 ille,
3122 5214 3285 5270 super
3333 5214 3493 5269 quem
3548 5199 3752 5269 legitur

2159 5292 2340 5363 (Joan.
2378 5291 2454 5363 tv)
2495 5290 2743 5346 Salvator
2784 5289 3043 5362 fatigatus
3082 5305 3148 5346 ex
3181 5290 3373 5344 itinere
3420 5287 3647 5354 sedisse,
3696 5299 3750 5343 ct

2160 5385 2352 5442 mulier
2394 5383 2731 5440 Samaritana
2762 5400 2884 5439 cum
2909 5383 3100 5455 hydria
3126 5397 3319 5452 aquam
3351 5380 3571 5437 haurire
3591 5381 3757 5437 velle.

2160 5479 2360 5551 Hydria
2386 5479 2528 5533 enim
2556 5476 2784 5533 fortasse
2804 5490 3042 5530 amorem
3068 5474 3246 5530 szeculi
3271 5472 3429 5542 hujus
3452 5472 3754 5545 significat,

2161 5570 2214 5625 id
2242 5577 2346 5634 est,
2380 5569 2750 5639 cupiditatem,
2808 5582 2972 5637 quam
3002 5567 3074 5622 ibi
3096 5566 3344 5621 homines
3375 5564 3441 5619 de
3462 5564 3754 5619 tenebrosa

2162 5661 2549 5731 profunditatc,
2578 5659 2731 5730 cujus
2761 5659 3057 5731 imaginem
3077 5668 3272 5730 puteus
3304 5656 3460 5728 gerit,
3507 5656 3613 5711 hoc
3645 5668 3753 5722 est,

2167 5754 2228 5807 de
2244 5762 2458 5808 terrena
2472 5751 2879 5809 conversatione
2904 5750 3182 5813 hauriunt,
3202 5759 3255 5803 et
3276 5748 3628 5819 voluptatem,
3647 5762 3755 5816 qua
