3974 6188
314 360 424 416 5·ἓὸ

1313 357 1399 416 DE
1439 358 1782 416 UNIVERSO
1817 359 1996 415 LIBRI
2035 358 2193 413 XXII.
2235 388 2304 397 -
2341 355 2468 412 LIB.
2510 358 2596 413 XI.

3478 363 3580 422 323

320 479 570 543 percepta
601 470 795 525 iterum
824 472 876 524 in
907 470 1020 540 ejus
1041 471 1332 540 appetitum
1366 473 1731 537 inardescunt,
1766 473 1906 527 sicut
1935 480 1982 536 Α
2011 470 2273 540 qualitate
2309 471 2605 525 densantur
2632 486 2646 524 :
2687 472 2778 526 sed
2807 470 3014 541 aliquas
3038 479 3331 542 potestates
3371 475 3583 534 Domini

323 566 392 620 de
421 578 560 632 aqua
595 562 685 615 illa
736 562 828 630 qui
871 562 1084 628 biberit,
1134 563 1281 618 sitiet
1339 563 1556 617 iterum.
1614 563 1906 633 Oportebat

321 665 511 708 autem
560 663 620 706 ut
646 652 864 707 Christo
907 654 1136 708 credens
1181 653 1379 707 szeculo
1425 653 1778 717 renuntiaret,
1832 662 1904 716 et,

323 749 510 803 relicta
547 746 758 816 hydria,
811 745 1154 816 cupiditatem
1181 745 1491 820 saecularem
1539 760 1598 800 se
1629 746 1909 816 reliquisse

326 848 674 900 monstraret,
721 854 826 893 non
857 838 1028 893 solum
1073 837 1301 894 credens
1339 839 1503 893 corde
1540 838 1608 892 ad
1643 839 1907 909 justitiam

325 929 506 1002 (Rom.
553 932 628 998 ς),
671 931 766 983 sed
788 929 954 982 etiam
987 929 1053 982 ad
1084 927 1310 982 salutem
1350 942 1444 982 ore
1470 928 1732 983 conﬁtens
1775 944 1912 998 prat-

325 1025 558 1087 dicaret,
605 1021 748 1092 quod
783 1020 1033 1075 credidit.
1105 1020 1237 1073 Item
1283 1026 1478 1088 puteus
1513 1019 1596 1072 vel
1635 1017 1908 1073 diab.,lum

327 1111 623 1183 signiﬁcnt,
665 1110 750 1165 vel
780 1108 1066 1174 infernum,
1119 1118 1178 1163 ut
1209 1117 1290 1188 est
1316 1107 1444 1162 illud
1476 1126 1488 1161 ε
1521 1106 1702 1177 Neque
1727 1115 1910 1178 urgeat

324 1221 396 1271 su.
422 1220 482 1256 cr
506 1219 586 1255 me
616 1210 803 1272 puteus
833 1217 889 1254 os
909 1217 1060 1254 suum
1089 1198 1261 1272 (Psal.
1295 1198 1503 1270 vam).
1550 1199 1755 1271 Urgent
1779 1215 1914 1269 quo-

327 1307 431 1363 que
479 1301 796 1363 peccatores
842 1306 902 1345 os
927 1306 1080 1344 suum
1104 1289 1449 1356 concludere,
1495 1306 1618 1344 cum
1649 1305 1819 1360 usque
1844 1291 1912 1345 ad

327 1383 518 1437 mortis
539 1397 650 1436 suae
685 1391 897 1451 tempus
944 1379 996 1433 in
1019 1380 1251 1450 pessima
1282 1379 1556 1435 voluntate
1594 1380 1908 1450 persistuut.

326 1474 594 1537 Cisterna,
649 1481 797 1527 recta
846 1471 1214 1542 intelligentia,
1276 1481 1336 1526 ut
1374 1481 1457 1527 est
1489 1473 1543 1527 in
1577 1473 1865 1528 Salomone
1897 1491 1910 1528 :

328 1563 454 1617 Bibe
475 1579 670 1634 aquam
693 1563 758 1616 de
785 1562 1008 1615 cisterna
1035 1573 1150 1627 tua,
1179 1571 1225 1615 et
1247 1563 1442 1631 ﬂuenta
1460 1563 1603 1634 putei
1628 1565 1706 1616 tui
1729 1562 1910 1636 (Prov.

331 1654 402 1724 v).
464 1653 712 1709 Cisterna
758 1653 997 1708 hmretici
1033 1652 1115 1706 vel
1143 1668 1308 1723 prava
1336 1653 1709 1725 intelligentia,
1772 1663 1830 1709 ut
1860 1656 1912 1709 in

327 1743 563 1799 Jcremia
593 1758 608 1796 :
638 1743 909 1798 Foderunt
937 1743 1036 1796 sibi
1064 1745 1314 1797 cisternas
1344 1744 1625 1814 dissipatas
1670 1744 1802 1818 (Jer.
1830 1747 1911 1819 ιι).

918 1851 1147 1908 CAPUT
1194 1852 1328 1907 XIII.

901 1922 980 1976 De
1017 1923 1325 1994 gurgitibus.

400 2014 614 2086 Gurges
662 2022 744 2069 est
771 2014 987 2083 proprie
1009 2013 1159 2070 lacus
1189 2015 1329 2070 altus
1378 2015 1432 2070 in
1453 2017 1696 2083 llumine,
1747 2017 1916 2088 signi-

333 2109 458 2163 ﬁcat
486 2107 774 2179 allegorice
818 2108 1059 2162 turbines
1079 2109 1534 2178 persecutionum,
1587 2125 1707 2180 qua:
1729 2110 1918 2166 adver-

331 2209 524 2256 santur
550 2201 737 2256 electis
760 2201 812 2255 in
837 2201 937 2255 hoc
967 2201 1187 2256 mundo.
1240 2201 1391 2257 Unde
1417 2202 1471 2256 in
1496 2201 1631 2257 Jona
1656 2202 1915 2271 scriptum

330 2304 451 2347 cst:
515 2291 709 2346 Omnes
766 2292 992 2362 gurgites
1031 2292 1106 2345 tui
1160 2302 1208 2346 et
1253 2295 1444 2363 ﬂuctus
1503 2295 1580 2347 tui
1633 2310 1788 2364 super
1836 2309 1918 2347 me

330 2385 656 2439 transierunt
695 2381 852 2456 (Ion.
891 2386 976 2455 ιι).
1024 2382 1176 2451 Quod
1217 2399 1378 2454 super
1399 2383 1592 2441 Jonam
1649 2394 1917 2441 tumentes

332 2475 527 2527 (luctus
571 2471 738 2526 maris
779 2471 1129 2538 transierunt,
1186 2481 1241 2528 et
1274 2475 1579 2530 detonuerit
1608 2489 1749 2530 saeva
1778 2483 1915 2531 tem-

333 2571 536 2631 pestas,
595 2561 726 2616 nulli
775 2562 992 2618 dubium
1019 2571 1123 2628 est,
1190 2565 1504 2636 mysterium
1537 2580 1656 2621 esse
1693 2565 1913 2621 Christi.

335 2651 528 2706 Nullus
576 2652 723 2706 enim
759 2658 841 2707 est
882 2652 1182 2719 hominum,
1248 2655 1338 2724 qui
1377 2664 1602 2710 cunctas
1647 2656 1918 2711 sustinere

330 2752 495 2814 queat
517 2744 841 2799 tentationes
865 2744 1067 2814 absque
1083 2743 1318 2799 Christo.
1345 2744 1412 2799 Et
1436 2746 1704 2815 quomodo
1731 2760 1920 2800 omnes

332 2835 766 2906 persecutiones,
820 2845 876 2887 et
917 2836 1168 2889 universa
1225 2851 1345 2904 qua:
1392 2835 1664 2902 accidunt,
1715 2836 1919 2904 absque

336 2925 427 2978 Dei
453 2939 562 2979 non
596 2925 916 2996 ingeruntur
946 2923 1221 2979 voluntate
1253 2941 1266 2978 :
1323 2925 1527 2979 idcirco
1555 2923 1652 2980 Dei
1681 2925 1920 2996 gurgites

334 3019 608 3080 dicuntur,
655 3025 708 3070 et
735 3015 952 3082 ﬂuctus,
1011 3017 1101 3087 qui
1144 3032 1250 3072 non
1285 3024 1668 3088 oppresserunt
1712 3015 1916 3082 Jesum,

331 3105 426 3160 sed
471 3104 808 3158 transierant
849 3119 946 3173 per
971 3119 1114 3170 eum,
1162 3105 1431 3160 minantes
1483 3113 1662 3160 tamen
1702 3104 1920 3160 naufra-

334 3197 502 3267 gium,
551 3211 660 3250 non
682 3194 996 3252 inferentes.
1040 3196 1316 3252 Universae
1337 3211 1467 3267 ergo
1517 3198 1922 3268 persecutiones

333 3296 388 3341 et
438 3287 703 3351 turbines,
765 3287 961 3356 quibus
1014 3296 1239 3341 vexatur
1287 3288 1581 3342 humanum
1629 3302 1816 3358 genus,
1872 3295 1928 3343 et

335 3386 544 3432 cuncta:
587 3377 854 3430 naviculas
898 3391 1086 3432 eorum
1141 3391 1258 3447 quae
1293 3377 1705 3448 frangebantur,
1763 3392 1926 3448 super

339 3483 516 3521 meum
551 3467 772 3539 (inquit)
806 3469 1098 3523 detonuere
1121 3476 1303 3539 caput.
1332 3467 1480 3538 Ergo
1507 3468 1744 3523 sustinui
1784 3478 1924 3524 tem-

335 3568 602 3630 pestates,
657 3567 716 3614 et
747 3557 886 3630 fregi
935 3558 1176 3614 turbines
1221 3559 1529 3626 saevientes,
1579 3567 1640 3614 ut
1684 3559 1928 3614 securius

340 3666 406 3705 na
415 3650 679 3722 vigurettl.

942 3742 1171 3800 CAPUT
1205 3742 1343 3798 XIV.

974 3835 1054 3889 De
1081 3835 1290 3905 pluviis.

408 3928 612 3982 Pluvia:
662 3927 818 3981 dicite
874 3942 940 3981 eo
989 3927 1132 3996 quod
1168 3927 1338 3981 ﬂuant
1399 3927 1554 3996 quasi
1595 3925 1763 3981 ﬂuvii.
1819 3925 1930 3980 Na-

341 4031 568 4077 scuntur
605 4020 752 4074 enim
780 4020 846 4074 de
877 4028 1033 4074 terra:
1061 4028 1116 4074 et
1140 4020 1306 4075 maris
1329 4020 1591 4075 anhelitu.
1653 4020 1783 4087 Quae
1810 4035 1931 4076 cum

343 4113 505 4169 altius
542 4112 768 4168 elevatae
796 4111 1035 4177 fuerunt,
1061 4120 1154 4166 aut
1181 4112 1310 4166 solis
1334 4112 1514 4167 calore
1542 4112 1813 4177 resolutae,
1839 4121 1933 4166 aut

343 4208 394 4260 vi
426 4214 711 4261 ventorum
749 4218 1070 4274 compressae
1109 4205 1381 4259 stillantur
1412 4205 1468 4260 in
1497 4206 1676 4260 terris.
1728 4204 1934 4259 Imbres

345 4309 524 4352 autem
568 4306 628 4351 et
664 4297 733 4350 ad
763 4297 934 4351 nubes
969 4305 1026 4352 et
1072 4297 1142 4352 ad
1179 4296 1390 4366 pluvias
1420 4297 1716 4368 pertinent,
1777 4297 1934 4352 dicta:

345 4401 522 4458 gnsco
559 4385 847 4450 vocabulo,
877 4386 1021 4455 quod
1057 4394 1254 4441 terram
1293 4388 1566 4444 inebrient
1625 4386 1693 4441 ad
1733 4388 1932 4458 germi-

345 4481 608 4536 nandum.
662 4479 743 4533 Ex
772 4480 856 4534 his
883 4479 1029 4533 enim
1068 4489 1262 4534 cuncta
1296 4489 1567 4535 creantur.
1617 4479 1937 4550 Signiﬁcant

1945 1865 1992 1923 B

2008 559 2139 613 dicit
2165 574 2284 627 qua:
2312 558 2657 613 intellectuali
2691 559 2998 615 conditione
3034 559 3382 617 famulentur.
3408 565 3587 623 Multis

2008 650 2153 703 enim
2181 649 2662 721 significationibus
2698 666 2874 706 sermo
2898 652 2998 707 iste
3029 652 3263 722 repletus
3283 664 3367 708 est
3399 671 3412 720 ;
3445 658 3588 725 quod

2009 740 2171 795 etiam
2198 740 2415 807 respicit
2433 742 2500 795 ad
2522 741 2795 810 apostolos
2809 750 2865 796 et
2882 744 3193 813 prophetas.
3217 745 3394 800 Imber
3415 758 3588 802 matu-

2011 830 2157 885 tinus
2185 839 2236 885 et
2263 831 2533 885 scrolinus
2556 832 2724 886 Vetus
2755 832 3159 888 Testamentum
3189 843 3242 889 et
3265 835 3471 890 Novum
3506 836 3589 890 in—

2013 920 2291 990 telligitur,
2310 929 2367 973 ut
2387 920 2437 974 in
2461 920 2574 975 Joel
2592 923 2852 991 propheta
2877 923 3227 979 :Descendere
3239 926 3395 994 faciet
3419 927 3486 981 ad
3503 944 3590 982 ves

2010 1012 2226 1066 imbrem
2255 1014 2571 1066 matutinum
2601 1023 2647 1066 et
2672 1016 2959 1068 serotinum
2985 1017 3040 1070 in
3063 1017 3319 1087 principio
3341 1016 3480 1090 (.Ioel
3502 1020 3589 1090 ιι),

2013 1103 2116 1157 hoc
2144 1113 2246 1170 est,
2280 1104 2332 1158 in
2357 1103 2592 1158 Christo.
2635 1103 2937 1172 Aliquando
2961 1121 3090 1160 vero
3108 1107 3284 1177 pluvia
3313 1108 3366 1161 in
3393 1109 3590 1164 malam

2014 1201 2224 1262 partem
2259 1193 2432 1262 posita
2464 1194 2749 1262 reperitur,
2789 1203 2850 1248 ut
2887 1204 2970 1250 est
2998 1195 3127 1249 illud
3157 1198 3298 1265 quod
3343 1195 3592 1253 Salvator

2015 1285 2159 1349 dicit,
2196 1285 2430 1354 pluviam
2459 1300 2622 1354 super
2654 1285 2871 1340 domum
2909 1287 2962 1340 in
2991 1301 3154 1342 arena
3183 1287 3458 1343 fundatam
3501 1289 3595 1346 de-

2015 1375 2287 1429 scendisse
2329 1384 2380 1430 et
2429 1390 2550 1429 eam
2603 1376 2933 1430 subvertisse
2980 1375 3193 1449 (Matth.
3226 1380 3346 1450 vn).
3406 1379 3593 1434 Pluvia

2017 1465 2142 1529 ista,
2172 1465 2458 1532 diabolus;
2489 1463 2734 1532 ﬁumina,
2768 1480 2958 1521 omnes
2996 1466 3319 1534 antichristi,
3350 1469 3442 1538 qui
3468 1483 3598 1523 con-

2020 1565 2098 1608 tra
2127 1556 2400 1610 Christum
2421 1557 2674 1626 sapiunt:
2705 1557 2852 1610 venti
2877 1556 3148 1626 spiritales
3174 1559 3428 1628 nequitiae
3461 1575 3597 1629 quo-

2019 1646 2147 1700 tidie
2192 1646 2469 1701 hominum
2505 1648 2861 1716 perditionem
2903 1651 3217 1707 moliuntur.

2622 1758 2846 1816 CAPUT
2886 1761 3000 1816 XV.

2656 1829 2734 1884 De
2785 1841 2951 1900 gutta.

2087 1920 2272 1987 Gutta,
2304 1935 2423 1989 quat
2451 1928 2592 1974 stat:
2624 1921 2786 1988 stilla,
2814 1939 2934 1992 qute
2960 1925 3126 1979 cadit.
3159 1924 3298 1981 Hinc
3329 1934 3414 1982 est
3441 1928 3601 1983 stilli-

2019 2010 2239 2074 cidium,
2271 2009 2426 2078 quasi
2453 2009 2593 2063 stilla
2621 2012 2843 2066 cadens.
2874 2010 3041 2066 Stiria
3061 2015 3203 2068 enim
3230 2030 3464 2086 graecum
3495 2027 3597 2082 est,

2020 2100 2074 2154 id
2115 2107 2237 2165 est,
2281 2107 2430 2169 gutta
2461 2117 2473 2151 :
2526 2099 2651 2153 inde
2680 2101 2741 2154 lit
2767 2100 3142 2158 diminutivum
3168 2143 3184 2169 ,
3227 2114 3288 2158 ut
3321 2105 3596 2174 dicamus,

2018 2190 2182 2245 stilla.
2233 2189 2366 2244 Nam
2409 2197 2560 2257 gutta
2597 2190 2864 2260 signiﬁcat
2905 2192 3209 2248 doctrinam
3258 2194 3597 2264 spiritalem:

2019 2285 2161 2341 unde
2186 2293 2270 2340 est
2309 2284 2438 2339 illud
2472 2285 2654 2354 sponsi
2689 2285 2742 2339 in
2781 2285 3012 2343 Cantino
3052 2289 3408 2356 canticorum,
3452 2292 3596 2360 quod

2020 2377 2086 2432 ad
2113 2391 2364 2447 sponsam
2387 2377 2518 2432 dicit
2543 2394 2555 2430 :
2584 2376 2744 2448 Aperi
2762 2378 2912 2446 mihi,
2937 2396 3090 2434 soror
3115 2397 3250 2447 mea,
3273 2383 3442 2437 amica
3461 2399 3600 2448 mea,

2020 2469 2258 2522 columba
2300 2484 2437 2536 mea,
2488 2468 2830 2523 immaculata
2874 2486 3024 2535 mea;
3069 2473 3193 2543 quia
3235 2483 3388 2542 caput
3430 2489 3602 2527 meum

2017 2559 2225 2630 plenum
2256 2569 2330 2613 est
2360 2575 2496 2626 rore,
2526 2570 2573 2613 ct
2601 2559 2827 2613 cincinni
2864 2561 2965 2614 mei
2985 2563 3144 2631 guttis
3170 2564 3397 2616 noctium
3427 2562 3603 2633 (Cant.

2020 2647 2095 2720 v).
2141 2648 2313 2719 Caput
2354 2649 2602 2705 Christus
2657 2650 2836 2715 Deus,
2895 2651 3130 2705 cincinni
3183 2659 3309 2706 sunt
3366 2651 3605 2706 ﬁdelium
3669 2685 3672 2690 -

2019 2738 2380 2794 collectiones.
2419 2739 2478 2793 In
2509 2754 2633 2795 rore
2661 2749 2720 2794 et
2757 2740 2924 2810 guttis
2969 2740 3209 2795 noctium
3239 2740 3444 2812 frigeas
3481 2739 3610 2796 cha-

2021 2827 2156 2882 ritas
2199 2829 2255 2882 in
2290 2828 2472 2882 multis
2509 2830 2836 2894 ostenditur,
2868 2843 3029 2898 quam
3061 2830 3112 2884 in
3141 2831 3309 2885 Deum
3338 2839 3394 2886 et
3423 2833 3607 2900 proxi-

2021 2933 2138 2974 mos
2167 2919 2369 2976 habere
2416 2920 2736 2975 debuerunt.
2789 2921 2915 2976 Ideo
2954 2921 3258 2976 necessarie
3281 2924 3480 2977 excitat
3504 2924 3606 2978 Do-

2020 3010 2200 3066 minus
2248 3011 2435 3067 ﬁdeles
2483 3026 2727 3082 quosque
2776 3011 2844 3066 ad
2885 3012 3285 3082 praedicationis
3347 3013 3604 3068 studium.

2023 3101 2307 3159 Stillicidia
2360 3113 2540 3159 autem
2594 3103 2909 3174 signiﬁcant
2953 3103 3092 3159 levia
3140 3103 3491 3173 documenta,
3541 3107 3608 3162 de

1953 3217 1997 3280 ρ
2027 3194 2222 3263 quibus
2272 3194 2470 3250 dicitur
2509 3213 2522 3249 :
2558 3194 2625 3248 In
2666 3193 2949 3248 stillicidiis
2994 3195 3104 3248 suis
3149 3192 3433 3262 lwtabitur,
3489 3212 3609 3250 cum

2027 3287 2291 3342 exorietur
2336 3285 2505 3360 (Psal.
2554 3287 2722 3362 thv).
2776 3288 2907 3356 Quae
2955 3288 3023 3342 ad
3071 3288 3385 3343 inchoantes
3434 3290 3608 3360 respi-

2026 3377 2180 3433 ciunt
2201 3377 2558 3444 Christianos,
2587 3378 2802 3448 quando
2826 3386 3052 3450 angusta
3079 3378 3378 3448 primordia
3405 3377 3607 3433 latissi-

2030 3482 2115 3520 ma
2151 3482 2258 3521 non
2300 3474 2475 3538 potest
2519 3469 2745 3525 introire
2803 3469 3068 3523 doctrina.
3122 3468 3198 3522 De
3241 3469 3436 3538 quibus
3483 3469 3613 3523 dicit

2028 3557 2359 3626 Apostolus:
2403 3557 2528 3613 Non
2546 3561 2694 3630 potui
2722 3559 2862 3614 vobis
2889 3559 3051 3630 loqui,
3088 3561 3239 3629 quasi
3265 3560 3609 3629 spiritalibus,

2029 3646 2118 3701 sed
2155 3648 2308 3718 quasi
2354 3648 2686 3716 carnalibus;
2728 3649 2881 3721 quasi
2920 3647 3152 3720 parvulis
3191 3649 3245 3702 in
3274 3647 3485 3703 Christo
3531 3649 3613 3702 [ιιι-

2031 3736 2170 3791 vobis
2214 3747 2394 3806 potum
2419 3738 2559 3804 dedi,
2609 3755 2712 3792 non
2753 3755 2923 3793 escam
2973 3737 3020 3810 (Ι
3052 3736 3176 3793 Cor.
3207 3737 3290 3808 tu)
3323 3754 3337 3803 ;
3373 3738 3612 3808 primurn

2030 3829 2173 3882 enim
2215 3829 2436 3884 ariditas
2467 3828 2589 3884 fidei
2632 3828 2954 3900 quibusdam
3001 3829 3286 3884 stillicidiis
3318 3830 3605 3891 animatur,

2031 3927 2153 3988 post
2174 3920 2305 3974 rivis
2332 3919 2670 3976 aﬁluentihus
2698 3920 2975 3993 irrigatur.
3030 3921 3252 3987 Deinde,
3303 3922 3444 3975 sicut
3481 3921 3612 3976 dicit

2033 4024 2222 4064 versus
2272 4011 2539 4079 superior,
2603 4012 2671 4065 ad
2721 4010 2954 4067 fluminis
3002 4005 3146 4067 illius
3195 4011 3608 4081 plenitudinem,

2026 4101 2249 4172 juvante
2288 4101 2532 4167 Domino,
2587 4103 2933 4171 pervenimus
2974 4121 2988 4156 :
3033 4111 3087 4157 et
3116 4103 3194 4159 sic
3224 4116 3320 4173 per
3351 4101 3467 4157 haec
3503 4102 3607 4157 tria

2035 4190 2202 4246 divini
2231 4191 2470 4247 muneris
2498 4195 2630 4247 ordo
2657 4192 2980 4248 declaratur.

2600 4303 2828 4361 CAPUT
2870 4304 3007 4359 XVI.

2696 4395 2774 4449 De
2802 4397 2936 4450 nive.

2105 4485 2205 4540 Nix
2237 4502 2267 4540 a
2300 4487 2466 4553 nube,
2496 4485 2640 4542 unde
2674 4488 2840 4554 venit,
2889 4487 3107 4553 dicitur,
3135 4496 3191 4542 et
3217 4485 3485 4558 signiﬁcat
3513 4487 3615 4542 ali-

346 4580 525 4624 autem
556 4570 754 4640 pluviae
805 4569 884 4623 vel
915 4570 1115 4625 imbres
1141 4571 1280 4626 dona
1306 4570 1548 4626 cmlestia
1584 4580 1639 4625 et
1666 4579 1929 4641 praecepta
1963 4563 2010 4622 Ι)
2035 4580 2248 4648 quando
2284 4579 2570 4634 candorem
2592 4577 2837 4646 justitiae,
2881 4587 2942 4633 ut
2968 4588 3051 4634 est
3092 4578 3221 4634 illud
3263 4578 3319 4632 in
3364 4578 3611 4650 psalmo:

347 4661 432 4716 vel
457 4662 712 4716 mandata
738 4659 862 4725 Dei,
893 4675 1013 4729 qua:
1040 4670 1264 4726 terram,
1307 4661 1409 4716 hoc
1438 4670 1544 4726 est,
1585 4662 1832 4716 homines
1859 4660 1936 4714 ir-

349 4754 527 4824 rigant
573 4763 631 4807 et
663 4752 903 4807 excitant
927 4752 995 4807 ad
1024 4751 1402 4821 proferendum
1430 4767 1649 4822 germen
1670 4752 1934 4808 bonorum

348 4859 594 4914 operum.
650 4843 804 4898 Unde
831 4853 914 4899 est
939 4843 1069 4900 illud
1109 4846 1161 4900 in
1187 4847 1401 4902 Psalmo
1431 4864 1445 4901 :
1478 4844 1723 4902 Pluviam
1745 4847 1934 4914 volun-

350 4940 544 4991 tariam
574 4935 864 5006 segregabit
897 4934 1056 5002 Deus,
1111 4939 1404 4992 Imreditati
1433 4947 1538 4992 ture
1590 4937 1761 5009 (Psal.
1811 4938 1932 5012 vn).

349 5029 586 5099 Exponit
635 5029 786 5092 illud,
815 5029 956 5099 quod
987 5030 1240 5099 superius
1259 5031 1397 5084 dixit
1426 5048 1439 5084 :
1483 5029 1610 5084 Caeli
1647 5029 1934 5084 distillave—

353 5133 471 5173 runt
497 5120 711 5191 (lbid.).
741 5120 858 5189 Ipsa
889 5121 1032 5178 enim
1059 5121 1239 5190 pluvia
1263 5121 1582 5185 voluntaria,
1624 5136 1783 5190 quam
1809 5130 1936 5176 tunc

351 5213 671 5266 comedendi
731 5213 886 5266 avida
928 5227 1060 5282 gens
1108 5211 1288 5267 Judma
1337 5215 1655 5284 promeruit,
1714 5229 1932 5268 manna.

353 5303 491 5356 Nam
533 5312 594 5356 ut
621 5302 876 5357 voluntati
905 5302 1020 5371 ejus
1048 5305 1354 5370 satislieret,
1405 5307 1742 5372 inexpertum
1767 5304 1934 5358 mira-

354 5395 535 5450 culum
585 5397 818 5448 mundus
846 5395 1073 5465 accepit.
1115 5395 1299 5449 Pluvia
1337 5395 1600 5466 siquidem
1628 5395 1718 5448 illa
1753 5395 1939 5450 volun-

359 5485 497 5538 taria
526 5482 653 5547 fuit,
684 5500 790 5538 non
824 5485 928 5539 ista
968 5501 1087 5554 qua:
1113 5485 1438 5555 generaliter
1465 5485 1665 5555 ubique
1696 5484 1942 5539 dill'undi-

359 5589 467 5633 tur.
499 5579 568 5633 Et
587 5578 762 5633 alibi:
811 5577 1098 5645 Mandabo,
1161 5579 1358 5649 inquit,
1423 5579 1645 5632 nubibus
1703 5580 1832 5632 meis
1879 5595 1942 5632 ne

357 5673 544 5744 pluunt
592 5691 749 5743 super
788 5672 939 5728 illum
981 5674 1191 5727 imbrem
1233 5673 1364 5744 (Isa.
1417 5673 1503 5736 vi;
1554 5687 1660 5726 non
1718 5673 1834 5725 istis
1866 5673 1941 5725 vi-

365 5764 632 5830 s.l.ili'.ius,
694 5781 810 5834 qua:
837 5777 928 5819 aut
975 5781 1143 5834 aquas
1168 5763 1444 5834 depluunt,
1500 5773 1593 5819 aut
1624 5763 1939 5834 corpuleuta

2032 4673 2256 4730 Lavabis
2304 4691 2406 4741 me,
2457 4685 2504 4728 et
2535 4690 2687 4743 super
2722 4675 2888 4728 nivem
2917 4672 3202 4727 dealbabor
3243 4670 3415 4745 (Psal.
3445 4674 3520 4744 ι).
3547 4673 3617 4729 Et

2037 4768 2212 4821 item:
2273 4765 2416 4820 Dum
2463 4764 2709 4818 discernit
2752 4765 2978 4819 cmlesles
3007 4780 3150 4834 reges
3197 4779 3354 4834 super
3400 4772 3612 4824 terram,

2035 4858 2148 4910 nire
2195 4855 2582 4910 dealbabuntur
2632 4855 2687 4908 in
2720 4853 2936 4910 Selmon
2971 4853 3144 4926 (Psal.
3195 4855 3384 4924 vau).
3439 4852 3614 4922 Reges

2037 4955 2163 5001 sunt
2236 4945 2511 5016 apostoli,
2585 4946 2866 5015 sanctique
2936 4944 3217 5016 pontiﬁces
3252 4983 3268 5009 ,
3332 4942 3620 5011 caeterique

2041 5037 2241 5099 ﬁdeles,
2297 5037 2389 5107 qui
2417 5036 2769 5106 probabiliter
2817 5050 3004 5105 regere
3033 5047 3258 5102 corpora
3299 5047 3395 5086 sua
3437 5031 3621 5088 divino

2043 5143 2263 5182 munere
2309 5135 2639 5182 meruerunt.
2693 5126 2759 5180 Hi
2789 5141 2951 5196 super
2997 5125 3174 5178 nivem
3227 5121 3621 5177 dealhabuntur

2043 5220 2096 5274 in
2128 5217 2367 5282 Selmon,
2403 5219 2455 5272 id
2481 5227 2582 5282 est,
2614 5220 2777 5287 super
2795 5214 3083 5271 candorem
3107 5212 3247 5267 nivis
3275 5212 3617 5268 elucescunt:

2042 5310 2170 5380 quia
2217 5307 2510 5363 Ecclesium
2574 5322 2762 5379 regere
2820 5304 3050 5360 ﬁdeliter
3119 5311 3280 5373 atque
3349 5298 3624 5359 ordinarie

2047 5408 2342 5454 noscuntur
2371 5399 2422 5452 in
2448 5397 2686 5462 Selmon,
2725 5396 2816 5466 qui
2855 5396 3240 5464 interpretatur
3278 5393 3486 5458 umbra,
3518 5393 3622 5448 hoc

2043 5500 2145 5556 est,
2200 5490 2298 5545 sub
2351 5490 2685 5559 protectione
2737 5488 2938 5542 divina.
2996 5485 3391 5540 Dealbabuntur
3442 5493 3622 5540 autem

2045 5584 2332 5654 aliquando
2373 5583 2593 5652 ponitur
2615 5583 2666 5635 in
2694 5581 2857 5647 malo,
2899 5580 3038 5635 sicut
3067 5588 3122 5634 et
3147 5579 3200 5634 in
3242 5579 3466 5634 Actibus
3495 5592 3623 5648 apo-

2046 5676 2304 5730 stolorum
2327 5694 2338 5729 :
2373 5675 2634 5729 Percutiet
2657 5685 2703 5729 te
2727 5674 3000 5736 Dominus,
3025 5675 3195 5744 paries
3221 5673 3456 5728 dealbate
3484 5674 3621 5742 (Act.

2045 5767 2224 5836 χχιιι).
2273 5766 2386 5822 Hoc
2419 5776 2471 5819 et
2506 5766 2559 5819 in
2599 5766 2888 5839 Evangelio
2919 5773 3152 5820 testatur
3184 5783 3196 5817 :
3251 5763 3461 5820 Similes
3502 5763 3623 5816 estis
