3974 6188
363 352 472 406 5‘27

366 463 711 521 monumentis
748 460 1025 526 dealbatis,
1059 477 1176 532 qua:
1206 460 1360 530 plena
1397 469 1518 514 sunt
1560 461 1761 515 ossibus
1808 477 1949 514 mor—
1973 467 2028 525 Α

369 566 579 610 tuorum
610 551 825 622 (Matth.
857 551 1037 623 χχιιι).
1091 551 1252 606 Nives
1288 551 1549 621 Baptismi
1581 551 1947 621 profusionem

368 645 691 717 significant,
740 652 801 697 ut
845 644 901 697 in
932 643 1071 698 Job:
1127 643 1230 709 Qui
1269 647 1414 699 timet
1459 646 1734 716 pruinam,
1785 647 1950 700 irruet

368 754 521 808 super
549 753 668 790 eum
702 736 794 790 nia:
841 735 961 807 (Job
989 735 1092 806 vi):
1123 736 1370 805 pruinam
1397 750 1524 791 vero
1554 736 1605 790 in
1642 736 1759 790 loco
1811 752 1950 806 prte-

369 837 573 883 scntem
589 827 986 882 tribulationem
1010 826 1404 881 intellexerunt.
1430 828 1560 882 Item
1581 828 1634 881 in
1661 827 1761 882 Job
1783 829 1852 881 ita
1879 827 1954 882 le-

367 918 540 981 gitur:
576 917 830 987 Nunquid
857 917 1120 987 ingressus
1145 927 1221 970 est
1263 918 1537 972 thesauros
1567 919 1698 972 nivis
1729 932 1823 972 aut
1848 920 1956 972 tlte-

371 1027 554 1066 sauros
579 1012 849 1081 grandinis
875 1011 1122 1080 aspexisti
1146 1011 1171 1063 .9
1197 1009 1318 1081 (Job
1349 1012 1602 1082 xxxvrn).
1669 1012 1724 1064 In
1757 1011 1955 1082 frigore

371 1100 532 1167 nivis,
583 1103 663 1154 vel
697 1102 748 1154 in
789 1100 987 1155 duritia
1018 1099 1301 1170 grandinis
1344 1100 1471 1169 quid
1501 1100 1643 1155 aliud
1672 1101 1950 1169 accipitur,

370 1199 534 1264 quam
562 1194 669 1247 vita
699 1209 1008 1262 pravorum,
1038 1208 1156 1261 qua:
1177 1201 1231 1247 et
1256 1202 1471 1263 torpore
1495 1193 1755 1264 frigescit,
1783 1202 1837 1248 et
1860 1209 1956 1263 per

374 1286 633 1340 duritiam
684 1284 902 1338 malitia:
949 1285 1220 1354 percutit?
1245 1283 1379 1349 Qua:
1412 1287 1705 1356 pra’paravi
1734 1285 1953 1358 (inquit)

371 1376 428 1430 in
461 1385 657 1444 tempus
699 1374 882 1439 hostis,
915 1376 970 1427 in
1009 1374 1145 1427 diem
1172 1391 1360 1445 pugna:
1391 1385 1438 1428 et
1485 1374 1606 1428 belli
1635 1374 1862 1446 (Ibid.):
1898 1384 1958 1430 ut

373 1479 498 1519 cum
530 1463 871 1518 adversarius
899 1472 1084 1519 noster
1117 1464 1361 1520 diabolus
1391 1473 1596 1520 tentare
1624 1481 1722 1521 nos
1743 1467 1954 1532 nititur,

374 1568 561 1608 eorum
591 1553 851 1619 moribus,
882 1554 1034 1622 quasi
1057 1554 1170 1609 suis
1190 1563 1379 1609 contra
1403 1571 1501 1609 nos
1523 1555 1710 1620 armis,
1743 1555 1952 1610 nititur.

377 1644 503 1699 Sive
534 1645 584 1698 in
612 1646 736 1699 nive
763 1645 848 1699 vel
892 1645 1151 1716 grandine
1192 1646 1429 1700 thesauri
1480 1647 1778 1701 habentur:
1830 1647 1956 1716 quia

378 1738 617 1809 plerique
661 1738 960 1807 iniquitatis
1030 1748 1247 1807 torpore
1296 1739 1472 1810 frigidi
1529 1739 1598 1793 ad
1667 1754 1955 1809 supernam

376 1831 605 1898 gratiam
637 1831 898 1899 assumpti
926 1831 978 1884 in
1006 1839 1193 1884 sancta
1220 1830 1461 1885 Ecclesia
1493 1828 1956 1900 fulgescuntluce,
1989 1838 2033 1896 Β
2057 1828 2261 1919 ’ραεωδ
2281 1828 2552 1918 εωηνδίεω
2580 1873 2698 1917 um
2720 1864 2774 1916 in
2795 1828 2987 1933 pr'uina
3021 1861 3038 1932 (

377 1927 432 1971 ct
459 1935 677 1989 pravam
717 1921 998 1975 scientiam
1026 1920 1287 1975 doctrina:
1335 1936 1445 1975 suae
1486 1921 1684 1976 ictibus
1730 1922 1953 1976 cudunt.

396 2007 551 2062 Unde
578 2015 765 2084 aperte
791 2007 1067 2075 sequitur:
1107 2006 1236 2072 Qum
1256 2009 1549 2077 prcrparavi
1575 2008 1628 2061 in
1649 2019 1846 2079 tempus
1867 2009 1962 2062 lto-

379 2102 474 2154 stis
515 2102 570 2153 in
611 2100 749 2153 diem
773 2116 966 2170 pugna:
1008 2109 1058 2152 et
1080 2099 1219 2154 belli.
1273 2098 1471 2154 Saulus
1514 2100 1712 2170 quippe
1767 2101 1857 2154 nix
1905 2111 1961 2156 et

380 2192 584 2260 grando
609 2200 798 2245 contra
831 2191 1264 2246 adversariorum
1308 2198 1529 2259 pectora
1559 2192 1736 2246 factus
1763 2201 1847 2247 est
1875 2193 1959 2246 vel

382 2283 618 2338 candore
665 2281 910 2351 iustitiae,
949 2281 1033 2336 vel
1084 2281 1315 2336 districti
1364 2282 1562 2350 eloquii
1594 2283 1957 2352 correptione.

383 2375 490 2430 Sed
517 2382 568 2429 et
600 2375 703 2430 hoc
732 2374 1048 2438 notandum,
1089 2374 1231 2442 quod
1261 2374 1315 2426 in
1346 2373 1469 2427 nive
1496 2373 1786 2443 aliquando
1815 2374 1963 2428 blan-

381 2466 681 2520 dimentum
709 2465 962 2520 candoris
990 2464 1329 2534 exprimitur,
1361 2464 1502 2518 sicut
1529 2464 1584 2518 in
1613 2463 1822 2534 fulgore
1853 2472 1962 2519 ter-

383 2571 494 2610 ror.
529 2553 683 2610 Unde
735 2562 789 2608 et
829 2552 1085 2622 angelus,
1128 2553 1220 2621 qui
1269 2552 1496 2622 gloriam
1544 2552 1961 2608 resurrectionis

381 2644 674 2699 Dominicte
715 2642 1018 2708 nuntiabat,
1075 2647 1131 2696 et
1176 2641 1433 2696 terribilis
1479 2642 1547 2696 ad
1593 2640 1961 2699 damnandum

385 2733 676 2803 improbos,
716 2739 771 2786 et
798 2732 1064 2803 benignus
1093 2739 1212 2788 erat
1240 2747 1304 2787 ac
1323 2731 1553 2788 blandus
1583 2733 1651 2786 ad
1679 2733 1962 2790 consolan-

382 2825 508 2879 dum
537 2823 757 2878 electos.
803 2821 936 2877 Nam
984 2823 1127 2878 idem
1157 2823 1398 2896 angelus,
1450 2825 1542 2894 qui
1584 2827 1851 2895 apparuit,
1904 2833 1965 2881 ut

383 2915 635 2970 custodes
678 2914 912 2984 sepulcri
955 2914 1148 2984 impios
1209 2915 1405 2971 timore
1475 2927 1805 2985 perterreret
1831 2961 1846 2986 ,
1897 2934 1962 2975 ac

384 3012 717 3060 mortuorum
745 3004 918 3059 instar
942 3013 1098 3059 terra:
1120 3013 1489 3074 prosterneret
1513 3025 1525 3060 ε
1563 3007 1607 3061 is
1635 3008 1964 3065 visitatrices

387 3097 628 3167 ejusdem
685 3095 919 3168 sepulcri
968 3096 1288 3165 purissimas
1331 3097 1562 3168 benigna
1591 3099 1962 3156 consolatione

386 3191 587 3246 refovet
600 3233 611 3244 .

967 3299 1194 3356 CAPUT
1233 3299 1391 3354 XVII.

1030 3393 1109 3446 De
1149 3392 1332 3463 glacie.

465 3502 682 3557 Glaeics
705 3518 735 3556 a
760 3502 879 3574 gelu
904 3510 958 3558 et
979 3519 1142 3572 aqua,
1174 3505 1324 3574 quasi
1348 3505 1600 3576 gelacies,
1619 3507 1672 3562 id
1695 3519 1801 3572 cst,
1823 3511 1966 3582 gela—

385 3605 438 3648 ta
469 3610 606 3666 aqua
631 3613 645 3649 :
689 3594 838 3665 gelus
869 3603 1068 3661 autem,
1107 3596 1249 3666 quod
1273 3612 1338 3653 eo
1365 3600 1663 3670 stringatur
1688 3603 1862 3659 tellus.
1887 3604 1966 3661 Ge

382 3685 577 3756 quippe
608 3694 752 3740 terra
781 3685 1000 3740 dicitur.
1031 3687 1182 3742 Tunc
1209 3697 1390 3744 autem
1419 3690 1611 3760 majori
1637 3694 1757 3764 gelu
1788 3695 1962 3750 strin-

381 3779 526 3846 gitur
563 3785 726 3841 terra,
783 3791 905 3831 cum
951 3775 1114 3832 fuerit
1159 3794 1266 3834 nox
1321 3795 1537 3836 serena.
1591 3782 1726 3838 Nam
1768 3785 1966 3856 glacies

383 3866 635 3922 duritiam
677 3874 1022 3935 peccatorum
1050 3868 1342 3937 significat,
1375 3878 1434 3925 ut
1461 3879 1544 3926 est
1570 3873 1698 3928 illud
1732 3876 1785 3930 in
1815 3875 1966 3931 Salo-

383 3973 577 4012 mone:
610 3955 756 4012 Sicut
783 3957 836 4010 in
863 3973 1040 4010 sereno
1087 3958 1298 4028 glacies,
1330 3961 1405 4014 ita
1449 3961 1713 4016 solventur
1754 3976 1965 4035 peccata

380 4059 471 4103 tua
501 4047 634 4121 (Sir.
658 4047 874 4119 xxxnt).
913 4047 978 4101 Et
1010 4049 1062 4102 in
1099 4049 1306 4119 psalmo
1337 4069 1350 4105 :
1381 4050 1551 4121 Ignis,
1595 4054 1824 4123 grando,
1851 4057 1962 4120 nix,

380 4139 605 4210 glacies,
649 4138 864 4208 spiritus
910 4138 1298 4207 procellarum,
1346 4158 1462 4211 qua:
1510 4142 1709 4212 faciunt
1756 4146 1965 4200 verbum

380 4231 496 4300 ejus
519 4229 689 4301 (Psal.
715 4227 923 4301 xum).
949 4228 1152 4295 Quibus
1174 4233 1334 4286 rebus
1353 4246 1450 4302 per
1470 4233 1778 4305 allegoriam
1796 4237 1968 4292 homi-

380 4340 477 4378 nes
508 4325 795 4392 signilicat,
844 4325 935 4394 qui
980 4326 1031 4378 in
1062 4326 1166 4381 hoc
1209 4325 1402 4381 sasculo
1431 4342 1499 4381 ex
1545 4328 1864 4384 turbulentis
1913 4339 1966 4385 et

381 4417 630 4485 pessimis
659 4417 725 4471 ad
761 4417 1062 4471 devotionis
1091 4417 1538 4488 tranquillissima
1569 4420 1746 4473 studia
1775 4436 1968 4490 pervc-

383 4513 596 4560 nerunt.
633 4505 732 4574 Qui
758 4505 963 4561 faciunt
992 4508 1212 4562 verbum
1241 4508 1376 4581 ejus,
1421 4508 1522 4562 nisi
1548 4510 1639 4578 qui
1661 4525 1727 4563 ex
1762 4519 1964 4580 tempe-

380 4595 580 4648 stuosis
599 4607 653 4648 et
674 4595 931 4663 improbis
955 4597 1019 4648 ad
1046 4596 1402 4653 confessionis
1425 4598 1595 4668 ipsius
1616 4600 1843 4668 gratiam
1871 4615 1962 4654 ve-

380 4685 499 4738 nire
537 4686 893 4739 meruerunt?
919 4684 1052 4738 Nam
1077 4687 1336 4742 Dominus
1377 4690 1443 4744 ad
1465 4689 1566 4745 Job
1587 4691 1659 4744 ita
1687 4690 1959 4760 loquitur:

381 4775 458 4830 De
477 4775 629 4846 cujus
653 4785 799 4829 utero
816 4791 1022 4845 egressa
1049 4786 1120 4830 est
1148 4777 1361 4847 glacies,
1408 4788 1456 4832 et
1477 4780 1595 4850 gelu
1615 4781 1678 4834 de
1702 4780 1826 4836 cmlo
1848 4783 1962 4853 quis

378 4868 594 4939 genuit?
617 4866 736 4938 (Job
760 4865 1012 4938 xxxvm.)
1038 4865 1094 4920 In
1108 4868 1225 4938 gelu
1249 4868 1332 4922 vel
1351 4869 1540 4939 glacie,
1570 4869 1762 4941 frigida
1777 4882 1964 4944 etper-

379 4961 521 5015 lldia:
561 4968 779 5031 torpore
801 4959 1092 5015 constricta
1122 4960 1415 5029 accipimus
1441 4962 1602 5016 corda
1632 4960 1962 5034 Judteorum,

379 5053 470 5122 qui
492 5067 589 5122 per
637 5053 895 5125 mysteria
935 5051 1070 5123 legis
1099 5061 1154 5107 et
1174 5053 1467 5123 prophetia:
1501 5055 1579 5109 sic
1604 5055 1742 5109 intra
1787 5059 1964 5116 sinum

379 5147 730 5216 gratiaequasi
752 5146 892 5201 intra
919 5157 1130 5201 uterum
1159 5146 1442 5212 creatoris,
1473 5146 1826 5204 habebantur.
1861 5151 1967 5207 Sed

379 5238 526 5306 quia,
555 5241 802 5295 veniente
816 5239 1062 5304 Domino,
1087 5239 1362 5294 constricti
1384 5239 1581 5310 frigore
1607 5242 1845 5311 perfidia:
1865 5243 1971 5299 fer-

378 5345 564 5385 vorem
592 5332 872 5388 charitatis
917 5332 1233 5397 amiserunt,
1285 5332 1439 5402 quasi
1487 5332 1687 5402 glacies
1710 5334 1776 5388 de
1812 5343 1969 5392 utero

381 5424 644 5478 creatoris
676 5425 880 5495 egressi
909 5433 1054 5480 sunt.
1101 5424 1168 5478 Et
1200 5423 1337 5494 gelu,
1368 5424 1558 5493 inquit,
1609 5424 1672 5478 de
1695 5424 1820 5480 caelo
1847 5427 1964 5497 quis

382 5514 605 5582 genuit?
649 5516 801 5584 quasi
829 5516 896 5570 de
935 5517 1075 5572 cmlo
1103 5516 1222 5587 gelu
1254 5516 1422 5572 exiit:
1475 5515 1601 5586 quia
1650 5517 1717 5572 de
1751 5517 1967 5572 sublimi

384 5603 534 5674 prole
571 5615 882 5660 sanctorum
917 5611 1183 5678 processit
1219 5608 1411 5681 frigida
1440 5609 1593 5680 plebs
1633 5610 1963 5666 infidelium:

385 5696 589 5752 idcirco
619 5706 797 5752 autem
841 5699 1100 5755 Dominus
1127 5703 1377 5772 genuisse
1410 5704 1560 5771 dicit,
1587 5703 1713 5774 quia
1745 5703 1969 5774 frigidos

386 5806 417 5844 e
443 5805 499 5845 sc
530 5788 678 5846 exire
712 5790 978 5860 permisit.

1007 347 1065 403 Β.
1110 346 1363 402 ΒΑΒΛΝΙ
1401 347 1618 404 ΜΑΙΗῊ
1658 349 1977 406 ARCIllEP.
2020 349 2331 408 MOGUNT.
2375 334 2658 406 OPEllUM
2696 345 2876 401 PARS
2909 345 2973 400 ll.

3531 349 3639 408 ⁷28

3531 384 3565 406 ν

2609 457 2838 512 CAPUT
2874 454 3059 510 XVIII.

2513 547 2590 601 De
2622 548 2812 618 pruina
2837 555 2884 599 et
2905 545 3179 616 grandine.

2122 639 2320 695 Pruina
2341 648 2424 696 est
2453 640 2703 694 matutini
2735 638 2992 707 temporis
3017 636 3204 706 frigus,
3233 637 3324 706 qui
3353 637 3477 692 inde
3492 635 3645 708 prui-

2054 748 2120 788 ne
2147 748 2339 787 nomen
2369 731 2595 801 accepit,
2652 731 2774 800 quia
2815 731 2956 784 sicut
2990 729 3128 800 ignis
3167 729 3292 783 urit.
3343 728 3450 799 Pyr
3492 730 3641 785 enim

2053 826 2194 895 ignis
2238 826 2424 881 Graece
2467 824 2682 878 dicitur.
2714 821 2852 876 Vere
2897 823 3041 876 eiiim
3092 829 3148 875 et
3177 819 3242 874 ad
3286 819 3457 892 frigus
3489 831 3546 876 et
3570 821 3641 876 ad

2055 917 2220 971 solem
2252 916 2502 984 pertinet.
2535 912 2667 967 Nam
2695 928 2802 968 uno
2825 927 3074 967 sermone
3103 913 3210 968 duo
3232 913 3442 968 diversa
3473 913 3644 981 signi-

2056 1006 2300 1069 ficantur,
2332 1019 2430 1074 pro
2461 1020 2551 1070 eo,
2578 1003 2723 1074 quod
2751 1019 2913 1058 unum
2944 1002 3193 1058 effectum
3218 1004 3439 1058 habent.
3467 1003 3638 1058 Simi-

2057 1098 2122 1153 lis
2170 1099 2315 1152 enim
2365 1098 2447 1152 vis
2490 1108 2573 1152 est
2623 1107 2679 1152 et
2728 1097 2926 1152 caloris
2977 1105 3033 1150 et
3080 1095 3343 1166 frigoris:
3398 1095 3540 1150 unde
3586 1105 3643 1150 et

2058 1199 2284 1260 utraque
2319 1205 2448 1274 saxa
2502 1198 2772 1259 rumpunt.
2833 1188 2966 1242 Nam
3003 1197 3059 1243 et
3091 1187 3242 1242 calor
3271 1187 3419 1252 urit,
3454 1195 3515 1240 ut
3559 1195 3646 1241 est

2057 1283 2204 1337 illud.

2306 1371 2471 1422 Uritur
2497 1371 2662 1421 infelix
2691 1371 2827 1421 Dido.

2056 1455 2187 1510 Item
2235 1453 2406 1523 frigus
2436 1455 2563 1518 urit,
2595 1464 2654 1508 ut
2679 1463 2763 1509 est
2783 1454 2932 1519 illud;

2211 1570 2308 1619 Aut
2330 1570 2502 1619 Borea-3
2526 1567 2835 1632 penetrabile
2860 1567 3016 1632 frigus
3035 1570 3221 1619 adurat.

2125 1674 2285 1731 Juxta
2311 1677 2622 1749 allegoriam
2649 1676 2916 1748 significat
2949 1675 3336 1731 abstinentiam
3363 1687 3447 1737 eo,
3495 1671 3645 1744 quod

2056 1783 2154 1836 per
2183 1772 2286 1826 hoc
2315 1769 2568 1842 frigescat
2593 1771 2741 1826 calor
2761 1770 3025 1840 corporis.
3058 1770 3134 1824 De
3162 1784 3268 1838 quo
3305 1769 3356 1822 in
3386 1765 3645 1822 Psalmo:

3048 1858 3192 1914 Psal.
3230 1858 3439 1928 ειη-ιιι).
3485 1857 3648 1912 Prui-

2065 1971 2134 2010 na
2207 1970 2335 2010 vero
2393 1954 2663 2024 signiﬁcat
2725 1953 2988 2008 malitiam
3038 1966 3434 2022 perversorum.
3489 1948 3647 2004 Unde

2063 2051 2258 2122 legitur
2285 2051 2338 2104 in
2365 2049 2603 2119 psalmo:
2635 2047 2838 2102 Occidit
2866 2050 2920 2102 in
2947 2047 3198 2119 grandine
3239 2048 3412 2101 uineas
3436 2062 3644 2109 eorum,

2063 2154 2111 2198 et
2135 2160 2310 2197 muros
2335 2158 2515 2196 eorum
2542 2141 2596 2194 in
2623 2140 2813 2210 pruina
2847 2138 3018 2210 (Psal.
3047 2136 3274 2208 Lxxvu).
3324 2136 3456 2193 Item
3495 2137 3649 2206 prui-

2066 2253 2132 2292 na
2161 2245 2245 2291 est
2270 2249 2608 2306 prmcurrens
2656 2232 3064 2302 anticipansque
3096 2223 3319 2294 malitia,
3366 2245 3486 2300 qua:
3518 2229 3648 2283 alie-

2064 2344 2162 2384 nos
2219 2327 2430 2382 labores
2478 2325 2764 2396 pervenire
2811 2340 2918 2378 non
2977 2324 3241 2394 permittit
3285 2322 3350 2376 ad
3409 2321 3644 2376 fructus.

2065 2419 2285 2476 Grando
2322 2418 2671 2474 comminatio
2699 2416 2813 2480 Dei,
2857 2431 2960 2485 qua
2989 2425 3336 2470 contumaces
3365 2415 3646 2478 verberat,

2065 2521 2125 2566 ut
2154 2513 2209 2567 in
2233 2512 2474 2582 psalmo:
2521 2508 2734 2564 Grando
2762 2518 2808 2562 et
2837 2507 3084 2561 carbones
3115 2507 3248 2577 ignis
3283 2503 3456 2571 (Psal.
3485 2505 3648 2574 xvii).

2065 2607 2133 2661 Et
2161 2607 2213 2661 in
2237 2605 2396 2660 aliam
2418 2613 2623 2675 partem
2650 2621 2662 2656 :
2691 2602 2892 2656 Occidit
2915 2603 2968 2655 in
2991 2601 3246 2672 grandine
3269 2599 3442 2654 vineas
3463 2615 3651 2653 eorum

2067 2700 2222 2771 (Psal
2273 2697 2499 2769 Lxxvn).
2532 2696 2747 2753 Grande
2796 2694 2976 2751 futura
3001 2695 3282 2765 percussio
3321 2702 3424 2757 est,
3488 2701 3550 2746 ut
3596 2691 3651 2745 in

2065 2791 2202 2846 Isaia
2230 2810 2242 2845 :
2289 2789 2482 2844 Allidet
2507 2789 2561 2842 in
2589 2788 2794 2841 turbine
2837 2796 2885 2840 et
2912 2787 2963 2841 in
2985 2786 3158 2856 lapide
3187 2784 3457 2856 grandinis
3489 2781 3648 2853 (lsai.

2063 2882 2218 2954 xxx).
2267 2881 2336 2937 Et
2383 2880 2548 2936 alibi:
2600 2880 2746 2934 Dabo
2797 2879 2994 2950 lapides
3041 2877 3375 2949 prtrgrandes
3426 2875 3654 2946 desuper

2063 2979 2319 3032 irruentes
2349 2974 2566 3046 (Ezeclt.
2597 2972 2742 3042 xm).

2662 3084 2888 3140 CAPUT
2919 3083 3057 3137 XIX.

2742 3176 2816 3229 De
2846 3192 2982 3228 rore.

2141 3275 2250 3331 Ros
2295 3274 2544 3331 Graacum
2596 3281 2699 3336 est,
2750 3272 2892 3342 quod
2935 3270 3011 3325 illi
3055 3271 3246 3325 drosos
3295 3270 3523 3324 dicunt:
3560 3268 3654 3324 alii

2065 3375 2258 3438 putant
2286 3382 2376 3422 ros
2430 3365 2631 3421 dictum
2685 3363 2813 3434 quia
2845 3377 3004 3417 rarus
3033 3371 3118 3416 est
3165 3370 3218 3416 et
3259 3376 3369 3415 non
3419 3360 3654 3432 spissus,

2065 3472 2125 3517 ut
2171 3459 2373 3530 pluvia.
2435 3459 2547 3514 Bos
2597 3455 2868 3527 significat
2933 3454 3158 3508 verbum
3209 3451 3467 3508 Domini:
3529 3453 3656 3508 ideo

2065 3556 2210 3626 quod
2240 3553 2453 3609 madida
2482 3551 2643 3606 faciat
2667 3548 2830 3604 corda
2867 3546 3147 3603 hominum
3197 3552 3534 3600 terrenarum
3585 3544 3656 3598 ad

2065 3643 2447 3716 proferendum
2515 3642 2790 3706 fructum,
2853 3646 2914 3692 ut.
2963 3645 3049 3692 est
3094 3637 3227 3692 illud
3278 3636 3331 3690 in
3392 3634 3656 3691 Psalmo:

2068 3733 2214 3789 Sicut
2262 3750 2346 3787 ros
2389 3730 2647 3794 Hei-mon,
2695 3728 2835 3800 quod
2861 3727 3124 3782 descendit
3152 3728 3204 3780 in
3248 3737 3471 3781 montem
3525 3725 3660 3780 Sion

2069 3825 2242 3895 (Psal.
2297 3820 2527 3893 cxxxn).
2559 3822 2669 3876 llos
2720 3827 2804 3875 est
2832 3820 3010 3875 tenuis
3030 3835 3094 3874 ac
3119 3818 3256 3874 levis
3306 3818 3484 3888 pluvia
3543 3833 3655 3871 non

2065 3931 2165 3986 per
2193 3922 2370 3982 guttas
2410 3913 2655 3975 veniens,
2702 3911 2796 3967 sed
2839 3925 2938 3981 per
2965 3910 3226 3981 quasdam
3263 3909 3662 3964 minutissimas

2068 4015 2254 4078 partes
2285 4006 2542 4061 duritiam
2587 4013 2819 4060 terrena:
2863 4002 3138 4057 ariditatis
3189 4001 3498 4056 infundens.
3549 3998 3664 4054 Per

2068 4101 2212 4155 hunc
2241 4106 2433 4154 cuncta
2486 4095 2843 4168 germinantia
2890 4091 3221 4156 coalescunt,
3273 4101 3328 4148 et
3367 4093 3421 4147 in
3471 4092 3662 4147 varios

2069 4193 2230 4247 fretus
2263 4188 2668 4261 temperationis
2699 4201 2922 4241 munere
2971 4185 3358 4255 perducuntur.
3413 4182 3663 4237 Hermon

2070 4284 2362 4339 Hebraeum
2411 4295 2609 4336 nomen
2673 4287 2758 4334 est
2792 4279 2995 4334 montis
3027 4277 3171 4331 ultra
3217 4275 3509 4331 Iordanem
3557 4273 3666 4329 flu-

2067 4377 2214 4431 vium
2243 4374 2554 4430 constituti:
2581 4373 2990 4440 interpretatus,
3009 4369 3150 4422 sicut
3169 4382 3198 4421 a
3214 4367 3461 4436 patribus
3486 4365 3664 4420 tradi-

2069 4477 2182 4523 tum
2204 4476 2306 4532 est,
2330 4465 2598 4537 significat
2622 4463 2929 4518 anathema.
2967 4460 3078 4516 Bos
3107 4473 3235 4530 ergo
3268 4457 3466 4513 montis
3496 4455 3663 4513 istius

1989 4550 2041 4610 D
2068 4559 2315 4613 nutriens
2367 4563 2701 4626 peccatores,
2759 4553 2852 4622 qui
2895 4552 2995 4607 sub
3023 4548 3384 4605 anathematis
3428 4563 3664 4604 execra-

2071 4652 2218 4705 tione
2248 4651 2539 4714 latuerunt,
2585 4647 2864 4703 descendit
2889 4645 2943 4699 in
2970 4652 3208 4700 montem
3235 4641 3383 4704 Sion,
3436 4641 3662 4712 quando

2071 4742 2138 4796 ad
2187 4738 2618 4796 conversationis
2676 4736 2975 4792 remedium
3007 4775 3022 4801 ,
3081 4733 3309 4788 Domino
3367 4732 3658 4804 largiente,

2069 4833 2436 4905 pervenerint.
2493 4831 2623 4886 Sion
2649 4830 2793 4885 enim
2823 4829 3091 4900 significat
3124 4827 3424 4882 Ecclesium
3454 4825 3663 4881 Catho-

2071 4925 2253 4987 licam,
2278 4939 2398 4994 quae
2421 4921 2615 4992 recipit
2633 4928 2840 4991 gentes,
2857 4934 2978 4988 qua:
2992 4925 3148 4974 erant
3170 4915 3272 4971 sub
3291 4915 3660 4972 anathemati:

2071 5016 2309 5089 periculo
2349 5014 2678 5070 constitutae.
2707 5011 2838 5065 Item
2863 5025 2954 5065 ros
3000 5008 3413 5080 praedicatorum
3456 5007 3663 5063 doctri-

2069 5124 2212 5170 nam,
2243 5117 2303 5161 ut
2321 5114 2404 5162 est
2431 5105 2557 5160 illud
2583 5104 2636 5157 in
2661 5103 2799 5158 libro
2826 5101 2927 5155 Job
2954 5119 2966 5155 :
2999 5099 3129 5165 Quis
3154 5109 3228 5154 est
3254 5099 3444 5170 pluvia:
3466 5109 3615 5169 pater
3633 5100 3662 5152 .’

2068 5196 2146 5250 vel
2188 5197 2302 5265 quis
2346 5195 2521 5265 genuit
2575 5193 2743 5248 stillas
2802 5192 2985 5246 roris?
3031 5190 3168 5262 (Job
3196 5188 3444 5260 xxxvnt)
3491 5204 3558 5244 ac
3603 5190 3660 5245 si

2071 5285 2275 5340 diceret
2303 5302 2316 5336 :
2355 5283 2459 5338 nisi
2502 5298 2622 5354 ego,
2652 5283 2742 5352 qui
2769 5283 2968 5338 siccam
2995 5289 3195 5335 terram
3222 5279 3442 5334 humani
3471 5277 3658 5334 cordis

2073 5373 2240 5444 guttis
2283 5372 2523 5426 scientia:
2553 5371 2788 5442 gratuito
2818 5384 3042 5440 aspergo
3071 5383 3216 5424 rore.
3251 5366 3421 5421 Stillaa
3468 5375 3661 5422 autem

2067 5464 2208 5520 roris
2254 5463 2455 5518 Christi
2500 5464 2671 5518 sancti
2704 5462 3116 5532 praedicatores
3155 5469 3282 5517 sunt
3308 5501 3324 5526 ,
3378 5460 3471 5530 qui
3518 5474 3658 5516 arva

2068 5553 2308 5624 pectoris
2354 5553 2526 5609 nostri
2578 5553 2717 5606 inter
2751 5552 2890 5607 mala
2948 5552 3076 5607 vita:
3123 5552 3446 5622 praesentis,
3493 5551 3656 5621 quasi

2071 5646 2215 5701 inter
2239 5645 2494 5700 tenebras
2531 5644 2690 5699 siccae
2715 5643 2892 5700 noctis
2918 5643 3148 5709 arentia,
3205 5643 3378 5714 gratia
3405 5656 3662 5713 superum

2071 5735 2340 5808 largitatis
2365 5733 2712 5805 perfundunt.
