3974 6188
854 400 1080 458 CAPUT
1120 400 1238 456 XX.

910 495 983 549 De
1006 494 1214 549 nebula.

338 589 543 644 Nebula
569 588 696 643 inde
718 587 882 650 dicta,
923 587 1068 641 unde
1097 593 1152 640 et
1183 586 1386 651 nubila,
1441 587 1510 641 ab
1529 587 1851 642 obnubendo

264 682 491 744 scilicet,
524 681 628 735 hoc
656 687 757 742 est,
788 677 1082 748 operiendo
1105 687 1303 732 terram
1329 695 1343 742 ;
1379 679 1492 733 sive
1514 678 1658 748 quod
1681 678 1851 732 nubes

261 771 444 826 volare
476 769 659 825 faciat.
722 769 992 822 Exhalant
1047 767 1192 822 enim
1246 766 1413 822 valles
1469 767 1704 821 humidae
1758 781 1852 822 ne-

258 864 434 928 bulas,
471 870 528 918 et
559 861 695 916 ﬁunt
735 860 938 922 nubes,
991 859 1117 914 inde
1183 857 1458 923 nubilum,
1507 857 1630 912 inde
1675 857 1848 912 nives.

257 954 478 1010 Nebulae
508 962 688 1007 autem
716 952 826 1006 ima
855 958 1062 1020 petunt,
1111 964 1234 1004 cum
1263 948 1528 1004 serenitas
1549 955 1672 1003 est:
1705 963 1853 1002 sum-

257 1060 376 1110 ma,
428 1060 552 1099 cum
605 1041 866 1096 nubilum.
920 1039 1144 1110 Illystice
1196 1038 1392 1093 nebula
1443 1035 1714 1106 signiﬁcat
1759 1044 1854 1089 aut

254 1137 645 1191 obscuritatem
684 1132 1089 1202 Scripturarum
1140 1138 1235 1184 aut
1293 1129 1496 1184 erroris
1544 1128 1848 1200 caliginem.

258 1226 412 1282 Unde
458 1227 515 1280 in
566 1223 903 1280 dedicatione
952 1221 1158 1291 Templi
1205 1237 1330 1275 cum
1378 1219 1572 1275 nebula
1614 1219 1854 1290 implevit

257 1319 476 1371 domum
510 1315 747 1376 Domini,
799 1329 906 1369 non
953 1319 1206 1380 poterant
1237 1313 1547 1367 sacerdotes
1599 1320 1746 1367 stare
1797 1321 1853 1367 et

257 1406 571 1461 ministrare
617 1410 838 1474 propter
889 1401 1138 1456 nebulam
1194 1399 1310 1472 (Ill
1379 1400 1502 1471 Reg.
1544 1403 1684 1473 νιιι).
1729 1400 1854 1456 [hcc

257 1497 527 1552 sententia
559 1495 822 1564 superbos
857 1491 1168 1548 Judzeorum
1197 1491 1482 1561 pontifices
1516 1507 1581 1546 ac
1605 1491 1854 1546 doctores

259 1586 535 1647 insinuat,
593 1585 687 1654 qui
725 1583 851 1638 dum
908 1582 1208 1638 nativitatis
1265 1580 1466 1636 Christi
1513 1589 1853 1637 sacramenta

257 1676 583 1746 investigare
635 1674 981 1743 despiciunt,
1037 1673 1275 1728 debitum
1325 1671 1450 1726 ﬁdei
1493 1671 1574 1726 sui
1609 1671 1852 1725 ministe-

1261 287 1348 342 DE
1389 284 1736 340 UNlVERSO
1775 281 1956 338 LIBRI
2000 282 2159 337 XXII.
2197 311 2266 321 -—
2302 277 2432 336 LIB.
2476 282 2566 338 XI.

1874 404 1922 460 Α
1951 397 2185 450 maxime
2213 396 2266 450 in
2299 403 2481 450 monte
2505 395 2818 456 Parnassio.
2849 394 2902 448 in
2932 393 3084 462 cujus
3111 395 3342 450 circuitu
3384 395 3524 450 Deu-

3417 282 3524 338 330

1954 489 2128 544 calion
2157 499 2281 544 tunc
2309 505 2475 559 regno
2510 489 2835 560 potiebatur,
2876 489 2967 558 qui
2996 499 3122 544 tunc
3147 490 3214 546 ad
3241 506 3297 546 se
3327 491 3530 546 ratibus

1953 580 2321 651 confugientes
2375 589 2655 650 susceptos
2703 595 2801 650 per
2853 581 3067 650 gemina
3107 579 3360 636 Parnassi
3399 581 3528 653 jttga

1953 672 2086 726 fovit
2113 681 2168 728 et
2191 669 2343 727 aluit.
2373 672 2418 726 A
2447 687 2554 741 quo
2582 680 2861 742 propterea
2884 688 3055 744 genus
3076 673 3356 728 hominum
3381 673 3533 728 Cra:-

1952 779 2138 819 corum
2166 764 2361 820 fabulae
2387 778 2456 819 ex
2487 763 2754 833 lapidibus
2775 772 3084 834 reparatum
3109 762 3290 817 ferunt
3310 773 3533 834 propter

1951 853 2228 908 hominum
2258 852 2474 908 insitam
2501 853 2681 908 cordis
2726 853 3004 908 duritiam.
3061 853 3168 908 Sed
3210 861 3266 907 et
3309 851 3530 908 ﬁumina

1953 957 2074 996 cum
2119 941 2348 998 insolitis
2395 951 2551 997 aucta
2599 942 2865 998 imbribus
2907 941 3047 997 ultra
3087 944 3532 998 consuetudinem

1951 1033 2037 1087 vel
2065 1033 2418 1089 diuturnitate
2448 1034 2532 1089 vel
2572 1034 2943 1103 magnitudine
2976 1035 3300 1100 redundant,
3346 1035 3542 1091 multa-

1953 1138 2058 1192 que
2110 1133 2477 1194 prosternunt,
2512 1134 2568 1181 et
2611 1126 2725 1194 ipsa
2754 1125 3014 1180 diluvium
3045 1125 3315 1180 dicuntur.
3347 1125 3536 1182 Scien-

1953 1217 2079 1272 dum
2118 1228 2320 1284 autem,
2369 1217 2588 1274 ﬁumina
2617 1235 2740 1274 cum
2787 1233 2951 1288 supra
3002 1219 3218 1274 modum
3261 1229 3534 1286 crescunt,

1953 1323 2058 1363 non
2087 1318 2292 1364 tantum
2315 1309 2381 1364 ad
2413 1324 2653 1379 praesens
2682 1307 2882 1364 inferre
2910 1309 3129 1371 damna,
3162 1309 3255 1365 sed
3289 1310 3452 1365 etiam
3479 1321 3538 1365 et

1953 1399 2132 1470 aliqua
2163 1401 2466 1472 signiﬁcare
2493 1401 2695 1456 futura.
2741 1401 2967 1472 Mystice
3006 1401 3288 1465 diluvium,
3318 1401 3536 1470 quando

1953 1489 2225 1548 inhonam
2253 1500 2464 1560 partem
2508 1492 2790 1562 accipitur,
2849 1490 3182 1561 Baptismum
3227 1491 3532 1562 signiﬁcat:

1952 1581 2167 1648 quando
2189 1597 2318 1637 vero
2356 1582 2412 1636 in
2455 1583 2804 1648 contrariam,
2840 1595 3086 1636 errorem
3134 1581 3534 1636 haereticorum.

1954 1671 2088 1727 Nam
2115 1675 2171 1728 in
2212 1675 2300 1728 illa
2345 1676 2613 1730 sententia
2654 1673 2974 1739 Psalmistae,
3014 1688 3122 1744 qua
3167 1672 3540 1728 dicitzbomi-

256 1768 391 1820 rium
420 1781 525 1836 per
552 1765 757 1821 erroris
786 1763 1038 1819 nebulam
1068 1762 1438 1832 perdiderunt.
1474 1759 1678 1815 Nebula
1710 1775 1839 1828 ergo
1868 1756 1915 1815 B
1942 1781 2040 1821 nus
2061 1767 2310 1822 diluvium
2333 1768 2609 1832 inhabitat,
2631 1779 2676 1822 et
2703 1766 2892 1822 sedebit
2918 1765 3171 1824 Dominus
3200 1782 3290 1820 rea:
3317 1765 3370 1819 in
3389 1776 3540 1820 teter-

258 1873 585 1930 synagogam
616 1897 631 1921 ,
681 1857 733 1912 id
763 1865 887 1921 est,
942 1856 1160 1910 domum
1213 1853 1428 1909 Domini
1474 1853 1742 1923 implevit,
1796 1862 1853 1907 et

256 1950 573 2005 sacerdotes
591 1957 810 2018 propter
834 1946 1083 2000 nebulam
1104 1944 1412 1999 ministrare
1435 1958 1543 1998 non
1568 1950 1847 2013 poterant:

258 2041 379 2110 quia
406 2041 538 2093 dum
567 2039 626 2094 in
649 2045 974 2093 testamento
997 2035 1168 2090 veteri
1195 2049 1385 2090 sensus
1427 2033 1687 2104 mysticos
1713 2033 1854 2087 litte—

261 2146 330 2185 ra:
360 2129 634 2185 velamine
662 2135 947 2197 coopertos
996 2126 1142 2181 inter
1187 2126 1448 2181 obscuras
1475 2124 1851 2195 allegoriarum

257 2219 519 2289 caligines
565 2217 892 2287 investigare
933 2216 1256 2286 despiciunt,
1307 2214 1548 2270 debitum
1589 2213 1708 2269 ﬁdei
1735 2215 1854 2268 sive

262 2311 629 2366 ministerium
677 2318 900 2381 propter
949 2308 1202 2364 nebulam
1257 2307 1628 2379 perdiderunt.
1699 2307 1853 2363 Unde

260 2400 327 2456 ad
369 2399 474 2456 Job
534 2400 798 2456 Dominus
849 2399 963 2454 ait:
996 2397 1252 2469 Nunquid
1295 2397 1519 2453 elevabis
1559 2397 1615 2452 in
1664 2397 1854 2452 nebula

260 2506 432 2545 uocem
475 2491 674 2544 tuam?
703 2488 845 2561 (Job.
874 2487 1130 2559 xxxviii.)
1159 2487 1217 2543 ln
1260 2487 1456 2544 nebula
1485 2501 1614 2558 ergo
1653 2485 1855 2544 ludatis

263 2594 447 2635 vocem
497 2578 761 2634 doctrinae
794 2595 904 2633 suae
935 2577 1194 2632 Dominus
1241 2576 1486 2647 protulit,
1532 2591 1656 2632 cum
1699 2579 1765 2632 de
1791 2594 1852 2638 se

262 2671 428 2726 etiam
497 2683 686 2742 aperta
743 2672 1004 2727 narravit.
1067 2669 1208 2738 Quid
1263 2679 1347 2726 est
1396 2671 1540 2726 enim
1615 2671 1859 2742 apertius

265 2778 424 2832 quam
457 2781 470 2817 :
532 2763 645 2834 Ego
671 2772 720 2817 et
757 2760 919 2817 Pater
947 2779 1109 2817 unum
1133 2763 1354 2818 sumus?
1394 2761 1576 2836 (Joan.
1604 2764 1684 2837 x.)
1716 2763 1858 2832 Quid

265 2856 507 2924 apertius
533 2871 692 2926 quam
723 2874 736 2909 :
763 2855 896 2908 Ante
917 2855 1184 2908 Abraham
1203 2871 1298 2926 ego
1327 2871 1442 2910 sum
1461 2856 1485 2909 1’
1505 2855 1688 2927 (Joan.
1713 2855 1856 2927 vm.)

267 2947 372 3000 Sed
403 2947 535 3016 quia
564 2945 869 3000 auditorum
901 2952 1112 3000 mentes
1137 2943 1473 3000 inﬁdelitatis
1499 2943 1671 3014 caligo
1699 2959 1852 3000 corn-

267 3038 547 3107 pleverat:
586 3037 743 3108 quasi
767 3037 1026 3092 emissum
1053 3035 1184 3090 solis
1207 3035 1418 3090 radium
1470 3035 1666 3091 nebula
1693 3036 1859 3090 inter-

262 3103 450 3198 iacens
499 3103 884 3184 abscondebat.
929 3126 1137 3182 Nebula
1167 3126 1532 3182 velamentum
1567 3126 1858 3197 mysterio-
1887 3103 1932 3165 (ἶ

271 3235 386 3274 rum
417 3219 536 3284 Dei,
577 3220 719 3290 quod
744 3221 994 3274 doctores
1021 3219 1195 3274 sancti
1247 3218 1559 3274 meditando
1607 3226 1859 3273 scrutan-

269 3320 377 3364 tur.
413 3309 567 3366 Unde
597 3310 794 3381 legitur
822 3310 874 3364 in
900 3309 1170 3378 Propheta
1195 3327 1207 3362 :
1251 3307 1459 3364 Nebula
1482 3308 1651 3380 pulvis
1671 3309 1862 3378 pedum

269 3402 382 3471 ejus
435 3401 609 3475 (Nah.
659 3402 723 3473 ι).
771 3400 902 3456 Item
951 3401 1180 3469 nebulae,
1233 3402 1498 3470 haeretici,
1549 3402 1616 3457 de
1667 3401 1863 3472 quibus

273 3493 464 3549 Petrus
514 3494 846 3564 Apostolus:
913 3492 984 3548 Ili
1035 3503 1157 3549 sunt
1206 3493 1377 3563 fontes
1431 3495 1545 3552 sine
1585 3510 1724 3566 aqua
1752 3534 1768 3558 ,
1814 3503 1864 3546 et

273 3585 476 3642 nebulis
513 3585 811 3640 turbinibus
850 3587 1063 3656 agitata'
1088 3584 1177 3658 (II
1207 3582 1325 3640 Pet.
1357 3584 1441 3655 ιι).

864 3713 1090 3769 CAPUT
1130 3713 1271 3768 XXI.

910 3828 988 3882 De
1031 3828 1250 3884 diluvio.

347 3942 619 3998 Diltmum
666 3943 867 3999 dictum
902 3984 917 4008 ,
978 3943 1120 4014 quod
1168 3958 1431 4016 aquarum
1471 3943 1624 4001 clade
1662 3946 1868 4012 omnia,

275 4035 784 4106 quaeinundaverit,
817 4034 1014 4090 deleat.
1062 4035 1307 4091 Primum
1357 4035 1616 4093 diluvium
1662 4039 1873 4093 exstitit

275 4128 379 4183 sub
417 4127 552 4194 Noe,
583 4125 846 4200 [quando]
869 4128 1148 4183 hominum
1173 4126 1468 4184 sceleribus
1481 4127 1716 4184 oﬁ'ensus
1739 4127 1872 4183 Om-

283 4219 571 4288 nipotens,
619 4226 735 4273 toto
759 4219 890 4274 orbe
919 4227 1188 4286 contecto,
1220 4219 1410 4275 deletis
1443 4221 1671 4286 cunctis,
1707 4235 1874 4274 unum

277 4309 513 4379 spatium
550 4309 674 4364 caeli
718 4309 818 4367 fuit
847 4309 1019 4384 [fecit]
1066 4327 1131 4366 ac
1156 4310 1366 4382 pelagi;
1415 4311 1568 4381 cujus
1616 4310 1874 4367 indicium

278 4401 544 4457 hactenus
590 4403 836 4459 videmus
902 4403 958 4457 in
1002 4401 1290 4472 lapidibus,
1336 4417 1474 4472 quos
1521 4402 1574 4456 in
1642 4403 1865 4457 remotis

277 4493 580 4559 montibus,
620 4495 846 4550 conchis
869 4503 926 4550 et
953 4493 1151 4549 ostreis
1183 4501 1488 4576 concretos,
1527 4507 1670 4563 saepe
1696 4492 1862 4548 etiam

279 4593 509 4640 cavatos
544 4589 699 4656 aquis
733 4587 914 4642 videre
950 4586 1206 4641 solemus.
1260 4584 1566 4642 Secundum
1603 4586 1861 4641 diluvium

282 4677 391 4734 fuit
411 4679 464 4733 in
481 4679 700 4742 Achaia,
724 4676 888 4733 Jacob
913 4677 1244 4750 Patriarchte
1264 4685 1319 4731 et
1343 4678 1511 4750 Ogygi
1539 4678 1866 4748 temporibus

278 4771 381 4842 qui
416 4770 685 4826 Eleusine:
712 4771 962 4825 conditor
997 4745 1057 4825 'et
1106 4786 1204 4825 rex
1244 4769 1366 4836 fuit,
1423 4785 1726 4836 nomenque
1748 4771 1867 4826 loco

281 4871 346 4915 et
392 4871 636 4931 tempore
689 4860 857 4914 dedit.
907 4860 1148 4915 Tertium
1195 4860 1450 4916 diluvium
1489 4861 1542 4914 in
1590 4859 1867 4915 Thessalia

283 4949 464 5022 Moysi
493 4950 575 5004 vel
599 4951 1011 5023 Amphyctionis
1036 4951 1368 5020 temporibus
1398 4949 1519 5016 fuit,
1565 4951 1655 5021 qui
1684 4952 1875 5008 tertius

281 5039 729 5112 postCecropem
754 5042 1017 5112 regnavit.
1049 5039 1214 5111 Cujus
1249 5043 1583 5112 temporibus
1609 5057 1874 5113 aquarum

284 5133 507 5190 illuvies
576 5134 836 5204 majorem
895 5144 1104 5204 partem
1170 5136 1492 5206 populorum
1578 5134 1876 5191 Thessaliae

281 5226 625 5298 absumpsit,
670 5226 859 5297 paucis
904 5242 1002 5299 per
1028 5225 1232 5295 refugia
1287 5227 1550 5282 montium
1605 5225 1870 5291 liberatis,

797 5787 1067 5847 Parnm“
1123 5785 1293 5850 CXI.

1953 1875 2077 1912 num
2104 1858 2280 1930 (Psal.
2314 1859 2506 1929 xxviii)
2534 1878 2546 1912 :
2575 1859 2784 1928 primus
2812 1858 2958 1913 venit
2995 1856 3284 1912 virtutibus
3313 1856 3540 1927 spiritus

1954 1949 2320 2020 septifortnis,
2371 1950 2428 2002 in
2488 1949 2651 2005 tertio
2695 1962 2828 2002 vero
2876 1947 3066 2002 ordine
3113 1945 3184 2000 ad
3253 1946 3537 2002 Trinitatis

1952 2040 2381 2109 complexionem
2433 2039 2668 2094 mirabili
2735 2037 3087 2107 dispositione
3140 2037 3405 2107 pervenit.
3455 2037 3542 2091 Di-

1954 2129 2126 2184 cendo
2145 2129 2290 2184 enim
2335 2129 2390 2184 in
2412 2130 2498 2184 his
2523 2127 2732 2183 duobus
2750 2126 3033 2183 versiculis
3055 2127 3232 2192 tertio,
3264 2127 3538 2190 Dominus,

1954 2225 2190 2280 ostendit
2218 2233 2458 2280 sanctam
2506 2223 2830 2278 Trinitatem
2875 2221 3102 2282 diluvio,
3144 2220 3198 2275 id
3230 2228 3333 2286 est,
3384 2221 3540 2291 aquis

1954 2316 2302 2386 Baptismatis
2354 2315 2683 2380 inhabitare,
2726 2313 2866 2368 sicut
2908 2312 2962 2366 in
3010 2310 3301 2381 Evangelia
3331 2310 3537 2366 dictum

1954 2414 2040 2462 est
2079 2419 2094 2459 :
2123 2403 2318 2459 Euntes
2346 2403 2604 2475 baptizata
2623 2419 2799 2458 omnes
2838 2411 3031 2473 gentes,
3058 2403 3114 2454 in
3134 2400 3339 2455 nomine
3367 2397 3543 2454 Patris

1959 2504 2008 2550 et
2033 2493 2179 2558 Filii,
2216 2503 2265 2548 et
2296 2494 2528 2564 Spiritus
2551 2492 2724 2547 sancti
2754 2491 2968 2564 (Matth.
3001 2490 3213 2562 xxvm).
3264 2489 3372 2545 Sed
3396 2507 3544 2560 qutu-

1957 2598 2161 2644 ramus.
2203 2599 2303 2639 cur
2347 2583 2434 2638 hic
2464 2581 2724 2637 diluvium
2760 2597 2859 2652 pro
2910 2581 3084 2636 sacris
3123 2579 3362 2636 fontibus
3397 2582 3542 2651 posi-

1959 2683 2073 2731 tum
2101 2675 2224 2730 est?
2269 2672 2498 2740 Merito;
2550 2675 2804 2744 quoniam
2843 2672 2976 2727 illud
3019 2673 3164 2742 quod
3209 2673 3410 2729 factum
3453 2685 3541 2731 est

1957 2764 2060 2822 sub
2089 2764 2224 2830 Noe,
2254 2763 2594 2834 baptismatis
2618 2763 2760 2820 sacri
2793 2763 3014 2833 gerebat
3036 2763 3350 2834 imaginem.
3401 2763 3542 2820 Nam

1958 2858 2101 2914 sicut
2129 2857 2272 2912 istud
2306 2865 2504 2927 purgat
2523 2856 2734 2913 animas
2758 2863 3104 2926 peccatorum
3137 2855 3412 2922 sordibus,
3464 2857 3539 2912 ita

1959 2957 2016 3004 et
2037 2947 2166 3004 illud
2209 2946 2468 3002 diluvium
2513 2947 2700 3002 mundi
2744 2947 2971 3001 crimina
3023 2946 3284 3016 probrosa
3319 2946 3542 3025 delevit,

1964 3040 2156 3096 Merito
2179 3055 2310 3110 ergo
2349 3055 2452 3110 pro
2482 3040 2808 3110 baptismate
2850 3038 3110 3094 diluvium
3150 3038 3388 3109 positum
3434 3049 3541 3104 est,

1965 3134 2032 3188 ad
2056 3132 2216 3204 cujus
2239 3131 2646 3188 similitudinem
2681 3139 2893 3187 constat
2926 3127 3201 3185 eﬁ‘eetum.
3223 3128 3357 3185 Nam
3397 3129 3544 3200 quod

1965 3226 2144 3293 tertio,
2175 3224 2432 3279 Dominus
2452 3224 2668 3295 repetiit
2693 3224 2810 3280 sine
2831 3223 3172 3279 distinctione
3189 3234 3546 3290 personarum

1963 3318 2090 3374 licet
2147 3317 2374 3390 intelligi
2417 3317 2653 3388 primum
2705 3317 2911 3372 dictum
2954 3309 3023 3372 de
3066 3313 3272 3385 Spiritu
3316 3320 3542 3367 sancto:

1963 3409 2220 3465 Dominus
2267 3409 2523 3464 diluvium
2546 3410 2831 3466 inhabitat.
2897 3408 3192 3479 Sequitur:
3243 3406 3313 3461 Et
3353 3405 3548 3460 sedebit

1963 3501 2219 3556 Dominus
2241 3518 2340 3556 rex
2377 3502 2430 3555 in
2455 3513 2705 3556 wternum
2752 3499 2927 3573 (Psal.
2959 3497 3173 3570 xxvtu).
3227 3498 3342 3553 Hoc
3368 3505 3549 3552 autem

1965 3592 2032 3647 de
2061 3591 2170 3646 ﬁlio
2196 3599 2343 3647 recte
2367 3590 2736 3662 intelligimus.
2768 3589 3025 3644 Dominus
3071 3589 3314 3643 virtutem
3351 3585 3545 3657 populo

1966 3699 2062 3736 suo
2083 3681 2268 3736 dabit:
2309 3681 2376 3737 de
2417 3681 2582 3737 Patre
2632 3689 3001 3751 competenter
3045 3679 3398 3734 advertimus.
3452 3677 3548 3730 Pa-

1968 3772 2093 3842 pulo
2113 3788 2212 3828 suo
2245 3771 2515 3844 signiﬁcat
2543 3771 2874 3836 Christiano,
2909 3785 3073 3840 quem
3103 3769 3169 3824 de
3196 3769 3337 3824 sacri
3367 3767 3547 3836 bapti-

1967 3864 2158 3919 smatis
2205 3878 2429 3919 munere
2477 3862 2822 3934 conquisivit.
2870 3859 3167 3931 Subiunxit
3214 3860 3419 3913 etiam:
3476 3857 3543 3910 Et

1971 3954 2228 4008 benedicet
2258 3953 2506 4024 populum
2534 3969 2688 4006 suum
2717 3953 2772 4006 in
2799 3967 2948 4022 pace.
2978 3949 3098 4006 Non
3135 3949 3294 4012 dixit,
3343 3948 3552 4002 benedi-

1973 4053 2105 4110 cent,
2135 4043 2266 4098 sed:
2318 4043 2575 4097 benedicet
2607 4061 2620 4095 :
2674 4042 2800 4112 quia
2825 4055 2964 4096 unus
2989 4048 3072 4096 est
3100 4039 3361 4093 Dominus
3407 4039 3549 4092 Deus

1974 4143 2158 4188 noster
2182 4151 2195 4186 :
2224 4133 2281 4187 in
2305 4149 2456 4203 pace,
2502 4139 2721 4202 prepter
2752 4130 2881 4186 illud
2907 4128 3257 4200 Evangelium
3284 4145 3298 4181 :
3340 4119 3547 4181 Pacem

1972 4239 2141 4278 meam
2163 4223 2231 4278 do
2253 4224 2414 4288 vobis,
2457 4238 2636 4292 pacem
2662 4237 2832 4275 meam
2861 4221 3149 4292 relinquam
3190 4220 3331 4274 vobis
3365 4217 3548 4291 (Joan.

1973 4313 2107 4388 xiv).
2157 4312 2276 4369 Una
2298 4321 2383 4369 est
2412 4313 2555 4367 enim
2598 4327 2704 4383 pax
2730 4310 2906 4367 Patris
2932 4321 2989 4366 et
3014 4310 3160 4374 Filii,
3210 4319 3266 4366 et
3312 4309 3550 4381 Spiritus

1975 4405 2166 4462 sancti.
2208 4404 2340 4460 item
2371 4405 2422 4459 in
2450 4405 2773 4459 contrariam
2797 4413 3005 4474 partem
3037 4403 3254 4476 ponitur
3293 4403 3550 4459 diluvium

1970 4498 2023 4551 in
2071 4496 2162 4551 illo
2180 4511 2363 4562 versu,
2415 4511 2522 4566 quo
2571 4494 2838 4566 Propheta
2868 4495 2982 4550 ait:
3026 4495 3093 4550 In
3149 4495 3347 4550 diluvio
3387 4487 3570 4564 aqua:

1971 4604 2086 4641 rum
2131 4586 2417 4642 multarum
2455 4587 2522 4640 ad
2572 4602 2690 4639 eum
2735 4601 2840 4640 non
2885 4585 3320 4657 approximabunt
3373 4583 3549 4655 (I’sal.

1973 4677 2144 4748 χχχι).
2191 4677 2457 4733 Diluvium
2484 4678 2625 4732 enim
2648 4692 2908 4746 aquarum
2947 4675 3237 4731 multarum
3280 4683 3364 4730 est
3403 4689 3557 4728 error

1975 4771 2251 4825 hominum
2282 4771 2660 4840 pessimorum,
2709 4770 2800 4840 qui
2845 4770 3010 4825 variis
3053 4769 3412 4841 pravitatibus
3459 4765 3559 4818 llu-

1976 4869 2261 4926 ctuantes,
2317 4861 2645 4930 multiplices
2703 4860 2807 4915 sibi
2859 4860 3134 4915 doctrinas
3201 4857 3557 4915 constituunt,

1979 4965 2114 5020 quas
2139 4966 2169 5006 a
2217 4967 2345 5008 vero
2387 4951 2644 5023 magistro
2690 4949 2996 5005 nullatenus
3040 4952 3381 5015 acceperunt.
3429 4939 3558 5006 Qua:

1979 5044 2246 5098 sententia
2270 5043 2504 5098 maxime
2546 5041 2830 5096 lnereticos
2877 5037 3080 5108 arguit,
3125 5036 3216 5103 qni
3259 5035 3313 5087 in
3354 5028 3556 5085 diluvia

1980 5131 2353 5201 pcrversitatis
2378 5145 2488 5186 sua:
2515 5137 2906 5200 tempestuosas
2934 5135 2988 5181 et
3015 5122 3302 5194 naufragae
3323 5118 3562 5174 excitant

1983 5223 2335 5294 Qumstiones.‘

3057 5782 3122 5845 11
