3974 6188
390 238 485 297 531

1021 239 1083 293 Β.
1126 237 1377 294 ΒΑΒΑΜ
1416 236 1639 295 MAURI
1670 234 1999 293 'ARCmEP.
2029 233 2344 293 HOGUNT.
2387 236 2670 294 OPERUM
2710 238 2886 296 PARS
2920 238 2984 295 II.

3546 242 3656 302 552

1467 548 1767 627 LIBER
1825 543 2523 626 DUODECIMUS.

890 837 1117 896 CAPUT
1154 836 1451 896 “PRIMUM.

1037 916 1117 973 De
1151 929 1311 972 terra.

455 1013 622 1073 Terra
651 1020 733 1069 est
757 1012 810 1067 in
842 1009 1016 1065 media
1046 1009 1228 1064 mundi
1257 1009 1473 1081 regione
1492 1009 1686 1080 posita,
1717 1006 1968 1062 omnibus

382 1106 627 1179 partibus
655 1101 777 1158 caeli
806 1101 857 1155 in
885 1101 1101 1155 modum
1123 1098 1297 1154 centri
1325 1097 1514 1168 aequali
1534 1096 1814 1153 intervallo
1840 1111 1968 1152 con-

364 1198 580 1252 sistens
611 1208 627 1247 :
658 1206 779 1263 quae
806 1189 1064 1261 singulari
1094 1203 1320 1244 numero
1359 1196 1529 1242 totum
1568 1188 1754 1242 orbem
1798 1186 1966 1257 signi-

384 1289 529 1352 ﬁcat,
560 1283 755 1355 plurali
783 1298 912 1337 vero
937 1280 1176 1352 singulas
1203 1288 1403 1351 partes.
1450 1277 1616 1347 Cujus
1644 1278 1861 1333 nomina
1888 1277 1969 1333 di-

383 1391 542 1431 versa
571 1376 664 1430 dat
688 1373 846 1428 ratio.
887 1370 1020 1425 Nam
1058 1378 1204 1425 terra
1243 1369 1384 1424 dicta
1425 1383 1456 1423 a
1506 1369 1769 1439 superiori
1792 1376 1963 1439 parte,

384 1483 488 1538 qua
523 1466 713 1522 teritur
741 1483 753 1518 :
780 1466 977 1520 humus
1009 1463 1078 1517 ab
1108 1461 1363 1516 inferiore
1392 1477 1406 1515 :
1435 1459 1520 1513 vel
1548 1459 1768 1513 humida
1800 1467 1963 1524 terra,

381 1570 443 1615 ut
466 1558 567 1613 sub
590 1571 743 1612 mare
769 1573 781 1609 :
812 1555 968 1609 tellus
1006 1561 1182 1607 autem
1207 1593 1221 1617 ,
1264 1551 1388 1624 quia
1439 1548 1648 1605 fructus
1678 1546 1794 1618 ejus
1829 1548 1969 1603 tolli-

383 1666 523 1706 mus.
573 1649 774 1704 Eadem
817 1655 872 1703 et
907 1661 1035 1700 arva
1075 1644 1144 1699 ab
1186 1645 1389 1698 arando
1422 1651 1477 1697 et
1500 1641 1724 1696 colendo
1750 1646 1964 1695 vocata.

381 1742 607 1812 Proprie
652 1751 827 1795 autem
870 1746 1014 1793 terra
1072 1734 1139 1790 ad
1182 1734 1584 1789 distinctionem
1608 1746 1775 1801 'aquze
1814 1730 1968 1783 arida

298 1837 315 1845 ’
383 1841 743 1903 nuncupatur.
813 1830 966 1886 Sicut
1014 1826 1294 1898 Scriptum
1351 1826 1428 1880 ait
1480 1822 1634 1897 (Gen.
1686 1823 1769 1894 ι),
1823 1821 1966 1892 quod

382 1925 655 1982 vocaverit
707 1925 849 1979 Deus
899 1930 1146 1984 terram,
1195 1918 1424 1973 aridam.
1492 1915 1766 1972 Naturalis
1819 1914 1966 1969 enim

381 2015 684 2087 proprietas
736 2013 952 2069 siccitas
985 2017 1069 2065 est
1108 2016 1286 2065 terrae.
1338 2006 1473 2061 Nam
1512 2015 1574 2061 ut
1611 2005 1829 2061 humida
1875 2004 1961 2068 sit,

379 2107 483 2161 hoc
532 2119 790 2176 aquarum
838 2100 1097 2157 afﬁnitate
1141 2100 1384 2156 sortitur.
1430 2098 1596 2170 Cujus
1635 2111 1838 2155 motum
1873 2097 1964 2153 alii

1992 858 2045 918 Α
2068 836 2236 909 pitur,
2280 833 2404 904 quia
2454 830 2624 887 nutrit
2663 839 2716 885 et
2755 830 2993 887 continet
3037 829 3310 901 populum.
3354 829 3658 900 Sequitur:

2069 925 2139 981 Et
2164 924 2428 998 plenitudo
2466 923 2579 993 ejus
2618 920 2832 994 (Ibid.),
2876 922 2930 976 id
2977 928 3081 989 est,
3125 922 3410 978 multitudo
3448 935 3663 994 sancta,

2069 1033 2173 1088 qua
2209 1015 2449 1087 repletur
2489 1012 2748 1068 Ecclesia.
2791 1011 2897 1068 Sed
2926 1028 2993 1068 ne
3015 1021 3240 1079 terram,
3291 1029 3452 1084 quam
3498 1031 3663 1087 supe-

2069 1108 2182 1162 rius
2208 1106 2363 1172 dixit,
2391 1112 2674 1175 angustam
2714 1110 2935 1173 putares
2966 1101 3253 1172 aliquando
3294 1102 3524 1160 fortasse
3575 1118 3663 1160 re-

2067 1198 2302 1269 gionem,
2347 1209 2491 1249 nunc
2517 1192 2649 1248 dicit
2680 1210 2694 1244 ε
2724 1191 2864 1246 orbis
2890 1201 3149 1245 terrarum
3180 1190 3390 1265 (Ibid.),
3423 1195 3526 1248 hoc
3550 1204 3660 1261 est,

2067 1280 2426 1343 universalein
2472 1283 2816 1358 Ecclesium,
2846 1298 2964 1354 qua:
3003 1283 3167 1338 totius
3210 1284 3393 1339 mundi
3450 1287 3659 1341 ambitu

2066 1376 2395 1432 continetur.
2435 1374 2659 1428 Intende
2695 1387 2855 1437 vero,
2896 1372 3039 1442 quod
3075 1372 3246 1427 dicit:
3281 1372 3385 1440 Qui
3419 1376 3660 1431 habitant

2066 1473 2120 1527 in
2158 1489 2255 1535 ea,
2297 1470 2350 1525 id
2386 1478 2505 1535 est,
2546 1483 2651 1523 non
2690 1467 2781 1538 qui
2832 1468 3055 1522 veniunt
3103 1475 3158 1521 et
3205 1468 3461 1522 recedunt
3502 1485 3517 1523 :
3559 1469 3656 1525 sed

2067 1563 2158 1632 qui
2182 1561 2288 1616 ﬁxa
2319 1560 2514 1614 mentis
2546 1557 2839 1614 stabilitate
2869 1557 3183 1627 perdurant.
3227 1556 3481 1612 Habitare
3509 1560 3657 1615 enim

2065 1668 2287 1709 manere
2310 1651 2560 1717 dicimus,
2593 1650 2736 1720 quod
2762 1649 3057 1703 errantium
3081 1663 3185 1703 non
3215 1655 3328 1714 est;
3359 1649 3500 1719 quod
3531 1665 3658 1704 mu-

2067 1743 2315 1799 tabilitati
2355 1757 2460 1797 non
2498 1741 2779 1807 convenit;
2820 1740 2914 1795 sed
2952 1740 3039 1795 ille
3077 1740 3223 1795 solus
3248 1739 3545 1795 Ecclesiam
3574 1741 3658 1795 in-

2066 1835 2303 1899 habitat,
2343 1833 2437 1904 qui
2474 1847 2645 1902 usque
2683 1832 2752 1887 ad
2786 1832 2992 1887 obitum
3032 1846 3187 1886 suum
3226 1830 3281 1885 in
3323 1831 3427 1885 ﬁde
3466 1833 3656 1886 rectis-

2065 1926 2201 1981 sima
2232 1931 2574 1996 perseverat,
2604 1921 2746 1977 sicut
2770 1932 2826 1976 et
2852 1921 2990 1976 alius
3017 1922 3257 1992 psalmus
3288 1921 3454 1977 dicit:
3483 1920 3551 1975 Ut
3572 1923 3656 1976 in-

2063 2015 2289 2071 Itabitem
2331 2015 2385 2069 in
2427 2014 2580 2068 domo
2631 2011 2843 2066 Domini
2880 2011 3115 2066 omnibus
3141 2012 3321 2066 diebus
3364 2014 3479 2067 vitte
3524 2028 3655 2065 mea:

2067 2104 2237 2180 (Psal.
2292 2104 2449 2177 xm).
2499 2103 2667 2159 Terra
2718 2102 2879 2158 homo
2917 2102 3031 2172 ipse
3057 2143 3072 2168 ,
3110 2111 3169 2156 ιιι
3210 2103 3265 2157 in
3303 2103 3591 2174 Evangelio
3635 2122 3649 2157 :

383 2201 567 2254 dicunt
595 2206 813 2252 ventum
841 2210 962 2250 esse
990 2194 1046 2248 in
1076 2192 1328 2249 concavis
1354 2190 1491 2260 ejus,
1522 2192 1611 2261 qui
1642 2201 1820 2263 motus
1841 2204 1960 2245 eam

2064 2198 2224 2253 Aliud
2247 2197 2429 2252 cecidit
2449 2197 2505 2250 in
2531 2206 2721 2250 terram
2747 2194 2933 2248 bonam
2957 2192 3106 2266 (Luc.
3131 2193 3269 2265 vm).
3308 2195 3439 2249 Item
3468 2196 3520 2249 in
3543 2195 3652 2250 Gc-

344 2280 357 2303 ⁴
381 2298 579 2345 movet.
622 2287 906 2343 Sallustius
934 2303 949 2339 :
985 2283 1136 2339 Venti
1158 2300 1253 2355 per
1293 2300 1421 2338 cava
1446 2296 1600 2338 terra:
1624 2281 1956 2354 praecipitati,

382 2382 521 2452 rupti
572 2379 769 2450 aliquot
806 2386 1002 2430 montes
1040 2375 1329 2446 tumulique
1374 2373 1570 2428 sedere.
1618 2373 1723 2429 Alii
1767 2386 1963 2445 aquam

383 2472 570 2527 dicunt
622 2466 908 2538 genitalem
956 2466 1011 2519 in
1058 2464 1222 2518 terris
1268 2462 1507 2528 moveri,
1560 2471 1614 2517 et
1665 2478 1759 2518 eas
1802 2459 1963 2518 simul

381 2567 692 2623 concutere,
733 2557 871 2612 sicut
913 2568 1031 2620 vas,
1072 2560 1131 2608 ut
1164 2551 1295 2608 dicit
1331 2551 1633 2607 Lucretius.
1692 2550 1797 2606 Alii
1843 2549 1966 2606 fun-

381 2666 509 2725 gum
553 2648 797 2705 eamdem
844 2655 1045 2702 terram
1091 2650 1305 2711 vocant,
1338 2642 1493 2714 cujus
1539 2643 1857 2713 plerumque
1880 2640 1962 2696 la-

386 2751 559 2799 tentes
592 2742 762 2796 ruinae
796 2737 1129 2810 superposita
1170 2741 1363 2792 cuncta
1403 2731 1734 2789 concutiunt.
1785 2730 1966 2787 Terra:

384 2846 598 2907 quoque
651 2832 831 2887 hiatus
877 2838 971 2884 aut
1018 2829 1167 2883 motu
1216 2839 1370 2896 aqua:
1408 2822 1684 2878 inferioris
1728 2819 1788 2876 ﬁt
1813 2862 1827 2887 ,
1874 2826 1967 2876 aut

381 2924 591 2982 crebris
651 2921 902 2978 tonitruis
931 2960 947 2985 ,
1003 2926 1096 2973 aut
1141 2917 1208 2974 de
1257 2915 1509 2972 concavis
1566 2922 1727 2969 teme
1784 2926 1966 2968 erum-

383 3014 638 3085 pentibus
689 3010 887 3066 ventis.
950 3008 1120 3063 Terra
1182 3006 1328 3062 enim
1378 3004 1606 3077 mystice
1655 2994 1838 3076 plures
1886 3002 1963 3058 si-

385 3103 757 3176 gniﬁcationes
818 3102 1002 3156 habet.
1067 3097 1367 3168 Aliquando
1419 3094 1690 3167 significat
1731 3094 1965 3164 patriam

386 3195 660 3251 cmicstem
689 3234 704 3259 ,
758 3201 819 3247 ut
867 3199 952 3247 est
996 3190 1125 3245 illud
1177 3207 1191 3243 :
1242 3187 1410 3244 Credo
1461 3187 1635 3242 videre
1678 3186 1811 3241 bona
1857 3185 1966 3240 Do-

384 3286 514 3340 mini
548 3286 605 3339 in
634 3295 774 3338 terra
805 3281 1080 3336 viventium
1123 3276 1294 3350 (Psal.
1343 3277 1492 3350 xxv).
1537 3278 1607 3332 Et
1641 3275 1773 3332 illud
1801 3289 1969 3331 evan-

384 3376 616 3449 gelicum
642 3391 654 3427 :
682 3372 834 3427 Beati
877 3373 1044 3437 mites,
1087 3370 1281 3440 inquit,
1319 3369 1568 3440 quoniam
1604 3369 1703 3439 ipsi
1735 3368 1967 3439 posside-

386 3470 513 3522 bunt
547 3476 742 3522 terram
787 3463 1000 3535 (Matth.
1050 3460 1125 3534 v).
1172 3461 1475 3541 Aliquando
1509 3476 1729 3516 carnem
1751 3460 1963 3516 Domini

2063 2288 2200 2354 nesi,
2232 2287 2407 2350 arida,
2440 2294 2584 2342 terra
2614 2284 2943 2349 nominatur,
2966 2291 3028 2337 ut
3052 2290 3136 2339 est
3162 2283 3290 2338 illud
3316 2302 3329 2337 :
3361 2283 3426 2337 Et
3455 2285 3654 2338 vocavit

2062 2375 2267 2429 aridam
2289 2384 2481 2428 terram
2504 2371 2657 2445 (Gen.
2690 2371 2750 2442 ι),
2778 2370 3032 2443 populum
3060 2372 3267 2427 scilicet
3295 2372 3496 2427 fontem
3527 2372 3654 2429 ﬁdei

2063 2465 2357 2530 sitientem,
2382 2472 2436 2518 et
2455 2464 2721 2521 bonorum
2750 2478 2973 2533 operum
3004 2478 3221 2534 germen
3264 2464 3650 2536 prolerentem.

2063 2554 2230 2612 Terra
2258 2570 2388 2612 vero
2425 2556 2479 2610 in
2514 2553 2715 2609 malum
2754 2554 2928 2626 posita
2975 2562 3081 2620 εει,
3120 2553 3211 2608 ubi
3250 2557 3652 2625 corruptionem

2063 2639 2310 2701 humanm
2343 2651 2572 2711 naturae,
2594 2642 2679 2699 vel
2704 2651 3039 2714 peccatores,
3085 2641 3168 2697 vel
3206 2644 3443 2714 perditos
3476 2644 3654 2700 homi-

2064 2755 2161 2796 nes
2190 2738 2475 2811 signiﬁcat.
2521 2737 2933 2808 Corruptionem
2964 2746 3143 2791 autem
3178 2745 3385 2792 natura),
3420 2736 3508 2791 illa
3546 2736 3654 2793 Do-

2064 2832 2194 2887 mini
2226 2830 2488 2886 sententia
2512 2830 2865 2895 demonstrat,
2896 2843 3001 2901 qua
3030 2829 3097 2883 ad
3126 2828 3398 2884 hominem
3421 2843 3654 2899 peccans

2064 2932 2174 2979 tem
2209 2924 2283 2979 ait
2306 2939 2321 2977 :
2348 2921 2511 2977 Terra
2539 2939 2614 2989 es,
2637 2931 2686 2977 et
2710 2922 2764 2976 in
2790 2918 2986 2976 terram
3012 2920 3109 2975 ibis
3133 2916 3284 2993 (Gen.
3309 2919 3412 2994 ιιι).
3450 2920 3654 2975 Pecca-

2066 3024 2213 3071 tores
2237 3029 2451 3085 quoque
2479 3022 2637 3069 terrae
2676 3013 2895 3069 nomine
2934 3011 3005 3068 ibi
3041 3021 3317 3079 notantur,
3343 3012 3435 3067 ubi
3460 3011 3652 3066 Domi-

2064 3121 2165 3162 nus
2186 3106 2253 3161 ad
2276 3112 2581 3174 serpentem
2611 3104 2686 3158 ait
2713 3121 2725 3158 :
2760 3101 2971 3157 Terram
2996 3103 3228 3157 comedes
3248 3102 3445 3157 cunctis
3467 3103 3653 3157 diebus

2064 3194 2274 3270 (Ibid.),
2303 3197 2406 3252 hoc
2435 3203 2536 3262 est,
2568 3204 2877 3265 peccatores
2900 3193 2955 3247 in
2979 3202 3175 3248 sortem
3211 3201 3356 3247 tuam
3385 3202 3441 3248 ct
3470 3191 3656 3264 perdi-

2064 3290 2266 3345 tionem
2302 3288 2508 3353 trabes,
2539 3294 2595 3343 et
2628 3301 2816 3342 eorum
2858 3284 3232 3354 iniquitatibus
3261 3284 3521 3356 pasceris.
3564 3282 3654 3341 Si-

2062 3378 2266 3433 militer
2297 3385 2352 3432 et
2388 3377 2535 3443 illud,
2585 3377 2727 3447 quod
2772 3375 2898 3431 alibi
2942 3375 3170 3447 legitur:
3205 3374 3515 3430 Rccedentes
3541 3394 3575 3429 a
3603 3386 3656 3431 te

2063 3468 2119 3522 in
2146 3476 2285 3522 terra
2311 3456 2762 3535 scribenturller.
2796 3465 2951 3538 xvn),
2980 3465 3031 3521 id
3059 3474 3162 3531 est,
3199 3466 3290 3537 qui
3316 3482 3414 3537 per
3434 3476 3655 3538 aposta-

387 3559 681 3616 Salvatoris
724 3555 1011 3625 signiﬁcat,
1054 3562 1113 3609 ut
1152 3563 1234 3609 est
1272 3553 1443 3610 illud:
1475 3552 1809 3617 Benedixisti,
1852 3550 1962 3606 Do-
1992 3558 2036 3620 ί]
2067 3557 2202 3613 siam
2234 3572 2266 3612 a
2306 3565 2358 3611 te
2387 3565 2717 3621 uertentur,
2762 3556 2903 3611 inter
2946 3565 3257 3626 peccatores
3294 3570 3655 3611 connumera-

385 3651 542 3713 mine,
565 3658 757 3703 terram
781 3657 924 3700 tuam
946 3658 966 3697 :
986 3645 1215 3700 avertisti
1236 3630 1580 3712 captivitatem
1601 3642 1766 3697 Iacob
1788 3640 1957 3714 (Psal.

384 3737 624 3811 Lxxxtv).
663 3736 830 3793 Jacob
871 3736 1015 3791 enim
1044 3736 1355 3806 patriarcha
1391 3730 1660 3806 signiﬁcat
1705 3731 1961 3803 populum

384 3831 630 3896 ﬁdelem,
659 3828 749 3899 qui
779 3827 1037 3883 liberatus
1078 3833 1162 3881 est
1205 3841 1236 3880 a
1274 3825 1582 3895 captivitate
1627 3823 1823 3879 diaboli
1865 3836 1962 3892 per

384 3922 807 3978 incarnationem
838 3918 1152 3975 Salvatoris.
1203 3917 1336 3972 Item
1373 3924 1516 3971 terra
1543 3913 1813 3986 signiﬁcat
1843 3929 1962 3968 san-

382 4023 523 4071 ctam
547 4013 769 4070 Mariam
797 4011 1084 4083 virginem,
1109 4011 1174 4066 de
1194 4024 1299 4079 qua
1320 4008 1576 4063 Dominus
1602 4006 1751 4061 nasci
1776 4005 1963 4077 digna-

382 4120 471 4166 tus
500 4118 603 4166 est.
651 4108 804 4165 Unde
831 4115 913 4162 est
944 4105 1074 4161 illud
1099 4123 1110 4158 :
1144 4101 1350 4157 Veritas
1378 4100 1443 4155 de
1470 4110 1609 4154 terra
1639 4109 1752 4153 orta
1782 4108 1873 4160 est,
1913 4095 1987 4151 et'

379 4200 586 4270 iustitia
613 4198 677 4253 de
716 4196 842 4252 caelo
876 4194 1135 4268 prospexit
1177 4190 1350 4265 (Psal.
1392 4188 1631 4261 Lxxxtv).
1680 4187 1864 4270 Potest
1907 4190 1962 4241 et

382 4268 541 4345 ivliter
566 4290 657 4345 hic
684 4302 875 4343 sensus
906 4284 1150 4355 intelligi.
1210 4281 1420 4337 Veritas
1460 4280 1527 4335 de
1577 4288 1718 4335 terra
1764 4268 1958 4343 oritur,

384 4378 596 4453 quando
632 4376 899 4435 confessio
943 4383 1284 4447 peccatorum
1326 4370 1580 4436 offertur;
1627 4369 1838 4440 justitia
1895 4369 1960 4424 de

383 4472 521 4526 cmlo
540 4469 833 4541 prOSpexit,
870 4474 1130 4536 quantum
1177 4465 1237 4518 lit
1277 4462 1525 4518 remissio
1572 4467 1957 4530 peccatorum:

380 4562 526 4631 quod
578 4562 632 4615 in
678 4558 958 4615 Publicani
1010 4557 1151 4612 illius
1207 4555 1454 4611 oratione
1500 4552 1746 4623 provenit
1795 4548 1957 4623 (Lac;

375 4650 562 4723 avni).
610 4650 828 4706 Veritas
885 4649 1027 4705 enim
1094 4647 1160 4701 de
1223 4654 1367 4701 terra
1413 4651 1533 4698 orta
1574 4649 1656 4697 cst
1690 4683 1704 4705 ,
1746 4640 1961 4709 quando

369 4747 490 4801 siina
525 4743 835 4815 reSpiciens,
898 4741 1201 4799 conﬁtendo
1242 4745 1462 4807 peccata
1507 4749 1625 4800 sua,
1673 4732 1957 4787 Dominum

2062 3650 2281 3705 buntur.
2324 3648 2489 3704 Terra
2516 3689 2531 3715 ,
2568 3648 2804 3704 carnalis
2842 3647 3081 3717 potentia
3108 3689 3121 3711 ,
3173 3655 3231 3701 ut
3280 3648 3335 3703 in
3384 3647 3656 3704 Ecclesia-

2062 3741 2199 3796 stico
2223 3757 2235 3793 :
2263 3738 2402 3804 Quid
2435 3738 2662 3808 superbit
2709 3746 2848 3792 terra
2894 3746 2942 3792 et
2980 3738 3153 3791 cinis?
3190 3735 3319 3808 (Sir.
3359 3737 3439 3808 ι).
3481 3738 3655 3794 Terra

2062 3831 2272 3893 deserta
2311 3829 2537 3900 populus
2576 3827 2904 3894 Iudaeorum,
2946 3830 3059 3884 sive
3095 3844 3282 3884 omnes
3314 3836 3653 3900 peccatores.

2062 3932 2122 3977 ut
2160 3923 2213 3977 in
2250 3910 2479 3977 Ieremia
2527 3939 2538 3974 :
2588 3918 2751 3974 Terra
2798 3922 2998 3975 deserta
3048 3932 3097 3974 et
3149 3919 3543 3984 inhabitabilis,
3595 3921 3652 3974 in

2061 4023 2166 4084 τρια
2216 4012 2391 4067 nullus
2439 4011 2681 4077 habitat,
2732 4028 2822 4065 nec
2868 4020 3193 4082 pertranseat
3227 4028 3319 4083 per
3356 4028 3471 4065 eam
3504 4011 3656 4080 ﬁlius

2061 4105 2285 4158 hominis
2323 4102 2454 4175 (Jcr.
2496 4100 2604 4173 v1),
2642 4102 2695 4157 id
2732 4111 2854 4169 est,
2893 4102 3152 4157 Dominus
3187 4101 3345 4158 Jesus
3376 4100 3653 4158 Christus.

2062 4194 2591 4263 Pnlvispeccatores
2629 4201 2795 4257 sunt,
2846 4192 2985 4247 sicut
3033 4191 3086 4246 in
3133 4191 3269 4246 Isaia
3316 4191 3514 4267 dicitur
3551 4206 3660 4261 pro

2061 4286 2320 4341 diabolo:
2362 4285 2430 4339 Et
2468 4284 2694 4355 serpenti
2736 4282 2906 4352 pulvis
2955 4283 3107 4353 panis
3155 4283 3270 4352 ejus
3310 4279 3442 4352 (Isa.
3497 4280 3653 4351 va).

2061 4380 2128 4435 Et
2164 4377 2331 4432 alibi:
2377 4374 2497 4430 Non
2537 4375 2612 4429 sic
2651 4373 2818 4445 impii,
2855 4388 2959 4428 non
2998 4374 3071 4428 sic
3095 4387 3112 4426 :
3135 4372 3225 4427 sed
3254 4383 3505 4443 tanquam
3531 4370 3659 4441 pul-

2059 4471 2135 4523 vis
2173 4466 2343 4538 (Psal.
2382 4466 2444 4536 1).
2492 4465 2687 4520 Lutum
2727 4464 3005 4520 medicinae
3062 4464 3297 4520 cmlestis
3344 4462 3655 4534 glutinum,

2060 4566 2121 4614 ut
2166 4560 2219 4613 in
2256 4556 2554 4628 'Evangelio
2580 4574 2593 4611 :
2623 4552 2813 4610 Lutum
2846 4555 2988 4625 fecit,
3022 4565 3071 4609 et
3106 4554 3273 4609 linirit
3301 4552 3479 4608 oculos
3507 4569 3656 4612 meos

2062 4648 2242 4721 (Joan.
2284 4645 2381 4717 ιιι).
2422 4645 2593 4699 Aliter
2628 4653 2974 4715 peccatorum
3012 4643 3296 4715 glutinum,
3333 4650 3394 4696 ut
3419 4641 3471 4695 in
3499 4638 3657 4696 Psal-

2060 4754 2148 4794 mo
2191 4757 2204 4792 :
2247 4736 2407 4809 Eripe
2454 4752 2534 4791 me
2585 4736 2647 4790 de
2694 4735 2803 4790 luto
2834 4776 2848 4803 ,
2900 4744 2956 4788 ut
3006 4750 3109 4788 non
3146 4734 3429 4787 inhwream
3470 4728 3651 4802 (Psal.

381 4836 620 4909 rogavit;
654 4835 863 4906 justitia
895 4847 1023 4886 vero
1071 4830 1137 4885 de
1178 4827 1316 4882 cmlo
1359 4825 1653 4895 prospexit,
1704 4837 1827 4877 cum
1868 4823 1960 4877 de—

2063 4829 2270 4903 vam).
2319 4828 2510 4883 Lutum
2559 4826 2794 4882 adulatio
2840 4824 3160 4895 deccptoris,
3206 4823 3319 4878 sive
3366 4820 3657 4878 hzeretico-

381 4905 589 4986 scendit
638 4905 962 4997 justiﬁcatus
1007 4919 1332 4975 Publicanus
1363 4958 1377 4981 ,
1435 4914 1607 4986 magis
1629 4917 1826 4983 ‘quam
1872 4905 2037 4967 illeD
2066 4938 2184 4977 ιιιιηι
2231 4921 2366 4976 falsa
2410 4919 2679 4985 άθιίηίιίο,
2737 4927 2797 4973 ut
2848 4919 2902 4973 ίη
2948 4915 3271 4972 Ezechiele;
3306 4914 3425 4987 [p35,
3472 4915 3653 4984 αιάῃῑ.

380 5019 704 5073 Pharisteus.
750 5013 892 5069 item
936 5020 1080 5066 terra
1130 5007 1425 5063 Ecclesiam
1469 5004 1846 5076 signiﬁcat,~ut
1874 5011 1960 5058 est
2062 5011 2249 5065 cubant
2270 5011 2518 5081 parietem
2549 5023 2567 5060 :
2597 5007 2678 5063 illi
2723 5018 2895 5062 autem
2934 5005 3181 5061 liniebant
3223 5021 3341 5059 eum
3391 5007 3502 5057 luto
3528 5005 3655 5058 abs-

382 5110 556 5166 illud:
590 5107 796 5163 Domini
840 5114 916 5161 est
954 5115 1094 5159 terra
1145 5101 1313 5176 (Psal.
1350 5098 1526 5172 ιιιιιιι).
1562 5097 1817 5166 Quamvis
1855 5107 1964 5152 ter—
2059 5106 2158 5175 que
2204 5105 2603 5173 temperamento
2652 5098 2868 5173 (Ezech.
2910 5097 3053 5170 xm).

386 5215 496 5255 ram
542 5207 598 5254 et
636 5199 691 5252 in
739 5199 880 5253 bono
911 5206 965 5252 et
1006 5194 1150 5249 malo
1177 5193 1300 5264 poni
1323 5206 1463 5262 saepe
1492 5189 1826 5254 noverimus;
1870 5187 1965 5241 hic
2669 5212 2898 5270 CApUT
2954 5210 3018 5265 ιι,

382 5297 563 5345 tamen
588 5287 881 5345 Ecclesiam
917 5286 1177 5342 debemus
1215 5284 1515 5345 advertere,
1571 5296 1690 5351 qua:
1732 5280 1958 5335 Domino
2709 5284 2788 5339 De
2837 5283 2978 5338 orbe.

381 5381 686 5453 specialiter
707 5397 846 5452 pura
874 5388 1055 5437 mente
1093 5378 1402 5434 famulatur.
1450 5374 1586 5431 Nam
1624 5375 1746 5429 licet
1775 5374 1952 5429 omnia
2106 5379 2291 5436 ‘Orbis
2321 5394 2353 5433 a
2388 5376 2715 5433 rotunditate
2752 5375 2939 5431 circuli
2976 5374 3173 5440 dictus,
3200 5373 3326 5443 quia
3359 5372 3500 5427 sicut
3525 5380 3651 5426 rota

372 5476 451 5529 ab
484 5476 601 5545 ipso
621 5477 730 5531 sint
760 5478 1008 5541 condita,
1041 5485 1222 5531 tamen
1248 5473 1375 5528 illud
1399 5472 1565 5549 ipsius
1591 5485 1713 5527 esse
1739 5466 1959 5541 preprie
2058 5477 2163 5525 est.
2228 5468 2358 5524 Inde
2414 5466 2594 5523 brevis
2639 5465 2800 5520 etiam
2854 5464 3042 5521 rotella
3093 5462 3369 5519 orbiculus
3412 5460 3653 5533 appella-

371 5563 629 5631 dicimus,
654 5567 795 5635 quod
816 5581 936 5620 eum
967 5576 1253 5621 veneratur
1282 5572 1557 5619 auctorem
1591 5581 1603 5616 :
1631 5570 1685 5616 et
1714 5563 1834 5616 ideo
1856 5560 1956 5616 Ec—
2063 5569 2168 5615 tur.
2220 5559 2467 5629 Undique
2516 5557 2658 5613 enim
2713 5556 3093 5613 circumﬂuens
3140 5554 3386 5612 Oceanus
3432 5552 3552 5623 ejus
3587 5553 3650 5607 in

382 5654 543 5711 etesia
574 5670 678 5709 non
710 5655 977 5710 immerito
1016 5654 1288 5711 fructifera
1317 5657 1579 5713 bonorum
1621 5662 1763 5709 terra
1795 5656 1959 5711 susci-
2063 5652 2290 5707 circuitu
2347 5649 2515 5704 ambit
2568 5647 2721 5704 ﬁnes.
2788 5646 3067 5718 SPgniﬁcat
3124 5660 3254 5716 ergo
3310 5655 3407 5700 aut
3469 5649 3650 5697 totum
