3974 6188
229 272 330 325 353
1221 271 1310 326 DE
1351 266 1696 327 IJNIVERSO
1731 263 1910 320 Lllll‘il
1955 263 2113 317 XXll.
2138 293 2206 303 -
2245 263 2368 317 LIB.
2412 263 2526 316 XII.
3389 267 3499 322 εει

229 381 486 436 mundum
528 381 682 450 imm
735 379 1014 434 historiam
1039 422 1053 446 υ
1104 390 1196 435 θυι
1218 422 1230 442 ,
1264 380 1416 441 iuxta
1470 379 1808 451 allegoriam,
1844 389 1886 442 Α
1918 375 2001 428 liis
2025 373 2134 427 Noe
2161 374 2484 428 seminatum
2515 374 2613 428 fuit
2643 375 2696 428 in
2729 377 2948 440 mundo,
2979 377 3294 435 fermentum
3324 381 3499 438 Evan-

229 475 588 530 universalem
628 471 944 535 Ecclesiam,
989 480 1080 526 aut
1124 473 1176 527 in
1225 472 1552 528 contrariam
1608 481 1814 541 partem
1917 465 2098 534 gelica:
2127 466 2382 520 doctrinm
2412 467 2465 519 in
2489 467 2740 521 cordibus
2779 467 3013 522 ﬁdelium
3057 470 3361 538 abscondit,
3404 473 3500 530 do-

229 563 463 634 ;mpios,
518 562 610 631 qui
660 561 970 632 frequenter
1021 572 1177 633 terra;
1223 565 1579 634 appellatione
1631 564 1813 618 docta-
1918 572 2016 609 nec
2061 557 2300 610 nativum
2347 573 2596 628 saporem
2633 567 2801 613 totum
2845 573 2941 630 per
2984 568 3186 614 rectam
3238 562 3397 618 iidem
3445 577 3520 624 et.

224 663 439 709 rantur.
492 653 569 709 De
610 655 806 724 quibus
853 655 1137 710 Psalmista
1176 657 1292 711 ait:
1326 656 1590 710 Judicabit
1639 656 1803 710 orbem

1915 647 2194 701 scientiam
2223 649 2517 717 spiritalem
2543 660 2882 707 converteret
2922 652 2973 704 in
3005 651 3208 707 cultum
3237 663 3296 709 et
3331 657 3501 713 servi-

220 759 380 804 terra:
433 748 489 802 in
521 747 731 816 justitia
781 745 954 818 (Psal.
1004 747 1100 819 ix).
1160 749 1206 802 A
1259 748 1484 803 Domino
1537 746 1815 816 judicanili

223 849 394 904 sunt,
452 839 546 910 qui
606 839 904 909 pertinacia
962 856 1058 896 sua
1113 841 1257 895 nulla
1310 840 1627 896 remissione
1677 841 1812 895 libe-

224 939 439 984 rantur.
485 927 718 999 Populus
774 937 955 985 autem
998 930 1265 999 signiﬁcat
1306 946 1420 994 eos,
1467 931 1558 1001 qui
1605 947 1670 985 ex
1711 931 1814 985 lic-

222 1019 387 1074 brxis
438 1019 622 1073 ﬁdeles
663 1019 872 1088 probati
919 1029 1062 1085 sunt,
1118 1029 1174 1074 et
1216 1022 1305 1090 qui
1359 1021 1536 1078 devoti
1577 1037 1641 1076 ex
1686 1038 1814 1092 gen-

223 1109 369 1164 tibus
409 1109 763 1164 advenerunt.
818 1109 1220 1180 Requirendum
1262 1119 1348 1167 est
1385 1128 1538 1178 sane,
1578 1115 1718 1183 quod
1755 1123 1813 1169 ct

224 1201 313 1255 hic
357 1202 552 1255 orbem
604 1208 871 1255 terrarum
915 1201 1091 1267 dicat,
1134 1211 1189 1258 et
1236 1203 1290 1257 in
1341 1203 1556 1259 Psalmo
1603 1216 1807 1274 ponat:

225 1289 512 1344 illuxerunt
553 1288 766 1360 fulgura
803 1290 917 1359 ejus
953 1291 1068 1345 orbi
1101 1301 1259 1346 terra:
1294 1290 1470 1363 (Psal.
1509 1294 1714 1366 Lxxvt),
1755 1305 1814 1350 et

225 1380 277 1434 in
306 1380 430 1434 aliis
466 1379 715 1450 plurimis
751 1379 885 1436 locis
923 1380 1038 1450 ipso
1075 1382 1349 1436 schemate
1384 1391 1581 1438 terram
1630 1385 1810 1454 perhi-

225 1471 345 1527 beat
385 1486 508 1526 esse
560 1472 904 1536 conclusam;
970 1472 1268 1541 iterumque
1318 1474 1646 1531 centesimus
1687 1491 1810 1530 sex-

226 1573 308 1618 tus
349 1563 599 1618 Psalmus
637 1573 871 1633 quatuor
913 1564 1222 1620 cardinibus
1259 1573 1416 1621 terrae
1451 1568 1622 1636 spatia
1661 1583 1809 1623 com-

223 1655 526 1724 prehcndit,
577 1654 805 1710 dicens:
836 1656 878 1708 A
921 1655 1045 1710 solis
1086 1667 1204 1710 ortu
1241 1666 1288 1710 et
1318 1675 1526 1723 occasu,
1565 1659 1802 1731 alioqui-

1916 737 2047 790 tium
2079 738 2193 792 Dei.

2517 829 2745 888 CAPUT
2803 832 2889 887 ΙΙΙ.

2512 922 2586 976 De
2621 923 2894 992 paradiso.

1982 1013 2271 1069 Paradisus
2308 1024 2392 1068 est
2428 1014 2576 1070 locus
2619 1015 2673 1068 in
2719 1011 2958 1070 Orientis
3003 1017 3246 1087 partibus
3288 1019 3495 1076 consti-

1910 1114 2081 1170 tutus,
2120 1106 2274 1176 cujus
2313 1106 2630 1161 vocabulum
2664 1121 2734 1162 ex
2771 1105 2958 1163 Graeco
2999 1107 3054 1162 in
3089 1108 3339 1166 Latinum
3372 1127 3497 1167 ver-

1914 1200 2046 1255 titur
2067 1240 2082 1264 ,
2122 1200 2322 1254 hortus.
2377 1199 2546 1256 Porro
2593 1199 2854 1256 Hebraice
2889 1200 3037 1256 Eden
3075 1201 3273 1259 dicitur
3293 1244 3310 1271 ,
3349 1205 3496 1275 quod

1912 1287 1966 1341 in
2026 1287 2206 1357 lingua
2273 1295 2460 1344 nostra
2522 1288 2762 1355 deliciis,
2837 1291 3223 1362 interpretatur
3279 1312 3292 1348 :
3347 1295 3494 1365 quod

1910 1387 2203 1448 utrumque
2251 1378 2499 1449 junctum
2565 1380 2696 1435 facit
2743 1381 2959 1435 hortum
3010 1381 3341 1438 deliciarum.
3396 1385 3496 1440 Est

1910 1468 2053 1522 enim
2104 1469 2252 1523 omni
2303 1484 2500 1540 genere
2545 1469 2676 1541 ligni
2712 1481 2770 1526 et
2810 1471 3192 1540 pomiferarum
3235 1473 3495 1530 arborum

1909 1558 2179 1623 consitus,
2224 1560 2430 1616 habens
2474 1561 2638 1616 etiam
2686 1571 2742 1617 et
2788 1563 2993 1633 lignum
3033 1563 3157 1618 vitae
3191 1583 3204 1618 :
3244 1581 3352 1621 non
3389 1566 3490 1623 fri-

1908 1664 2007 1720 gus
2032 1689 2047 1715 ,
2088 1665 2193 1704 non
2228 1661 2423 1718 aestus,
2464 1653 2560 1709 sed
2599 1663 2852 1724 perpetua
2889 1657 3033 1712 veris
3068 1659 3387 1727 temperies,
3423 1675 3493 1715 ex

220 1747 334 1800 lane
367 1755 418 1799 et
457 1747 590 1798 mari
628 1743 800 1816 (Psal.
846 1746 986 1815 CVI);
1027 1747 1180 1818 cujus
1220 1747 1297 1802 rei
1336 1748 1798 1804 evidentissimum
1831 1735 1875 1796 Β
1903 1741 2055 1812 cuius
2086 1742 2263 1797 medio
2301 1742 2422 1798 fons
2459 1759 2830 1815 prorumpens,
2870 1754 3038 1812 totum
3065 1763 3256 1804 nemus
3280 1750 3488 1820 irrigat.

221 1849 434 1903 quoque
458 1834 733 1904 Evangelii
758 1845 937 1889 exstat
969 1835 1294 1904 exemplum,
1324 1837 1412 1892 ubi
1441 1837 1607 1892 dicit:
1633 1837 1805 1892 Emit-

221 1933 286 1976 tct
325 1923 544 1993 angelos
593 1941 713 1978 suos
758 1941 875 1977 cum
911 1925 1035 1980 tuba
1079 1935 1126 1979 et
1167 1943 1285 1980 voce
1329 1944 1540 1996 magna,
1584 1938 1632 1982 et
1680 1946 1804 1982 con-

220 2016 449 2085 gregabit
494 2033 528 2068 a
571 2025 800 2086 quatuor
855 2017 1063 2086 angulis
1119 2027 1274 2073 teme
1343 2018 1570 2089 (Matth.
1624 2021 1804 2092 utr).

223 2107 372 2164 Unde
409 2109 607 2162 merito
638 2109 848 2163 ωειίωο
886 2109 1326 2178 perquirendum,
1353 2113 1806 2182 quemadmodum

221 2206 374 2252 ten-te
419 2199 593 2268 possit
649 2206 705 2252 et
764 2198 1049 2269 quadratio
1091 2209 1148 2254 et
1192 2201 1427 2256 circulus
1477 2202 1804 2269 convenire,

217 2289 338 2342 dum
363 2290 643 2343 schemata
665 2289 778 2358 ipsa
799 2288 1288 2360 (sicutgeometrici
1323 2293 1530 2366 dicunt)
1561 2295 1808 2364 judican-

219 2393 300 2435 tur
321 2398 444 2437 esse
465 2381 700 2436 diversa.
726 2381 976 2438 Formam
1000 2392 1158 2440 terra:
1170 2385 1290 2442 ideo
1307 2384 1583 2456 Scriptura
1619 2391 1807 2446 orbem

219 2483 390 2539 vocat,
414 2489 480 2530 eo
517 2473 660 2544 quod
685 2474 1094 2543 respicientibus
1113 2477 1508 2532 extremitatem
1539 2477 1656 2548 ejus
1701 2480 1809 2535 cir-

216 2565 366 2621 culus
379 2579 592 2636 semper
604 2574 843 2636 apparet,
863 2581 1020 2636 quem
1033 2566 1292 2623 circulum
1315 2566 1489 2623 Grtnci
1523 2569 1808 2626 horizonta

218 2666 430 2713 vocant.
456 2657 697 2725 Quatuor
716 2665 895 2711 autem
919 2657 1226 2713 cardinibus
1238 2673 1357 2713 eam
1384 2658 1609 2716 formari
1641 2661 1806 2728 dicit;

217 2747 340 2818 quia
369 2757 603 2818 quatuor
628 2750 874 2805 cardines
911 2759 1143 2820 quatuor
1181 2751 1403 2825 angulos
1449 2754 1696 2824 quadrati
1734 2757 1809 2811 si—

216 2841 494 2910 gniﬁcant,
542 2842 634 2912 qui
675 2842 817 2897 intra
854 2844 1172 2912 praedictum
1209 2853 1367 2900 terra:
1387 2846 1648 2902 circulum
1670 2863 1804 2904 con-

219 2935 476 2990 tinentur.
531 2932 667 2988 Nam
717 2935 761 2988 si
801 2936 868 2989 ab
906 2933 1143 2991 Orientis
1179 2937 1398 2992 cardine
1444 2938 1500 2992 in
1547 2938 1806 2994 Austrum

216 3034 269 3078 et
307 3024 361 3078 in
399 3023 722 3093 Aquilonem
761 3025 1000 3095 singulas
1039 3033 1216 3082 rectas
1254 3026 1422 3083 lineas
1468 3027 1634 3084 ducas
1677 3047 1691 3082 :
1733 3029 1806 3085 si-

1906 1829 2268 1901 dividiturque
2325 1834 2378 1888 in
2425 1843 2658 1905 quatuor
2713 1839 2998 1892 nascentia
3045 1837 3284 1896 ﬂumina.
3323 1841 3490 1912 Cujus

1905 1931 2029 1989 post
2051 1932 2332 1991 peccatum
2356 1924 2590 1980 hominis
2613 1926 2792 1982 aditus
2816 1927 3138 1986 interclusus
3163 1939 3268 1987 est.
3289 1930 3490 2003 Septus

1906 2023 1990 2068 est
2024 2015 2168 2068 enim
2197 2015 2431 2084 undique
2459 2017 2729 2086 romphaea
2769 2017 3034 2086 flammea,
3083 2021 3138 2076 id
3183 2032 3286 2088 est,
3335 2040 3490 2080 muro

1907 2102 2064 2172 igneo
2084 2105 2359 2160 accinctus
2391 2123 2403 2158 :
2437 2106 2508 2160 ita
2539 2116 2596 2160 ut
2625 2107 2742 2177 ejus
2763 2108 2902 2163 coelo
2929 2124 3067 2179 pene
3088 2111 3282 2180 jungat
3311 2114 3491 2169 incen-

1907 2194 2076 2248 dium.
2123 2193 2412 2250 Cherubim
2441 2211 2677 2266 quoque,
2713 2197 2767 2252 id
2807 2207 2909 2264 est,
2949 2199 3261 2271 angelorum
3305 2203 3492 2272 praesi-

1906 2284 2053 2339 dium
2079 2286 2330 2341 arcendis
2369 2286 2647 2357 spiritibus
2687 2288 2844 2344 malis
2888 2303 3050 2359 super
3085 2292 3355 2362 romphaea
3396 2293 3492 2350 ila-

1906 2375 2084 2444 granti
2111 2376 2420 2431 ordinatum
2458 2385 2539 2432 est
2564 2392 2580 2430 :
2605 2386 2663 2433 ut
2701 2378 2945 2435 homines
2980 2378 3232 2448 ﬂammai,
3270 2385 3493 2456 angelos

1906 2482 2036 2522 vero
2059 2467 2232 2523 malos
2258 2467 2433 2538 angeli
2458 2466 2833 2536 submoveant,
2862 2484 2929 2525 nc
2955 2471 3042 2526 cui
3069 2473 3221 2527 carui
3257 2473 3338 2528 vel
3377 2476 3492 2548 spi-

1908 2558 2034 2613 ritui
2066 2559 2508 2630 transgressionis
2545 2560 2722 2616 aditus
2757 2561 2995 2631 paradisi
3029 2572 3230 2632 pateat.
3272 2565 3495 2625 Paradi-

1906 2664 2022 2716 sus,
2047 2647 2100 2705 id
2125 2657 2210 2705 est
2234 2650 2425 2705 hortus
2451 2649 2786 2717 deliciarum,
2812 2652 3037 2721 mystice
3063 2661 3156 2708 aut
3193 2653 3492 2712 Ecclesiam

1906 2747 2226 2810 praesentem
2256 2739 2545 2811 signiﬁcat,
2573 2749 2668 2795 aut
2694 2749 2892 2796 terram
2921 2741 3237 2808 viventium,
3281 2745 3372 2800 ubi
3415 2747 3494 2803 illi

1907 2829 2001 2899 qui
2030 2838 2310 2884 merentur
2338 2845 2436 2901 per
2468 2829 2629 2885 fidem
2665 2839 2868 2886 rectam
2917 2840 2974 2889 et
3016 2832 3155 2889 bona
3199 2850 3364 2907 opera
3407 2839 3491 2893 vi-

1907 2922 2048 2977 cturi
2073 2931 2199 2978 sunt
2225 2923 2277 2976 in
2303 2931 2642 2994 perpetuum.
2687 2922 2763 2978 De
2801 2939 2910 2994 quo
2942 2925 3202 2982 Dominus
3229 2929 3297 2984 ad
3319 2928 3486 2986 latro-

1911 3028 2034 3068 nem
2061 3013 2115 3067 in
2147 3027 2308 3068 cruce
2340 3013 2682 3068 confitentem
2711 3014 2787 3070 ait
2819 3039 2831 3069 ;
2866 3017 3030 3070 Amen
3069 3016 3186 3071 dico
3226 3017 3357 3084 tibi,
3392 3021 3492 3074 ho-

217 3112 415 3166 ωυίιει-
463 3083 676 3183 hucque
716 3124 771 3169 ει
803 3083 878 3170 εἶ’
893 3113 962 3168 ab
990 3113 1298 3172 Occidentis
1325 3083 1638 3176 cardinal“
1667 3083 1803 3190 prie.
1831 3083 1874 3146 C
1905 3101 1990 3158 die
2017 3117 2217 3157 mecum
2256 3105 2360 3158 eris
2389 3105 2444 3158 in
2480 3104 2728 3175 paradiso
2764 3103 2916 3176 (Luc.
2957 3105 3136 3180 mn).
3185 3083 3359 3162 Aliter
3396 3123 3492 3164 au-

217 3199 386 3255 dictos
415 3202 681 3268 cardines,
713 3203 766 3258 id
793 3213 878 3259 cst
895 3204 1157 3260 Austrum
1183 3215 1237 3262 et
1258 3206 1598 3277 Aquilonem,
1621 3211 1806 3282 singu-

219 3295 297 3345 las
341 3301 517 3348 rectas
570 3292 742 3349 lineas
798 3294 992 3350 lendas
1035 3313 1048 3349 :
1099 3295 1231 3350 facis
1278 3298 1598 3368 quadratum
1648 3307 1805 3355 terra:

217 3383 360 3436 intra
393 3383 577 3437 orbem
635 3385 971 3453 praadictum.
1043 3385 1150 3441 Sed
1194 3388 1463 3456 quomodo
1508 3391 1805 3459 quadratus

216 3473 319 3526 iste
355 3473 807 3532 demonstrativus
853 3478 997 3534 inter
1045 3479 1307 3535 circulum
1359 3482 1524 3538 scribi
1573 3483 1801 3550 debeat,

217 3561 462 3620 Euclides
516 3565 573 3619 in
618 3577 812 3638 quarto
875 3568 1016 3625 libro
1060 3571 1461 3627 Elementorum
1527 3574 1805 3630 evidenter

218 3652 453 3710 insinuat
481 3674 495 3710 :
528 3668 858 3729 quapropter
895 3669 1042 3715 recte
1070 3660 1348 3732 Scriptura
1384 3673 1570 3718 sancta
1605 3664 1801 3720 faciem

217 3755 375 3800 terra:
399 3756 454 3802 et
479 3750 666 3805 urbem
695 3760 872 3816 vocat,
897 3762 955 3808 et
977 3763 1209 3823 quatuor
1243 3771 1364 3812 eam
1407 3756 1538 3812 dicit
1569 3757 1803 3812 cardini-

218 3838 316 3889 bus
341 3839 628 3894 contineri.
683 3839 895 3898 Divisus
934 3852 1020 3898 est
1060 3854 1241 3900 autem
1284 3845 1514 3912 trifarie,
1548 3862 1576 3900 a
1609 3847 1802 3917 quibus

217 3941 322 3979 una
354 3942 483 3997 pars
509 3928 657 3997 Asia,
695 3931 866 3987 altera
904 3933 1141 4005 Europa,
1184 3937 1340 3992 tertia
1369 3936 1551 3993 Africa
1586 3954 1798 3993 nuncu-

214 4027 414 4086 patur:
452 4037 589 4090 quas
628 4032 738 4079 tres
774 4035 957 4094 partes
1000 4028 1149 4082 orbis
1187 4038 1400 4086 veteres
1438 4046 1543 4085 non
1580 4031 1798 4100 {equali-

215 4114 301 4162 ter
335 4110 654 4164 diviserunt.
702 4111 838 4167 Nam
874 4115 1002 4170 Asia
1053 4131 1083 4170 a
1124 4117 1349 4174 meridie
1388 4133 1484 4187 per
1521 4118 1799 4174 Orientem

214 4213 386 4267 usque
417 4199 848 4270 Septentrionem
885 4206 1166 4274 pervenit:
1195 4207 1406 4277 Europa
1454 4222 1583 4263 vero
1623 4224 1653 4262 a
1704 4207 1800 4262 Se-

213 4289 521 4357 ptentrione
550 4306 720 4361 usque
739 4292 1084 4352 Occidentem
1109 4313 1123 4350 :
1151 4307 1312 4366 atque
1334 4297 1515 4354 Africa
1548 4301 1615 4353 ab
1648 4298 1802 4355 Occi-

1907 3199 2016 3247 tem
2045 3192 2331 3262 paradisus
2361 3192 2443 3266 (ut
2469 3193 2724 3268 diximus)
2748 3193 3015 3267 significat
3035 3206 3276 3253 sanctam
3303 3198 3494 3257 Eccle-

1906 3284 2062 3349 sium,
2099 3284 2164 3339 de
2199 3299 2305 3355 qua
2344 3285 2398 3340 in
2439 3280 2634 3342 Genesi
2679 3287 2940 3358 scriptum
2981 3298 3066 3346 est
3102 3305 3118 3344 :
3150 3283 3492 3348 Pla'ntaveral

1905 3372 2161 3429 Dominus
2183 3374 2325 3429 Deus
2342 3376 2650 3446 paradisum
2676 3377 2954 3448 voluptatis
2985 3396 3018 3433 a
3051 3381 3306 3452 principio
3334 3379 3487 3454 (Gen.

1906 3464 1987 3536 ιι).
2024 3464 2315 3522 Paradisus
2332 3466 2573 3523 Ecclesia
2595 3477 2680 3524 est
2705 3487 2718 3522 :
2743 3469 2821 3524 sic
2849 3469 2917 3524 de
2945 3469 3034 3524 illa
3056 3470 3251 3541 legitur
3276 3473 3332 3527 in
3353 3472 3492 3528 Can-

1905 3557 2026 3611 ticis
2045 3559 2381 3614 canticorum
2406 3576 2419 3610 :
2449 3557 2651 3614 Hortus
2673 3560 2950 3617 conclusus
2980 3579 3131 3616 soror
3149 3581 3263 3618 mea
3297 3581 3486 3636 sponsa

1905 3645 2081 3717 (Cant.
2119 3647 2215 3720 tv).
2259 3648 2305 3702 A
2349 3649 2614 3720 principio
2646 3659 2828 3706 autem
2859 3651 3132 3721 plantatur
3153 3653 3436 3725 paradisus
3470 3672 3484 3709 :

1903 3741 2028 3810 quia
2058 3741 2299 3798 Ecclesia
2318 3741 2593 3799 Catholica
2619 3759 2649 3799 a
2671 3743 2889 3800 Christo
2904 3787 2919 3812 ,
2942 3745 3034 3808 qui
3060 3756 3138 3802 est
3164 3747 3488 3818 principium

1900 3833 2162 3899 omnium,
2171 3835 2401 3900 ,condita
2433 3849 2554 3890 esse
2583 3836 2944 3907 cognoscitur.
2986 3835 3206 3892 Fluvios
3234 3837 3300 3893 de
3324 3853 3489 3907 para-

1901 3923 2018 3980 diso
2043 3930 2229 3980 exiens
2254 3927 2538 3998 imaginem
2567 3935 2750 3997 portat
2773 3927 2973 3984 Christi
2993 3928 3060 3982 de
3083 3939 3308 3998 paterno
3337 3929 3486 3988 fonte

1902 4014 2158 4082 ﬂuminis,
2189 4019 2281 4088 qui
2316 4019 2506 4089 irrigat
2525 4018 2820 4075 Ecclesium
2855 4035 3008 4076 suam
3033 4022 3196 4076 verbo
3225 4022 3481 4093 prwdica-

1903 4111 2082 4175 tionis,
2111 4116 2164 4162 et
2186 4109 2326 4164 dono
2345 4108 2620 4178 baptismi.
2666 4110 2741 4165 De
2779 4127 2884 4182 quo
2930 4114 3067 4170 bene
3112 4129 3209 4184 per
3247 4113 3484 4185 Prophe-

1903 4212 2013 4257 tam
2051 4200 2248 4256 dicitur
2271 4219 2284 4254 :
2309 4199 2566 4253 Dominus
2602 4199 2743 4256 Deus
2787 4212 2961 4258 noster
2995 4206 3187 4274 ﬂuvius
3227 4204 3484 4274 gloriosus

1901 4291 2144 4348 cxsiliens
2178 4293 2232 4346 in
2269 4299 2462 4345 terram
2499 4292 2778 4347 sitientem.
2819 4292 2972 4362 Quod
2995 4306 3227 4366 quatuor
3250 4296 3485 4353 ﬂumini-

210 4381 374 4484 dente
400 4397 570 4451 usque
593 4384 663 4438 ad
693 4383 988 4440 Meridiem.
1027 4386 1177 4443 Unde
1209 4389 1486 4444 evidenter
1514 4391 1698 4444 urbem
1720 4391 1800 4445 di-
1825 4425 1878 4484 Β
1904 4385 2005 4439 bus
2033 4383 2098 4484 (le
2122 4383 2374 4484 Ραΐέἀὶεο
2394 4381 2791 4484 (ξβξοξῖίθῐηίδυξ
2815 4393 2955 4484 ter-73
2981 4387 3187 4456 P3831“?
3212 4402 3228 4442 ε
3253 4388 3484 4484 φιίίξιιηι

210 4472 435 4528 minium
473 4475 594 4531 dum
631 4485 834 4543 ωηθηι,
867 4479 1079 4550 Europa
1117 4489 1173 4534 ει
1215 4479 1399 4538 Africa
1424 4496 1438 4535 ε
1461 4481 1626 4536 alium
1671 4498 1800 4538 vero
1825 4472 1873 4484 ν
1902 4474 2099 4529 mentis
2126 4481 2325 4529 nostrae
2343 4473 2628 4528 :edilicium
2654 4475 2958 4545 prudentia,
2979 4479 3484 4549 temperantia,for-

210 4562 493 4620 dimidium
521 4566 634 4622 sola
658 4566 806 4623 Asia.
851 4566 957 4623 Sed
986 4569 1102 4624 ista:
1122 4569 1242 4624 duae
1280 4568 1400 4625 ideo
1435 4579 1616 4640 partes
1644 4570 1801 4626 factae

210 4663 359 4718 sunt,
401 4656 528 4725 quia
572 4657 714 4712 inter
739 4667 997 4728 utrasque
1023 4660 1092 4715 ab
1121 4659 1336 4716 Oceano
1368 4675 1517 4716 mare
1547 4661 1798 4730 Magnum

210 4743 534 4815 ingreditur,
579 4747 721 4818 quod
773 4763 868 4804 eas
910 4749 1223 4805 intersecat.
1278 4751 1612 4820 Quapropter
1658 4753 1703 4806 si
1744 4752 1796 4808 in

208 4834 347 4888 duas
389 4845 571 4905 partes
619 4835 856 4893 Orientis
895 4847 952 4893 et
992 4837 1300 4896 Occidentis
1337 4840 1522 4895 orbem
1567 4841 1795 4906 dividas,

204 4925 340 4981 Asia
383 4927 486 4983 erit
528 4928 583 4983 in
625 4945 754 4995 una,
805 4930 860 4985 in
905 4931 1074 4987 altera
1111 4931 1324 5002 Europa
1353 4942 1407 4987 et
1436 4931 1638 4987 Africa.
1674 4933 1795 4988 Istae

209 5021 326 5070 tres
354 5026 537 5085 partes
561 5025 730 5073 totum
761 5019 1053 5075 humanum
1087 5037 1256 5092 genus
1287 5037 1410 5078 cum
1439 5021 1649 5088 insulis,
1675 5037 1796 5092 qua:

209 5103 299 5159 his
323 5107 591 5176 adjacent,
621 5109 921 5165 continent.
945 5110 1014 5165 Et
1041 5111 1180 5168 bene
1217 5111 1389 5168 tribus
1415 5111 1659 5182 partibus
1687 5111 1797 5168 dis-

210 5195 418 5252 tinctus
451 5207 535 5254 est
557 5198 726 5266 orbis,
755 5201 848 5271 qui
885 5210 1086 5258 sancta:
1115 5202 1396 5258 Trinitatis
1424 5202 1530 5258 fide
1553 5203 1797 5258 imbuen-

205 5285 313 5340 dus
361 5295 478 5343 erat
503 5329 518 5351 ,
568 5297 626 5344 et
669 5290 992 5364 Evangelieo
1047 5294 1369 5348 documento
1429 5293 1794 5349 instruendus.

214 5373 368 5429 Unde
410 5374 607 5448 legitur
654 5379 708 5432 in
748 5381 1000 5449 parabola
1047 5380 1343 5438 Salvatoris
1384 5381 1598 5453 (Matth.
1645 5383 1796 5453 xui),

204 5465 356 5534 quod
379 5467 573 5522 mulier
613 5478 891 5539 acceptum
928 5470 1249 5527 fermentum
1293 5473 1577 5529 abscondit
1619 5473 1672 5526 in
1715 5471 1796 5526 fa-

203 5556 345 5610 rinae
363 5559 494 5614 satis
521 5561 714 5626 tribus,
741 5562 913 5618 donec
941 5563 1364 5620 fermentaretur
1385 5573 1579 5631 totum,
1607 5565 1661 5620 id
1692 5574 1796 5631 est,

200 5654 396 5699 sancta
437 5647 679 5704 Ecclesia
717 5651 954 5708 humano
989 5654 1198 5722 generi,
1234 5654 1373 5723 quod
1407 5670 1473 5708 ex
1515 5655 1687 5710 tribus
1736 5654 1796 5708 li-

1901 4564 2074 4620 titudo
2099 4605 2115 4632 ,
2155 4563 2371 4635 justitia
2413 4564 2702 4620 continet:
2741 4566 2868 4636 quia
2916 4575 3150 4638 quatuor
3195 4569 3488 4626 virtutibus

1902 4662 2014 4707 tota
2050 4653 2176 4708 boni
2213 4652 2396 4722 aperis
2427 4660 2698 4709 structura
2737 4657 3032 4727 consurgit.
3074 4655 3318 4724 Quatuor
3355 4673 3486 4729 ergo

1898 4743 2130 4812 paradisi
2171 4741 2389 4798 ﬂumina
2421 4751 2622 4798 terram
2658 4747 2915 4816 irrigant;
2965 4749 3090 4818 quia
3134 4750 3261 4805 dum
3307 4751 3360 4806 in
3401 4752 3486 4807 his

1899 4842 2130 4903 quatuor
2166 4834 2455 4890 virtutibus
2489 4851 2585 4890 cor
2621 4837 2950 4906 infunditur,
2983 4843 3052 4896 ab
3089 4842 3235 4898 omni
3272 4841 3486 4898 deside-

1902 4925 2102 4980 riorum
2138 4925 2432 4981 carnalium
2461 4937 2595 4984 aestu
2633 4936 2978 5000 temperatur.
3028 4930 3160 4988 Item
3197 4931 3485 5001 allegorice

1902 5024 2133 5086 quatuor
2185 5018 2422 5088 paradisi
2470 5017 2690 5075 flumina
2737 5031 2970 5090 quatuor
3013 5031 3140 5077 sunt
3193 5021 3482 5092 Evangelia

1901 5109 1970 5163 ad
1998 5109 2430 5178 praedicationem
2465 5109 2520 5164 in
2559 5111 2770 5166 cunctis
2807 5112 3056 5181 gentibus
3084 5112 3271 5166 missa.
3311 5109 3480 5182 Ligna

1902 5196 2178 5255 fructifera
2210 5213 2399 5254 omnes
2435 5200 2607 5256 sancti
2647 5210 2772 5256 sunt
2799 5219 2812 5255 ε
2841 5200 3048 5256 fructus
3075 5215 3284 5267 eorum,
3320 5215 3481 5271 opera

1901 5305 2108 5346 eorum.
2165 5289 2391 5360 Lignum
2445 5291 2606 5357 vitm,
2665 5301 2884 5347 sanctus
2928 5298 3240 5346 sanctorum
3297 5291 3483 5363 utique

1901 5379 2167 5445 Christus,
2215 5379 2282 5434 ad
2319 5394 2479 5450 quem
2531 5380 2757 5450 quisque
2808 5380 2853 5436 si
2889 5380 3194 5450 porrexerit
3239 5396 3478 5448 manum,

1900 5471 2044 5525 vivet
2085 5471 2140 5524 in
2187 5478 2466 5525 mternum.
2517 5470 2742 5540 Lignum
2783 5479 2965 5526 autem
3003 5472 3246 5527 scientia:
3273 5471 3399 5527 boni
3428 5481 3484 5528 et

1902 5561 2066 5625 mali,
2113 5561 2386 5630 proprium
2428 5570 2508 5616 est
2549 5561 2840 5616 voluntatis
2884 5562 3198 5629 arbitrium;
3236 5561 3379 5634 quod
3429 5561 3484 5618 in

1903 5651 2080 5706 medio
2112 5652 2280 5706 nostri
2316 5659 2396 5708 est
2430 5653 2664 5722 positum
2703 5652 2770 5706 ad
2815 5651 3237 5724 dignosccndum
3284 5652 3485 5711 bonum
