3974 6188
476 273 584 333 553

1134 274 1196 330 Β.
1239 275 1490 331 RABANI
1527 275 1744 333 MAUR!
1782 274 2098 332 ARCHIEP.
2143 275 2448 332 BIOGUNT.
2487 275 2772 332 OPERUM
2810 275 2987 332 PARS
3025 275 3088 331 li.

3627 280 3735 333 ’556

474 397 556 453 vel
592 394 806 448 malum.
866 393 941 448 Dc
967 407 1074 463 quo
1111 393 1226 465 qui,
1268 393 1452 448 relicta
1497 394 1666 465 gratia
1708 395 1823 460 Dei,
1875 403 2057 464 gusta-
2083 397 2132 456 Λ
2163 392 2470 462 ΝεηιὺνοιΙι,
2501 397 2604 452 hoc
2631 407 2736 461 est,
2775 396 2828 450 in
2863 395 3204 452 damnatione
3245 395 3462 452 diaboli.
3520 395 3736 466 Assyria

473 502 492 539 δ
507 485 613 543 erit
629 524 644 550 ,
700 499 807 538 mox
823 490 872 539 te
915 483 1194 538 morietur.

1079 570 1307 629 CAPUT
1348 573 1438 628 iV.

1035 661 1113 718 De
1169 662 1484 733 regionibus.

541 756 688 818 india
720 761 911 812 vocata
942 752 1012 809 ab
1043 753 1174 809 ludo
1204 751 1444 819 ﬁumine,
1477 767 1583 822 quo
1613 769 1678 808 ex
1714 763 1868 822 parte
1896 753 2051 810 Occi-

473 847 670 904 dentali
693 845 978 902 clauditur.
1029 841 1156 898 llaec
1195 857 1227 896 a
1271 841 1566 896 Meridiano
1614 841 1752 896 mari
1797 849 2050 912 porrecta

471 955 641 1010 usque
675 937 744 992 ad
778 935 968 991 Ortum
999 933 1149 998 solis,
1191 939 1246 987 et
1273 946 1303 985 a
1342 929 1740 1001 Septentrione,
1781 945 1952 1001 usque
1982 931 2050 985 ad

471 1037 711 1086 montem
749 1025 1049 1083 Caucasum
1087 1022 1351 1094 pervenit,
1391 1021 1595 1077 habens
1631 1029 1819 1092 gentes
1853 1021 2052 1076 multas

469 1128 524 1176 ct
570 1118 806 1191 oppida:
841 1115 1068 1171 insulam
1115 1129 1328 1184 quoque
1373 1111 1694 1183 Taprobane
1729 1112 1955 1184 gemmis
1998 1120 2054 1167 et

471 1209 772 1281 elephantis
817 1208 1094 1274 refertam,
1127 1204 1391 1277 Chrysam
1418 1212 1474 1260 et
1502 1203 1766 1276 Argyrem
1805 1219 1938 1259 auro
1967 1219 2054 1259 ar-

469 1311 738 1376 gentoque
773 1299 1064 1364 fecundas,
1122 1296 1308 1368 Tyiem
1352 1311 1566 1368 quoque
1606 1296 1860 1350 arborum
1911 1294 2053 1350 foliis

471 1385 744 1464 nunquam
766 1399 1061 1448 carentem.
1085 1389 1253 1444 Habet
1277 1396 1331 1444 et
1342 1385 1534 1442 ﬂuvios
1547 1385 1766 1456 Gangen
1791 1395 1847 1442 et
1865 1386 2052 1441 indum

471 1494 526 1541 et
572 1483 808 1556 Hypasin
851 1482 1182 1537 illustrantes
1207 1478 1385 1534 indos.
1423 1479 1590 1534 Terra
1633 1477 1797 1534 india:
1829 1475 2051 1533 Favonii

470 1576 662 1648 spiritu
693 1573 1078 1637 saluberrima;
1110 1571 1162 1625 in
1189 1585 1330 1626 anno
1373 1570 1456 1626 bis
1497 1571 1652 1625 metit
1687 1570 1890 1642 fruges,
1938 1570 2056 1624 vice

472 1665 665 1721 hiemis
703 1663 900 1718 Etesiis
937 1657 1172 1732 potitur;
1215 1660 1384 1732 gignit
1428 1667 1608 1714 autem
1655 1659 1810 1714 tincti
1859 1658 2056 1714 coloris

2153 496 2343 541 vocata
2371 489 2438 542 ab
2463 488 2655 554 Assur,
2686 489 2795 544 ﬁlio
2823 488 2972 555 Sem,
3011 490 3099 560 qui
3131 505 3250 544 eam
3299 489 3574 562 regionem
3616 499 3737 560 post

2154 576 2415 632 diluvium
2479 580 2688 649 primus
2733 579 2974 635 incoluit.
3026 579 3151 636 Haec
3191 581 3262 635 ab
3296 589 3418 636 ortu
3445 581 3649 637 lndiam
3703 596 3735 636 a

2153 665 2379 722 meridie
2410 666 2635 742 Mediam
2660 669 2852 740 tangit,
2879 669 2946 724 ab
2965 670 3191 725 occiduo
3216 670 3446 742 Tigrim,
3465 687 3497 726 a
3523 679 3738 742 septeno

2155 756 2330 812 trione
2357 765 2594 813 montem
2629 756 2950 825 Caucasum,
2993 759 3084 815 ubi
3128 767 3299 830 portae
3343 758 3554 830 Caspia:
3592 766 3740 815 sunt.

2151 849 2208 903 in
2253 849 2356 906 hac
2399 849 2618 921 regione
2653 851 2862 921 primus
2895 867 3024 907 usus
3060 853 3311 909 inventus
3349 862 3434 908 est
3467 870 3738 926 purpura.

2157 937 2310 993 Unde
2350 939 2583 1008 primum
2621 941 2850 995 crinium
2901 951 2957 996 et
2999 956 3287 1012 corporum
3329 956 3602 1016 unguenta
3643 963 3738 1003 ve-

2155 1039 2372 1096 nerunt,
2409 1040 2463 1087 et
2499 1033 2718 1098 odores,
2757 1032 2952 1102 quibus
2987 1033 3356 1088 Romanorum
3394 1043 3556 1106 atque
3589 1034 3740 1092 Grec.

2153 1133 2340 1173 eorum
2361 1117 2812 1174 eiiiuxitluxuria.
2856 1119 3100 1190 Assyria,
3139 1136 3259 1190 quae
3305 1121 3373 1177 ab
3415 1123 3608 1188 Assur,
3651 1125 3743 1194 qui

2155 1207 2562 1278 interpretatur,
2577 1217 2634 1262 ut
2649 1208 2864 1278 quidam
2887 1207 3091 1274 volunt,
3105 1209 3353 1280 dirigens,
3371 1209 3455 1266 vel
3472 1212 3741 1282 gradiens,

2155 1298 2495 1354 denominata
2533 1309 2636 1366 est,
2660 1313 2780 1370 quae
2803 1301 2966 1354 etiam
2991 1299 3226 1368 primum
3253 1301 3615 1372 principatum
3641 1319 3741 1374 per

2155 1386 2495 1442 insolentiam
2547 1386 2861 1444 inmundo
2915 1389 3164 1460 arripuit,
3215 1391 3486 1462 signiﬁcat
3539 1392 3736 1448 fastum

2157 1477 2366 1548 imperii
2407 1478 2681 1533 mundani.
2711 1479 2787 1535 De
2814 1493 2922 1550 quo
2949 1480 3114 1534 etiam
3153 1480 3208 1534 in
3237 1479 3432 1536 Genesi
3472 1483 3735 1552 scriptum

2155 1577 2240 1624 est
2275 1587 2288 1623 :
2331 1569 2411 1624 De
2433 1580 2570 1625 terra
2599 1569 2693 1626 illa
2716 1572 2872 1626 exivit
2899 1571 3100 1639 Assur,
3127 1582 3176 1627 et
3198 1573 3473 1643 trdiﬁcarit
3500 1574 3744 1630 Ninircm

2157 1667 2206 1712 et
2227 1657 2434 1714 Roboch
2458 1661 2715 1715 ciuitatem
2744 1657 2896 1732 (Gen.
2932 1661 3010 1734 ι).
3052 1661 3124 1717 De
3167 1663 3270 1718 hac
3302 1665 3448 1718 terra
3495 1663 3745 1736 Assyrio-

471 1757 736 1820 homines,
783 1752 1094 1822 elephantes
1133 1751 1394 1820 ingentes,
1438 1765 1762 1806 monoceron
1799 1749 2050 1817 bestiam,
2082 1757 2129 1817 Β
2157 1763 2275 1804 rum
2309 1749 2589 1820 pullulavit
2634 1751 2940 1820 imperium,
2987 1753 3079 1822 qui
3136 1768 3202 1808 ex
3254 1755 3473 1811 nomine
3511 1755 3743 1812 Ninivcii

469 1847 756 1918 psittacum
778 1858 956 1908 avem,
990 1843 1222 1898 ebenum
1260 1857 1473 1914 quoque
1517 1843 1720 1914 lignum
1763 1851 1820 1900 et
1857 1843 2048 1898 cinna-

470 1951 637 2001 mum,
669 1945 723 1991 et
743 1935 917 2006 piper,
941 1932 1208 1989 calamum
1235 1933 1608 1998 aromaticum,
1641 1933 1805 1988 mittit
1825 1941 1880 1988 et
1897 1934 2050 1999 ebur,

468 2027 672 2097 lapides
707 2040 922 2096 quoque
952 2025 1237 2096 pretiosos,
1266 2023 1504 2091 berillos,
1545 2025 1950 2096 chrysoprasos,
1999 2035 2054 2082 et

467 2119 827 2181 adamantem,
881 2113 1268 2181 carbunculos,
1299 2114 1591 2187 lychnites,
1632 2116 1956 2188 margaritas
1997 2125 2053 2171 et

465 2207 712 2275 uniones,
739 2207 934 2279 quibus
969 2207 1229 2264 nobilium
1260 2207 1580 2262 feminarum
1612 2208 1766 2264 ardet
1805 2209 2048 2264 ambitio.

465 2300 541 2356 ibi
569 2309 694 2357 sunt
729 2307 785 2354 et
818 2307 1028 2354 montes
1053 2297 1224 2364 aurci,
1262 2311 1398 2368 quos
1435 2299 1588 2353 adire
1617 2307 1836 2370 prepter
1865 2300 2054 2355 draco-

468 2408 563 2448 nes
580 2401 635 2449 et
651 2391 904 2464 gryphes,
920 2397 974 2447 et
997 2391 1380 2445 immensarum
1401 2390 1680 2445 hominum
1697 2399 1937 2446 monstra
1953 2391 2054 2445 im-

465 2480 720 2553 possibile
745 2491 846 2538 est.
903 2481 1121 2536 Parthia
1148 2481 1216 2536 ab
1239 2481 1402 2536 Indice
1433 2480 1628 2536 ﬁnibus
1655 2497 1828 2553 usque
1857 2484 1922 2538 ad
1944 2482 2054 2539 Me-

467 2572 818 2643 sopotamiam
843 2569 1167 2641 generaliter
1188 2570 1526 2636 nominatur;
1551 2580 1770 2641 propter
1790 2573 2052 2628 invictam

466 2662 611 2720 enim
637 2664 890 2718 virtutem
908 2659 1229 2716 Parthorum
1256 2667 1311 2714 et
1329 2659 1576 2731 Assyria,
1602 2669 1657 2716 et
1683 2660 1905 2731 reliqum
1926 2676 2052 2732 pro-

465 2755 626 2812 sima:
649 2753 898 2826 regiones
929 2750 1046 2822 ejus
1069 2764 1263 2808 nomen
1297 2758 1598 2806 traxerunt.
1629 2751 1768 2808 Sunt
1807 2753 1950 2808 enim
1993 2753 2048 2808 in

465 2861 530 2902 ea
549 2844 832 2911 Aracusia,
857 2841 1096 2910 Parthia,
1118 2842 1364 2914 Assyria,
1391 2839 1562 2898 Media
1583 2851 1639 2898 et
1657 2841 1901 2911 Persida,
1929 2857 2048 2914 quae

464 2936 714 3008 regiones
739 2933 968 2990 invicem
1001 2932 1106 2990 sibi
1140 2931 1443 3002 conjunctae
1463 2933 1674 2988 initium
1700 2933 1770 2988 ab
1791 2933 1921 2990 Indo
1949 2933 2054 2990 ﬁu-'

463 3029 611 3085 mine
637 3035 878 3094 sumunt,
912 3024 1058 3098 Tigri
1104 3025 1445 3092 clauduntur,
1472 3023 1607 3082 locis
1646 3027 1946 3083 montuosis
1991 3035 2046 3083 et

2153 1844 2248 1899 ﬁlii
2277 1843 2398 1899 Nini
2427 1844 2788 1900 condiderunt
2811 1845 3001 1901 urbem
3033 1861 3310 1917 magnam,
3331 1861 3494 1916 quam
3530 1847 3742 1904 Καὶ)τωί

2153 1933 2423 2004 appellant
2443 1933 2695 2000 Niniven,
2719 1934 2787 1989 ad
2810 1935 2962 2006 cujus
2990 1935 3076 1990 vel
3103 1937 3336 2002 ruinam,
3358 1938 3441 1992 vel
3475 1941 3743 2008 poeniten-

2151 2025 2282 2078 tiam
2309 2032 2421 2080 tota
2445 2023 2596 2080 Jonas
2621 2025 2856 2094 pertinet
2879 2027 3181 2096 prophetia.
3225 2029 3431 2100 Assyrii
3469 2029 3743 2101 interpre-

2151 2121 2358 2180 tantur,
2379 2113 2742 2186 deprimcntes,
2761 2113 2813 2169 id
2839 2123 2940 2182 est,
2967 2117 3115 2187 impii
3146 2117 3229 2172 vel
3251 2117 3548 2184 dzemones,
3575 2130 3634 2174 ut
3663 2127 3743 2176 est

2151 2203 2280 2259 illud
2303 2202 2586 2260 Hieremite
2610 2222 2623 2258 :
2652 2203 2794 2271 Quid
2821 2205 2914 2260 tibi
2943 2223 3062 2260 cum
3091 2207 3186 2262 illa
3218 2202 3349 2280 [via]
3377 2207 3738 2281 Assyriorum,

2153 2301 2208 2346 ut
2231 2292 2377 2347 bibas
2399 2309 2589 2364 aquam
2611 2295 2886 2364 ﬂuminis!
2909 2295 3043 2368 (Jer.
3077 2297 3165 2370 il.)
3191 2298 3258 2356 Et
3285 2299 3338 2353 in
3366 2301 3566 2355 bonam
3611 2317 3742 2372 par-

2153 2394 2260 2439 tem
2290 2383 2662 2455 inlelliguntur
2688 2385 2918 2458 Assyrii,
2947 2395 3010 2442 ut
3033 2387 3163 2443 dicit
3187 2389 3354 2446 Isaias
3381 2407 3396 2444 :
3429 2389 3544 2446 Erit
3568 2392 3745 2448 Israel

2153 2475 2336 2529 tertius
2357 2473 2631 2547 ﬂggptio,
2659 2484 2709 2531 et
2728 2477 2947 2548 Assyrio
2977 2478 3264 2535 benedictio
3291 2482 3344 2535 in
3381 2483 3554 2538 medio
3583 2495 3742 2540 terra:

2153 2565 2304 2638 (Era.
2329 2566 2467 2640 ιιι).
2491 2567 2667 2624 Cedar
2695 2567 2979 2625 Bebrzeum
3006 2585 3205 2627 nomen
3241 2580 3345 2640 est,
3381 2574 3526 2644 quod
3551 2583 3742 2632 nostra

2151 2658 2332 2730 lingua
2359 2659 2764 2732 interpretatur,
2797 2661 3040 2718 tenebrae.
3085 2663 3200 2720 Hoc
3247 2663 3315 2718 ad
3363 2665 3544 2732 δαίωὶί
3575 2665 3741 2738 hujus

2150 2751 2382 2820 pertinet
2409 2761 2700 2817 amatores,
2747 2752 2840 2824 qui
2890 2755 3191 2812 ténebrosis
3237 2757 3448 2814 actibus
3485 2758 3740 2825 involuti,

2151 2838 2241 2893 illa
2277 2841 2449 2912 magis
2487 2841 2740 2912 diligunt,
2766 2844 2910 2900 unde
2951 2846 3132 2916 perire
3173 2857 3486 2904 nascuntur.
3528 2849 3641 2906 Sed
3681 2861 3742 2907 ut

2150 2929 2298 2984 verbi
2357 2929 2515 2998 hujus
2568 2933 2806 2989 breviter
2867 2949 3156 2993 noscamus
3213 2939 3508 3010 originem,
3555 2941 3743 3000 Cedat-

2147 3018 2338 3074 ismael
2385 3021 2525 3078 ﬁlius
2552 3021 2672 3090 fuit,
2701 3024 2794 3094 qui
2823 3025 2972 3095 genti
3009 3041 3122 3082 suae
3148 3043 3343 3084 nomen
3384 3030 3548 3098 dedit,
3573 3033 3738 3106 cujus

465 3119 832 3191 asperioribus
873 3117 1010 3184 sitae,
1047 3117 1311 3174 habentes
1349 3116 1539 3174 ﬂuvios
1574 3119 1818 3189 idaspem
1858 3126 1914 3176 et
1949 3119 2051 3174 Ar-
2077 3117 2121 3182 C
2155 3110 2290 3166 ﬁnes
2315 3126 2486 3182 usque
2511 3113 2580 3168 ad
2637 3113 2819 3170 Medos
2866 3115 3168 3188 Persasque
3221 3119 3416 3188 prolati
3463 3131 3593 3177 sunt
3628 3141 3643 3176 :
3679 3123 3738 3179 hi

463 3213 606 3271 bern.
661 3211 800 3268 Sunt
828 3211 974 3268 enim
1001 3210 1149 3266 inter
1170 3225 1232 3266 se
1265 3209 1462 3268 ﬁnibus
1493 3210 1606 3266 suis
1645 3211 1910 3278 discretae,
1952 3229 2049 3269 no-

461 3302 612 3358 mina
641 3319 672 3356 a
707 3301 940 3374 prepriis
988 3300 1299 3356 auctoribus
1341 3301 1637 3356 trahentes.
1686 3301 1836 3358 India
1879 3301 2043 3368 enim,

461 3411 581 3466 quae
603 3395 655 3449 in
681 3389 1115 3465 Orientali'parte
1135 3391 1402 3458 consistit,
1429 3398 1484 3447 et
1511 3391 1639 3448 solis
1672 3400 1852 3448 ortum
1873 3394 2045 3464 prima

461 3477 708 3560 suscipit,
751 3485 1081 3558 primitivam
1131 3491 1312 3556 potest
1357 3483 1640 3556 designare
1677 3483 1960 3540 ecclesiam
1990 3485 2045 3539 in

460 3586 619 3648 gente
635 3575 824 3654 ‘Judaea
849 3577 1228 3642 constitutam;
1259 3591 1379 3646 quae
1405 3575 1693 3632 adventum
1720 3576 1849 3632 solis
1878 3575 2043 3645 justi-

462 3665 550 3720 tise
575 3663 752 3734 prima
783 3664 1016 3734 aspexit,
1041 3671 1096 3720 et
1120 3664 1298 3718 lumen
1341 3678 1527 3719 verum
1563 3664 1689 3720 huic
1722 3666 1842 3720 orbi
1880 3681 2042 3722 exor-

463 3765 574 3810 tum
601 3768 699 3826 per
717 3741 970 3810 doctores
996 3768 1122 3809 suos
1150 3753 1203 3808 in
1237 3761 1347 3808 toto
1380 3753 1510 3808 orbe
1543 3753 1853 3824 praedicavit
1884 3772 1897 3808 :
1927 3757 2041 3825 ipsa

453 3847 622 3900 etiam
651 3860 842 3900 aurum
865 3843 1141 3914 sapientiae
1163 3852 1219 3898 et
1249 3852 1528 3912 argentum
1552 3843 1869 3913 eloquentiae
1895 3861 2043 3916 gem-

457 3949 682 4008 masque
721 3935 959 3991 omnium
989 3935 1247 3990 virtutum
1281 3931 1608 3990 suiﬁcienter
1643 3932 1852 4000 habuit,
1883 3933 2042 3988 arbo-

458 4043 652 4098 resque
677 4037 888 4097 semper
914 4025 1170 4092 virentes,
1193 4026 1298 4080 hoc
1325 4032 1426 4090 est,
1455 4023 1702 4080 homines
1722 4032 1885 4080 recta:
1917 4023 2040 4080 ﬁdei

456 4121 727 4177 viriditate
770 4119 1031 4191 pollentes
1071 4131 1179 4174 non
1217 4131 1419 4188 paucos
1464 4115 1681 4182 habuit;
1727 4116 1819 4172 sed
1858 4125 2038 4172 tamen

453 4211 752 4267 bestiarum
787 4209 1128 4264 multitudine
1156 4225 1262 4265 non
1291 4207 1469 4264 caruit
1494 4208 1732 4273 omnino,
1765 4209 1890 4279 quia
1916 4223 2039 4278 per-

453 4307 731 4354 secutores
773 4297 1196 4353 Christianitatis
1245 4297 1480 4352 nominis
1513 4296 1696 4367 plures
1723 4297 1950 4363 invenit,
1982 4305 2040 4352 et

455 4389 830 4444 ..'.ereticorum
853 4399 1120 4442 venenosa
1143 4387 1461 4442 documenta
1486 4386 1684 4440 exoriri
1712 4385 1992 4456 praesensit
2017 4405 2030 4442 :

2150 3215 2295 3258 nunc
2340 3201 2628 3260 Sarraceni
2681 3206 3037 3278 appellantur.
3069 3208 3188 3276 Quo
3215 3211 3473 3269 vocabulo
3514 3229 3740 3285 compe-

2150 3302 2326 3350 tenter
2353 3295 2724 3367 signiﬁcantur
2757 3307 3090 3368 peccatores,
3121 3300 3266 3356 inter
3287 3317 3424 3373 quos
3453 3319 3512 3360 se
3550 3305 3738 3360 adhuc

2146 3385 2390 3440 habitare
2431 3385 2673 3442 Ecclesia
2712 3389 2968 3460 suspirat.
2999 3389 3169 3446 Media
3199 3399 3255 3447 et
3279 3391 3500 3450 Persida
3523 3411 3554 3449 a
3589 3397 3736 3470 regi-

2145 3478 2247 3533 bus
2277 3477 2428 3534 liedo
2449 3486 2506 3535 et
2533 3479 2700 3535 Perso
2727 3481 3137 3550 cognominatas,
3172 3483 3262 3552 qui
3290 3499 3384 3540 eas
3419 3486 3737 3555 provincias

2143 3565 2393 3623 bellando
2423 3571 2658 3640 aggressi
2687 3576 2832 3636 sunt,
2861 3584 2928 3626 ex
2965 3571 3162 3642 quibus
3191 3571 3361 3629 Media
3401 3575 3470 3630 ab
3515 3574 3734 3633 Occasu

2143 3663 2454 3712 transversa
2479 3657 2697 3714 Parthia
2723 3673 2886 3731 regna
2913 3660 3272 3730 amplectitur,
3293 3677 3324 3717 a
3346 3662 3736 3735 Septentrione

2142 3746 2400 3803 Armenia
2437 3749 2823 3817 circumdatur,
2855 3752 2924 3808 ab
2948 3750 3081 3808 Ortu
3103 3751 3328 3824 Caspios
3354 3755 3534 3821 videt,
3558 3771 3592 3810 a
3620 3755 3739 3816 Mc-

2143 3837 2279 3892 ridie
2297 3837 2596 3894 Persidem.
2619 3839 2790 3909 Hujus
2811 3849 2953 3897 terra
2979 3842 3242 3898 medicam
3264 3845 3512 3900 arborem
3534 3847 3734 3918 gignit,

2140 3943 2303 3998 quam
2332 3930 2437 3983 alia
2473 3930 2620 4001 regio
2650 3929 2872 3986 minime
2907 3931 3161 4002 parturit.
3208 3931 3348 3988 Sunt
3393 3943 3577 3989 autem
3625 3935 3738 3991 Me-

2139 4018 2241 4074 ditn
2268 4019 2386 4075 dua:
2414 4037 2427 4073 :
2457 4019 2632 4089 major
2671 4028 2727 4076 et
2758 4021 2952 4077 minor.
2978 4021 3200 4078 Persida
3231 4024 3457 4080 tendens
3489 4025 3559 4080 ab
3599 4034 3730 4081 ortu

2137 4110 2206 4165 ad
2225 4109 2384 4167 indos
2405 4111 2475 4167 ab
2499 4127 2697 4168 occasu
2720 4112 2962 4169 Rubrum
2984 4129 3136 4170 mare
3157 4113 3343 4181 habet,
3367 4115 3436 4170 ab
3458 4114 3734 4186 Aquilone

2137 4217 2267 4258 vero
2303 4201 2532 4258 Mediam
2577 4204 2767 4276 tangit,
2814 4205 2884 4261 ab
2925 4204 3125 4260 Austro
3165 4203 3548 4273 Carmaniam,
3601 4223 3730 4278 qua:

2135 4289 2373 4346 Persidte
2405 4291 2728 4358 adnectitur,
2758 4292 2955 4364 quibus
2982 4303 3068 4350 est
3112 4291 3252 4348 Susa
3279 4294 3535 4365 oppidum
3565 4297 3734 4370 nlobi-

2133 4380 2397 4437 lissimum
2428 4400 2442 4436 :
2469 4383 2524 4437 in
2551 4381 2772 4440 Perside
2806 4384 3040 4454 primum
3074 4393 3194 4441 orta
3223 4394 3309 4440 est
3355 4400 3446 4440 ars
3487 4387 3730 4458 magica,

453 4479 546 4534 scd
569 4479 747 4534 omnia
769 4477 1020 4550 ﬁgmenta
1045 4475 1262 4542 diaboli,
1285 4474 1485 4532 Christi
1508 4477 1708 4530 virtute
1735 4477 2027 4546 superavit.
2059 4473 2109 4532 D
2135 4471 2203 4526 ad
2233 4485 2395 4540 quam
2420 4470 2714 4529 Nembroth
2743 4475 2893 4544 gigas
2935 4483 3060 4544 post
3106 4474 3477 4532 confusionem
3515 4475 3723 4549 lingua-

451 4571 621 4637 Assur
651 4570 1038 4638 interpretatur
1072 4567 1402 4636 deprimens,
1433 4565 1486 4620 id
1519 4578 1620 4632 est,
1651 4563 1897 4620 diabolus
1935 4566 2036 4621 hue

451 4666 668 4718 manum
703 4675 870 4731 genus
893 4659 1199 4727 deprimens
1228 4657 1281 4711 in
1303 4657 1510 4726 psalmo
1535 4676 1548 4711 :
1576 4655 1805 4722 Etenim,
1837 4657 2030 4726 inquit,

449 4755 616 4810 Assur
657 4745 814 4806 simul
863 4749 1000 4804 venit
1041 4763 1159 4801 cum
1209 4746 1316 4800 illis
1361 4744 1533 4819 (Psal.
1569 4747 1854 4819 Lxxxvm).
1901 4749 2030 4802 item

445 4846 618 4903 Assur
643 4838 914 4901 diabolum
935 4837 1018 4893 vel
1041 4843 1333 4907 potestates
1359 4837 1518 4908 hujus
1540 4837 1718 4892 saeculi
1741 4837 2030 4908 signiﬁcat,

442 4946 506 4995 ut
525 4943 610 4993 est
637 4931 768 4990 illud
793 4930 945 4988 isaite
971 4947 987 4984 :
1018 4926 1132 4994 Vw,
1165 4925 1332 4981 Assur
1360 4925 1502 4996 virga
1539 4925 1735 4996 furoris
1761 4928 1864 4981 mei
1890 4926 2027 5000 (ιω.

447 5029 525 5104 ι).
561 5025 693 5082 item
723 5023 796 5080 ibi
823 5039 836 5077 :
861 5019 968 5076 noli
999 5019 1180 5072 timere
1211 5014 1400 5087 popule
1427 5029 1573 5070 meus
1600 5014 1864 5069 habitator
1899 5014 2029 5070 Sion

444 5121 511 5177 ab
542 5117 707 5174 Assur
733 5113 785 5188 (1
791 5111 944 5186 bid.).
986 5109 1053 5164 In
1079 5109 1227 5180 virga
1246 5106 1384 5162 enim
1407 5105 1658 5177 percutiet
1685 5114 1756 5172 te,
1788 5115 1836 5162 et
1864 5105 2025 5160 bacu-

433 5214 554 5266 ilum
591 5219 750 5264 suum
790 5204 975 5260 levabit
1017 5215 1171 5272 super
1204 5208 1253 5253 te
1289 5199 1344 5252 in
1385 5198 1468 5252 uia
1504 5195 1740 5268 zEgypti.
1788 5193 2024 5251 Rursum

445 5303 613 5357 Assur
645 5295 1038 5354 Antichristum
1073 5288 1377 5362 signiﬁcat,
1421 5295 1484 5343 ut
1524 5295 1608 5343 est
1647 5287 1774 5342 illud
1805 5287 2024 5343 Michae

444 5391 716 5464 prophetat
745 5407 758 5444 :
791 5387 935 5443 Tunc
965 5387 1062 5441 erit
1089 5400 1194 5455 pum
1227 5393 1381 5438 terra:
1407 5389 1616 5446 nostras,
1644 5395 1759 5434 cum
1790 5395 2027 5434 surrexe-

443 5483 546 5538 rint
575 5481 627 5537 in
653 5496 713 5536 ea
741 5491 973 5552 pastores
1003 5488 1192 5548 septem
1221 5485 1269 5530 et
1303 5483 1417 5529 octo
1465 5471 1710 5550 primates
1737 5472 2024 5526 ‘Izominum

444 5573 632 5634 Cilicii.
657 5573 736 5645 v),
778 5571 835 5626 id
867 5579 972 5635 est,
1013 5567 1396 5640 przcdicatorcs
1428 5563 1578 5634 legis-
1603 5559 1966 5639 et-_Evangelii
2005 5577 2020 5616 :

443 5673 493 5722 et
521 5659 841 5735 imlagnbun!
876 5662 1060 5731 Assur,
1095 5664 1197 5718 hoc
1225 5667 1328 5727 est,
1363 5654 1772 5724 Ami'éhristum,
1800 5658 1853 5710 in
1881 5652 2026 5727 fossd

2137 4577 2256 4616 rum
2295 4562 2449 4628 abiit,
2481 4563 2661 4635 ibique
2699 4563 2893 4620 Persas
2922 4565 3098 4636 ignem
3127 4567 3305 4623 colere
3344 4568 3544 4623 docuit.
3583 4569 3730 4624 Nam

2135 4663 2324 4707 omnes
2359 4652 2412 4706 in
2444 4652 2548 4708 illis
2575 4654 2820 4724 partibus
2858 4655 3024 4711 solem
3071 4657 3278 4724 colunt,
3325 4659 3418 4728 qui
3473 4659 3726 4729 ipsorum

2136 4741 2314 4813 lingua
2342 4741 2390 4798 et
2419 4742 2637 4799 dicitur.
2682 4744 2862 4800 Persas
2904 4753 2958 4801 et
2989 4745 3148 4812 Medi,
3176 4747 3269 4818 qui
3318 4761 3542 4816 regnum
3597 4761 3730 4820 post

2133 4835 2385 4905 Assyrios
2413 4843 2720 4902 tenuerunt,
2737 4835 3040 4905 signiﬁcant
3068 4837 3426 4908 principatum
3449 4840 3722 4908 gentium,

2137 4941 2256 4996 qtue
2283 4925 2570 4994 aliquando
2597 4925 2806 4982 solatiis
2828 4926 3012 4984 fovent
3037 4927 3290 4998 populum
3314 4929 3427 4984 Dei.
3460 4929 3617 4985 Unde
3638 4929 3729 4986 le-

2134 5016 2280 5086 gitur
2300 5016 2354 5070 in
2378 5015 2620 5072 historiis
2643 5026 2906 5084 veterum,
2929 5018 3073 5088 quod
3101 5017 3272 5089 Cyrus
3305 5033 3400 5074 rex
3422 5017 3726 5076 Persarum

2133 5113 2293 5176 atque
2314 5105 2720 5178 Medomm,qui
2745 5108 2800 5162 in
2824 5107 2978 5164 isaim
2999 5109 3258 5164 vaticinio
3283 5110 3576 5179 praedictus
3601 5110 3730 5167 fue-

2131 5201 2217 5253 rat
2233 5212 2236 5215 ‘
2251 5197 2384 5272 (Isa.
2412 5213 2538 5254 χιιι*
2555 5239 2570 5264 ,
2593 5197 2742 5271 XLV),
2766 5199 2988 5256 solverit
3014 5201 3385 5270 captivitatem
3408 5199 3729 5262 iudaicam.

2130 5297 2185 5342 et
2205 5287 2483 5359 Templum
2514 5287 2610 5344 Dei
2633 5291 2875 5346 construi
2890 5289 3124 5361 juberet.
3147 5289 3230 5346 0b
3256 5291 3359 5348 hoc
3397 5291 3560 5348 etiam
3593 5306 3730 5350 ser-

2127 5394 2228 5434 vus
2257 5379 2349 5434 Dei
2394 5390 2733 5451 nuncupatus
2777 5391 2882 5448 est,
2928 5383 2997 5440 ob
3051 5383 3195 5454 quod
3241 5385 3404 5440 etiam
3449 5384 3729 5442 auxilium

2131 5466 2340 5522 Domini
2390 5467 2465 5524 illi
2518 5470 2844 5539 promissum
2889 5479 2990 5538 est,
3016 5480 3077 5527 ut
3123 5472 3374 5544 subjiciat
3418 5467 3618 5528 coram
3657 5488 3732 5528 eo

2128 5569 2316 5632 gentes
2339 5569 2394 5615 et
2419 5561 2576 5616 dorsa
2605 5575 2791 5632 regum
2815 5564 3028 5618 vertat:
3059 5573 3115 5619 et
3145 5565 3360 5619 merito.
3391 5563 3527 5619 Nam
3569 5562 3752 5622 818(ιί-

2128 5661 2182 5707 et
2207 5652 2406 5720 Persae,
2434 5663 2826 5724 mensurarum,
2853 5657 2968 5713 sive
3007 5658 3295 5713 mensurati
3309 5697 3325 5724 ,
3349 5657 3730 5728 interpretan-
