3974 6188
205 326 302 385 δῖρἺ

1158 319 1249 377 DE
1285 318 1631 378 UNIVERSO
1667 316 1845 376 LIBRI
1884 317 2047 375 XXII.
2089 350 2154 360 -
2190 319 2320 374 LIB.
2360 317 2472 375 XII.

3357 324 3460 381 5%

206 455 314 497 tur.
344 439 625 503 Mensura,
646 451 751 508 qua
776 435 945 491 mensi
976 441 1120 501 sunt,
1151 435 1535 489 remetiebatur
1557 433 1655 488 eis.
1682 432 1789 487 Me—
1814 437 1866 495 Α
1891 430 2061 486 illiciti
2086 432 2289 486 amoris
2315 430 2677 501 perturbavit;
2727 442 2781 489 et
2808 449 2992 492 muros
3025 437 3360 500 Hierusalem
3406 443 3463 499 in

206 532 514 603 sopotamia
571 530 816 586 Graecam
884 527 1261 599 etymologiam
1328 528 1600 597 possidet,
1646 527 1789 597 quod

207 621 418 677 duobus
431 621 611 676 ﬂuviis
631 621 918 675 ambiatur.
938 617 1073 672 Nam
1088 618 1156 673 ab
1170 618 1378 673 oriente
1389 617 1592 687 Tigrim
1606 617 1789 684 habet,

208 711 276 767 ab
296 712 529 768 occiduo
566 711 895 780 Euphraten.
916 708 1108 778 Incipit
1141 716 1318 762 autem
1350 724 1381 762 a
1415 707 1792 778 Septentrione

210 802 354 857 inter
373 813 619 857 montem
641 800 875 854 Taurum
897 806 951 853 et
983 797 1306 864 Caucasum,
1330 796 1482 867 cujus
1506 813 1535 851 a
1567 796 1793 851 meridie

209 892 460 964 sequitur
482 889 792 962 Babylonia,
825 888 1017 944 delude
1042 888 1311 953 Chaldaaa,
1338 887 1630 942 novissime
1658 886 1793 940 Ara-

209 985 298 1040 bia
334 983 650 1039 Eudaemon.
694 980 1098 1050 Mesopotamia,
1121 995 1241 1049 quae
1274 979 1657 1049 interpretatur
1684 974 1791 1031 ele-

209 1086 353 1138 vata,
389 1074 535 1128 unde
572 1070 737 1127 Jacob
764 1071 917 1125 duxit
949 1085 1193 1132 uxorem,
1219 1068 1490 1139 signiﬁcat
1517 1067 1789 1137 gentilita-

215 1176 343 1229 tem,
358 1164 505 1220 unde
524 1162 768 1218 Christus
780 1160 1067 1231 exquisivit
1087 1160 1187 1215 sibi
1203 1159 1497 1216 Ecclesium
1515 1173 1790 1229 sponsam,

214 1271 316 1310 non
345 1254 639 1309 habentem
688 1252 952 1307 maculam
995 1267 1060 1307 ac
1106 1266 1294 1323 rugam
1347 1250 1504 1321 (Eph.
1532 1249 1609 1322 v).
1658 1249 1792 1304 Nam

215 1347 353 1401 sicut
378 1343 569 1407 Iacob,
594 1343 779 1398 relicta
807 1343 981 1404 domo,
1006 1341 1181 1412 patria
1204 1340 1288 1396 vel
1311 1340 1642 1411 parentibus,
1664 1354 1789 1409 per-

213 1436 353 1490 rexit
389 1436 446 1489 in
473 1436 746 1505 regionem
776 1434 1139 1505 longinquam,
1160 1440 1223 1488 ut
1249 1434 1520 1503 acciperet
1537 1432 1640 1489 sibi
1658 1448 1791 1489 uxo-

214 1543 347 1591 rem,
390 1542 499 1580 non
549 1526 706 1581 aliter
754 1525 1003 1581 Christus
1041 1524 1257 1594 reliquit
1301 1532 1553 1595 parentes
1599 1539 1793 1579 secun-

213 1622 338 1673 dum
370 1632 614 1681 carnem,
641 1617 695 1671 id
745 1624 845 1683 est,
884 1615 1139 1687 populum
1190 1616 1568 1681 Israelitieum,
1597 1623 1653 1671 et
1696 1631 1792 1686 pa—

216 1711 407 1776 triam,
452 1710 506 1765 id
550 1718 633 1766 est
660 1750 674 1772 ,
719 1708 1143 1779 Hierosolymam
1197 1717 1252 1763 et
1302 1724 1492 1765 omnes
1542 1708 1790 1777 regiones

1892 521 2121 576 circuitu
2150 522 2435 589 destruxit,
2459 525 2582 578 cum
2611 524 2961 582 intentionem
2989 530 3250 587 orationis
3274 541 3329 587 et
3351 533 3461 588 vir-

1892 619 2066 665 tutum
2091 612 2287 677 studia,
2315 627 2434 682 quae
2463 622 2648 669 contra
2675 632 2733 671 se
2760 618 2940 674 valere
2978 622 3148 688 novit,
3174 624 3229 677 in
3265 623 3462 696 despe—

1893 701 2137 756 rantibus
2163 702 2428 768 dissolvit,
2464 720 2534 760 ne
2557 721 2656 775 per
2678 723 2827 778 spem
2867 711 3038 767 veniae
3074 714 3143 768 ad
3169 714 3348 769 divina
3373 732 3455 771 rev

1892 798 2114 845 currant
2155 792 2373 857 auxilia,
2400 802 2456 849 et
2498 798 2841 855 correctioris
2892 801 3015 856 vita:
3062 806 3468 874 apprehendant
3548 850 3554 857 .

1893 882 2191 937 munimina
2234 901 2248 938 :
2287 885 2647 957 populumque
2689 888 2742 944 in
2776 892 3088 962 captivitate
3128 895 3352 962 ducens,
3399 898 3467 953 ας

1892 972 2218 1041 pauperibus
2248 983 2408 1031 term
2428 978 2651 1046 reliquit
2669 981 2932 1039 vinitores
2950 994 3007 1040 et
3025 987 3313 1056 agricolas,
3338 988 3429 1057 qui
3461 1016 3467 1029 ι

1892 1076 2005 1127 eos,
2034 1064 2127 1133 qui
2161 1063 2320 1121 utiles
2345 1066 2508 1122 verbo
2534 1077 2591 1123 et
2616 1071 2860 1143 exemplo
2903 1088 3024 1130 esse
3068 1084 3339 1146 poterant,
3365 1092 3434 1147 pe

1892 1151 2023 1206 vitia
2050 1154 2346 1223 captivans,
2371 1157 2551 1212 stultis
2577 1166 2633 1213 et
2653 1160 2934 1219 hebetibus
2959 1166 3298 1222 commendat
3324 1182 3441 1238 agri
3496 1206 3501 1209 -

1892 1243 2178 1310 culturam,
2209 1256 2476 1317 quatenus
2502 1264 2610 1304 non
2650 1251 2832 1307 vinum
2876 1255 3063 1325 gratiae
3109 1256 3365 1325 spiritalis
3413 1268 3469 1314 et

1890 1335 2221 1391 frumentum
2255 1352 2402 1393 same
2437 1339 2695 1397 doctrinae
2732 1342 2788 1397 in
2822 1345 2996 1400 vineis
3032 1353 3088 1401 et
3130 1349 3276 1419 agris
3302 1363 3470 1419 popu-

1890 1426 2067 1482 lorum
2121 1426 2430 1494 fructiﬁeet,
2463 1428 2558 1485 sed
2582 1432 2750 1501 spina:
2776 1436 2948 1506 magis
2979 1444 3034 1491 et
3079 1438 3262 1494 tribuli
3310 1440 3468 1496 vitio-

1891 1533 2011 1572 rum
2044 1529 2377 1574 excrescant.
2415 1519 2653 1592 Babylon
2689 1538 2901 1595 quoque
2925 1529 3156 1585 mundus
3179 1539 3271 1585 aut
3295 1531 3467 1588 Roma

1891 1615 1993 1675 est,
2024 1616 2085 1663 ut
2110 1609 2164 1663 iu
2191 1610 2515 1683 Apocalypsi
2537 1612 2735 1685 legitur
2761 1634 2774 1669 :
2802 1615 2871 1670 Et
2907 1616 3145 1689 Babylon
3168 1638 3360 1694 magna
3383 1640 3468 1679 rev

1892 1699 1966 1753 nit
1991 1700 2045 1754 in
2065 1703 2371 1755 memoriam
2399 1713 2520 1757 ante
2538 1702 2842 1773 Dominum,
2865 1708 2994 1765 dare
3020 1710 3234 1767 calicem
3252 1714 3359 1769 uini
3378 1717 3466 1771 in-

216 1800 431 1865 ludm,
451 1809 507 1855 et
533 1799 663 1853 abiit
684 1800 736 1853 in
762 1808 968 1868 gentes,
999 1799 1311 1869 accepitque
1334 1799 1435 1853 sibi
1463 1798 1586 1853 inde
1607 1797 1790 1853 Eccle-
1819 1794 1866 1852 B
1893 1793 2209 1863 dignationis
2238 1795 2334 1849 ine
2362 1795 2477 1864 ejus
2509 1794 2690 1868 (Apoc.
2714 1799 2849 1870 xvr).
2878 1800 2945 1855 Et
2972 1801 3027 1856 in
3055 1802 3195 1859 Isaia
3227 1822 3240 1858 :
3272 1805 3343 1860 Et
3369 1810 3468 1863 erit

218 1890 371 1954 siam,
402 1899 464 1943 ut
506 1888 815 1959 impleretur
848 1888 991 1958 quod
1019 1888 1222 1943 dictum
1263 1897 1346 1943 est
1378 1906 1393 1942 :
1445 1885 1647 1942 Vocabo
1688 1903 1793 1941 non

218 1978 409 2050 plebem
430 1977 826 2048 meam,plebem
856 1988 1106 2044 meam,et
1130 1995 1232 2033 non
1258 1977 1522 2045 dilectam,
1550 1977 1791 2032 dilectam

121 2100 133 2116 ο
219 2069 357 2138 (Osc.
383 2069 470 2139 ιι).
497 2068 806 2139 Babyloniae
836 2068 1068 2139 regionis
1092 2077 1253 2143 caput
1277 2067 1513 2139 Babylon
1537 2069 1666 2123 urbs
1685 2075 1790 2134 est,

218 2178 245 2214 a
266 2177 371 2231 qua
409 2161 574 2214 etiam
601 2166 905 2228 nuncupata
930 2166 1033 2225 est,
1067 2167 1177 2212 tam
1209 2158 1423 2225 nobilis,
1449 2166 1508 2212 ut
1538 2156 1792 2213 Chaldtea

219 2262 269 2305 et
293 2251 519 2321 Assyria
546 2261 601 2304 et
626 2249 1009 2319 Mesopotamia
1050 2250 1102 2303 in
1127 2247 1242 2317 ejus
1268 2265 1463 2303 nomen
1505 2248 1793 2319 aliquando

221 2341 553 2396 transierint.
587 2341 737 2397 Hanc
766 2342 953 2398 urbem
1003 2344 1236 2412 primum
1299 2341 1594 2398 Nembroth
1642 2342 1805 2413 gigas

220 2433 481 2490 fundavit.
511 2433 661 2491 Hanc
704 2434 1020 2490 Semiramis
1061 2436 1243 2507 regina
1288 2434 1634 2506 Assyriorum
1680 2447 1799 2487 am-

220 2527 408 2598 pliavit
434 2542 756 2596 murumque
780 2527 931 2582 urbis
956 2524 1216 2582 bitumine
1253 2535 1307 2581 et
1341 2535 1496 2582 cocto
1525 2525 1693 2580 latere
1718 2524 1798 2579 fe-

221 2618 309 2672 cit.
344 2615 678 2671 Vocabulum
703 2628 880 2671 autem
913 2617 1141 2687 sumpsit
1163 2632 1192 2670 a
1216 2616 1550 2682 confusione,
1576 2615 1795 2685 eoquod

221 2710 291 2763 ibi
319 2708 559 2764 confusa:
577 2710 687 2764 sint
710 2719 871 2778 atque
891 2709 1170 2779 permixta:
1192 2708 1388 2777 lingua:
1410 2707 1799 2763 mdiﬂcantium

222 2801 415 2854 turrim
445 2798 596 2855 (Gen.
624 2800 720 2874 ιι).
743 2799 1056 2871 Babylonia,
1087 2815 1206 2870 qua:
1237 2800 1622 2869 interpretatur
1667 2814 1796 2852 con-

220 2894 386 2960 lusio,
418 2892 472 2945 in
502 2906 607 2960 qua
630 2891 961 2963 principatus
1001 2901 1121 2948 erat
1159 2891 1550 2955 Chaldzeorum,
1579 2889 1668 2959 qui
1714 2889 1796 2942 in-

220 2990 590 3051 terpretantur
620 2983 771 3052 quasi
794 2983 1071 3047 dwmonia,
1094 2982 1179 3037 vel
1204 2983 1357 3053 quasi
1385 2981 1602 3052 feroces,
1631 2979 1798 3049 signi-

1890 1883 2131 1955 Babglon
2143 1883 2238 1939 illa
2253 1884 2481 1955 gloriosa
2492 1887 2546 1939 in
2561 1889 2752 1957 regnis,
2769 1890 2963 1961 inclyta
2978 1894 3031 1947 in
3053 1896 3295 1965 superbia
3307 1896 3468 1952 Chal-

1892 1974 2151 2040 daeorum,
2165 1976 2299 2029 sicut
2320 1974 2562 2031 subvertit
2573 1976 2718 2032 Deus
2737 1977 3019 2035 Sodomant
3034 1993 3082 2037 et
3096 1981 3465 2053 Gomorrham,

1895 2078 1997 2117 non
2021 2063 2343 2117 habitabitur
2360 2080 2522 2135 usque
2546 2066 2600 2118 in
2624 2066 2786 2134 ﬁnem
2813 2066 2947 2139 (lca.
2981 2070 3123 2143 xm).
3148 2073 3216 2127 Et
3241 2074 3294 2128 in
3318 2074 3468 2131 lere.

1894 2152 2004 2205 mia
2030 2169 2043 2204 :
2070 2149 2224 2205 Calix
2246 2167 2435 2207 aureus
2457 2153 2694 2224 Babylon
2713 2156 2768 2210 in
2786 2173 2948 2212 manu
2971 2158 3187 2215 Domini
3203 2164 3467 2220 inebrians

1894 2254 2098 2293 omnem
2125 2249 2339 2306 terrane,
2363 2241 2534 2297 subito
2561 2244 2751 2298 cecidit
2774 2245 3029 2317 Babylon,
3049 2259 3101 2304 et
3142 2255 3365 2308 contrita
3393 2267 3467 2310 cst

1897 2328 2031 2400 (Jer.
2058 2328 2156 2402 ιι).
2182 2330 2382 2384 Arabia
2412 2331 2697 2402 appellata,
2728 2335 2784 2391 id
2816 2344 2919 2403 est,
2942 2354 3115 2393 saera.
3166 2339 3281 2397 Hoc
3322 2345 3467 2400 enim

1896 2418 2165 2490 signiﬁcat
2195 2420 2569 2491 interpretata,
2598 2438 2666 2479 eo
2714 2426 2857 2494 quod
2887 2427 2961 2482 sit
2996 2430 3144 2501 regio
3177 2432 3471 2490 thuriferos

1896 2511 2089 2568 odores
2126 2527 2322 2591 oreans
2353 2530 2366 2566 :
2392 2513 2522 2568 hinc
2565 2515 2909 2573 enim'Gmci
2953 2519 3255 2588 eudxemou,
3297 2528 3473 2580 nostri

1896 2602 2112 2657 beatam
2130 2603 2571 2672 nominaverunt,
2586 2605 2642 2660 in
2671 2605 2824 2677 cujus
2851 2608 3074 2666 saltibus
3092 2621 3148 2667 et
3176 2614 3396 2685 myrrha
3413 2625 3481 2673 ct'

1898 2693 2204 2748 cinnamum
2232 2696 2501 2766 provenit.
2531 2697 2608 2751 lbi
2654 2699 2898 2755 nascitur
2923 2702 3040 2758 avis
3066 2704 3315 2773 phoenix,
3355 2722 3473 2763 sar-
3509 2766 3515 2770 ,

1899 2783 2073 2855 donyx
2094 2799 2327 2856 gemma,
2350 2795 2405 2842 et
2425 2787 2543 2853 iris,
2568 2788 2886 2846 malochites
2904 2799 2961 2846 et
2978 2794 3275 2863 paederotes
3296 2797 3370 2852 ibi
3395 2798 3473 2852 in.

1897 2879 2202 2934 veniuntur.
2242 2880 2361 2951 Ipsa
2390 2889 2478 2937 est
2502 2881 2644 2938 Saba
2683 2885 2946 2955 appellata
2981 2902 3011 2941 a
3048 2888 3158 2945 ﬁlio
3186 2890 3351 2958 (Ibus,
3374 2893 3468 2962 qui

1899 2982 2239 3043 nuncupatus
2268 2981 2351 3028 est
2388 2972 2550 3029 Saba.
2579 2974 2706 3032 Huic
2732 2986 2908 3032 autem
2921 2988 3148 3051 angusto
3174 2988 3330 3038 terrm
3354 2990 3468 3040 tra-

220 3074 348 3127 ﬁeat
378 3073 653 3128 civitatem
675 3073 891 3139 diaboli,
926 3074 980 3127 in
1023 3089 1128 3144 qua
1177 3075 1502 3145 sempiterna
1553 3071 1795 3128 confusio
1836 3141 1863 3145 _
1900 3069 1990 3119 ctu
2036 3063 2105 3118 ad
2147 3062 2422 3119 Orientem
2470 3081 2661 3122 versus
2708 3066 2981 3124 Persicum
3017 3070 3193 3126 sinum
3233 3074 3479 3131 extendi-

218 3176 324 3232 est,
353 3176 409 3221 et
436 3167 525 3220 ubi
550 3167 930 3222 daemoniorum
962 3141 1213 3222 ferocitas
1242 3141 1673 3221 in—subversione
1698 3165 1793 3219 ho-
1821 3141 1865 3203 C
1898 3160 2005 3220 ων,
2031 3151 2186 3222 CUIUS
2214 3155 2653 3224 εεΡῐθηῑΓῘω¹³¹ί³
2677 3155 2924 3213 θῖιαιάειέθ
2952 3159 3170 3228 Claudii,
3206 3161 3472 3220 Occasum

221 3258 432 3312 minum
462 3264 705 3327 apparet.
751 3256 808 3311 In
850 3273 955 3328 qua
1001 3258 1243 3329 regnavit
1279 3255 1794 3322 Nabuchodonosor,

220 3349 315 3418 qui
361 3348 749 3417 interpretatur
797 3347 1065 3417 prophetia
1116 3346 1409 3417 lagunculre
1457 3356 1712 3417 angustet,
1743 3354 1799 3401 et

222 3434 495 3504 signiﬁcat
517 3434 806 3489 diabolum.
825 3434 940 3503 Ipse
963 3435 1105 3489 enim
1132 3437 1363 3490 vastavit
1383 3434 1654 3489 civitatem
1678 3433 1793 3499 Dei,

223 3537 279 3581 et
309 3526 567 3596 templum
597 3525 837 3581 incendit
862 3540 878 3578 :
909 3527 1031 3595 quia
1053 3535 1295 3583 sanctam
1318 3525 1615 3580 Ecclesium
1650 3525 1789 3580 inse-

223 3629 405 3673 ctatur
428 3619 585 3683 odiis,
615 3627 670 3673 et
692 3618 956 3683 homines,
981 3619 1072 3687 qui
1119 3618 1373 3689 templum
1417 3619 1510 3674 Dei
1560 3618 1797 3685 fuerunt,

223 3711 477 3764 incendio
503 3710 785 3765 mundana:
816 3709 1260 3779 concupiscentia:
1287 3713 1599 3767 subvertere
1632 3711 1796 3781 cupit.

226 3800 363 3855 Nam
393 3802 468 3855 ita
494 3800 560 3855 de
589 3817 653 3856 eo
700 3800 930 3870 legitur:
969 3801 1118 3855 Vertit
1164 3801 1523 3855 Nabuzardan
1565 3803 1803 3873 princeps

223 3894 507 3957 exercitus,
531 3910 709 3947 servus
739 3893 870 3964 regis
902 3891 1205 3962 Babylonis,
1237 3891 1586 3959 Hierusalem,
1614 3903 1661 3947 et
1685 3910 1803 3947 suc-

224 3986 401 4039 cendit
444 3984 653 4038 domum
697 3984 933 4050 Domini,
968 3994 1015 4039 et
1069 3985 1280 4039 domum
1334 3986 1486 4055 regis.
1528 3994 1575 4038 et
1622 3986 1802 4039 domos

228 4073 601 4140 Hierusalem,
640 4091 959 4146 omnemque
1007 4075 1217 4129 domum
1261 4075 1537 4130 combussit
1586 4076 1715 4148 igni,
1757 4085 1805 4130 et

225 4180 406 4216 muros
440 4161 771 4216 Hierusalem
797 4163 851 4216 in
881 4163 1101 4216 circuitu
1126 4163 1383 4217 destruxit
1407 4180 1580 4217 omnes
1605 4163 1807 4217 exerci-

225 4264 312 4305 tus
340 4251 729 4315 Chaldaeorum,
755 4253 844 4323 qui
872 4261 1121 4306 eratcum
1147 4254 1379 4323 principe
1402 4251 1623 4306 militum
1646 4266 1664 4304 :
1692 4250 1809 4306 reli-

225 4357 384 4409 quom
409 4350 578 4393 autem
600 4338 777 4410 populi
803 4350 1025 4410 partem,
1045 4341 1135 4412 qui
1160 4352 1477 4395 remanserat
1504 4342 1557 4394 in
1583 4341 1805 4405 civitate,

224 4440 275 4483 et
306 4428 551 4500 perfugas
576 4429 664 4500 qui
695 4430 1087 4501 transfugerant
1130 4432 1200 4485 ad
1235 4447 1402 4501 regem
1431 4429 1736 4500 Babylonis,
1758 4440 1806 4483 et

228 4522 486 4593 reliquum
514 4521 696 4592 vulgus
721 4521 986 4575 transtulit
1015 4521 1376 4577 Nabuzardan
1397 4522 1633 4593 princeps
1665 4521 1805 4574 utili-

225 4616 418 4675 εἰρηκει
462 4612 666 4683 reliqua
714 4611 822 4685 (IV
863 4612 993 4684 Reg.
1027 4612 1177 4684 xxv).
1229 4611 1386 4668 Venit
1429 4612 1807 4678 Nabuzardan,

234 4706 321 4776 qui
358 4707 746 4776 interpretatur
787 4705 1158 4772 ventilabrum,
1188 4706 1301 4761 sive
1337 4705 1606 4776 prophetia
1651 4705 1811 4758 alieni

218 4794 441 4867 judirii,
463 4805 518 4849 et
543 4794 816 4866 signiﬁcat
848 4795 1271 4860 Antichristum,
1291 4793 1439 4863 justo
1480 4793 1574 4849 Dei
1609 4794 1810 4865 judicio

225 4903 395 4956 super
417 4897 750 4955 peceatores,
774 4888 1024 4958 princeps
1051 4887 1235 4957 utique
1257 4888 1525 4943 exercitus
1545 4887 1685 4957 regis
1710 4888 1813 4941 Ba-

224 4977 445 5047 bylonis
477 4976 813 5033 Hierusalem
856 4977 1274 5049 iutelligibilem,
1304 4986 1358 5033 et
1401 4980 1680 5034 succendit
1712 4979 1810 5034 do-

225 5084 382 5123 mum
426 5067 662 5134 Domini,
687 5085 808 5124 cum
838 5070 1092 5139 antiquus
1125 5058 1314 5136 hoslis,
1352 5070 1443 5140 qui
1478 5079 1532 5125 et
1558 5086 1653 5126 rex
1681 5085 1812 5126 con-

224 5161 483 5227 fusionis,
535 5172 593 5216 et
639 5163 890 5232 princeps
928 5163 1167 5218 omnium
1212 5164 1518 5233 iniquorum
1564 5172 1666 5229 est,
1701 5172 1810 5218 tam

222 5252 591 5322 malignorum
619 5253 927 5323 spirituum,
952 5269 1112 5323 quam
1135 5255 1298 5310 etiam
1320 5253 1605 5322 impiorum
1636 5253 1810 5308 homi-

226 5359 383 5407 num,
426 5343 639 5413 plebem
683 5344 890 5398 invadit
936 5344 1192 5409 ﬁdelium,
1220 5352 1277 5400 et
1308 5344 1525 5399 domum
1567 5345 1730 5414 regis,
1759 5352 1815 5400 et

224 5434 422 5490 domos
450 5433 814 5500 Hierusalem,
845 5434 900 5488 id
930 5444 1034 5499 est,
1062 5443 1323 5500 rectores,
1363 5446 1420 5490 et
1466 5449 1560 5490 eos
1592 5434 1682 5505 qui
1731 5435 1813 5489 vi-

223 5522 503 5577 debantur
529 5523 584 5577 in
605 5523 817 5579 visione
844 5525 995 5593 pacis
1045 5540 1284 5591 manere,
1317 5524 1677 5581 inﬂammatos
1722 5541 1817 5581 cu-

222 5611 455 5681 piditate
506 5613 807 5678 subvertit,
882 5630 1204 5686 omnemque
1261 5616 1474 5671 domum
1525 5616 1819 5672 combussit

226 5703 363 5773 igni,
390 5722 514 5760 cum
551 5704 978 5775 uniuscujusque
1002 5706 1383 5763 conscientiam
1412 5724 1508 5779 per
1546 5707 1814 5762 ﬂammam

1902 3246 2052 3302 sinus
2078 3245 2361 3299 Arabicus.
2391 3244 2619 3311 Arabia,
2648 3261 2770 3316 qua:
2808 3247 3190 3318 interpretatur
3237 3252 3472 3320 humilis,

1901 3339 2013 3394 sive
2037 3338 2359 3408 campestris,
2412 3344 2681 3392 terrenam
2726 3339 3005 3410 signiﬁcat.
3044 3340 3472 3400 delectationem.

1903 3429 2056 3485 Unde
2081 3430 2340 3499 scriptum
2362 3438 2446 3485 est
2470 3431 2524 3485 in
2551 3431 2758 3500 psalmo
2788 3449 2801 3485 :
2830 3431 2990 3503 Reges
3007 3434 3239 3490 Arabum
3262 3446 3309 3490 et
3333 3434 3477 3491 Saba

1902 3521 2042 3576 dona
2064 3520 2322 3575 adducent
2349 3520 2519 3593 (Prol.
2549 3523 2718 3596 Lxxt).
2750 3524 2989 3580 Arabum
3014 3527 3230 3597 ponitur
3249 3543 3359 3599 pro
3380 3530 3478 3585 ho-

1902 3612 2137 3667 minibus
2162 3612 2312 3667 suavi
2333 3621 2392 3671 et
2411 3621 2621 3667 terrena
2643 3629 2704 3669 se
2723 3614 3077 3671 delectatione
3098 3617 3475 3673 tractantibus.

1902 3701 2036 3756 Nam
2080 3702 2221 3757 sicut
2257 3702 2345 3756 illa
2386 3703 2561 3772 patria
2599 3704 2827 3760 diversis
2874 3707 3205 3763 aromatibus
3259 3723 3478 3765 sensim;

1903 3792 2113 3846 varium
2139 3793 2366 3858 mulcet,
2394 3793 2469 3848 ita
2496 3794 2584 3849 isti
2611 3795 2679 3849 ad
2712 3793 3097 3852 delectationes
3131 3798 3477 3854 mollissimae

1905 3882 2175 3938 illecebris
2196 3883 2542 3939 saecularibus
2566 3884 2880 3941 invitantur.
2909 3885 3082 3957 Reges
3107 3902 3236 3957 ergo
3265 3887 3478 3944 Arabia:

1906 3985 2051 4041 sunt,
2076 3975 2169 4044 qui
2206 3975 2573 4030 blandimenta
2622 3992 2909 4046 corporum
2958 3977 3143 4048 rigidae
3180 3977 3475 4047 subjiciunt

1907 4064 2219 4133 disciplinae.
2250 4063 2511 4119 Similiter
2548 4064 2723 4131 Saba,
2751 4066 2892 4121 unde
2930 4066 3105 4121 Sabaei
3161 4068 3305 4123 dicti,
3329 4078 3474 4132 sunt.

1907 4157 2153 4227 quamvis
2172 4156 2437 4226 corporali
2461 4156 2817 4212 delectatione
2836 4158 3212 4227 praevaleat,et
3225 4160 3476 4231 jucundis

1907 4249 2165 4303 odoribus
2202 4248 2274 4303 sit
2302 4247 2498 4303 referta
2531 4248 2823 4303 :suaviora
2853 4257 3032 4304 tamen
3070 4250 3319 4307 conversi
3364 4253 3478 4323 ejus

1909 4340 2089 4412 populi
2110 4338 2343 4395 oﬂ'erunt
2362 4340 2502 4395 dona
2530 4340 2812 4395 virtutum.
2838 4339 3052 4411 Syriam
3075 4340 3244 4412 Syrus
3263 4343 3481 4413 quidam

1909 4432 2225 4502 perhibetur
2258 4431 2507 4501 indigena
2533 4445 2630 4486 suo
2655 4432 2919 4487 vocabulo
2953 4447 3311 4502 nuncupasse.
3356 4433 3485 4489 limo

1909 4522 1978 4575 ab
1999 4522 2206 4594 oriente
2227 4520 2387 4576 ﬂuvio
2408 4521 2701 4591 Euphrate,
2729 4523 2798 4577 ab
2823 4537 3020 4577 occasu
3044 4525 3182 4579 mari
3221 4532 3405 4581 nostro
3428 4535 3484 4581 et

1911 4616 2141 4687 Egypto
2169 4618 2508 4680 terminatur,
2544 4617 2755 4671 habens
2788 4632 2818 4669 a
2868 4614 3248 4687 Septentrione
3288 4617 3483 4675 Arme-

1912 4710 2075 4773 niam,
2109 4715 2163 4763 et
2198 4707 2624 4779 Cappadociam;
2654 4724 2687 4762 a
2714 4709 2939 4764 meridie
2964 4710 3141 4766 sinum
3161 4711 3482 4778 Arabiam;

1913 4798 2049 4854 situs
2075 4797 2190 4866 ejus
2229 4805 2511 4867 porrectus
2540 4798 2595 4853 in
2626 4800 2944 4855 immensam
2989 4800 3397 4873 longitudinem,
3427 4804 3483 4856 in

1916 4889 2023 4943 lato
2053 4890 2345 4957 angustior.
2373 4889 2529 4960 Syria
2562 4890 2704 4945 enim
2732 4892 2999 4962 significat
3022 4894 3329 4963 superbiam
3355 4907 3485 4962 gen-

1916 4982 2072 5047 tium,
2100 4998 2219 5050 quae
2246 4982 2440 5051 sepius
2465 4981 2727 5051 aﬂligebat
2757 4984 3007 5053 populum
3032 4984 3146 5038 Dei.
3176 4982 3331 5037 Unde
3351 4983 3488 5037 scri-

1915 5077 2065 5139 ptum
2091 5078 2173 5124 est.
2199 5069 2317 5141 (111
2358 5068 2485 5139 Reg.
2528 5070 2642 5140 xx),
2694 5070 2836 5141 quod
2879 5071 3135 5126 Benadab
3180 5085 3273 5125 rex
3317 5069 3490 5141 Syria:

1916 5160 2321 5230 congregaverit
2354 5175 2571 5215 onmem
2613 5162 2912 5217 exercitum
2956 5178 3133 5227 suum,
3177 5171 3235 5217 et
3271 5162 3494 5233 triginta

1918 5250 2053 5305 duos
2080 5264 2234 5319 reges
2261 5262 2467 5315 secum,
2489 5259 2544 5305 et
2569 5266 2756 5321 equos,
2787 5259 2843 5306 et
2865 5267 3075 5317 currus,
3107 5260 3160 5307 et
3189 5252 3491 5310 ascendens

1918 5341 2188 5411 pugnabat
2234 5350 2425 5394 contra
2476 5339 2799 5407 Samariam,
2831 5349 2887 5395 et
2927 5341 3210 5397 obsidebat
3259 5356 3404 5404 eam,
3434 5348 3494 5397 et

1921 5434 2145 5502 reliqua.
2206 5431 2427 5503 Mystice
2473 5432 2744 5498 Beuadab,
2781 5433 2953 5487 hostis
2994 5433 3181 5497 Israel,
3222 5433 3495 5504 signiﬁcat

1919 5523 2210 5588 diabolum,
2237 5521 2478 5577 omnium
2503 5523 2765 5578 bonorum
2804 5523 3102 5589 inimicum,
3125 5523 3216 5593 qui
3245 5524 3494 5583 diversos

1918 5615 2190 5669 exercitus
2233 5612 2586 5682 malignorum
2630 5612 2913 5683 spirituum
2959 5615 3027 5669 ad
3075 5615 3493 5675 subverteudum

1920 5705 2171 5777 populum
2212 5705 2304 5760 Dei
2339 5705 2622 5761 contrahit.
2660 5703 2766 5762 Sed
2811 5721 2909 5777 per
2956 5722 3150 5778 pueros
3192 5707 3494 5781 principum
