3974 6188
471 343 576 398 559

1145 338 1208 394 Β.
1246 335 1497 393 RABANI
1534 335 1752 392 ΜΑυΚΙ
1785 335 2050 391 ARCllll‘jl

2150 336 2452 396 MOGCNT.
2494 337 2777 394 OPERUM.
2814 336 2993 394 PARS
3028 336 3094 393 il.

3608 336 3718 393 ’διο

473 456 639 512 Israel
662 455 921 521 vincitur,
946 469 1069 511 cum
1107 467 1207 524 per
1231 453 1404 508 bonos
1428 450 1701 506 auditores
1728 458 2038 506 sanctorum
2067 454 2115 514 Α
2143 451 2357 525 (Matth.
2393 452 2573 523 xxm),
2600 452 2771 521 ipsam
2799 460 3010 525 gentem
3042 451 3372 522 exprimens,
3389 464 3510 520 quin
3531 451 3586 504 in
3612 450 3741 506 llic-

473 549 776 612 doctorum,
801 543 893 616 qui
932 544 1007 610 id,
1036 543 1177 614 quod
1206 557 1340 598 aure
1364 540 1618 605 audiunt,
1652 539 1810 595 factis
1860 539 2047 610 imple-

472 654 537 695 re
559 638 828 700 nituntur,
846 634 1063 704 iniquus
1081 632 1253 688 hostis
1272 632 1326 687 in
1350 631 1530 702 fugam
1558 631 1789 685 vertitur
1814 648 1827 685 :
1854 628 2053 684 omnis-

474 743 586 801 que
618 742 751 783 suus
776 725 1049 782 exercitus
1073 740 1106 780 a
1135 723 1395 779 militibus
1418 722 1625 779 Christi
1644 722 1911 778 turbatur.
1939 720 2049 775 Fu-

475 821 558 892 git
577 832 794 890 quoque
821 816 1071 873 Benadab
1096 827 1193 868 rex
1227 812 1397 885 Syria:
1424 812 1477 867 in
1508 826 1648 882 equo
1689 826 1813 867 cum
1859 812 2053 882 equiti.

478 913 619 967 bus:
648 925 751 967 nec
773 923 881 964 non
906 919 1159 977 egressus
1184 918 1279 960 res
1303 902 1468 959 Israel
1495 901 1760 973 percussit
1785 916 1953 971 equos
1996 909 2053 955 et

477 1017 693 1067 currus,
719 1006 778 1056 et
799 997 1067 1069 percusit
1098 994 1313 1066 Syriam
1345 992 1506 1064 plaga
1535 1006 1751 1062 magna.
1784 989 1924 1058 Quid
1945 997 2048 1052 est,

479 1089 620 1160 quod
640 1086 892 1145 Benadab
927 1102 1023 1142 rex
1049 1084 1221 1157 Syria:
1252 1083 1307 1138 in
1332 1097 1472 1151 equo
1499 1097 1625 1137 eum
1652 1080 1926 1150 equitibus
1963 1078 2052 1133 fu-

478 1198 607 1255 gere
624 1179 973 1243 describitur,
994 1176 1102 1232 nisi
1128 1174 1272 1246 quod
1296 1174 1546 1245 princeps
1571 1171 1812 1228 omnium
1849 1169 2056 1240 iniquo.

480 1287 624 1339 rain,
646 1269 890 1331 diabolus
917 1281 1148 1338 quorum
1195 1264 1334 1321 ocitli
1390 1261 1648 1319 sublimes
1688 1269 1842 1326 sunt,
1898 1259 2051 1332 Syria

480 1362 624 1419 enim
650 1362 1037 1431 interpretatur
1075 1355 1346 1419 sublimis,
1384 1354 1439 1409 in
1475 1367 1615 1423 equo
1643 1367 1755 1408 suae
1789 1351 2054 1423 superbia:

479 1451 758 1509 conﬁdens
776 1464 902 1506 cum
939 1446 1212 1518 equitibus
1238 1445 1377 1512 suis,
1404 1443 1613 1501 scilicet
1658 1441 1913 1499 omnibus
1960 1457 2053 1497 su-

480 1544 683 1617 perbis,
710 1541 837 1613 quia
861 1549 947 1597 est
970 1548 1135 1610 caput
1156 1551 1320 1608 super
1348 1548 1538 1592 omnes
1584 1535 1725 1591 ﬁlios
1762 1535 2050 1605 superbia,

454 1637 549 1691 'ab
583 1634 824 1690 exercitu
849 1629 1072 1695 Christi,
1102 1629 1204 1684 hoc
1225 1636 1312 1683 est
1350 1626 1644 1683 humilibus
1675 1635 1732 1683 et
1776 1626 1945 1682 Deum
1988 1626 2054 1680 ti-

479 1723 753 1780 mentibus
773 1729 1063 1791 superatus
1098 1718 1152 1773 in
1188 1717 1371 1789 fugam
1394 1715 1644 1771 vertitur.
1676 1714 1851 1771 Habet
1870 1722 2051 1771 autem

481 1814 639 1886 Syria
663 1812 719 1867 in
740 1826 803 1867 se
827 1808 1134 1881 provincias
1167 1824 1183 1861 :
1219 1806 1657 1877 Commagenam,
1692 1805 2053 1872 Phteniciam,
2083 1795 2129 1855 Β

479 1914 535 1961 et
563 1902 922 1965 Palaestinam,
952 1899 1108 1970 cujus
1132 1912 1262 1969 pars
1284 1904 1369 1954 est
1392 1895 1574 1953 ludius
1611 1897 1816 1967 absque
1858 1895 2054 1952 Sarra-

479 1992 633 2049 ceuis
656 1999 716 2047 et
753 1987 1106 2045 Nabatbeuis.
1148 1985 1508 2057 Commagena
1556 1985 1734 2056 prima
1775 1985 2055 2057 provincia

479 2085 675 2157 Syriae,
696 2099 729 2139 a
745 2080 1008 2139 vocabulo
1029 2078 1407 2150 Commagena:
1423 2077 1574 2133 urbis
1593 2083 1922 2147 nuncupata,
1934 2092 2056 2147 quae

477 2175 749 2246 quondam
776 2171 852 2228 ibi
880 2169 1193 2240 metropolis
1220 2167 1524 2225 habebatur
1551 2184 1565 2220 :
1599 2166 1760 2238 hujus
1795 2172 1879 2221 est
1906 2180 1937 2220 a
1962 2163 2058 2222 Se-

483 2265 792 2338 ptentrione
808 2261 1089 2328 Armenia,
1110 2260 1179 2315 ab
1203 2266 1327 2314 ortu
1348 2257 1752 2329 Mesopotamia,
1774 2271 1807 2312 a
1831 2255 2057 2313 meridie

482 2358 663 2430 Syria,
681 2355 750 2410 ab
761 2351 969 2410 Occasu
989 2365 1141 2407 mare
1151 2349 1420 2421 Magnum.
1437 2346 1664 2404 Phoenix
1684 2347 1872 2404 Cadmi
1886 2347 2057 2404 frater

484 2448 554 2504 ds
575 2445 777 2502 Thebis
800 2443 1174 2515 Egyptiorum
1200 2441 1253 2496 in
1281 2439 1495 2512 Syriam
1514 2438 1787 2510 profectus
1805 2441 1947 2510 apud
1972 2439 2057 2495 Si-

478 2551 673 2611 gonsm
698 2535 963 2607 regnavit,
989 2546 1218 2602 eamque
1253 2531 1586 2602 provinciam
1612 2545 1682 2586 es
1711 2546 1811 2588 suo
1838 2532 2057 2588 nomine

476 2628 812 2687 thnieiam
840 2623 1149 2697 appellavit.
1178 2623 1298 2694 Ipsa
1326 2631 1412 2678 est
1456 2619 1634 2694 [urbs]
1682 2622 1775 2678 ubi
1817 2630 1904 2678 est
1950 2623 2057 2695 ΤΥ-

475 2736 595 2786 rus,
607 2718 674 2775 ad
694 2733 855 2789 quam
876 2716 1064 2773 Esaias
1082 2713 1338 2786 loquitur.
1362 2711 1540 2769 Habet
1557 2720 1736 2768 autem
1763 2712 1831 2767 ab
1849 2712 2058 2769 oriente

475 2809 753 2874 Arabiam,
782 2823 812 2864 a
846 2805 1074 2862 meridie
1098 2820 1249 2861 mare
1285 2804 1548 2861 Rubrum.
1591 2802 1891 2886 Palaestinae
1931 2820 2058 2874 pro-

474 2901 653 2957 vincia
672 2897 942 2954 Philistim
964 2895 1154 2952 urbem
1182 2893 1523 2965 metropolim
1542 2893 1751 2959 habuit,
1768 2908 1888 2963 quae
1911 2908 2056 2950 nunc

474 2993 675 3048 dicitur
697 2988 952 3055 Ascalon,
979 3002 1047 3043 ex
1067 3001 1175 3057 qua
1198 2986 1418 3043 civitate
1442 2984 1622 3041 omnis
1643 2984 1790 3041 eirea
1817 2999 1940 3041 eam
1964 2999 2055 3040 re-

473 3085 562 3154 gio
585 3082 873 3138 Palastina
900 3088 985 3136 est
1006 3085 1337 3150 nuncupata.
1371 3076 1543 3148 Hujus
1568 3077 1639 3134 ab
1662 3077 1873 3134 oriente
1899 3093 2054 3136 mare

472 3170 719 3226 Rubrum
747 3168 1010 3233 occurrit,
1038 3183 1069 3222 a
1097 3167 1398 3222 meridiano
1429 3166 1598 3222 latere
1621 3165 1807 3222 Iudaea
1844 3167 2052 3238 excipi-

472 3272 637 3327 tur,a
665 3259 1071 3332 septentrionali
1101 3257 1257 3330 plaga
1293 3257 1577 3331 Tyriorum
1624 3256 1823 3313 ﬁnibus
1861 3257 2049 3313 dividi-

472 3362 583 3417 tur,
605 3367 674 3408 ac
698 3365 895 3407 occasu
943 3349 1198 3421 Egyptio
1253 3347 1427 3404 limite
1474 3347 1816 3403 terminatur.
1868 3346 2051 3402 Judtea

471 3443 622 3515 regio
652 3436 952 3498 Palaestinae
971 3456 1040 3497 ex
1064 3440 1284 3496 nomine
1307 3438 1457 3495 Judm
1489 3439 1772 3510 appellata,
1808 3455 1875 3497 ex
1896 3439 2052 3509 cujus

471 3533 619 3589 tribu
644 3549 802 3605 reges
848 3533 1055 3589 habuit.
1100 3531 1226 3587 Hac
1254 3530 1404 3602 prius
1430 3528 1685 3586 Chanaan
1709 3530 1851 3585 dicta
1877 3545 1908 3585 a
1941 3530 2051 3587 ﬁlio

472 3626 665 3691 Cham,
695 3626 810 3682 sive
835 3642 866 3680 a
889 3626 1076 3681 decem
1100 3624 1528 3680 Chananteorum
1557 3623 1826 3695 gentibus,
1854 3624 2050 3694 quibus

470 3719 712 3790 esptdsis
737 3717 981 3773 eamdem
1008 3725 1208 3772 terram
1234 3714 1403 3772 Judaei
1430 3717 1803 3787 possederunt.
1833 3717 2048 3772 Initium

471 3809 824 3882 longitudinis
844 3807 966 3879 ejus
986 3824 1019 3864 a
1049 3808 1165 3864 vico
1184 3807 1316 3863 Arfa
1341 3823 1512 3879 usque
1548 3808 1618 3864 ad
1658 3810 1838 3864 vicum
1877 3808 2048 3865 Julia—

472 3902 595 3958 dem
611 3898 945 3972 porrigitur;
970 3900 1026 3954 in
1054 3914 1162 3969 quo
1187 3896 1493 3954 Judaorum
1528 3899 1735 3970 pariter
1761 3912 1826 3955 ac
1853 3899 2045 3971 Tyrio-

469 4006 591 4047 rum
614 3991 918 4047 communis
945 3990 1210 4046 habitatio
1236 3998 1338 4046 est.
1376 3989 1626 4051 Latitudo
1654 3998 1834 4046 autem
1862 3992 1980 4063 ejus
2016 4008 2046 4048 a

470 4094 654 4141 monte
676 4084 869 4141 Libani
895 4099 1065 4154 usque
1092 4083 1162 4138 ad
1189 4082 1488 4139 Tiberiadis
1513 4082 1690 4138 lacum
1717 4084 2044 4140 extenditur.

469 4176 526 4232 ln
556 4177 734 4233 medio
755 4184 934 4232 autem
949 4175 1148 4231 Iudicio
1168 4174 1360 4232 civitas
1383 4174 1751 4247 Hierosolyma
1766 4183 1871 4242 est,
1893 4177 2046 4246 quasi

472 4265 759 4322 umbilicus
783 4265 1018 4337 regionis
1041 4273 1097 4320 et
1130 4264 1294 4321 totius
1344 4272 1524 4331 terrm,
1553 4266 1826 4321 variarum
1883 4282 2044 4336 opum

469 4353 641 4421 dives,
656 4353 898 4425 frugibus
916 4353 1128 4421 fertilis,
1141 4354 1298 4424 aquis
1311 4354 1555 4420 illustris,
1567 4355 1747 4425 opima
1769 4356 2042 4413 balsamis.

2154 543 2408 609 rusalem,
2436 552 2493 599 et
2537 544 2591 597 in
2629 541 2929 598 confinibus
2983 542 3101 614 ejus
3157 542 3385 597 habitat.
3435 542 3740 613 Allegorice

2152 642 2334 687 autem
2361 633 2626 705 significat
2657 641 2975 704 praesentem
3014 632 3340 697 Ecclesiam,
3367 632 3436 688 de
3464 647 3573 703 qua
3602 632 3737 688 seri-

2152 733 2304 792 ptum
2355 734 2439 778 est
2475 740 2488 776 :
2530 721 2883 787 Hierusalem,
2936 738 3053 794 qua:
3110 721 3405 791 wdi/icatur
3446 732 3503 776 ut
3551 724 3747 781 ciuitas

2153 808 2524 882 (Psal.cxxn).
2564 811 2915 885 Tropologice
2961 819 3142 867 autem
3190 811 3465 883 signiﬁcat
3523 812 3743 869 ﬁdelem

2153 903 2412 971 animam,
2438 918 2560 974 quae
2583 920 2717 978 pura
2742 912 2924 961 mente
2964 904 3252 961 Dominum
3300 905 3739 976 contemplatur:

2146 992 2301 1063 juxta
2358 1007 2635 1065 anagogen
2686 1008 2816 1065 ergo
2866 992 3140 1051 ctelestem
3201 995 3468 1065 patriam,
3511 1005 3569 1051 et
3615 1012 3745 1053 san-

2153 1089 2363 1138 ctorum
2418 1083 2730 1155 angelorum
2787 1093 2952 1155 atque
3007 1085 3292 1141 hominum
3343 1086 3742 1142 habitationem

2155 1174 2207 1229 in
2256 1176 2410 1233 ctelis
2435 1217 2451 1242 ,
2505 1177 2573 1232 de
2622 1193 2732 1247 qua
2786 1178 2917 1234 dicit
2978 1177 3268 1249 Apostolus
3327 1197 3341 1232 :
3402 1178 3746 1234 Hierusalem

2150 1282 2269 1336 quae
2322 1284 2531 1323 sursum
2581 1278 2689 1334 est,
2736 1285 2858 1340 qua:
2897 1279 2973 1323 est
3015 1276 3186 1323 mater
3226 1277 3407 1322 nostra
3450 1267 3598 1339 (Gal.
3642 1270 3742 1337 tv).

2151 1357 2228 1411 De
2272 1372 2378 1427 qua
2425 1356 2661 1413 Joannes
2686 1358 2974 1429 Apostolus
3001 1359 3055 1414 in
3081 1359 3405 1432 Apocalypsi
3451 1375 3549 1415 sua
3594 1359 3748 1415 sufli—

2153 1449 2358 1505 cienter
2385 1458 2590 1515 narrat,
2619 1459 2676 1504 et
2695 1458 3023 1506 structuram
3053 1448 3171 1519 ejus
3198 1450 3266 1506 de
3310 1449 3583 1520 lapidibus
3606 1464 3742 1520 prc-

2153 1539 2308 1596 tiosis
2325 1580 2343 1606 ,
2363 1539 2468 1594 hoc
2490 1548 2574 1595 est
2597 1540 2905 1596 hominibus
2930 1540 3160 1606 sanctis,
3205 1541 3434 1611 mystice
3459 1541 3743 1597 describit.

2153 1626 2400 1684 Samaria
2426 1630 2571 1699 regio
2593 1628 2891 1685 Paltestinze
2919 1629 2987 1684 ab
3030 1629 3227 1701 oppido
3265 1630 3498 1700 quodam
3544 1644 3748 1686 nomen

2152 1720 2360 1790 accepit
2379 1736 2498 1791 quae
2519 1721 2814 1776 vocabatur
2841 1720 3109 1785 Samaria,
3128 1722 3322 1777 civitas
3346 1723 3620 1793 quondam
3654 1737 3747 1780 re-

2156 1808 2291 1881 galis
2319 1810 2373 1865 in
2401 1810 2585 1877 lsrael,
2609 1827 2729 1882 qua:
2759 1827 2903 1867 nunc
2931 1812 3001 1867 ab
3035 1811 3261 1883 Augusti
3305 1813 3523 1869 nomine
3574 1813 3750 1870 Seba--

2155 1899 2257 1955 stia
2279 1910 2640 1973 nuncupatur.
2659 1901 2785 1957 Haec
2807 1903 2956 1974 regio
2978 1902 3120 1958 inter
3129 1901 3158 1956 Ι
3164 1903 3371 1961 ιιάωειω
3383 1913 3440 1960 et
3456 1903 3744 1961 Galilaeam

2155 1988 2332 2044 media
2368 1987 2550 2058 jacet,
2579 1990 2840 2060 incipiens
2871 2006 2902 2045 a
2928 1991 3080 2057 vico,
3102 1992 3189 2047 cui
3220 2007 3415 2048 nomen
3445 2001 3529 2048 est
3557 1992 3742 2058 Eleas,

2155 2079 2413 2137 deficiens
2446 2081 2499 2135 in
2542 2089 2687 2135 terra
2712 2080 2946 2137 Ararath
2978 2099 2991 2136 :
3025 2082 3163 2138 situs
3188 2081 3307 2152 ejus
3341 2091 3535 2139 natura
3562 2085 3750 2140 consi-

2156 2171 2290 2238 mili,
2326 2186 2429 2228 nec
2452 2172 2562 2228 ullo
2587 2172 2840 2229 differens
2870 2188 2900 2227 a
2925 2172 3129 2230 ludam.
3161 2173 3412 2230 Samaria
3455 2174 3628 2240 enim,
3648 2192 3747 2229 cu-

2155 2263 2326 2319 stodia
2376 2264 2761 2335 interpretatur
2799 2282 2815 2319 :
2854 2265 2979 2321 inde
3023 2273 3350 2337 nuncupata,
3388 2267 3536 2337 quod
3564 2276 3748 2324 trans-

2156 2354 2280 2412 latis
2305 2356 2489 2412 decem
2518 2357 2763 2413 tribubus
2797 2374 2829 2412 a
2857 2357 3124 2415 Chaldaeis
3170 2359 3290 2416 alia:
3326 2370 3514 2432 gentes
3555 2362 3627 2418 ab
3661 2364 3748 2419 eis

2156 2446 2459 2502 substitutus
2487 2457 2629 2513 sunt,
2661 2463 2782 2518 qua:
2804 2457 3009 2504 terram
3036 2448 3391 2506 custodirent.
3426 2450 3617 2508 Solent
3644 2468 3747 2508 au-

2157 2544 2265 2595 tem
2290 2537 2618 2595 Samaritani
2644 2538 2961 2597 idololatriae
2993 2541 3283 2613 imaginem
3312 2544 3602 2600 sustinere.
3635 2545 3746 2617 Ipsi

2156 2630 2301 2684 enim
2329 2630 2564 2699 separati
2594 2645 2623 2684 a
2650 2630 2848 2701 popqu
2874 2627 3179 2686 Iudaeorum
3214 2632 3520 2689 simulacris
3544 2632 3749 2692 multo-

2158 2734 2278 2774 rum
2310 2720 2640 2786 animalium,
2672 2720 2724 2776 itl
2752 2723 3056 2785 est,vaccis
3079 2724 3259 2779 aureis
3281 2725 3585 2779 animarum
3616 2740 3747 2781 sua-

2156 2824 2274 2865 rum
2297 2810 2459 2866 decus
2480 2812 2816 2867 addixemnt.
2844 2811 3075 2869 Possunt
3097 2813 3260 2867 etiam
3290 2813 3347 2868 in
3378 2812 3746 2870 Samaritanis

2157 2910 2211 2956 et
2239 2900 2478 2956 lueretici
2505 2903 2698 2973 accipi,
2726 2902 2818 2972 qui
2859 2903 3107 2959 videntur
3144 2904 3276 2975 legis
3331 2904 3427 2960 Dei
3480 2905 3740 2962 notitiam

2156 2989 2379 3057 habere,
2408 2992 2502 3049 sed
2532 3007 2776 3047 errorum
2810 3008 3029 3049 suorum
3061 2993 3347 3049 simulacra
3387 3010 3491 3050 non
3522 3003 3746 3053 cessant

2156 3080 2358 3146 colore,
2390 3090 2445 3135 et
2475 3081 2594 3136 ideo
2621 3084 2852 3153 separati
2901 3098 2932 3137 a
2978 3083 3174 3153 pupula
3223 3084 3317 3139 Dei
3363 3084 3566 3140 nullam
3610 3101 3745 3158 pos-

2152 3178 2277 3225 sunt
2326 3173 2756 3228 communionem
2809 3174 3029 3230 habere.
3093 3174 3284 3230 ltursea
3333 3183 3389 3231 et
3432 3177 3747 3235 Traconitis

2152 3264 2320 3337 regio,
2351 3263 2505 3334 cujus
2531 3265 2801 3321 tetrarcha
2830 3265 2932 3322 fuit
2963 3266 3262 3339 Philippus,
3294 3268 3433 3324 sicut
3472 3269 3526 3323 in
3557 3270 3746 3326 Evan-

2152 3353 2290 3424 gelio
2323 3354 2569 3424 legimus.
2594 3354 2903 3410 Traconitis
2926 3364 3107 3412 autem
3146 3357 3343 3413 dicitur
3392 3368 3537 3414 terra
3574 3357 3741 3425 juxta

2153 3446 2424 3503 desertum
2448 3446 2681 3511 Arabim,
2710 3447 2855 3517 quod
2890 3446 3377 3519 Bostrtejungitur.
3408 3448 3603 3505 lturtca
3637 3451 3744 3521 Sy-

2152 3552 2270 3592 rum
2325 3546 2429 3604 est,
2462 3546 2517 3593 et
2569 3538 2954 3609 interpretatur
2993 3549 3265 3599 montana.
3311 3538 3531 3596 Galilzm
3583 3544 3743 3612 regio

2152 3628 2467 3697 Palaestina},
2488 3644 2706 3697 vocata,
2724 3631 2868 3702 quod
2889 3631 3073 3702 gignat
3094 3631 3438 3688 candidiores
3458 3632 3740 3699 homines,

2151 3735 2313 3790 quam
2350 3718 2655 3775 Palaestina.
2708 3717 2835 3776 Haec
2877 3717 3067 3775 autem
3093 3719 3289 3792 duplex
3325 3729 3408 3776 est
3436 3738 3450 3776 :
3481 3724 3744 3792 superior

2148 3818 2204 3864 et
2229 3807 2471 3876 inferior,
2496 3809 2599 3865 sibi
2630 3816 2809 3864 tamen
2843 3824 3120 3874 connexa,
3150 3808 3320 3882 Syriae
3349 3819 3405 3863 et
3435 3810 3742 3868 Phoenicia:

2150 3900 2505 3956 adlucrentes.
2536 3900 2704 3957 Terra
2734 3916 2922 3957 earum
2952 3901 3132 3972 opima
3160 3909 3216 3956 et
3243 3899 3391 3957 ferax
3442 3912 3499 3957 et
3536 3901 3741 3960 fructi-

2149 3991 2249 4046 bus
2270 3991 2403 4047 satis
2424 3989 2671 4047 fecunda.
2694 3990 3084 4062 Interpretatur
3103 3999 3281 4046 autem
3307 3990 3552 4057 Galiltea,
3590 4004 3740 4061 rota,

2146 4083 2260 4139 sive
2289 4082 2675 4154 transmigratio
2712 4081 2854 4153 facta
2911 4080 3152 4137 revelatio
3209 4100 3222 4136 :
3269 4096 3397 4151 qum‘
3436 4081 3741 4153 aliquando

2146 4172 2413 4245 signiﬁcat
2437 4174 2719 4243 praesentis
2729 4173 2853 4228 vita!
2867 4187 3108 4238 cursum,
3130 4180 3189 4229 ut
3207 4182 3293 4228 est
3320 4172 3448 4228 illud
3473 4173 3527 4227 in
3551 4173 3740 4229 Evan-

2144 4263 2302 4334 gelio,
2318 4263 2409 4319 ubi
2432 4264 2497 4320 de
2519 4262 2797 4339 Salvatore
2817 4262 3017 4318 dictum
3045 4271 3129 4319 est
3155 4280 3170 4319 :
3200 4261 3429 4334 Reliquit
3451 4261 3708 4317 Iudicum
3723 4305 3739 4327 ,

2146 4362 2192 4407 et
2220 4353 2408 4408 iterum
2454 4354 2589 4409 venit
2638 4355 2693 4407 in
2739 4351 3015 4407 Galila-am
3061 4350 3245 4425 (Joan.
3290 4353 3386 4425 Iv).
3424 4352 3567 4421 Quid
3621 4362 3737 4419 est,

469 4441 625 4499 Unde
644 4444 936 4500 secundum
953 4444 1341 4501 elementorum
1357 4446 1583 4515 gratiam
1598 4446 2041 4501 existimaverunt
2069 4480 2122 4539 Β
2148 4440 2352 4512 reliquit
2372 4441 2640 4508 Iudaeam,
2694 4442 2799 4497 nisi
2846 4441 3062 4521 reliquit
3104 4441 3471 4498 infidelitatem
3512 4442 3741 4498 illorum

466 4531 636 4587 Judaei
656 4548 776 4589 eam
797 4535 1115 4602 promissam
1136 4534 1380 4605 patribus
1396 4543 1595 4590 terram
1612 4534 1865 4590 fluentem
1888 4536 2044 4592 melle
2069 4530 2114 4539 ’⁷
2154 4532 2246 4600 qui
2279 4547 2401 4586 eum
2432 4533 2671 4602 recipere
2696 4532 3003 4596 noluerunt,
3030 4541 3084 4588 et
3110 4530 3342 4603 lapidem
3358 4572 3374 4586 .
3406 4545 3572 4601 quem
3600 4532 3743 4586 mdi-

468 4622 830 4689 ctlaete,eum
851 4623 977 4680 hinc
1004 4625 1108 4679 illis
1137 4625 1277 4681 Deus
1300 4625 1710 4681 resurrectionis
1736 4627 2047 4697 prterogati-

466 4729 592 4772 vam
608 4714 973 4787 polliceretur.
996 4714 1186 4783 Judaei,
1208 4715 1551 4786 confessores,
1579 4716 2005 4789 interpretantur
2028 4736 2042 4773 :

465 4816 522 4867 ct
539 4807 724 4864 ludas
752 4806 1138 4876 interpretatur
1158 4805 1431 4876 confessio.
1453 4804 1673 4877 Hystice
1692 4816 1933 4863 sanctam
1947 4808 2045 4864 Ec-

464 4901 686 4958 clesiam
707 4896 1006 4970 signiﬁcat:
1029 4897 1081 4952 in
1098 4911 1200 4966 qua
1222 4895 1480 4950 Dominus
1502 4904 1644 4950 recta
1668 4895 1791 4961 ﬁde,
1805 4897 1888 4968 pia
1915 4913 2045 4953 eon-

463 4993 699 5049 fossione
734 4997 790 5046 ct
821 4988 977 5045 bonis
1012 4987 1268 5058 operibus
1308 5001 1522 5057 semper
1568 4984 1834 5042 laudatur.
1878 4987 2044 5058 Cujus

463 5082 629 5141 etiam
660 5093 842 5157 typum
883 5079 1238 5145 Hierusalem,
1263 5094 1382 5150 qua!
1398 5079 1781 5149 interpretatur
1800 5078 1925 5133 cisio
1946 5097 2039 5151 pa-

461 5179 556 5240 ris,
578 5186 755 5232 tenet:
773 5175 898 5246 quia
921 5172 1010 5230 ille
1031 5173 1155 5230 inde
1174 5172 1524 5243 conspicitur,
1539 5171 1629 5241 qui
1644 5180 1719 5226 est
1737 5188 1845 5243 pax
1859 5183 2036 5227 nostra

461 5277 509 5320 et
532 5266 654 5337 fecit
684 5276 904 5338 utraque
935 5282 1100 5320 unum
1132 5263 1345 5337 (Ephes.
1375 5262 1457 5331 ιι).
1492 5261 1599 5318 Sed
1636 5264 1819 5319 ethoc
1839 5271 2035 5318 notan-

462 5355 613 5421 dum,
639 5356 782 5426 quod
807 5362 862 5411 et
886 5354 1220 5411 Hierusalem
1257 5352 1549 5409 secundum
1591 5352 1871 5408 historiam
1920 5352 2034 5422 ipsa

460 5456 546 5502 est
565 5445 713 5509 urbs,
738 5445 792 5500 in
819 5461 924 5515 qua
956 5446 1212 5500 Dominus
1235 5443 1528 5499 crucifixus
1552 5451 1637 5499 est
1672 5452 1731 5498 et
1771 5442 2035 5513 sepultus,

461 5538 881 5594 etresurrcsita
915 5538 1160 5601 mortuis,
1183 5537 1250 5591 ad
1277 5551 1439 5606 quam
1471 5533 1721 5589 Salvator
1768 5534 1821 5588 in
1862 5533 2036 5588 Evan-

462 5626 603 5698 gelio
637 5630 712 5682 ait
742 5647 752 5681 :
787 5628 1137 5691 Hierusalem,
1170 5625 1525 5690 Hierusalem,
1552 5642 1665 5696 qute
1690 5624 1881 5679 occidis
1910 5642 2032 5694 pro-

464 5721 665 5789 nitelas,
695 5731 739 5774 et
796 5719 997 5789 lepidas
1037 5737 1120 5774 eos
1162 5721 1249 5790 qui
1303 5719 1369 5773 ad
1428 5729 1475 5772 te
1540 5720 1681 5773 missi
1738 5728 1874 5784 sunt,
1923 5729 2033 5772 etc.

2153 4625 2318 4681 ﬁeare
2343 4624 2667 4690 debuerunt,
2702 4626 3128 4695 repmbaverunt
3155 4643 3168 4677 :
3201 4632 3257 4679 et
3281 4623 3416 4678 abiit
3449 4637 3550 4693 per
3592 4637 3742 4692 apo-

2149 4714 2315 4770 stolos
2352 4715 2407 4770 in
2456 4714 2750 4779 Galilaeam,
2803 4715 2856 4769 id
2909 4723 3011 4780 est,
3061 4715 3114 4769 in
3143 4713 3530 4769 volubilitatem
3563 4713 3742 4783 hujus

2150 4810 2359 4876 mundi,
2390 4810 2709 4882 prmcipiens
2737 4810 2996 4881 apostolis
3026 4826 3041 4862 :
3069 4808 3172 4874 Ite,
3196 4808 3374 4863 docete
3397 4823 3579 4862 omnes
3599 4824 3742 4876 gen-

2147 4914 2242 4967 tcs,
2270 4901 2590 4972 baptizantes
2611 4917 2697 4955 eos
2718 4901 2774 4955 in
2805 4900 3011 4955 nomine
3039 4897 3238 4964 Patris,
3264 4908 3311 4953 et
3347 4895 3496 4962 Filii,
3521 4906 3570 4950 et
3606 4897 3742 4966 Spi-

2145 4996 2277 5049 ritus
2298 4995 2469 5048 sancti
2498 4993 2713 5065 (Matth.
2745 4991 2959 5063 xxviii).
2997 4992 3151 5059 Quod
3189 4999 3370 5047 autem
3404 4989 3626 5045 Galilaea
3671 4991 3738 5045 in

2143 5083 2613 5155 transmigratioue
2640 5081 2923 5153 s'gnificet,
2949 5082 3184 5137 ostendit
3212 5081 3359 5145 illud,
3379 5079 3522 5150 quod
3552 5095 3736 5150 ange-

2140 5174 2225 5230 lus
2264 5175 2333 5229 ad
2380 5182 2786 5229 monumentum
2837 5172 3044 5228 Domini
3092 5181 3215 5241 post
3264 5169 3743 5227 resurrectionem

2139 5268 2256 5337 ejus
2300 5265 2615 5321 mulieribus
2643 5264 2759 5319 ait:
2793 5262 3058 5317 l’ra‘cedet
3083 5280 3171 5318 vos
3202 5265 3256 5318 in
3291 5261 3604 5325 Catilinam;
3653 5261 3746 5315 ibi

2138 5371 2256 5408 eum
2284 5353 2538 5417 videbitis,
2565 5369 2680 5407 ecce
2706 5352 2817 5407 dixi
2848 5352 2987 5406 vobis
3015 5350 3221 5421 (Ibid.).
3249 5350 3366 5404 Iam
3391 5350 3592 5419 quippe
3619 5347 3748 5403 Re-

2139 5445 2385 5516 demptor
2436 5453 2623 5501 noster
2676 5460 2709 5498 a
2755 5443 3005 5513 passione
3056 5442 3123 5497 ad
3170 5441 3667 5504 resurrectionem,
3705 5458 3743 5496 a

2141 5546 2317 5591 morte
2345 5534 2413 5591 ad
2443 5536 2634 5601 vitam,
2665 5549 2697 5589 a
2725 5548 2886 5605 pmna
2930 5533 2996 5589 ad
3024 5532 3285 5604 gloriam,
3313 5548 3343 5586 a
3369 5529 3750 5600 corruptione

2139 5630 2207 5683 ad
2251 5628 2707 5699 incorruptionem
2747 5628 3242 5697 transmigraverat.
3288 5624 3447 5679 Prius
3473 5632 3603 5693 post
3634 5637 3752 5678 re-

2142 5721 2529 5776 surrectionem
2563 5718 2615 5772 in
2663 5717 2879 5774 Galilm
2930 5734 2959 5771 a
3010 5716 3285 5789 discipulis
3329 5715 3563 5778 videtur.
3599 5714 3752 5781 quia
