3974 6188
282 343 399 400 δυ’

1250 337 1338 393 DE
1377 336 1723 396 UNIV'ERSO
1761 337 1943 396 LIBRI
1979 337 2145 396 XXII.
2185 370 2254 380 —
2291 340 2420 396 LIB.
2457 340 2571 400 XII.

3446 346 3557 406 5H.

282 461 708 522 resurrectionis
749 457 869 529 ejus
915 455 1137 529 gloriam
1178 466 1300 528 post
1326 456 1432 511 laeti
1473 457 1792 522 videbimus,
1823 457 1868 511 si
1896 461 1946 521 Α
1971 464 2119 526 ptus,
2149 455 2418 510 tribulatio
2447 464 2794 526 coangustans
2819 469 2838 506 :
2864 465 2918 512 ct
2946 456 3217 529 significat
3243 475 3440 517 vanum
3467 463 3550 520 la-

283 556 445 611 modo
475 568 507 607 a
538 551 686 606 vitiis
713 551 781 605 ad
811 551 1066 604 virtutum
1099 547 1473 602 celsitudinem
1511 547 1864 617 transmigra-

285 662 423 700 nius.
463 644 567 712 Qui
594 658 724 714 ergo
770 641 1048 695 nuntiatur
1096 639 1148 692 in
1199 638 1478 707 sepulcro,
1521 639 1572 692 in
1615 638 1867 692 transmi-

285 736 532 807 gratione
559 733 896 798 ostenditur;
947 731 1072 800 quia
1116 731 1182 794 is,
1226 730 1318 799 qui
1365 730 1418 782 in
1448 729 1865 784 mortiﬁcatione

285 828 468 884 carnis
517 825 862 894 agnoscitur,
894 822 948 878 in
981 821 1452 892 transmigratione
1488 819 1685 874 mentis
1723 818 1867 873 vides

286 930 390 973 tur.
421 918 731 973 Secundum
760 915 888 970 illud
919 922 1116 978 autem,
1141 911 1286 982 quod
1333 910 1548 966 Galilrea
1593 911 1861 978 interpre-

286 1018 427 1063 tatur
455 1007 723 1072 revelatio,
750 1020 859 1060 non
879 1003 991 1072 jam
1023 1003 1078 1057 in
1102 1002 1274 1057 forma
1299 1001 1438 1056 servi
1464 999 1861 1069 intelligendum

285 1109 388 1163 est,
417 1099 512 1154 sed
539 1097 651 1160 illa,
682 1098 735 1150 in
769 1113 875 1166 qua
905 1095 1127 1164 aequalis
1155 1102 1238 1149 est
1278 1093 1450 1158 Patri,
1481 1108 1641 1162 quam
1668 1091 1864 1160 promi-

285 1191 354 1246 sit
383 1190 526 1260 apud
548 1189 812 1245 Joannem
859 1186 1206 1243 dilectoribus
1249 1187 1384 1250 suis,
1415 1200 1536 1239 cum
1584 1182 1790 1238 diceret
1846 1201 1857 1236 :

285 1281 351 1334 Et
374 1297 467 1350 ego
491 1280 709 1350 diligam
739 1295 879 1343 eum,
901 1287 950 1332 et
977 1277 1244 1332 ostendam
1273 1293 1352 1330 me
1379 1277 1547 1346 ipsum
1571 1274 1649 1329 illi
1677 1275 1859 1344 (Joan.

282 1374 428 1442 xiv);
479 1390 585 1428 non
616 1373 800 1441 utique
821 1370 1114 1426 secundum
1151 1368 1221 1434 id,
1247 1369 1391 1438 quod
1429 1367 1541 1434 jam
1588 1367 1858 1431 videbant,

285 1477 338 1521 et
365 1465 508 1535 quod
535 1464 650 1532 jam
677 1477 964 1532 resurgens
989 1477 1113 1517 cum
1144 1459 1487 1515 cicatricibus
1532 1475 1638 1513 non
1687 1459 1860 1514 solum

283 1558 596 1619 videndum,
618 1555 714 1610 sed
743 1555 904 1609 etiam
943 1554 1268 1622 tangendum
1299 1551 1638 1621 postmodum
1681 1560 1862 1606 osten-

283 1648 391 1713 dit;
423 1647 519 1702 sed
541 1647 837 1701 secundum
874 1645 1017 1698 illam
1048 1642 1372 1698 ineffabilem
1399 1641 1574 1697 lucem
1598 1656 1714 1710 qua:
1739 1639 1864 1694 illu-

283 1739 444 1791 minat
473 1737 680 1791 o'mnem
709 1735 966 1789 hominem
997 1735 1282 1787 venientem
1332 1735 1385 1786 in
1432 1733 1570 1786 hunc
1607 1731 1859 1787 mundum

1971 546 2179 610 borcm,
2207 559 2364 614 quem
2397 544 2565 614 iniqui
2596 555 2852 600 exercent
2887 547 2938 601 in
2966 548 3067 602 hoc
3099 548 3297 606 mundo
3323 561 3553 610 aestuan-

1971 646 2052 692 tes
2080 652 2174 706 per
2201 637 2504 702 avaritiam,
2535 635 2683 692 lucra
2713 637 2893 692 saeculi
2925 640 3204 704 sectando.
3257 651 3312 697 et
3339 648 3550 718 negotia

1971 728 2153 783 mundi
2177 728 2476 782 exercendo
2502 746 2514 781 :
2544 727 2636 782 ubi
2676 744 2951 798 nunquam
2993 732 3279 789 animabus
3327 736 3438 791 suis
3465 754 3552 794 re-

1967 817 2146 886 quiem
2179 817 2472 882 invenient,
2502 818 2596 872 sed
2631 818 2696 873 dc
2748 818 3095 876 tribulatione
3143 822 3302 893 hujus
3329 825 3450 882 vita:
3497 829 3550 884 iu

1969 909 2270 977 angustiam
2306 909 2622 977 pervenient
2677 911 3082 980 sempiternam.
3129 913 3314 971 Potest
3369 930 3549 975 autem

1968 996 2233 1069 [Egyptus
2264 1000 2519 1053 mundum
2550 1000 2856 1069 significare
2881 1000 2945 1054 ad
2984 1002 3150 1058 Deum
3196 1021 3547 1073 conversum,

1967 1095 2025 1140 ut
2049 1087 2098 1140 iu
2126 1087 2364 1156 psalmo:
2401 1087 2611 1142 Venient
2637 1089 2794 1160 legati
2821 1108 2883 1146 ex
2909 1092 3139 1164 :Egyplo
3165 1097 3337 1168 (Psal.
3361 1103 3549 1170 vau).

1967 1176 2034 1228 Et
2058 1177 2108 1229 in
2147 1177 2281 1231 Isaia
2323 1196 2334 1230 :
2369 1176 2435 1230 In
2463 1177 2545 1231 die
2568 1178 2658 1232 illa
2689 1179 2783 1233 erit
2813 1180 2980 1235 altare
3023 1183 3233 1238 Domini
3277 1187 3330 1241 in
3381 1191 3551 1244 medio

1965 1275 2117 1320 terra:
2148 1266 2385 1337 zEgypti.
2413 1268 2724 1322 Clamabunt
2751 1271 2885 1323 enim
2925 1273 2992 1324 ad
3023 1271 3303 1328 Dominum
3353 1296 3384 1330 a
3416 1280 3552 1348 [acie

1963 1357 2283 1422 tribulantis,
2316 1368 2363 1411 et
2401 1359 2562 1412 mittet
2590 1361 2662 1414 eis
2691 1357 3017 1416 Salvatorem
3041 1373 3088 1416 et
3114 1379 3550 1436 propugnatorem

1964 1450 2052 1519 qui
2076 1448 2253 1502 liberet
2278 1467 2364 1503 eos
2389 1449 2522 1520 (lsa.
2567 1450 2858 1522 xtx).Item
2888 1453 2942 1507 in
2984 1454 3178 1508 malam
3213 1466 3422 1526 partem
3469 1459 3551 1512 in-

1965 1538 2239 1610 telligitur,
2269 1548 2326 1594 ut
2370 1547 2452 1594 est
2484 1539 2615 1594 illttd
2646 1541 2896 1597 Ezechiel
2928 1561 2940 1596 :
2971 1542 3101 1596 Cum
3136 1545 3326 1600 dedero
3357 1558 3551 1603 terram

1965 1627 2183 1698 ZEgypti
2211 1627 2518 1682 desolatam.
2563 1628 2841 1684 Deseretur
2878 1642 3051 1687 autem
3095 1642 3234 1688 terra
3271 1653 3303 1688 a
3327 1635 3550 1706 plenitu-

1964 1717 2085 1770 dine
2111 1735 2228 1782 sua,
2259 1718 2468 1788 quando
2513 1735 2814 1788 percussero
2854 1737 3031 1776 omnes
3075 1723 3392 1780 habitatores
3435 1724 3550 1798 ejits

284 1829 460 1898 (Joan.
493 1827 558 1899 t),
591 1827 890 1882 secundum
920 1841 1083 1894 quam
1114 1824 1247 1877 lucet
1276 1825 1327 1876 in
1355 1824 1605 1887 tenebris,
1629 1832 1678 1876 et
1717 1831 1861 1876 tene-
1891 1810 1937 1868 Β
1967 1809 2181 1882 (Εκείιο
2209 1810 2384 1879 “lxl-
2415 1809 2544 1865 Ῑιειη
2575 1811 2738 1867 Amos
2763 1813 2894 1867 (Ῑῖοίι
2927 1832 2938 1866 ε
2973 1813 3236 1885 Ᾱῖθυριιιε
3266 1816 3319 1870 in
3354 1817 3553 1874 desola-

281 1919 385 1972 bra!
403 1935 521 1971 eam
544 1934 649 1970 non
683 1915 1199 1986 comprehenderunt.
1247 1915 1374 1968 Illuc
1421 1929 1518 1969 nos
1564 1913 1858 1984 praecessit,

280 2006 419 2060 unde
447 2005 518 2059 ad
549 2019 651 2060 nos
691 2005 913 2060 veniens
957 2019 1061 2058 non
1100 2004 1345 2068 recessit,
1375 2012 1429 2059 et
1464 2019 1570 2073 quo
1599 2019 1696 2059 nos
1723 2019 1862 2074 pra:-

278 2093 474 2148 cedens
500 2109 611 2147 non
637 2094 892 2148 deseruit.
915 2094 1006 2147 Illa
1033 2095 1137 2148 erit
1165 2095 1438 2159 revelatio,
1458 2103 1711 2164 tanquam
1734 2108 1860 2148 vera

279 2185 331 2238 in
354 2183 601 2246 Galilma,
627 2199 748 2240 cum
773 2186 978 2240 similes
999 2186 1049 2240 ei
1072 2185 1290 2241 erimus.
1320 2185 1392 2240 lbi
1413 2202 1538 2240 eum
1563 2185 1863 2241 videbimus

275 2275 434 2328 sicuti
475 2284 563 2330 est
591 2274 644 2344 (I
665 2274 826 2328 Joan.
861 2274 965 2345 ιιι).
989 2274 1106 2344 Ipsa
1137 2274 1240 2329 erit
1262 2275 1425 2330 etiam
1446 2274 1656 2330 beatior
1685 2283 1862 2331 trans-

278 2365 530 2436 migratio
547 2381 617 2420 ex
643 2366 750 2421 isto
778 2365 976 2421 szrculo
1000 2367 1053 2420 in
1093 2365 1238 2420 illam
1267 2366 1621 2422 aeternitatem
1640 2405 1656 2431 ,
1678 2366 1723 2420 si
1745 2365 1861 2436 ejus

279 2463 548 2524 praecepta
579 2454 659 2509 sic
688 2455 1095 2524 amplectamur,
1127 2464 1186 2508 ut
1212 2456 1278 2510 ad
1309 2455 1426 2528 ejus
1455 2457 1735 2511 dexteram
1779 2471 1864 2511 se-

277 2544 490 2614 gregari
519 2560 847 2600 mereamur.
879 2545 1186 2614 Pentapolis
1214 2546 1360 2616 regio
1390 2546 1443 2601 in
1470 2545 1704 2602 confinio
1735 2546 1863 2601 Ara-

277 2633 784 2690 biznetPalasstiua:
832 2636 958 2702 sita,
1003 2637 1145 2691 dicta
1197 2652 1228 2689 a
1271 2636 1512 2706 quinque
1555 2637 1862 2692 civitatibus

278 2723 593 2793 impiorum,
618 2740 739 2794 qua:
765 2725 970 2780 caelesti
1003 2726 1127 2795 igne
1166 2736 1498 2796 consumpta:
1527 2735 1652 2781 sunt
1677 2745 1689 2780 :
1719 2736 1862 2782 terra

279 2813 508 2882 amplius
533 2815 604 2869 ab
626 2813 958 2871 Hierusalem
990 2817 1117 2872 olim
1166 2818 1460 2884 uberrima,
1492 2834 1635 2872 nunc
1683 2826 1863 2874 autem

279 2905 492 2960 deserta
524 2915 693 2976 atque
718 2917 926 2964 exusta.
953 2908 1087 2963 Nam
1110 2924 1210 2978 pro
1234 2909 1438 2964 scelere
1472 2909 1770 2966 incolarum
1798 2910 1865 2964 de

279 2996 418 3050 creto
443 2996 731 3054 descendit
759 2999 916 3068 ignis,
949 3001 1038 3070 qui
1069 3001 1342 3072 regionem
1367 3002 1512 3056 illam
1559 3002 1613 3057 in
1653 3003 1866 3058 cineres

276 3095 509 3142 atternos
531 3089 804 3155 dissolvit;
847 3091 956 3146 illic
993 3093 1185 3146 umbra
1214 3093 1457 3162 quaedam
1497 3092 1786 3162 etspecies
1807 3093 1862 3146 in

1963 1901 2102 1953 tione
2122 1901 2218 1954 erit
2239 1909 2285 1953 et
2313 1899 2553 1955 ldumtea
2577 1902 2632 1955 in
2653 1902 2912 1956 desertum
2941 1905 3246 1974 perditionis
3276 1906 3414 1976 (Joel
3441 1908 3546 1980 tu).

1965 1989 2209 2061 Scythia,
2241 1990 2379 2044 sicut
2405 2000 2460 2044 et
2482 1990 2677 2045 Gothia
2705 2007 2734 2045 a
2759 1992 2965 2062 Magog,
2998 1993 3107 2046 filio
3133 1991 3346 2064 Japliet,
3376 1994 3550 2052 fertur

1963 2085 2339 2153 cognominata
2377 2101 2391 2139 :
2429 2084 2582 2153 cujus
2611 2095 2754 2140 terra
2790 2085 2916 2140 olim
2941 2087 3131 2158 ingens
3170 2088 3288 2142 fuit.
3315 2087 3453 2144 Nam
3481 2092 3553 2146 ab

1964 2178 2172 2232 oriente
2203 2177 2375 2244 India,
2406 2194 2437 2232 a
2469 2179 2838 2246 septentrione
2858 2194 2959 2248 per
2985 2179 3209 2249 paludes
3252 2180 3541 2237 Metocides

1964 2267 2281 2341 [Maeotides]
2318 2271 2459 2324 inter
2490 2269 2790 2325 Danubium
2818 2279 2872 2325 et
2905 2269 3179 2326 Oceanum
3207 2287 3378 2341 usque
3405 2271 3543 2327 Ger-

1964 2358 2159 2414 mania!
2185 2357 2322 2414 fines
2345 2358 2742 2430 porrigebatur.
2771 2359 2964 2415 Postea
2995 2377 3123 2416 vero
3151 2363 3328 2417 minor
3350 2361 3540 2418 eﬂ‘ecta

1964 2465 1996 2504 a
2025 2451 2212 2506 dextra
2232 2453 2458 2508 orientis
2475 2462 2650 2524 parte,
2678 2469 2784 2525 qua
2815 2469 3050 2511 oceanus
3098 2454 3321 2527 Syrieus
3367 2455 3546 2510 tendi-

1964 2550 2055 2598 tur
2097 2559 2266 2615 usque
2294 2547 2361 2600 ad
2389 2562 2540 2602 mare
2571 2546 2847 2617 Caspium,
2876 2548 3019 2618 quod
3044 2555 3128 2602 est
3147 2548 3214 2601 ad
3247 2563 3500 2603 occasum
3532 2567 3544 2602 :

1965 2636 2162 2692 dehinc
2191 2651 2223 2692 a
2261 2637 2488 2692 meridie
2516 2651 2687 2708 usque
2716 2638 2785 2692 ad
2820 2636 3045 2694 Caucasi
3080 2637 3268 2708 jugum
3315 2638 3547 2692 deducta

1963 2737 2086 2785 est:
2115 2730 2202 2785 cui
2231 2727 2476 2798 subjacet
2499 2730 2766 2801 Hyrcania
2795 2730 2863 2785 ab
2890 2745 3084 2784 occasu
3113 2729 3316 2784 habens
3345 2729 3550 2798 pariter

1967 2823 2165 2879 multas
2194 2833 2384 2896 gentes
2422 2831 2642 2894 propter
2670 2831 2937 2877 terrarum
2967 2821 3409 2877 infecunditatem
3440 2821 3548 2877 late

1966 2923 2244 2986 vagantes,
2267 2929 2336 2970 ex
2357 2915 2552 2985 quibus
2574 2914 2817 2984 quaadam
2841 2927 2998 2982 agros
3021 2911 3280 2976 incolunt,
3299 2911 3544 2980 quazdam

1967 3012 2296 3074 portentosae
2331 3019 2397 3059 ac
2455 3011 2632 3059 truces
2677 3003 2932 3058 carnibus
2971 3002 3220 3057 humanis
3251 3009 3307 3057 et
3355 3016 3544 3058 eorum

1968 3096 2231 3166 sanguine
2277 3095 2486 3150 vivunt.
2529 3094 2766 3166 Scythia:
2799 3093 2983 3164 plures
3029 3103 3187 3149 terra:
3225 3101 3353 3147 sunt
3397 3091 3545 3162 locu-

278 3177 473 3233 favillis
500 3187 557 3233 et
588 3180 873 3237 arboribus
903 3182 1034 3250 ipsis
1061 3161 1434 3240 etiamiadhuc
1461 3161 1692 3238 videtur.
1749 3182 1860 3237 Na-
1890 3161 1934 3223 C
1966 3161 2156 3258 pletes,
2183 3185 2562 3243 inhabitabiles
2589 3161 2770 3241 tamen
2800 3161 3014 3252 plures.
3044 3183 3178 3238 Nam
3202 3183 3328 3238 dum
3353 3183 3405 3236 in
3432 3161 3544 3254 plc-

277 3282 503 3324 scunlur
537 3271 685 3324 enim
706 3272 776 3327 ibi
800 3286 958 3341 poma
986 3273 1216 3328 virentia
1238 3273 1338 3329 sub
1366 3281 1512 3328 tanta
1537 3274 1717 3343 specie
1740 3288 1860 3328 ma-

279 3363 538 3428 turitatis,
565 3363 849 3418 ut-edendi
879 3363 1210 3420 desiderium
1252 3365 1504 3435 gignant;
1555 3363 1600 3418 si
1645 3378 1861 3436 carpas,

277 3453 574 3520 fatiscunt,
623 3471 688 3511 ac
747 3456 1089 3512 resolvuntur
1139 3458 1193 3510 in
1245 3457 1499 3517 cinerem,
1547 3455 1862 3524 fumumque

275 3548 555 3613 exhalant,
588 3549 743 3618 quasi
788 3547 964 3604 adhuc
1015 3550 1260 3605 ardeant.
1317 3548 1452 3602 Nam
1491 3547 1800 3618 Pentapolis
1828 3563 1856 3602 a

275 3653 504 3693 numero
524 3638 830 3693 derivatum
852 3653 1048 3694 nomen
1065 3677 1082 3706 ,
1109 3639 1266 3710 quasi
1296 3638 1534 3708 quinque
1576 3639 1856 3695 civitatum

276 3728 444 3796 regio.
470 3727 722 3798 Quinque
747 3728 980 3783 hae'vero
1000 3729 1248 3784 civitates
1283 3729 1338 3784 in
1366 3744 1430 3784 ea
1459 3729 1682 3785 consita:
1709 3737 1852 3794 sunt,

275 3817 375 3872 hoc
403 3827 521 3885 est,
547 3817 815 3884 Sodoma,
857 3834 976 3889 quae
1030 3820 1411 3891 interpretatur
1451 3837 1607 3892 pecus
1661 3819 1856 3886 silens;

273 3908 559 3974 Gomorra,
577 3924 698 3978 qua:
718 3910 1104 3980 interpretatur
1120 3910 1298 3980 populi
1325 3911 1502 3976 timor,
1528 3911 1614 3966 vel
1634 3911 1855 3978 seditio;

276 4001 501 4065 Adama,
541 4016 664 4069 qua:
709 4001 1095 4069 interpretatur
1121 4002 1330 4066 humus,
1371 4002 1484 4056 sive
1528 4011 1705 4068 terra,
1743 4002 1857 4057 sive

277 4102 482 4146 terrena
509 4104 528 4143 :
559 4090 797 4154 Seboim,
833 4107 952 4160 quae
985 4091 1370 4160 interpretatur
1398 4108 1705 4163 caprean
1725 4131 1742 4158 ,
1772 4091 1856 4148 vel

275 4180 633 4245 «tantularum,
655 4181 770 4234 sive
793 4180 950 4234 statio
978 4180 1092 4250 ejus
1118 4197 1285 4245 mare,
1312 4181 1396 4236 vel
1433 4181 1590 4236 statio
1635 4181 1796 4235 maris
1833 4194 1852 4233 :

278 4272 466 4343 Segor,
499 4288 625 4343 qua:
671 4275 1076 4344 interpretatur
1097 4289 1276 4344 parva.
1325 4275 1450 4329 Haec
1494 4282 1673 4330 autem
1704 4275 1853 4346 regio
1883 4312 1895 4322 -

279 4364 397 4431 quia
437 4363 621 4418 divino
657 4363 862 4434 judicio
894 4375 1115 4434 prepter
1157 4365 1360 4419 scelera
1389 4380 1485 4419 sua
1513 4375 1704 4420 exusta
1747 4373 1851 4432 est,

280 4454 543 4524 signiﬁcat
566 4457 787 4526 eos,qui
812 4456 1050 4526 quinque
1069 4457 1316 4511 sensibus
1335 4457 1578 4524 corporis
1609 4457 1722 4512 suis
1759 4457 1854 4512 ab-

279 4556 498 4601 utuntur
520 4549 575 4602 in
597 4547 808 4602 luxuria
826 4557 880 4602 et
901 4547 1174 4617 voluptate
1195 4558 1533 4604 terrenarum
1554 4563 1755 4613 rerum,
1775 4549 1850 4603 rei

279 4647 400 4691 sunt
419 4638 606 4692 aeterni
629 4637 886 4703 incendii,
902 4638 944 4692 si
968 4653 1072 4692 non
1089 4639 1168 4692 eis
1181 4637 1496 4708 pmnitentia
1515 4646 1572 4691 et
1589 4639 1853 4694 correctio

279 4741 650 4796 perversorum
678 4743 887 4782 morum
926 4737 1050 4783 aute
1073 4728 1401 4783 subvenerit.
1430 4727 1853 4799 Egyptus,quat

276 4820 423 4887 prius
456 4818 616 4872 Eria
667 4819 974 4883 dicebatur,
1027 4819 1096 4874 ab
1154 4818 1390 4889 {Egypto
1449 4820 1618 4874 Danai
1685 4821 1853 4877 fratre

275 4917 460 4979 postea
505 4908 579 4962 ibi
613 4915 868 4977 regnante
907 4923 1100 4963 nomen
1132 4908 1355 4975 accepit.
1389 4906 1512 4962 I-Iznc
1543 4910 1610 4963 ab
1639 4909 1846 4963 oriente

278 4999 445 5070 Syria:
467 5014 531 5055 ac
569 4999 752 5054 Rubro
785 4999 922 5052 mari
950 4997 1258 5067 conjuncta,
1289 4998 1357 5052 ab
1382 5012 1580 5053 occasu
1623 4998 1848 5068 Libyam

274 5089 459 5155 habet,
485 5107 516 5144 a
547 5091 914 5159 septentrione
937 5105 1087 5144 mare
1117 5088 1389 5159 Magnum,
1421 5104 1452 5143 a
1479 5089 1706 5143 meridie
1722 5104 1850 5144 vero

273 5181 542 5238 introrsus
597 5182 814 5246 recedit,
845 5182 1172 5251 pertendens
1205 5192 1374 5249 usque
1407 5179 1475 5233 ad
1521 5178 1804 5249 x’Ethiopes
1834 5197 1848 5234 :

273 5277 422 5347 regio
449 5275 573 5331 caeli
623 5277 886 5331 imbribus
932 5276 1163 5337 insueta,
1190 5282 1244 5329 et
1288 5273 1590 5344 pluviarum
1641 5271 1847 5342 ignara.

272 5366 424 5424 Nilus
449 5368 598 5422 solus
617 5383 736 5422 eam
773 5366 1148 5423 circumfluens
1177 5365 1385 5435 irrigat,
1416 5372 1472 5419 et
1505 5363 1850 5418 inundatione

275 5457 527 5514 fecundat
563 5477 576 5513 :
608 5460 751 5514 unde
796 5467 850 5514 et
879 5458 1031 5514 ferax
1083 5457 1325 5536 frugibus
1370 5453 1594 5509 multam
1641 5461 1850 5524 partem

273 5559 538 5606 terrarum
565 5550 835 5606 frumento
861 5551 973 5615 alit,
1005 5558 1320 5605 ceterorum
1351 5562 1564 5618 quoque
1612 5547 1852 5616 negotio—

273 5661 393 5699 rum
424 5647 561 5699 adeo
603 5646 840 5714 copiosa,
868 5654 928 5699 ut
960 5643 1179 5714 impleat
1227 5641 1545 5698 necessariis
1574 5640 1847 5694 mercibus

271 5738 430 5791 etiam
461 5738 659 5792 Orbem
699 5747 983 5793 terrarum.
1023 5737 1408 5804 Interpretatur
1457 5742 1633 5788 autem
1677 5729 1846 5801 Egy-

1880 4499 1931 4557 D

1963 3281 2146 3350 risque
2167 3279 2300 3335 locis
2327 3293 2461 3334 auro
2484 3287 2540 3335 et
2565 3277 2792 3348 gemmis
2825 3275 3062 3341 allluant,
3093 3275 3420 3346 gryphorum
3446 3275 3546 3329 im-

1961 3373 2222 3428 manitate
2255 3387 2509 3430 accessus
2548 3371 2827 3426 hominum
2881 3385 3036 3424 rarus
3077 3377 3160 3424 est
3197 3383 3211 3421 :
3244 3367 3546 3437 smaragdis

1961 3475 2140 3522 autem
2165 3466 2383 3534 optimis
2407 3467 2522 3520 haec
2553 3465 2727 3536 patria
2759 3473 2860 3520 est.
2886 3463 3134 3534 Cyaneus
3155 3477 3368 3533 quoque
3408 3461 3542 3531 lapis

1959 3568 2018 3614 et
2045 3557 2332 3628 crystallus
2370 3556 2694 3626 purissimus
2726 3554 2961 3626 detbiae
2988 3562 3089 3610 est.
3122 3554 3295 3607 liabet
3341 3559 3394 3608 et
3444 3550 3542 3605 llu-

1960 3649 2106 3704 mina
2129 3664 2323 3720 magna
2349 3635 2632 3714 Oscorum,
2661 3647 2892 3703 Fasiden
2937 3655 3096 3714 atque
3137 3644 3370 3699 Araxen.
3406 3641 3543 3712 Scy-

1960 3741 2073 3797 thia
2106 3741 2272 3807 enim,
2301 3757 2422 3811 qua:
2449 3741 2628 3796 calore
2661 3747 2830 3801 caret,
2863 3747 2918 3792 et
2945 3737 3147 3808 frigore
3176 3749 3390 3804 semper
3437 3734 3538 3787 da-

1959 3831 2147 3897 rescit,
2184 3830 2303 3886 illos
2342 3830 2648 3902 significare
2691 3837 2889 3900 potest,
2922 3827 3014 3896 qui
3043 3843 3074 3881 a
3103 3825 3281 3880 calore
3309 3823 3543 3893 Spiritus

1957 3919 2131 3976 sancti
2158 3919 2403 3974 extranei
2439 3927 2586 3983 sunt,
2611 3928 2665 3972 et
2718 3917 2818 3973 sub
2846 3917 2989 3970 illius
3021 3929 3187 3984 regno
3213 3913 3536 3972 consistunt,

1956 4009 2050 4079 qui
2071 4009 2206 4063 dixit
2237 4026 2250 4062 :
2282 4007 2485 4062 Ponam
2515 4009 2760 4061 thronum
2785 4021 2956 4059 meum
3001 4004 3069 4057 ad
3120 4001 3438 4072 aquilonem,
3490 4011 3538 4053 et

1954 4115 2044 4153 ero
2089 4097 2275 4152 similis
2314 4097 2580 4152 Altissimo
2633 4097 2767 4168 (Isa.
2802 4095 2946 4166 xw);
2977 4095 3042 4149 de
3067 4095 3262 4163 quibus
3293 4091 3539 4147 Christus

1955 4189 2074 4243 ait:
2102 4187 2394 4242 Abundavit
2421 4187 2689 4257 iniquitas,
2738 4185 3028 4254 refrigescet
3075 4185 3305 4236 Charitas
3346 4182 3538 4235 multo-

1957 4294 2073 4332 rum
2103 4275 2316 4348 (Matth.
2344 4275 2528 4344 xxrv);
2555 4289 2784 4344 quorum
2809 4273 3132 4328 truculentia
3155 4272 3409 4328 carnibus
3433 4271 3533 4325 Ιιιι-

1957 4371 2131 4424 manis
2151 4368 2406 4432 vescitur,
2443 4375 2499 4422 et
2525 4381 2714 4420 eorum
2744 4366 3004 4436 sanguine
3044 4365 3194 4428 vivit,
3226 4365 3353 4419 dum
3383 4365 3539 4419 iuno-

1957 4466 2140 4513 centes
2166 4457 2360 4511 lzedere
2388 4472 2495 4510 non
2522 4455 2806 4519 desistunt,
2836 4463 2891 4508 et
2918 4470 3019 4523 per
3043 4453 3323 4508 avaritiam
3347 4470 3536 4509 corum

1955 4548 2290 4605 necessarios
2318 4553 2563 4614 sumptus
2610 4545 2663 4598 in
2697 4545 2971 4615 preprium
2999 4554 3263 4614 quaestum
3311 4561 3538 4600 conver-

1955 4647 2094 4694 tunt.
2116 4639 2194 4692 llli
2229 4645 2430 4702 autem,
2458 4636 2549 4705 qui
2577 4649 2643 4690 ex
2687 4636 2772 4690 bis
2808 4637 2860 4690 in
2899 4635 3159 4705 locuplete
3183 4645 3326 4691 terra
3358 4646 3413 4691 et
3439 4636 3538 4692 ha-

1951 4729 2157 4786 bitabili
2190 4730 2402 4799 degent,
2433 4743 2527 4783 eos
2555 4726 2883 4797 significant,
2914 4727 3003 4796 qui
3048 4729 3114 4782 de
3146 4742 3330 4808 errore
3359 4730 3532 4798 genti-

1953 4819 2085 4872 lium
2112 4829 2168 4874 ct
2193 4818 2497 4873 idololatria
2537 4819 2782 4872 conversi
2813 4819 2879 4872 ad
2912 4828 3114 4872 terram
3147 4819 3397 4874 Ecclesia:
3443 4835 3534 4874 ve-

1954 4911 2126 4974 niunt,
2157 4910 2338 4980 ibique
2363 4910 2572 4963 sincera
2605 4906 2706 4963 fide
2736 4907 2916 4974 lucidi,
2951 4917 3004 4963 et
3043 4909 3394 4977 pretiosarum
3424 4909 3532 4961 vir-

1950 5008 2122 5055 tutum
2138 5001 2361 5072 gemtnis
2387 5015 2599 5070 semper
2622 5000 2880 5064 virentes,
2896 4999 3100 5053 cmlesti
3124 4997 3532 5053 conversatione

1951 5090 2144 5146 futura:
2189 5091 2378 5161 patria:
2420 5091 2625 5144 vivunt.
2693 5089 2970 5155 Quorum,
3011 5087 3166 5155 juxta
3216 5087 3527 5156 Apostolum

1952 5180 2119 5253 (Phil.
2171 5182 2283 5252 ιιι),
2325 5182 2662 5236 conversatio
2703 5196 2915 5248 semper
2953 5180 3006 5232 in
3049 5177 3201 5232 cmlis
3226 5186 3307 5234 est
3338 5197 3349 5232 :
3388 5180 3526 5234 etin

1953 5287 2115 5327 carne
2162 5272 2496 5326 ambulantes
2529 5288 2634 5326 non
2673 5270 2966 5326 secundum
3011 5282 3230 5322 carnem
3273 5267 3526 5335 militant,

1952 5364 2044 5417 scd
2069 5377 2153 5426 ca,
2185 5377 2304 5430 qua:
2331 5377 2544 5416 sursum
2575 5369 2716 5424 sunt,
2748 5367 3017 5427 quaerunt,
3061 5358 3149 5412 ubi
3202 5366 3256 5412 et
3281 5357 3532 5417 Christus

1951 5463 2049 5515 est,
2075 5452 2128 5505 in
2167 5453 2387 5506 dextera
2418 5451 2511 5505 Dei
2555 5451 2744 5506 sedens
2775 5467 2788 5502 :
2817 5457 2869 5503 et
2894 5464 3014 5518 quin
3045 5464 3256 5503 sursum
3284 5458 3410 5504 sunt
3435 5467 3520 5506 sa-

1952 5548 2124 5615 piunt,
2164 5559 2269 5598 non
2303 5558 2422 5612 quin
2455 5556 2615 5611 super
2655 5549 2876 5594 terram.
2915 5539 3170 5593 Armenia
3218 5547 3524 5609 nuncupata

1953 5637 2022 5690 ab
2044 5634 2278 5690 Armeno
2299 5632 2510 5689 Jasonis
2531 5631 2773 5686 Thessali
2801 5633 3018 5697 comite,
3054 5632 3144 5701 qui
3171 5632 3371 5688 amisso
3402 5648 3522 5704 rege

1953 5726 2146 5782 Jasonc
2176 5734 2229 5780 et
2275 5725 2500 5780 collecta
2524 5722 2861 5779 multitudine
2891 5722 3024 5793 ejus,
3053 5739 3171 5794 qua:
3201 5723 3400 5798 passim
3432 5740 3522 5780 va-
