3974 6188
407 327 509 381 5ιῦ

1043 324 1106 377 Β.
1146 321 1400 377 RABANI
1440 320 1658 378 MAURI
1693 294 2009 376 ARCIIIEP.
2053 318 2361 376 M’OCUNT.
2401 317 2690 375 OPERUM
2724 318 2902 375 PARS
2941 316 3006 373 II.

3557 309 3660 365 3M

407 439 653 512 gabatur,
677 437 986 492 Armeniam
1013 437 1248 493 condidit
1269 444 1322 490 et
1339 450 1404 490 ex
1428 448 1527 489 suo
1546 433 1763 488 nomine
1777 447 1982 487 nuncu-
2009 436 2060 496 Λ
2086 431 2452 500 septentrione
2481 438 2701 500 pontum
2725 429 2990 484 Euxinum
3021 425 3202 490 habet,
3231 425 3298 478 ab
3317 438 3514 478 occasu
3531 421 3664 477 Pro-

407 527 572 597 pavit.
609 527 724 582 Sita
749 537 831 582 cst
852 535 1028 581 autem
1052 527 1192 582 inter
1233 524 1474 579 Taurum
1499 531 1555 578 et
1587 522 1911 589 Caucasum,
1950 538 1981 578 a

405 615 744 687 Cappadocia
794 630 964 684 usque
1016 614 1083 669 ad
1143 613 1395 684 Caspium
1447 627 1596 667 mare
1664 621 1916 682 protensa
1967 629 1982 667 :

409 705 612 763 habens
653 719 684 758 a
740 703 1104 774 septentrione
1129 701 1423 758 Ceraunios
1453 708 1681 765 montes,
1710 716 1742 756 e
1793 700 1988 770 quibus

407 791 587 863 Tigris
611 789 803 848 ﬂuvius
829 791 1086 855 nascitur,
1103 790 1230 846 etin
1251 789 1402 859 cujus
1422 789 1694 844 montibus
1715 803 1840 844 arca
1866 799 1989 858 post

409 882 668 938 diluvium
689 883 891 938 sedisse
906 881 1234 951 perhibetur.
1251 879 1642 950 Interpretatur
1663 887 1842 933 autem
1855 879 1989 933 Ara-

413 973 558 1036 ratb,
588 971 855 1036 Armenia,
881 972 993 1026 sive
1021 987 1167 1024 mons
1190 969 1478 1024 bellicatus.
1509 968 1742 1023 Ararath
1768 968 1882 1039 ipsa
1903 978 1990 1024 est

409 1065 683 1121 Armenia.
713 1062 987 1133 Siquidem
1011 1062 1064 1116 in
1103 1061 1374 1116 montibus
1417 1060 1650 1116 Araratb
1697 1075 1826 1116 arca
1869 1069 1990 1131 post

411 1155 666 1209 diluvium
684 1153 888 1208 sedisse
908 1152 1238 1224 perhibetur,
1252 1159 1307 1205 et
1331 1151 1582 1206 dicuntur
1601 1151 1797 1206 ibidem
1819 1165 1990 1220 usque

411 1246 568 1302 hodie
593 1246 709 1317 ejus
731 1260 950 1300 manere
971 1243 1214 1313 vestigia.
1247 1243 1487 1298 Meminit
1513 1244 1708 1298 horum
1725 1243 1987 1298 montium

410 1346 466 1391 ct
505 1337 805 1391 Hieremias
851 1337 903 1391 in
946 1336 1156 1391 visione
1193 1343 1380 1389 contra
1433 1333 1756 1405 Babylonem
1793 1352 1806 1386 :
1840 1332 1990 1388 Jose-

410 1428 550 1496 phus
597 1441 810 1497 quoque
865 1425 917 1480 in
970 1425 1148 1496 primo
1194 1424 1592 1496 Antiquitatum
1642 1425 1990 1481 Iudaicarum

411 1519 569 1584 libro,
609 1517 946 1573 saacul'arium
996 1517 1300 1572 litterarum
1347 1517 1631 1572 historiam
1661 1514 1985 1587 proferens:

417 1627 434 1657 ε
474 1606 942 1674 Animadvertens,
972 1606 1168 1678 inquit,
1198 1606 1311 1663 Noe
1335 1614 1538 1662 terram
1573 1606 1773 1662 diluvio
1795 1606 1990 1661 libera-

414 1707 544 1761 tam,
567 1705 772 1768 septem
802 1697 935 1752 alios
977 1698 1091 1754 dies
1117 1697 1265 1752 abire
1306 1697 1582 1767 permisit;
1629 1703 1684 1752 et
1739 1697 1986 1752 universa

2085 520 2378 590 pontidem,
2413 534 2444 573 a
2486 518 2708 573 meridie
2755 515 3066 589 Egyptium
3104 529 3272 569 mare.
3311 513 3484 568 Habet
3533 526 3663 582 pro-

2087 610 2292 666 vincias
2321 627 2334 663 :
2360 608 2688 681 Bithyniam,
2723 607 3034 678 Phrygiam,
3085 604 3374 669 Galatiam,
3420 603 3668 674 Lydiam,

2087 702 2324 766 Cariam,
2356 699 2737 769 Pamphiliam,
2765 698 3054 762 Isauriam,
3098 696 3339 767 Lyciam.
3372 693 3545 749 Habet
3571 709 3671 748 au-

2087 805 2198 852 tem
2219 797 2334 851 hmo
2374 795 2425 850 in
2479 808 2537 848 se
2568 809 2640 848 vn
2671 793 2914 847 civitates
2935 791 3087 854 istas,
3110 791 3214 844 hoc
3245 796 3345 854 est,
3369 788 3664 857 Ephesum,

2089 886 2396 958 Smyrnam,
2422 885 2764 954 Pergamum,
2797 881 3116 946 Thiatiram,
3151 881 3362 944 Sardis,
3394 879 3673 935 Philadel-

2088 977 2288 1046 phiam,
2339 975 2669 1031 Laodiciam.
2699 974 3088 1043 Interpretatur
3114 987 3242 1026 vem
3288 972 3414 1027 Asia
3468 972 3672 1026 eleuata

2089 1069 2204 1123 sive
2225 1069 2494 1138 gradiens,
2518 1066 2814 1123 Ecclesiam
2839 1065 3146 1136 signiﬁcans
3165 1065 3232 1119 ad
3253 1080 3484 1134 superna
3503 1065 3555 1118 vi
3564 1073 3678 1118 rtu~

2092 1172 2203 1216 tum
2235 1162 2491 1232 gradibus
2531 1159 2899 1230 proﬁcientem
2929 1179 2944 1215 :
2970 1160 3109 1214 unde
3129 1157 3362 1212 Joannes
3386 1157 3441 1211 in
3461 1157 3676 1226 Apoca-

2090 1250 2224 1320 lypsi
2243 1248 2888 1322 [scribitjpraanominatis
2911 1257 3110 1318 septem
3125 1246 3398 1311 Ecelesiis,
3413 1260 3536 1314 qua:
3549 1255 3679 1300 sunt

2093 1340 2146 1393 in
2167 1339 2310 1393 Asia.
2327 1336 2461 1393 Nam
2486 1339 2729 1409 Ephesus
2752 1339 3132 1408 interpretatur
3150 1337 3386 1392 voluntas
3411 1337 3524 1391 sive
3545 1352 3679 1389 con--

2091 1432 2269 1487 silium
2315 1448 2486 1486 meum
2520 1445 2539 1483 :
2565 1432 2709 1502 quod
2731 1441 2814 1487 est
2838 1431 3076 1486 Ecclesia
3099 1429 3371 1484 voluntate
3413 1437 3468 1482 et
3497 1426 3679 1482 consi-

2094 1524 2167 1578 lio
2193 1524 2287 1579 Dei
2334 1522 2525 1579 electa.
2565 1522 2799 1593 Smyrna
2847 1522 3232 1592 interpretatur
3283 1518 3542 1572 canticum
3582 1532 3676 1570 co-

2093 1629 2231 1678 rum,
2285 1611 2388 1667 hoc
2409 1619 2524 1676 est,
2565 1610 2800 1666 ﬁdelium
2831 1608 3117 1665 confessio.
3162 1607 3458 1677 Pergamus
3499 1605 3676 1660 inter-

2093 1710 2336 1773 pretatur
2391 1701 2623 1755 dividens
2672 1717 2869 1754 cornua
2910 1715 3125 1763 eorum,
3171 1698 3224 1752 id
3278 1709 3394 1761 est,
3436 1695 3680 1752 Ecclesia

413 1786 663 1840 animalia
683 1785 990 1856 bestiasque
1006 1784 1573 1856 patentibusclaustris
1590 1786 1860 1850 emittens,
1878 1787 1992 1856 ipse
2021 1781 2066 1839 Β
2095 1792 2472 1847 Ιιωινειίοοιιιιηι
2508 1791 2731 1846 timores
2766 1790 2849 1846 vel
2880 1790 3149 1844 aeriarum
3199 1794 3526 1858 potestatum
3558 1793 3682 1842 ten-

414 1893 538 1930 mm
570 1892 666 1931 sua
693 1876 843 1946 prole
869 1890 1120 1948 egressus
1144 1884 1250 1942 est,
1296 1875 1580 1932 immolans
1620 1877 1731 1933 Deo
1787 1877 1994 1933 hostias

412 1969 758 2040 gaudensque
779 1985 900 2024 cum
927 1968 1131 2024 liberis.
1155 1967 1310 2024 Hunc
1333 1968 1508 2024 locum
1530 1969 1752 2025 Armeni
1788 1970 1991 2025 exitum

413 2057 505 2110 vel“
523 2073 799 2129 egressum
826 2066 1042 2113 vocant.
1067 2056 1345 2128 Siquidem
1377 2057 1449 2113 ibi
1487 2058 1725 2115 cultores
1776 2059 1991 2114 illarum

414 2149 692 2221 regionum
719 2165 899 2206 arcam
929 2151 1162 2221 primum
1186 2152 1390 2207 sedisse
1419 2159 1705 2219 testantur,
1737 2164 1793 2208 ct
1825 2153 1996 2225 ligno-

416 2254 537 2294 rum
565 2239 809 2310 quacdam
835 2256 1119 2311 superesse
1162 2253 1512 2298 monumenta
1560 2258 1702 2300 arcae
1726 2245 1888 2315 hujus
1940 2254 1996 2300 et

415 2329 600 2385 diluvii
624 2345 835 2397 omnes,
869 2332 958 2401 qui
980 2333 1244 2389 barbaras
1273 2333 1540 2403 scripsere
1579 2334 1853 2399 historias,
1907 2351 1996 2390 re-

416 2420 734 2482 cordentur.
780 2437 1010 2491 quorum
1039 2430 1124 2478 est
1149 2421 1383 2479 Berosus
1439 2422 1746 2490 Chaldaeus,
1781 2425 1872 2494 qui
1906 2440 1996 2480 su-

416 2527 512 2582 per
543 2513 744 2568 diluvio
772 2511 1010 2568 referens
1031 2515 1147 2569 hinc
1179 2513 1390 2570 locutus
1413 2525 1531 2570 est:
1561 2533 1580 2566 ι
1605 2515 1813 2571 Dicitur
1836 2516 1997 2585 hujus

419 2606 572 2660 navis
619 2605 674 2659 in
723 2605 976 2660 Armenia
1023 2613 1245 2676 propter
1279 2616 1521 2662 montem
1587 2607 1995 2662 Carduenorum

413 2709 544 2762 pars
579 2694 755 2766 aliqua
789 2710 1131 2765 permanere,
1169 2706 1224 2752 et
1267 2697 1528 2768 quosdam
1567 2697 1808 2754 bitumen
1835 2712 1900 2752 ex
1931 2713 1996 2754 ea

418 2785 706 2842 avellentcs
727 2785 1076 2844 circumferre
1095 2830 1110 2854 ,
1139 2803 1246 2859 quo
1279 2796 1505 2844 utuntur
1544 2788 1634 2844 vet
1664 2789 1899 2844 maxime
1943 2789 1998 2844 hi

415 2873 506 2942 qui
534 2874 833 2930 lustrantur
859 2884 914 2931 et
957 2891 1015 2932 se
1066 2879 1303 2947 expiant.
1344 2899 1363 2932 ι
1399 2877 1507 2934 Sed
1533 2886 1590 2933 et
1641 2878 2000 2950 Hieronymus

420 2963 725 3037 :Egyptius,
759 2967 851 3038 qui
873 2969 1223 3039 antiquitates
1255 2970 1574 3026 Phcenicum
1615 2969 1843 3040 pulchro
1879 2986 1998 3028 ser-

420 3071 592 3111 mone
613 3057 966 3128 conscripsit,
996 3067 1050 3114 et
1077 3057 1279 3115 Naseas
1314 3068 1370 3114 et
1399 3059 1553 3115 multi
1582 3060 1694 3128 alii,
1745 3059 1999 3117 Nieolaus

419 3164 632 3220 quoque
658 3149 1025 3206 Damascenus
1049 3150 1101 3206 in
1127 3167 1272 3206 xxvn
1295 3152 1433 3208 libro
1469 3151 1658 3209 refert.
1690 3153 1787 3209 Est
1811 3155 1864 3208 in
1887 3154 1990 3208 Δι’·
2025 3132 2070 3194 C

421 3242 594 3296 menia
624 3257 787 3313 super
805 3241 1097 3297 Immadem
1121 3258 1274 3300 mons
1304 3245 1522 3301 nomine
1541 3245 1709 3311 Beris,
1743 3247 1812 3302 ad
1838 3262 2000 3316 quem

419 3331 620 3388 multos
651 3333 712 3386 in
751 3332 953 3388 diluvio
981 3333 1290 3404 confugisse
1323 3343 1627 3403 autumant,
1673 3337 1856 3408 ibique
1881 3353 2002 3395 esse

421 3422 654 3478 salvatus
679 3439 694 3489 ;
725 3422 860 3478 alios
879 3438 1008 3479 vero
1034 3423 1086 3478 in
1130 3438 1268 3480 arcte
1292 3423 1445 3481 alveo
1475 3435 1908 3496 supernatantes,
1937 3430 2004 3482 ad

422 3513 539 3582 ejus
567 3515 825 3570 verticem
851 3515 1179 3584 pervenisse,
1210 3525 1266 3571 et
1294 3532 1462 3586 usque
1491 3517 1559 3572 ad
1591 3519 1788 3574 multas
1815 3527 2004 3576 :etates

423 3604 565 3674 ligna
601 3621 740 3661 arca:
766 3609 1055 3663 monstrari
1085 3608 1240 3664 solita
1274 3625 1448 3679 :quos
1496 3611 1710 3680 quidem
1737 3628 1837 3683 ego
1879 3621 2007 3683 puto

423 3713 529 3752 non
560 3713 679 3752 esse
703 3698 858 3764 atios,
889 3698 990 3753 nisi
1029 3714 1144 3764 eos,
1172 3714 1308 3769 quos
1337 3699 1547 3771 Moyses
1576 3700 1764 3771 legifer
1791 3701 2003 3758 Judaeu-

425 3804 543 3842 rum
557 3789 611 3842 in
627 3789 739 3844 suis
762 3789 1122 3845 voluminibus
1135 3790 1319 3844 edidit.
1339 3790 1560 3861 Mystice
1580 3800 1759 3846 autem
1775 3791 2005 3847 Araratlt

424 3881 538 3935 sive
563 3880 815 3936 Armenia
847 3882 1030 3936 mundi
1059 3881 1216 3937 istius
1241 3883 1598 3953 principatum
1629 3883 1713 3937 vel
1755 3884 2007 3953 populum

426 3973 665 4042 gentium
691 3971 996 4042 signiﬁcare
1019 3982 1217 4043 potest.
1249 3972 1352 4042 Qui
1375 3973 1514 4028 bene
1541 3990 1696 4030 mons
1724 3975 2008 4032 bellicatus

426 4063 643 4128 dicitur,
667 4065 794 4134 quia
824 4063 892 4118 ab
914 4064 1196 4120 altitudine
1220 4065 1484 4136 superbia:
1507 4075 1561 4121 et
1581 4067 1897 4123 idololatriae
1919 4083 2007 4122 er-

429 4170 551 4208 rore
569 4155 1021 4222 avulsus,sanct:c
1047 4171 1105 4210 se
1132 4156 1311 4211 subdit
1339 4156 1608 4223 Ecclesiae,
1632 4174 1750 4229 quze
1778 4168 1862 4213 est
1883 4175 2008 4215 arca

431 4247 522 4300 Dei
551 4248 654 4302 vivi
687 4266 699 4301 :
724 4255 779 4302 et
800 4249 1040 4303 omnium
1066 4249 1438 4314 animantium,
1470 4252 1572 4306 hoc
1598 4260 1702 4316 est,
1732 4253 2009 4306 hominum

430 4338 672 4391 continet
713 4337 765 4390 in
796 4353 854 4392 se
905 4354 1101 4406 genera
1139 4358 1150 4392 :
1195 4348 1250 4394 et
1296 4340 1348 4394 in
1390 4341 1709 4397 celsitudine
1753 4343 2010 4397 virtutum

430 4429 732 4484 consistens
762 4429 1098 4485 devotionem
1142 4429 1375 4485 futuram
1425 4442 1703 4501 exspectat
1743 4434 1794 4487 in
1843 4448 2007 4503 regno

429 4521 657 4575 celesti.
683 4520 1069 4590 Cappadociam
1091 4525 1218 4579 urbs
1233 4525 1449 4595 propria
1475 4525 1787 4579 nominavit.
1815 4524 1938 4579 Haec
1959 4527 2011 4579 in

432 4609 607 4678 capite
651 4609 822 4680 Syria:
853 4611 953 4665 sita
992 4613 1060 4666 ab
1111 4613 1318 4667 oriente
1366 4611 1675 4667 Armeniam
1707 4613 1916 4684 tangit:
1946 4615 2013 4667 ab

432 4701 832 4759 occasu-Asiam
866 4703 1127 4758 minorem
1166 4723 1178 4757 :
1213 4705 1280 4758 ab
1309 4705 1556 4774 aquilone
1607 4718 1756 4758 mare
1788 4703 2014 4758 Cimeri—

433 4811 556 4849 eum
579 4803 633 4849 et
657 4791 1040 4850 Themiscirios
1068 4810 1309 4865 campos,
1335 4811 1472 4864 quos
1501 4796 1734 4850 habuere
1781 4795 2011 4848 Amazo-

436 4903 532 4942 nes
566 4901 581 4940 :
613 4902 642 4940 a
671 4885 896 4940 meridie
925 4885 1158 4939 Taurum
1188 4894 1442 4950 montem,
1483 4885 1567 4939 cui
1617 4884 1858 4953 subiacet
1883 4884 2012 4938 Cili-

436 4980 517 5030 ria
561 4985 617 5031 et
658 4975 858 5032 Isauria
889 4988 1056 5044 usque
1086 4973 1150 5028 ad
1181 4973 1406 5029 Cilicum
1439 4973 1636 5038 sinum,
1671 4973 1764 5041 qui
1807 4982 2010 5042 spectat

438 5077 622 5123 «cntra
648 5065 878 5122 insulam
905 5066 1159 5137 Cyprum.
1191 5063 1356 5119 Terra
1383 5062 1498 5130 ejus
1521 5072 1643 5118 ante
1672 5062 1805 5117 alias
1829 5063 2008 5116 nutrix

439 5173 719 5228 «quorum.
751 5157 914 5232 I-Ialys
940 5157 1114 5212 amnis
1142 5172 1238 5227 per
1280 5170 1398 5211 eam
1442 5153 1576 5220 ﬁuit,
1607 5154 1698 5223 qui
1744 5153 2011 5222 quondam

440 5250 622 5322 Lydia:
659 5265 820 5321 regna
851 5249 1106 5320 disjunxit
1135 5265 1163 5302 a
1211 5246 1408 5301 Persis.
1452 5244 1788 5315 Cappadocia
1834 5251 2013 5297 autem

442 5342 849 5412 interpretatur,
900 5355 1059 5393 manu
1090 5339 1372 5407 redempta.
1425 5335 1551 5390 Ilaec
1596 5347 1809 5404 quoque
1841 5333 2016 5403 typice

444 5431 746 5502 signiﬁcare
787 5439 962 5501 potest
999 5439 1242 5485 sanctam
1292 5427 1606 5492 Eeclesiam,
1655 5441 1774 5496 qum
1816 5423 2018 5479 Christi

449 5520 656 5576 Domini
692 5523 860 5577 nostri
891 5521 1203 5592 operatione
1234 5536 1264 5575 a
1287 5527 1551 5590 potestate
1587 5517 1784 5572 diaboli
1812 5516 2020 5570 redem-

448 5627 538 5686 pta
567 5625 667 5669 est.
697 5613 822 5669 Asia
853 5615 1026 5668 minor
1053 5616 1120 5668 ab
1147 5615 1360 5669 oriente
1378 5611 1708 5682 Cappadocia
1742 5609 1974 5680 cingitur
2005 5627 2014 5659 :

457 5705 516 5760 ab
545 5705 659 5758 aliis
692 5705 929 5774 partibus
957 5705 1187 5774 undique
1223 5705 1356 5760 mari
1381 5703 1762 5760 circunrlatur.
1814 5701 1941 5756 Nam
1991 5719 2018 5754 a

2096 1889 2334 1937 tamenta
2395 1881 2690 1936 dissecans.
2753 1879 2996 1935 Thiatira
3039 1879 3424 1948 interpretatur
3471 1875 3675 1931 illumi-

2095 1984 2220 2031 nata
2248 2016 2262 2040 ,
2302 1973 2544 2030 Ecclesia
2609 1971 2859 2028 videlicet
2903 1971 3015 2026 sole
3075 1969 3299 2039 justitize
3350 1968 3675 2023 illuminata.

2097 2063 2284 2118 Sardis
2328 2063 2712 2134 interpretatur
2740 2061 3054 2132 principium
3103 2058 3528 2129 pulchritudinis,
3575 2058 3682 2113 hoc

2095 2164 2197 2221 est,
2222 2150 2461 2209 Ecclesia
2484 2152 2696 2207 Domini
2725 2151 2892 2206 nostri
2915 2149 3040 2205 Jesu
3064 2149 3284 2215 Christi,
3307 2148 3400 2219 qui
3421 2156 3504 2204 est
3528 2148 3681 2218 prin-

2097 2246 2295 2317 cipium
2321 2243 2754 2315 pulchritudinis.
2797 2241 2904 2297 Sed
2943 2240 3308 2311 Philadelphia
3357 2241 3682 2310 interpreta—

2100 2345 2187 2391 tur
2229 2335 2458 2402 salvam,
2493 2335 2548 2391 id
2574 2344 2681 2400 est,
2712 2333 2949 2390 Ecclesia
2981 2333 3226 2404 proprios
3260 2331 3475 2388 salvans
3504 2346 3682 2402 popu-

2097 2427 2198 2482 los.
2246 2426 2525 2492 Laodicia,
2577 2441 2698 2497 qua:
2745 2426 3132 2494 interpretatur
3175 2423 3342 2478 tribus
3411 2422 3681 2487 amabilia,

2099 2521 2368 2593 signiﬁcat
2393 2521 2712 2586 Eeclesiam,
2745 2536 2864 2591 qua:
2893 2527 2978 2575 est
3005 2517 3250 2574 amabilis
3304 2517 3433 2572 Deo.
3468 2515 3682 2571 Galatia

2098 2601 2244 2671 dicta
2269 2630 2300 2670 a
2327 2615 2522 2685 priscis
2559 2613 2834 2670 Gallorum
2873 2611 3142 2683 gentibus,
3173 2609 3428 2680 aquibus
3467 2607 3683 2663 exstitit

2099 2714 2381 2778 occupata.
2407 2705 2540 2761 Nam
2569 2705 2705 2761 Galli
2746 2706 2800 2761 in
2857 2703 3115 2759 auxilium
3161 2717 3192 2755 a
3244 2715 3371 2772 rege
3417 2698 3684 2768 Bithynia;

2099 2796 2309 2852 evocati
2350 2810 2575 2867 regnum
2615 2811 2738 2850 cum
2788 2809 2853 2849 eo
2895 2801 3048 2863 parta
3076 2790 3302 2847 victoria
3335 2789 3638 2844 diviserunt
3661 2828 3677 2849 .

2100 2887 2286 2955 sicque
2335 2883 2526 2940 deinde
2552 2883 2755 2940 Graecis
2782 2883 3006 2938 admixti
3032 2921 3047 2946 ,
3076 2880 3308 2950 primum
3342 2876 3684 2947 Gallogratci,

2101 2991 2244 3031 nunc
2271 2989 2338 3029 ex
2369 2974 2588 3043 antiquo
2616 2972 2890 3028 Gallorum
2921 2971 3138 3026 nomine
3163 2966 3367 3022 Galatae
3401 2964 3683 3025 dicuntur,

2102 3077 2160 3124 et
2197 3081 2386 3123 eorum
2431 3065 2583 3133 regio
2621 3062 2837 3118 Galatia
2885 3067 3240 3128 nuncupatur.
3288 3055 3687 3123 Interpretatur

2104 3166 2284 3213 autem
2306 3155 2540 3220 Galatia,
2568 3153 2869 3223 magniﬁca,
2901 3151 3017 3208 sive
3043 3147 3303 3203 translata
3326 3162 3346 3200 :
3376 3153 3431 3199 et
3459 3143 3684 3206 merito,

2103 3249 2228 3321 quia
2253 3249 2320 3304 ab
2341 3263 2527 3303 errore
2549 3243 2833 3310 translata,
2857 3243 2910 3297 in
2936 3241 3060 3296 ﬁdei
3084 3240 3282 3294 virtute
3303 3237 3444 3293 facta
3464 3243 3549 3289 est
3571 3248 3690 3287 ma-

2103 3341 2317 3412 gniﬁca.
2345 3337 2580 3409 Phrygia
2614 3336 2757 3392 dicta
2805 3351 2836 3388 a
2880 3329 3340 3404 Phrygia.Aisopi
3393 3326 3520 3382 ﬁlia.
3556 3325 3689 3381 Haec

2103 3441 2158 3488 et
2183 3431 2449 3486 Dardania
2477 3445 2508 3484 a
2543 3429 2791 3484 Dardano
2814 3425 2962 3482 Jovis
2991 3423 3101 3479 ﬁlio
3133 3421 3295 3486 dicta,
3328 3419 3394 3475 de
3423 3433 3533 3489 quo
3574 3416 3690 3472 Ho-

2106 3539 2287 3580 merus
2317 3522 2392 3576 ait
2416 3535 2432 3575 :

2290 3615 2446 3672 Quem
2471 3614 2678 3675 primum
2699 3611 2874 3674 genuit
2890 3608 3079 3659 rmiesti
3100 3606 3293 3669 Jupiter
3313 3615 3447 3654 arce.

2106 3699 2203 3753 llic
2223 3698 2367 3752 enim
2403 3695 2674 3764 profectus
2717 3696 2784 3750 de
2818 3692 3001 3748 Corito
3051 3691 3266 3746 civitate
3304 3686 3509 3756 primus
3536 3685 3690 3739 venit

2107 3791 2159 3844 in
2182 3788 2487 3859 Phrygiam.
2523 3787 2616 3841 Est
2646 3794 2826 3841 autem
2853 3783 3000 3854 regio
3034 3780 3230 3836 Troadi
3258 3779 3581 3848 superiecta,
3615 3778 3691 3831 ab

2107 3879 2370 3949 aquilonis
2397 3885 2551 3948 parte
2572 3875 2815 3938 Galatia,
2847 3889 2876 3926 a
2906 3871 3204 3927 meridiana
3232 3869 3407 3923 vicina
3449 3876 3531 3922 est
3579 3865 3693 3937 Ly-

2109 3970 2329 4033 caoniaa,
2377 3969 2445 4022 ab
2496 3967 2706 4022 oriente
2759 3964 2940 4035 Lydiae
2983 3962 3239 4026 adhreret,
3293 3959 3360 4014 ab
3403 3957 3694 4012 occidente

2107 4057 2452 4127 Hellesponto
2475 4055 2609 4108 mari
2633 4044 2973 4108 terminatur.
3006 4048 3176 4116 Hujus
3210 4048 3356 4118 regio
3377 4046 3537 4115 Trojzt
3567 4054 3689 4110 est,

2108 4161 2270 4216 quam
2283 4161 2347 4200 ex
2365 4160 2462 4199 suo
2474 4143 2690 4197 nomine
2704 4141 2990 4211 appellavit
3003 4140 3041 4191 T
3051 4153 3137 4193 ros
3165 4135 3459 4203 Trojanoru
3468 4149 3518 4188 ιιι
3546 4133 3689 4196 Ilex.

2107 4235 2433 4306 Ganymedis
2461 4233 2640 4287 Pater.
2661 4232 2787 4284 Duae
2807 4239 2929 4285 sunt
2961 4238 3140 4282 autem
3159 4226 3422 4296 Phrygiae,
3437 4223 3612 4293 major
3638 4233 3700 4278 et

2109 4328 2306 4383 minor.
2340 4323 2506 4394 Major
2531 4322 2763 4393 Phrygia
2787 4320 3070 4391 Smyrnam
3096 4318 3257 4373 habet
3282 4333 3296 4381 ;
3325 4315 3499 4369 minor
3520 4313 3695 4384 Phry-

2112 4420 2196 4491 gia
2241 4419 2417 4473 Ilium.
2451 4414 2832 4487 Lycaonia.....
2887 4411 3275 4478 Interpretatur
3318 4414 3492 4458 autem
3517 4402 3701 4473 Phry—

2039 4479 2088 4536 D
2113 4479 2201 4582 gia
2231 4509 2414 4564 scissio
2465 4515 2729 4578 pectorum
2760 4521 2779 4567 ;
2812 4500 3078 4572 Lycaonia
3129 4512 3259 4552 vero
3305 4496 3704 4562 interpretatur

2116 4580 2184 4655 ed
2229 4597 2608 4655 suscitaudum.
2653 4592 2821 4663 Lydia
2849 4598 3027 4644 autem
3069 4603 3099 4641 a
3130 4586 3276 4656 Lydo
3310 4583 3452 4650 regis
3499 4580 3700 4643 fratre,

2117 4693 2209 4762 qui
2238 4693 2290 4745 in
2315 4687 2591 4760 provincia
2627 4689 2984 4745 remanserat,
3013 4675 3388 4748 cognominata
3415 4680 3519 4727 est.
3549 4670 3706 4726 Con-

2107 4785 2352 4856 jungitur
2375 4789 2555 4836 autem
2578 4778 2647 4833 ab
2668 4776 2945 4833 occidente
2971 4769 3166 4826 minori
3193 4765 3460 4837 Phrygiae,
3483 4764 3552 4818 ab
3567 4773 3705 4816 ortu

2118 4879 2402 4948 Smyrnam
2437 4873 2621 4928 urbem
2661 4871 2846 4934 habet,
2877 4882 3038 4938 quam
3075 4864 3236 4919 Meles
3277 4861 3469 4915 ﬂuvius
3503 4859 3703 4929 cingit,

2111 4967 2262 5036 cujus
2307 4979 2527 5034 campos
2569 4960 2816 5016 Pactolus
2871 4967 2925 5013 et
2987 4956 3218 5010 Hermus
3277 4948 3700 5010 circumﬂuunt,

2112 5057 2294 5112 arenis
2324 5054 2504 5108 aureis
2527 5049 2797 5106 ditissimi.
2846 5046 3012 5116 Lydia
3053 5053 3233 5099 autem
3279 5041 3700 5109 interpretatur.

2112 5149 2367 5218 defecata.
2396 5144 2597 5200 Isauria
2623 5157 2689 5196 ex
2710 5141 2814 5196 situ
2835 5139 2938 5193 luci
2957 5137 3273 5208 perhibetur
3293 5131 3710 5202 cognominata,

2115 5243 2258 5313 quod
2285 5241 2518 5311 undique
2561 5245 2747 5307 aperta
2776 5249 3028 5289 aurarum
3081 5231 3296 5285 [latibus
3342 5236 3541 5297 pateat.
3588 5227 3716 5283 Me-

2118 5331 2366 5402 tropolim
2403 5329 2589 5384 urbem
2643 5325 2946 5382 Seleuciam
2995 5322 3175 5376 habet.
3228 5318 3413 5375 Cilicia
3461 5331 3491 5370 a
3539 5315 3720 5372 cilice

2119 5423 2351 5494 quodam
2381 5435 2577 5477 nomen
2599 5419 2777 5479 traxit,
2806 5429 2963 5485 quem
2993 5423 3171 5469 ortum
3206 5411 3459 5466 thnice
3486 5408 3718 5475 dicunt,

2119 5512 2584 5581 antiquioremque
2611 5507 2742 5563 Jove
2791 5506 2956 5561 fuisse
2982 5512 3248 5560 asserunt.
3292 5502 3528 5557 Plurima
3551 5500 3725 5570 jacet

2121 5604 2346 5673 eaiupis,
2381 5601 2645 5672 recipiens
2665 5598 2733 5653 ab
2754 5597 3230 5667 occiduel.yciam,
3247 5611 3278 5648 a
3304 5592 3531 5647 meridie
3553 5608 3725 5646 mare

2123 5699 2363 5763 Issit-um,
2399 5712 2426 5749 a
2465 5705 2616 5764 tergo
2655 5692 2852 5749 montis
2901 5691 3059 5746 Tauri
3112 5691 3257 5759 juga.
3309 5687 3457 5742 llanc
3483 5683 3728 5750 Cydnus
