3974 6188
295 298 405 354 345

1269 287 1358 342 DE
1397 285 1742 343 UNIVEHSO
1779 283 1955 339 LIBRI
1999 281 2160 339 XXII.
2203 316 2271 324 ——
2313 286 2438 340 LIB.
2482 285 2594 340 XII.

3451 283 3556 338 516

290 417 608 474 intersecat,
654 413 883 462 matrem
931 403 1140 458 urbium
1188 403 1350 456 habet
1388 399 1677 455 Tharsum.
1715 397 1773 452 In
1809 414 1871 450 ea
1904 405 1949 459 Α
1979 416 2080 452 nae.
2114 398 2378 454 Philistim
2406 399 2550 452 enim
2598 399 2983 466 interpretatur
3010 399 3161 448 ruina
3194 395 3404 464 duplex.
3453 395 3559 450 Ge-

287 518 344 564 et
381 507 625 576 Corycus
659 501 913 571 oppidum
945 504 1044 558 est,
1073 495 1214 549 unde
1246 508 1461 549 crocum
1490 492 1777 561 plurimum
1824 499 1878 542 et

287 597 561 667 optimum
607 591 755 644 venit
805 585 1097 658 spiramine
1133 582 1442 654 ﬂagrantior
1484 577 1876 652 [ﬂagrantius],

286 697 349 739 et
394 683 578 740 colore
631 680 752 749 plus
794 691 979 731 aureo.
1026 675 1418 744 Interpretatur
1468 681 1648 725 autem
1691 669 1877 724 Cilicia

288 785 454 829 artus
505 779 602 826 aut
653 768 842 834 luctus,
885 765 970 819 vel
1015 763 1322 833 assumptio,
1366 761 1450 816 vel
1499 760 1698 814 sonitus
1745 758 1878 826 ejus.

290 865 423 919 llaec
457 861 636 932 typice
662 870 948 928 personam
995 854 1372 923 paenitentiam
1419 850 1575 922 gerit,
1616 848 1707 917 qui
1758 861 1880 916 pec-

290 965 418 1007 cata
448 967 548 1006 sua
569 947 810 1018 quotidie
842 947 896 999 in
916 942 1121 1016 jejunio
1143 952 1195 996 et
1217 943 1461 997 oratione
1492 938 1793 1008 deplorant,
1829 943 1883 990 et

289 1060 325 1098 a
378 1041 613 1096 Domino
666 1036 878 1091 veniam
925 1034 1300 1103 deprecantur.
1363 1031 1524 1101 Lycia
1553 1035 1880 1097 nuncupata,

291 1131 440 1200 quod
479 1130 549 1184 ab
591 1128 800 1183 oriente
845 1124 1095 1194 adjuncta
1137 1121 1284 1175 Ciliae
1323 1118 1568 1190 [ClllCliB]
1614 1118 1704 1171 sit.
1750 1114 1882 1168 Nam

293 1223 459 1276 habet
482 1219 552 1273 ab
580 1227 702 1272 ortu
729 1215 992 1277 Ciliciam,
1043 1212 1111 1266 ab
1136 1224 1332 1265 occasu
1359 1216 1413 1261 et
1437 1206 1660 1262 meridie
1710 1218 1881 1268 mare,

297 1331 330 1367 a
346 1309 714 1382 scptentrione
737 1305 968 1360 Cariam.
993 1303 1172 1358 Ibiest
1200 1315 1352 1354 mons
1370 1298 1658 1360 Chimaera,
1683 1295 1773 1365 qui
1796 1311 1887 1350 no-

297 1401 505 1457 cturnis
530 1398 752 1453 aestibus
781 1397 960 1466 ignem
984 1391 1218 1455 exhalat,
1246 1391 1384 1445 sicut
1409 1390 1462 1442 in
1492 1387 1677 1442 Sicilia
1697 1384 1881 1450 Aitna,

295 1503 353 1547 ct
372 1489 640 1546 Vesuvius
663 1487 716 1540 in
743 1483 1056 1554 Campania.
1086 1481 1474 1549 Interpretatur
1496 1487 1674 1532 autem
1698 1475 1882 1546 Lycia,

296 1582 616 1651 lacrymans.
649 1577 816 1632 Albus
857 1575 1004 1643 regio
1042 1573 1420 1635 ldumaaorum,
1449 1585 1568 1639 quae
1612 1584 1755 1623 nunc
1783 1567 1887 1621 Ga—

296 1672 492 1727 balene
530 1669 749 1731 dicitur,
803 1665 978 1720 vicina
1029 1663 1203 1717 Petra:
1252 1659 1479 1715 civitati.
1524 1657 1886 1712 Amalechites

299 1765 450 1834 regio
481 1763 537 1816 in
562 1761 778 1815 deserto
803 1758 869 1811 ad
899 1754 1177 1810 meridiem
1212 1750 1427 1814 Iudaeae,
1463 1757 1652 1804 tenens
1693 1747 1881 1802 urbem
1912 1735 1957 1794 Β

300 1854 518 1907 Petram
558 1849 811 1904 euntibus
837 1846 1034 1909 Ailam,
1065 1841 1218 1912 cujus
1245 1850 1298 1896 et
1329 1839 1606 1910 Scriptura
1633 1837 1890 1893 recordata

303 1952 412 2003 tur,
459 1939 652 1994 dicens
683 1955 695 1990 :
729 1933 975 1990 Amalech
1020 1932 1219 1986 nabitat
1254 1931 1308 1982 in
1340 1939 1478 1982 terra
1525 1927 1594 1981 ad
1647 1935 1883 1980 austrum

301 2031 493 2104 (Num.
523 2030 678 2100 snt);
711 2027 804 2083 sed
828 2036 882 2081 et
914 2024 1070 2094 juxta
1094 2039 1217 2078 eum
1249 2023 1386 2076 alius
1424 2020 1760 2076 Chananaeus
1790 2017 1885 2071 ha-

300 2124 492 2180 bitavit
517 2165 533 2187 ,
561 2124 654 2192 qui
699 2129 754 2175 et
785 2119 1061 2176 dimicavit
1111 2126 1298 2172 contra
1329 2115 1469 2170 ﬁlios
1493 2113 1658 2170 Israel
1692 2113 1744 2167 in
1791 2113 1881 2167 de-

304 2226 470 2281 serto,
506 2216 574 2270 de
597 2214 794 2283 quibus
816 2213 886 2267 ita
903 2210 1160 2267 scribitur
1183 2227 1196 2262 :
1222 2207 1461 2262 Amalech
1485 2216 1657 2260 autem
1681 2214 1730 2259 et
1757 2201 1890 2258 Claa-

306 2322 523 2359 nanoeus
552 2303 789 2356 habitant
829 2303 881 2354 in
911 2299 1044 2355 valle
1087 2299 1276 2371 (Num.
1328 2296 1460 2368 xlv).
1514 2297 1693 2366 Argob
1741 2295 1888 2365 regio

306 2396 448 2466 regis
474 2394 655 2448 Basan
683 2406 847 2462 supra
876 2389 1147 2447 Iordanen
1175 2390 1228 2444 in
1267 2396 1410 2444 sorte
1447 2387 1680 2442 dimidiae
1718 2386 1890 2440 tribus

306 2489 572 2552 Manasse,
600 2495 657 2540 et
683 2494 765 2540 est
787 2499 959 2553 usque
983 2483 1142 2537 hodie
1184 2482 1336 2536 vicus
1365 2480 1510 2534 circa
1546 2478 1748 2533 Gerasa
1800 2493 1892 2530 ur-

307 2583 426 2635 bem
449 2578 666 2632 Arabiae
696 2593 764 2630 xv
797 2575 864 2629 ab
892 2590 954 2629 ea
993 2572 1232 2629 millibus
1274 2572 1483 2626 distans
1530 2577 1717 2624 contra
1749 2567 1894 2623 occi-

307 2673 555 2734 dentem,
584 2669 676 2738 qni
726 2667 869 2737 Arga
925 2663 1265 2736 appellatur,‘
1313 2661 1457 2732 quod
1504 2661 1888 2730 interpretatur

309 2760 689 2832 Symmachus,
719 2773 1036 2811 mensuram.
1065 2755 1454 2824 Interpretatur
1504 2759 1685 2805 autem
1711 2750 1894 2820 Argob

307 2851 586 2905 maledicta
615 2849 929 2904 sublimitas.
964 2846 1031 2900 Et
1059 2861 1176 2914 quae
1215 2852 1298 2899 est
1337 2843 1623 2897 maledicta
1653 2841 1898 2896 sublimi-

309 2950 409 3004 tzzs,
443 2940 547 2994 nisi
575 2937 746 2993 fastus
758 2935 1045 3007 superbia),
1067 2949 1185 3004 qua:
1200 2935 1588 3003 interpretatur
1611 2933 1896 2987 anathema

307 3029 578 3084 tristitize?
605 3028 808 3083 Ermon
839 3027 986 3098 regio
1013 3025 1358 3080 Hebrreorum
1404 3031 1508 3090 est,
1549 3039 1714 3094 quam
1760 3023 1899 3078 obti-

1981 502 2124 549 rara,
2175 503 2243 540 ex
2303 487 2454 555 cujus
2505 487 2719 540 nomine
2764 483 3091 547 Geratinea,
3146 493 3367 537 vocatur
3414 485 3560 552 regio

1980 579 2410 633 transdoromam
2437 577 2625 646 procul
2663 575 2730 630 ab
2759 575 3138 642 Eleuteropoli,
3173 575 3408 629 millibus
3453 592 3561 629 xxv

1980 669 2047 721 ad
2071 669 2369 722 meridiem.
2391 667 2519 720 Erat
2540 674 2720 720 autem
2753 665 2880 720 olim
2929 665 3192 719 terminus
3230 663 3562 718 Chananaro-

1982 780 2099 818 rum
2124 765 2187 818 ad
2219 763 2510 818 australem
2533 770 2762 833 partem,
2781 770 2834 815 et
2861 761 3053 816 civitas
3074 759 3387 829 metropolis
3398 758 3564 813 Palae‘

1982 857 2156 911 stium.
2183 856 2457 924 Scriptura
2485 864 2872 910 commemorat
2897 853 3066 909 fuisse
3093 869 3212 908 eam
3245 853 3566 908 interCades

1981 959 2035 1003 et
2071 949 2197 1012 Sur,
2220 948 2321 1002 hoc
2347 955 2452 1008 est,
2477 947 2619 1001 inter
2640 947 2773 1001 duas
2799 947 3135 1009 solitudines,
3184 961 3410 1014 quarum
3459 961 3563 998 una

1984 1039 2215 1111 Aigypto
2249 1037 2512 1108 jungitur,
2567 1041 2633 1092 ad
2681 1053 2842 1106 quam
2891 1037 3117 1106 populus
3170 1045 3319 1090 trans
3369 1035 3566 1090 fretum

1982 1132 2152 1186 Rubri
2200 1132 2366 1185 maris
2392 1132 2654 1200 pervenit.
2692 1130 2874 1186 Altera
2906 1146 3034 1185 vero
3083 1130 3254 1184 Cades
3287 1146 3454 1200 usque
3501 1131 3566 1183 ad

1985 1224 2405 1277 Sarracenorum
2476 1237 2717 1277 eremnm
2785 1222 3112 1276 extenditur.
3176 1223 3569 1291 Interpretatur

1985 1312 2392 1367 autemGerara
2432 1313 2837 1366 ruminationcm
2888 1313 3035 1376 vidit,
3091 1313 3204 1366 sive
3255 1313 3566 1365 mae/terius.

1984 1401 2152 1456 Gesse
2181 1401 2328 1470 regio
2356 1400 2592 1471 ,Egypti,
2623 1403 2676 1454 in
2708 1417 2809 1471 qua
2843 1401 3106 1455 habitavit
3150 1399 3316 1455 Jacob
3355 1417 3477 1454 cum
3509 1401 3572 1453 li—

1985 1494 2130 1549 beris
2157 1492 2287 1547 suis.
2319 1491 2488 1547 Gesse
2527 1492 2949 1562 interpretatur,
3002 1492 3426 1560 appropinquans
3476 1491 3573 1544 ad-

1984 1582 2272 1652 palpationi
2300 1597 2500 1644 eorum,
2533 1581 2645 1635 sive
2676 1583 2930 1634 vicinitas.
2960 1581 3188 1634 Idumtea
3225 1581 3375 1651 regio
3403 1581 3566 1638 Esau.

1986 1689 2105 1742 qum
2131 1689 2197 1727 ex
2227 1688 2312 1737 eo,
2338 1671 2582 1742 quodille
2605 1671 2772 1725 Edom
2789 1671 3103 1735 vocabatur,
3130 1686 3324 1726 nomen
3339 1671 3568 1738 accepit.

1985 1763 2079 1816 Est
2105 1763 2449 1817 autemcirca
2480 1761 2666 1814 urbem
2714 1760 2948 1823 Petram,
3003 1775 3123 1829 qua:
3175 1777 3317 1814 nunc
3369 1760 3566 1814 dicitur

1985 1852 2275 1907 Gabalene.
2300 1850 2520 1906 Jotheth
2549 1849 2696 1920 regio
2722 1849 3024 1919 principum
3061 1849 3226 1903 Edoni
3262 1849 3312 1902 in
3359 1848 3568 1909 eadem,

1985 1939 2053 1994 de
2077 1955 2183 2009 qua
2233 1948 2287 1994 et
2343 1953 2504 2008 supra
2555 1938 2806 1997 diximus,
2846 1937 3138 1992 Gabalene.
3196 1937 3366 1992 Messe
3422 1937 3572 2008 regio

1985 2029 2170 2094 Indiae,
2226 2029 2279 2082 in
2323 2043 2428 2097 qua
2463 2026 2845 2081 habitaverunt
2889 2025 2980 2079 ﬁlii
3028 2025 3218 2080 Jectan
3265 2025 3357 2080 ﬁlii
3408 2027 3566 2082 Eber.

1989 2121 2162 2176 Messe
2205 2121 2402 2190 quippe
2449 2119 2837 2187 interpretatur
2887 2134 3023 2187 aqua
3057 2134 3201 2181 rara,
3259 2118 3340 2171 vel
3391 2118 3568 2170 elatio.

1990 2213 2232 2267 Theman
2260 2211 2408 2282 regio
2437 2210 2739 2279 principum
2768 2209 2934 2263 Edom
2968 2209 3020 2261 in
3068 2216 3212 2262 terra
3240 2195 3566 2267 Gebaletica,

1993 2303 2068 2376 [ει]
2099 2302 2340 2357 Theman
2391 2301 2501 2356 ﬁlio
2529 2300 2776 2371 Elipham
2805 2300 2944 2354 Esau
2995 2300 3184 2354 sortita
3231 2299 3568 2364 vocabulum,

1991 2393 2084 2448 sed
2109 2407 2277 2461 usque
2305 2391 2464 2447 hodie
2488 2399 2572 2446 est
2596 2390 2744 2454 villa,
2793 2389 3034 2444 Theman
3071 2390 3310 2454 nomine,
3366 2389 3572 2443 distans

1993 2485 2062 2538 ab
2087 2484 2220 2538 urbe
2254 2483 2410 2539 Petra
2439 2501 2472 2538 v
2517 2483 2772 2548 millibus,
2804 2483 2895 2538 ubi
2934 2495 2988 2538 et
3047 2483 3409 2537 Romanorum
3435 2483 3573 2536 mili-

1995 2585 2106 2631 tum
2137 2575 2462 2646 prmsidium.
2493 2575 2597 2630 Sed
2626 2574 2693 2629 de
2713 2591 2820 2644 quo
2847 2575 2962 2629 loco
2991 2573 3212 2643 Eliphas
3235 2590 3327 2628 rex
3352 2574 3575 2627 Thema-

1994 2682 2210 2731 norum,
2267 2667 2637 2736 unusquisque
2688 2665 2917 2720 ﬁliorum
2975 2664 3167 2719 lsmael
3207 2663 3576 2734 appellabatur

1997 2761 2262 2816 Theman.
2309 2759 2596 2814 Sciendum
2649 2766 2848 2821 autem,
2901 2757 3042 2826 quod
3096 2758 3271 2811 omnis
3327 2757 3580 2813 australis

1999 2850 2144 2922 regio
2166 2849 2430 2904 Hebraiee
2459 2849 2698 2902 Theman
2727 2848 2940 2903 dicitur.
2975 2847 3361 2917 Interpretatur
3398 2858 3577 2903 autem

1999 2943 2264 3007 Theman,
2295 2952 2491 3006 auster,
2515 2940 2598 2993 vel
2628 2940 2856 3010 Africus.
2890 2939 3082 3004 Cedar,
3113 2939 3179 2994 de
3215 2955 3322 3009 quo
3350 2939 3405 2994 in
3449 2940 3580 2996 Eze-

2001 3033 2173 3088 chiele
2194 3032 2466 3102 principes
2490 3030 2662 3086 Cedar
2681 3029 2931 3102 leguntur
2959 3048 2972 3082 :
3003 3030 3096 3085 sed
3127 3040 3182 3084 et
3209 3030 3507 3088 Hieremias
3527 3043 3584 3088 et

307 3123 425 3176 nuit
450 3119 630 3175 Iesus.
655 3118 912 3174 Hebraeus
929 3131 1076 3181 vero,
1107 3131 1214 3186 quo
1244 3115 1564 3186 pnelegente
1591 3114 1893 3184 Scripturas

2000 3123 2163 3178 Isaias
2197 3123 2251 3176 in
2281 3123 2488 3177 visione
2511 3121 2738 3184 Arabiae,
2756 3120 2915 3191 hujus
2935 3120 3181 3176 vocabuli
3203 3121 3580 3176 recordantur.

309 3212 492 3275 didici,
519 3209 748 3264 aﬂirmat
775 3217 1010 3265 montem
1054 3206 1287 3260 Hermon
1315 3205 1564 3260 Paneade
1593 3205 1895 3269 imminere,

309 3319 472 3374 quam
495 3301 769 3372 quondam
799 3308 1084 3356 tenuerunt
1112 3298 1252 3352 Evaei
1280 3307 1337 3352 et
1363 3297 1648 3362 Amorraei,
1693 3297 1760 3351 de
1790 3312 1899 3367 quo

310 3409 455 3449 nunc
474 3376 677 3447 aestiva:
711 3391 866 3446 nives
911 3389 1110 3461 Tyrum
1164 3389 1234 3444 ob
1287 3387 1509 3442 delicias
1557 3386 1894 3442 deferuntur.

310 3488 456 3541 Ceae
514 3484 661 3555 regio
710 3481 1009 3552 principum
1062 3480 1417 3535 Idumteorum
1466 3478 1897 3547 interpretatur,

310 3576 568 3646 possessio
595 3589 613 3626 :
641 3559 814 3637 Evila,
845 3571 935 3626 ubi
978 3586 1167 3625 aurum
1197 3570 1562 3640 purissimum,
1616 3569 1758 3638 quod
1797 3567 1904 3623 He-

312 3667 494 3720 Iaraice
521 3663 719 3720 dicitur
747 3661 909 3726 Zaab,
938 3669 992 3715 et
1021 3675 1245 3730 gemmze
1290 3659 1696 3728 pretiosissimae
1715 3698 1728 3723 ,
1782 3674 1902 3712 car-

313 3755 579 3811 bunculus
603 3752 1024 3823 smaragdusque
1056 3757 1371 3804 nascuntur.
1410 3749 1506 3803 Est
1531 3758 1713 3802 autem
1752 3748 1902 3818 regio

311 3848 380 3902 ad
412 3847 677 3900 orientem
707 3857 953 3914 vergens,
987 3856 1148 3911 quam
1176 3840 1374 3895 circuit
1399 3841 1464 3894 de
1491 3839 1751 3894 Paradiso
1777 3839 1903 3894 Phi-

314 3953 410 3991 son
437 3937 743 4007 egrediens,
770 3947 930 4003 quem
975 3933 1145 3986 nostri
1194 3941 1398 3986 mutato
1433 3932 1650 3986 nomine
1681 3930 1898 4000 Gangen

315 4036 525 4082 vocant.
556 4027 662 4080 Sed
693 4033 746 4079 et
773 4040 912 4078 unus
941 4024 1004 4078 de
1033 4022 1328 4078 minoribus
1381 4021 1493 4076 Noe
1534 4020 1684 4074 Evila
1729 4021 1902 4075 dictus

313 4130 416 4182 est,
449 4133 609 4187 quem
633 4115 899 4185 Iosephus
933 4113 1101 4168 refert
1127 4129 1250 4168 cum
1299 4112 1558 4167 fratribus
1589 4113 1701 4166 suis
1747 4128 1776 4165 a
1808 4111 1901 4164 llu-

315 4213 461 4265 niine
489 4209 690 4265 Cofene
710 4217 764 4263 et
789 4207 1006 4277 regione
1032 4205 1192 4259 Indiae
1214 4219 1385 4274 usque
1423 4205 1490 4258 ad
1535 4219 1656 4258 eum
1698 4203 1898 4266 locum,

315 4303 407 4371 qui
438 4301 744 4372 appellatur
773 4298 974 4362 Hicira,
1000 4297 1322 4367 possedisse.
1366 4295 1471 4350 Sed
1519 4304 1573 4350 et
1621 4294 1807 4349 lsmael
1846 4295 1900 4348 in

316 4394 602 4447 solitudine
644 4391 798 4445 Evila
847 4389 1123 4444 habitasse
1177 4388 1452 4451 scribitur,
1503 4403 1664 4456 quam
1711 4398 1898 4443 sancta

316 4483 595 4553 Scriptura
622 4482 698 4535 ait
721 4495 843 4535 esse
865 4480 917 4532 in
936 4476 1147 4534 deserto
1177 4477 1282 4532 Sur
1304 4485 1491 4532 contra
1515 4455 1704 4532 l‘aciem
1737 4477 1900 4548 [Egy-
1927 4455 1979 4515 D

314 4575 414 4643 pti,
441 4583 496 4628 et
516 4571 738 4626 tendere
763 4583 933 4638 usque
976 4569 1042 4623 ad
1073 4577 1270 4622 terram
1325 4567 1688 4638 Assyriorum.
1728 4567 1900 4622 Inter-

314 4675 560 4735 pretatur
594 4673 774 4718 autem
803 4663 951 4716 Evila
983 4660 1183 4724 dolens,
1210 4659 1323 4713 sive
1344 4659 1662 4728 parturiens.
1687 4659 1898 4728 Ephra-

317 4762 406 4812 tha
433 4757 584 4826 regio
614 4754 947 4816 Bethlehem,
983 4753 1174 4806 civitas
1203 4750 1396 4812 David,
1432 4749 1484 4802 in
1509 4764 1612 4818 qua
1634 4756 1794 4802 natus
1818 4757 1902 4803 est

314 4849 585 4903 Christus.
635 4845 731 4898 Est
779 4851 956 4896 autem
1007 4841 1060 4894 in
1116 4840 1256 4894 tribu
1311 4837 1470 4902 Juda,
1501 4838 1624 4892 licet
1658 4837 1902 4908 plerique

317 4936 458 4990 male
501 4934 773 4990 aestiment
826 4931 877 4984 in
909 4929 1048 4983 tribu
1078 4929 1354 4997 Benjamin
1397 4928 1552 4996 juxta
1589 4927 1751 4989 viam,
1811 4927 1900 4980 ubi

317 5027 524 5096 sepulta
553 5033 639 5079 est
666 5021 887 5082 Rachel,
923 5019 1111 5088 quinto
1159 5017 1407 5072 milliario
1441 5018 1508 5070 ab
1545 5014 1900 5079 Hierusalem,

317 5118 373 5171 in
401 5132 464 5170 eo
487 5117 626 5178 loco,
650 5113 742 5182 qui
767 5129 796 5166 a
818 5109 961 5164 LXX
983 5119 1208 5164 vocatur
1237 5107 1646 5176 Ilippodromus,
1670 5108 1810 5160 sicut
1829 5107 1904 5161 lc—

317 5205 494 5276 gimus
523 5204 579 5258 in
627 5202 766 5256 libro
813 5199 1275 5268 Paralipomenon.
1308 5195 1694 5263 Interpretatur
1724 5202 1902 5246 autem

319 5294 621 5364 Ephratha,
682 5291 908 5353 ubertas,
957 5288 1073 5343 sive
1116 5284 1495 5357 pulverulenta.
1555 5283 1712 5337 Elath
1761 5284 1905 5354 regio

315 5389 622 5462 principum
652 5385 842 5449 Edom,
873 5392 928 5438 et
955 5382 1147 5437 civitas
1173 5380 1314 5433 Esau
1351 5379 1404 5431 in
1437 5376 1645 5430 decimo
1673 5392 1704 5429 a
1747 5376 1906 5429 Petra

320 5479 576 5535 milliaria
610 5486 801 5531 contra
829 5475 1112 5528 Orientem.
1147 5471 1540 5538 Interpretatur
1570 5467 1712 5520 enim
1747 5467 1905 5520 Elath

319 5570 390 5621 ad
420 5567 588 5620 solum
609 5606 622 5628 ,
653 5564 738 5618 vel
771 5563 1057 5625 solitarius,
1107 5567 1200 5613 aut
1228 5574 1408 5611 unum.
1459 5555 1746 5617 Philistim,
1789 5571 1907 5622 qua:

323 5675 466 5717 nunc
488 5657 687 5713 dicitur
711 5655 964 5718 Ascalon,
993 5661 1044 5707 et
1068 5652 1212 5707 circa
1234 5664 1352 5705 eam
1387 5647 1532 5716 regio
1560 5655 1642 5700 est
1673 5644 1907 5700 Palwsti-

2001 3217 2098 3270 Est
2139 3222 2316 3268 autem
2361 3212 2510 3283 regio
2560 3213 2613 3266 in
2647 3226 2832 3267 eremo
2881 3211 3327 3276 Sarracenorum,
3387 3228 3415 3265 a
3469 3212 3582 3265 ﬁlio

1999 3305 2240 3362 Ismaelis
2270 3304 2446 3360 Cedar
2469 3304 2544 3358 ita
2565 3303 2963 3372 cognominata.
2989 3303 3165 3356 Cedar
3211 3312 3391 3358 autem
3419 3304 3582 3358 inter-

1999 3405 2244 3468 pretatur
2293 3395 2538 3460 tenebrae,
2586 3393 2670 3448 vel
2712 3409 2919 3447 maeror.
2952 3393 3127 3447 Gotha
3159 3393 3307 3463 regio
3337 3394 3585 3464 Assyrio-

2003 3502 2169 3551 rum;
2227 3484 2401 3540 Gotha
2455 3484 2843 3553 interpretatur
2879 3483 3215 3552 principium.
3265 3483 3546 3552 Deeapolis
3571 3525 3587 3548 ,

2001 3577 2143 3632 sicut
2161 3577 2216 3629 in
2248 3573 2536 3646 Evangelio
2561 3573 2809 3643 legimus,
2850 3573 3036 3628 decem
3060 3573 3274 3628 urbium
3307 3575 3455 3645 regio
3502 3585 3586 3630 est

2003 3680 2152 3724 trans
2170 3667 2457 3723 Iordanem
2484 3666 2630 3722 circa
2661 3664 2891 3734 Ilippum
2915 3674 2968 3721 et
2997 3665 3196 3720 Pellam
3223 3673 3276 3720 et
3294 3664 3585 3720 Gadaram.

2001 3761 2268 3815 Fathures
2298 3759 2446 3830 regio
2472 3757 2692 3828 Egypti
2725 3755 2880 3824 juxta
2908 3756 3248 3811 Ezechielem
3295 3765 3350 3810 et
3401 3753 3588 3810 [liere-

2002 3853 2188 3915 miam,
2219 3853 2270 3906 in
2319 3866 2422 3920 qua
2451 3849 2683 3926 .profugi
2725 3848 3038 3903 habitavere
3085 3847 3272 3901 Judaei.
3325 3846 3590 3900 Fathnres

2003 3959 2131 3998 vero
2167 3943 2552 4010 interpretatur
2595 3941 2699 3993 oris
2733 3938 3041 4009 exploratio,
3067 3939 3180 3992 sive
3227 3935 3454 3990 buccella
3499 3935 3584 3988 lu-

2001 4033 2285 4097 minis,vel
2314 4049 2370 4085 os
2392 4031 2632 4084 turturis.
2687 4027 2890 4082 Gellam
2941 4026 3047 4080 Sur
3102 4027 3249 4096 regio
3297 4024 3590 4094 allophylo-

2003 4139 2154 4187 rum;
2185 4137 2348 4191 porro
2376 4121 2525 4176 Gella
2578 4120 2968 4186 interpretatur
3014 4117 3178 4186 migra
3216 4115 3296 4170 vel
3343 4117 3588 4168 transmi-

2003 4214 2194 4285 granti.
2222 4212 2424 4268 Gessur
2468 4209 2619 4278 regio
2668 4209 3092 4279 alienigenarum
3133 4207 3186 4261 in
3229 4205 3428 4276 Syria:
3463 4221 3588 4259 nam

2002 4309 2203 4365 Gessur
2237 4307 2620 4374 interpretatur
2657 4303 2816 4372 juxta
2862 4300 3037 4354 lumen
3066 4315 3257 4364 meum,
3288 4298 3372 4353 vel
3421 4296 3590 4369 appli-

2004 4417 2128 4455 cans
2164 4416 2217 4452 se
2247 4397 2433 4451 lumini
2463 4411 2596 4449 meo.
2633 4392 2854 4450 Galilaaa
2879 4391 3078 4447 dicitur
3106 4390 3271 4461 regio.
3300 4388 3432 4443 Nam
3469 4389 3590 4446 duae

2005 4499 2130 4548 sunt
2155 4489 2390 4554 Galileae,
2418 4503 2449 4543 e
2471 4487 2667 4557 quibus
2695 4501 2800 4539 una
2825 4483 3046 4539 Galilzea
3072 4483 3310 4554 gentium
3337 4490 3583 4547 vocatur,

2002 4583 2177 4637 vicina
2205 4581 2399 4634 ﬁnibus
2428 4577 2715 4649 Tyrorum,
2760 4576 2850 4631 ubi
2882 4583 2938 4630 et
2969 4573 3222 4629 Salomon
3254 4589 3358 4627 xxv
3401 4573 3589 4628 civita-

2005 4681 2084 4726 tes
2103 4671 2319 4726 donavit
2332 4669 2392 4723 If:
2401 4684 2512 4723 ram
2530 4668 2639 4737 regi
2653 4665 2780 4736 Tyri
2798 4667 2848 4720 in
2863 4675 3008 4720 sorte
3025 4665 3194 4720 tribus
3208 4663 3547 4734 Nephthalim
3571 4681 3584 4717 :

2003 4761 2169 4815 altera
2208 4757 2427 4814 Galilaea
2458 4757 2656 4812 dicitur
2684 4756 2830 4810 circa
2862 4753 3226 4820 Tiberiadem,
3255 4763 3310 4809 et
3337 4763 3585 4823 stagnum

2002 4851 2336 4906 Cenesareth
2389 4850 2441 4903 in
2481 4849 2623 4903 tribu
2658 4847 2919 4902 Zabulon.
2975 4846 3362 4914 Interpretatur
3407 4853 3586 4896 autem

2003 4942 2219 4998 Galilaea
2278 4939 2604 5003 volutabilis,
2661 4947 2752 4991 aut
2810 4935 3198 5004 transmigratio
3251 4939 3584 5003 perpetrata,

2004 5031 2087 5085 vel
2116 5040 2249 5083 rota.
2283 5027 2502 5082 Gamela
2542 5027 2688 5096 regio
2717 5026 3090 5085 ldumazorum,
3122 5036 3219 5090 pro
3247 5035 3350 5087 qua
3391 5018 3584 5087 Aquila

2003 5131 2058 5177 et
2089 5119 2444 5192 Symmachus
2490 5118 2919 5186 interpretantur
2969 5111 3152 5167 vallem
3203 5109 3349 5164 salis.
3400 5109 3586 5164 Marha

2005 5209 2154 5278 regio
2202 5205 2345 5276 regis
2381 5205 2604 5269 Gessur,
2662 5205 3049 5272 interpretatur
3095 5197 3286 5252 Macha‘
3333 5197 3585 5264 mollitus,

2007 5301 2120 5355 sive
2149 5298 2467 5366 confractus.
2502 5297 2772 5366 Masagam
2804 5295 2950 5364 regio
2971 5291 3349 5357 Moabitarnm,
3381 5299 3439 5345 ut
3461 5292 3590 5346 scri-

2005 5391 2086 5444 bit
2145 5389 2465 5443 Hieremias.
2519 5387 2731 5457 Masaga
2791 5386 3179 5454 interpretatur
3250 5383 3587 5453 requirentem

2008 5487 2120 5540 sive
2149 5484 2464 5538 retinentem.
2497 5481 2659 5535 Miser
2691 5481 2837 5550 regio
2867 5478 3020 5532 Moab
3058 5476 3211 5546 juxta
3237 5473 3588 5540 Hieremiam,

2010 5578 2394 5644 interpretatur
2427 5574 2624 5625 directa
2673 5572 2785 5625 sive
2830 5571 3133 5641 campestris
3161 5568 3244 5624 vel
3296 5564 3583 5620 tribulatio.

2013 5665 2236 5721 Masfath
2277 5664 2421 5735 regio
2461 5661 2832 5726 Moabitarun),
2873 5661 3012 5717 sicut
3054 5661 3107 5715 in
3158 5657 3423 5715 Ilieremia
3458 5655 3587 5724 legi-
