3974 6188
431 303 535 360 δι’]

1090 302 1151 357 Β.
1191 300 1447 358 RABANI
1485 302 1703 358 MAUIII
1740 298 2065 357 ARCIIIEP.
2106 298 2417 356 MOGUNT.
2459 299 2742 358 OPEIKUM
2779 299 2960 357 PARS
2997 300 3064 356 ιι.

3593 308 3702 366 518

432 429 575 470 mus.
597 412 778 469 Posito
802 425 887 469 est
910 422 1088 468 autem
1114 424 1169 468 et
1194 430 1356 484 supra
1403 415 1455 468 in
1502 414 1658 468 lsaia.
1690 412 2011 480 Interpreta-
2040 410 2090 469 Α
2116 408 2328 465 ludibus
2376 410 2654 480 incipiens,
2688 411 2828 466 inter
2877 411 3178 466 Danubium
3224 420 3280 468 et
3318 411 3595 473 Oceanum
3620 432 3707 475 se-

436 514 525 559 tur
555 513 736 559 autem
762 504 991 560 Masfath
1019 522 1276 576 aquarum
1302 506 1520 575 impetus
1546 507 1740 559 habens
1765 506 2016 572 tempora.

434 594 591 651 Maon
618 595 766 667 regio
795 595 1148 650 Moabitarum
1171 593 1326 662 juxta
1352 596 1698 650 Ilieremiam.
1734 594 1886 649 Moon
1943 593 2021 647 in-

435 692 768 756 terpretatur
809 685 1187 740 habitaculum.
1240 685 1497 758 Magedan
1525 728 1540 750 ,
1583 687 1651 741 ad
1690 686 1842 756 cujus
1889 684 2022 738 ﬁnes

433 774 719 830 Matthteus
751 774 1081 845 evangelista
1110 775 1299 829 scribit
1346 777 1632 831 Dominum
1662 774 1973 846 pervenisse
2002 792 2014 827 :

434 864 530 921 sed
580 872 634 920 et
665 864 877 919 Marcus
929 863 1168 935 ejusdem
1213 865 1448 921 nominis
1482 864 1819 929 recordatur,
1878 878 2021 916 nunc

436 966 617 1010 autem
641 956 787 1026 regio
815 956 1015 1010 dicitur
1052 954 1343 1027 Magedana
1395 956 1540 1011 circa
1588 954 1853 1009 Gerasan.
1910 953 2021 1007 Ma-

437 1048 608 1119 gedon
634 1048 778 1101 enim
806 1046 1197 1117 interpretatur
1223 1063 1496 1117 pomorum
1525 1047 1662 1117 ejus,
1714 1047 1827 1100 sive
1851 1061 2022 1099 aena-

434 1134 557 1190 cula
591 1137 725 1207 ejus.
753 1135 992 1191 Nebeoth
1024 1138 1193 1209 regio,
1223 1138 1292 1192 dc
1315 1152 1420 1206 qua
1450 1137 1640 1192 scribit
1669 1136 1857 1191 Isaias.
1887 1134 2021 1190 Nam

433 1223 677 1282 Nebeoth
726 1227 1112 1296 interpretatur
1154 1228 1489 1298 prophetam.
1536 1225 1669 1298 Ofyr
1716 1236 1801 1281 est
1827 1226 2018 1292 locus,

434 1319 577 1373 unde
605 1319 766 1389 (sicut.
797 1319 850 1373 in
885 1318 1191 1391 Regnorum
1215 1318 1369 1375 libris
1392 1317 1643 1389 legimus)
1674 1333 1865 1372 aurum
1896 1316 2023 1372 aﬁ‘c-

435 1412 658 1467 rebatur
687 1410 962 1468 Salomoni
990 1429 1003 1466 :
1030 1412 1134 1467 fuit
1152 1423 1333 1467 autem
1357 1428 1494 1467 unus
1514 1412 1582 1466 de
1599 1412 1831 1482 posteris
1860 1411 2021 1477 Eber,

435 1503 655 1558 nomine
689 1501 839 1573 Ofyr,
872 1519 937 1557 ex
968 1505 1123 1573 cujus
1153 1504 1320 1573 stirpe
1354 1504 1634 1558 venientes
1664 1519 1693 1557 a
1720 1501 1881 1557 fluvio
1919 1501 2022 1557 Co-

437 1594 560 1650 fene
587 1610 756 1663 usque
786 1595 851 1650 ad
880 1595 1155 1665 regionem
1179 1594 1362 1656 Indiae.
1391 1611 1511 1664 qua:
1541 1604 1769 1650 vocatur
1820 1594 2024 1657 IIieria,

439 1685 713 1741 habitasse
758 1684 927 1740 refert
962 1682 1248 1753 Iosephus,
1299 1699 1330 1738 a
1359 1699 1466 1752 quo
1492 1691 1621 1752 puto
1662 1692 1717 1738 et
1746 1683 2021 1754 regionem

2123 500 2536 569 ptentrionalem
2562 518 2729 571 usque
2753 503 2822 555 ad
2847 501 3193 558 Germaniam
3223 505 3540 577 porrigitur,
3584 522 3707 579 qua:

2125 602 2267 646 terra
2315 591 2637 660 generaliter
2681 602 2900 662 propter
2943 592 3203 647 barbaras
3251 604 3472 666 gentes,
3510 595 3706 665 quibus

2123 680 2474 747 inhabitatur,
2495 682 2775 737 barbarica
2799 682 3013 737 dicitur.
3039 681 3209 753 lIujus
3230 699 3357 752 pars
3379 700 3485 739 una
3514 684 3707 740 Alania

2122 779 2225 835 est,
2253 786 2373 839 qua:
2400 771 2469 825 ad
2511 770 2787 827 Mzeotidas
2828 771 3048 842 paludes
3096 774 3357 845 pertingit
3382 793 3394 829 :
3416 783 3537 847 post
3568 775 3709 831 hanc

2123 859 2306 926 Dacia,
2323 861 2412 916 ubi
2438 869 2493 917 et
2510 860 2737 929 Gothia;
2764 863 2956 919 deinde
2979 864 3395 933 Germania,ubi
3418 868 3708 940 plurimam

2122 959 2335 1020 partem
2361 950 2523 1008 Suevi
2548 953 2909 1009 incoluerunt.
2947 954 3233 1010 Germania
3275 968 3398 1028 post
3426 958 3708 1031 Scythiam

2123 1038 2434 1096 inferiorem
2464 1057 2495 1096 a
2524 1042 2768 1098 Danubio
2814 1044 2958 1099 inter
2992 1044 3238 1100 Rhenum
3282 1046 3500 1103 fluvium
3533 1048 3709 1105 Ocea-

2123 1145 2361 1200 numque
2389 1131 2642 1187 conclusa
2660 1174 2675 1196 ,
2702 1133 2935 1204 cingitur
2962 1150 2990 1188 a
3030 1125 3400 1205 septentrione
3427 1148 3482 1194 et
3512 1155 3709 1195 occasu

2123 1218 2356 1286 Oceano,
2387 1219 2455 1275 ab
2503 1230 2624 1276 ortu
2674 1238 2801 1278 vero
2853 1225 3132 1291 Danubio,
3164 1241 3194 1279 a
3248 1228 3473 1285 meridie
3520 1228 3713 1283 liheno

2123 1306 2342 1364 flumine
2391 1310 2695 1376 dirimitur;
2737 1321 2883 1368 terra
2933 1314 3084 1370 dives
3131 1317 3359 1382 virium,
3393 1333 3458 1374 ac
3498 1319 3712 1390 populis

2125 1403 2429 1458 numerosis
2458 1412 2515 1459 et
2541 1404 2888 1462 immanibus.
2943 1406 3093 1463 Unde
3120 1417 3176 1463 et
3202 1418 3423 1479 propter
3467 1410 3713 1466 fecundi-

2127 1499 2292 1546 tatem
2318 1492 2704 1564 gignendorum
2748 1497 3068 1566 populorum
3110 1498 3396 1554 Germania
3423 1510 3510 1557 est
3548 1504 3712 1558 dicta.

2125 1581 2307 1654 Gignit
2319 1599 2446 1640 aves
2462 1584 2760 1658 Hyrcanias
2778 1587 3069 1660 [Hercynia
3083 1590 3263 1663 silva],
3280 1607 3507 1662 quarum
3523 1610 3719 1664 penna:

2126 1682 2284 1729 nocte
2311 1675 2605 1746 perlucent.
2638 1677 2880 1735 Bisontes
2905 1695 3121 1752 quoque
3145 1681 3289 1738 feras
3311 1693 3367 1738 et
3390 1700 3519 1739 uros
3546 1694 3717 1757 atque

438 1774 757 1829 vocabulum
807 1781 1171 1829 consecutam.
1229 1772 1361 1844 Ofyr
1398 1783 1581 1828 autem
1632 1774 2020 1844 interpretatur
2047 1758 2095 1817 Β
2122 1766 2266 1822 alces
2282 1769 2533 1837 parturit.
2552 1768 2728 1824 NUU‘Il
2744 1770 2951 1844 [Μὶιιίι]
2967 1782 3024 1827 et
3042 1788 3303 1843 gemmas,
3324 1778 3639 1848 crystallum
3662 1790 3719 1835 et

438 1867 747 1936 ignominia.
789 1867 1054 1922 Reblatha
1094 1868 1242 1939 regio
1284 1876 1369 1923 est
1416 1867 1855 1939 Babyloniorum,
1912 1868 2027 1924 sive

438 1958 587 2023 urbs,
613 1974 772 2028 quam
797 1974 940 2014 nunc
987 1958 1332 2015 Antiochiam
1356 1954 1570 2014 vocant.
1608 1958 1872 2014 Reblatha
1898 1973 2027 2015 vero

440 2048 827 2119 interpretatur
856 2047 1022 2103 multa
1052 2050 1187 2115 ista,
1216 2049 1333 2104 sive
1362 2048 1664 2103 multitudo.
1703 2047 1901 2116 Saron,
1932 2065 2027 2105 cu-

431 2136 523 2205 jus
548 2144 604 2191 et
628 2136 793 2193 Isaias
822 2137 1086 2200 meminit,
1150 2138 1336 2194 dicens
1363 2156 1376 2191 :
1405 2136 1474 2191 In
1499 2136 1720 2208 paludes
1751 2155 1928 2193 versus
1949 2148 2027 2194 est

440 2225 615 2281 Saron
643 2224 777 2295 (Isa.
802 2228 1022 2299 xum).
1048 2225 1229 2297 Usque
1257 2227 1324 2283 ad
1336 2236 1659 2297 prmsentem
1676 2235 1858 2283 autem
1880 2227 2026 2284 diem

438 2320 590 2389 regio
624 2317 766 2372 inter
804 2326 1042 2374 montem
1073 2317 1293 2374 Thabor
1320 2326 1376 2373 et
1420 2327 1673 2389 stagnum
1725 2318 2025 2377 Tiberiadis

440 2406 739 2476 appellatur
765 2422 779 2461 :
804 2408 899 2464 sed
925 2415 979 2463 et
1005 2407 1239 2463 Czesaria
1261 2406 1563 2465 Palaestina
1588 2424 1759 2480 usque
1777 2408 1844 2464 ad
1872 2408 2025 2480 oppi-

439 2495 568 2550 dum
591 2494 783 2567 JOppe,
812 2498 991 2553 omnis
1022 2505 1190 2564 terra,
1239 2513 1361 2567 qua:
1388 2499 1652 2565 cernitur,
1682 2499 1879 2555 dicitur
1925 2497 2025 2554 Sa-

441 2602 625 2642 ronas.
672 2587 1066 2659 Interpretatur
1099 2604 1228 2646 vero
1261 2589 1434 2646 Saron
1482 2593 1720 2663 princeps
1766 2594 2020 2649 maeroris.

442 2674 644 2743 Sefela,
659 2679 798 2735 sicut
814 2681 1005 2737 scribit
1021 2681 1208 2749 Isaias,
1222 2697 1324 2752 pro
1337 2698 1443 2753 qua
1453 2682 1647 2753 Aquila
1662 2691 2018 2755 campestrem,

441 2765 804 2837 Symmachus
816 2768 1000 2825 vallem
1015 2771 1466 2843 interpretantur,
1481 2788 1654 2843 usque
1667 2772 1827 2829 hodie
1844 2774 2022 2829 omnis

441 2860 594 2930 regio
606 2860 760 2928 juxta
782 2861 1239 2934 Eleutheropolim
1271 2866 1590 2935 campestris
1616 2873 1672 2921 et
1694 2865 1873 2935 plana,
1901 2881 2023 2937 qua:

441 2954 617 3025 vergit
629 2955 694 3009 ad
710 2956 1014 3027 aquilonem
1027 2965 1081 3011 et
1095 2958 1448 3023 occidentem,
1467 2955 1644 3013 Sefela
1657 2957 1871 3012 dicitur.
1887 2955 2027 3012 Tha-

438 3043 615 3100 Iassar
630 3048 776 3118 regio
798 3056 881 3102 est
894 3048 1094 3119 Syriae;
1124 3048 1417 3104 Thalassar
1429 3056 1611 3104 autem
1636 3049 2025 3119 interpretatur

2128 1859 2427 1916 succinum.
2461 1861 2754 1917 Callaicum
2781 1880 2995 1935 quoque
3030 1867 3279 1933 viridem,
3309 1878 3365 1923 et
3395 1872 3718 1926 ceraunium

2128 1951 2437 2007 candidum.
2461 1953 2589 2008 Dum
2608 1962 2737 2008 sunt
2754 1964 2935 2010 autem
2956 1954 3279 2024 Germanae,
3295 1959 3715 2029 superior-juxta

2127 2043 2603 2112 septentrionalem
2643 2045 2941 2113 Oceanum,
2987 2048 3212 2105 inferior
3249 2051 3396 2107 circa
3439 2051 3715 2109 Rhenum.

2125 2136 2440 2194 Provincias
2467 2148 2672 2205 autem,
2699 2155 2834 2210 quas
2856 2141 3133 2198 Danubius
3153 2158 3183 2197 a
3206 2143 3491 2200 barbarico
3519 2148 3589 2201 ad
3610 2145 3714 2202 Me-

2126 2228 2493 2285 diterraneum
2519 2246 2666 2286 mare
2694 2232 2944 2298 secludit,
2974 2234 3150 2304 prima
3178 2243 3261 2290 est
3283 2234 3493 2302 Maesia,
3519 2253 3549 2291 a
3578 2252 3720 2293 mes-

2125 2318 2266 2373 sium
2304 2330 2569 2388 proventu
2595 2329 2804 2376 vocata.
2838 2321 2990 2378 Unde
3017 2331 3073 2378 et
3105 2339 3227 2379 eam
3263 2334 3477 2383 veteres
3502 2326 3723 2384 Cereris

2126 2405 2383 2462 horreum
2409 2408 2816 2479 nuncupabant.
2848 2410 2976 2467 Haec
3003 2421 3183 2467 autem
3210 2414 3279 2469 ab
3313 2414 3536 2471 Oriente
3559 2418 3721 2474 ostiis

2126 2495 2355 2552 Danubii
2377 2497 2638 2568 jungitur,
2668 2500 2737 2554 ab
2771 2500 2915 2556 Euro
2943 2517 3072 2557 vero
3108 2502 3374 2568 Thraciae.
3423 2520 3454 2560 a
3489 2494 3724 2562 meridie

2126 2586 2469 2654 Macedonia},
2491 2589 2560 2643 ab
2582 2604 2774 2645 occasu
2804 2590 2973 2645 Istrize
2996 2592 3295 2662 copulatur.
3321 2593 3450 2649 Post
3471 2594 3723 2651 Moesiam

2125 2685 2305 2733 autem
2328 2678 2600 2733 Pannonia
2620 2688 2724 2744 est,
2743 2681 2865 2735 inde
2881 2680 3106 2736 Noricus
3121 2697 3251 2752 ager
3274 2681 3498 2755 frigidus
3519 2693 3576 2741 et
3595 2701 3723 2757 par-

2124 2767 2242 2823 cius
2268 2766 2590 2833 fructuosus,
2622 2777 2745 2838 post
2784 2785 2944 2840 quem
2975 2770 3231 2827 Rheticus
3259 2771 3507 2844 frugibus
3544 2774 3725 2842 ferax,

2125 2859 2217 2930 qui
2238 2859 2438 2930 excipit
2450 2858 2680 2915 Galliam
2695 2860 2946 2917 Bellicam
2962 2861 3299 2937 [Belgicam].
3320 2863 3569 2922 Thracia:
3590 2867 3723 2924 Thi-

2129 2963 2220 3002 ras
2243 2947 2439 3020 Japhct
2465 2946 2605 3004 ﬁlius
2630 2950 2850 3005 veniens
2891 2966 3088 3006 nomen
3117 2952 3332 3008 dedisse
3357 2955 3682 3024 perhibetur
3704 2975 3723 3014 :

2125 3037 2215 3094 alii
2237 3054 2267 3092 a
2283 3040 2488 3095 saevitia
2503 3039 2796 3096 incolarum
2814 3041 3100 3098 Thraciam
3113 3043 3432 3115 appellatam
3445 3046 3725 3103 dixerunt.

437 3114 955 3209 appensus'princeps
980 3157 1001 3206 ;
1030 3137 1344 3210 AEtbiopum
1372 3140 1521 3213 regio
1547 3141 1616 3195 ab
1646 3114 2023 3196 Indovllumine
2049 3114 2094 3175 C
2125 3128 2263 3185 Πυίο
2290 3130 2361 3185 ab
2386 3129 2593 3186 οῐίθηίθ
2630 3130 2918 3209 Ρτοροηιίε
2959 3141 3014 3188 ει
3040 3114 3189 3189 υνδε
3215 3133 3723 3208 (δουδωηιίηυβοίίε

437 3242 772 3299 consurgens
790 3227 946 3297 juxta
975 3229 1268 3302 Egyptum
1294 3232 1347 3286 in
1378 3230 1552 3286 Nilum
1580 3240 1636 3288 et
1663 3232 1937 3289 Oceanum
1968 3233 2023 3287 in

438 3319 666 3375 meridie
717 3321 820 3375 sub
865 3320 981 3391 ipsa
1028 3321 1157 3377 solis
1203 3321 1481 3378 vicinitate
1526 3322 1692 3393 jacet.
1743 3322 2019 3388 Chanaan,

436 3409 580 3465 ﬁlius
603 3409 794 3474 Cham,
825 3411 1058 3466 obtinuit
1104 3420 1304 3466 terram
1335 3427 1366 3465 a
1399 3411 1599 3468 Sidone
1624 3427 1792 3483 usque
1816 3413 1884 3468 ad
1918 3411 2024 3468 Ga-

436 3517 579 3568 zam,
605 3517 766 3571 quam
791 3490 960 3558 Judaei
986 3501 1239 3574 deinceps
1277 3504 1650 3574 possederunt,
1676 3504 1863 3576 ejectis
1883 3503 2025 3559 Cha-

439 3595 664 3650 nameis.
702 3596 1092 3666 Interpretatur
1112 3604 1291 3652 autem
1321 3596 1579 3652 Chanaan
1613 3607 1784 3653 motus
1817 3613 2021 3663 eorum,

436 3685 520 3739 vel
552 3685 863 3754 negotiator,
888 3693 983 3739 aut
1004 3685 1236 3741 humilis.
1260 3685 1541 3758 Signiﬁcat
1565 3695 1745 3743 autem
1765 3686 2021 3743 Chanaan

434 3775 662 3845 cupidos
702 3782 757 3830 et
804 3791 999 3832 avaros
1045 3777 1385 3834 inﬁrmarum
1432 3793 1616 3834 rerum
1642 3786 1698 3834 et
1726 3786 2024 3836 sectatores

437 3864 775 3921 srecularium
810 3868 1173 3939 negotiorum,
1199 3884 1337 3940 quos
1362 3870 1689 3927 amovendos
1716 3886 1748 3925 a
1783 3872 1897 3927 suis
1939 3887 2024 3927 se-

435 3951 596 4015 dibus
632 3967 866 4026 constat,
894 3960 1020 4031 quia
1048 3960 1274 4017 mundus
1307 3963 1495 4017 transit
1520 3948 1576 4016 et
1606 3963 2023 4034 concupiscentia

435 4049 551 4119 ejus
581 4048 634 4122 (I
659 4050 821 4105 Joan.
869 4049 954 4124 ιι).
1005 4050 1209 4107 Pontus
1258 4052 1406 4123 regio
1448 4051 1737 4108 multarum
1783 4052 2021 4122 gentium

432 4136 584 4206 juxta
611 4154 761 4195 mare
781 4139 1082 4207 Ponticum,
1113 4142 1255 4210 quod
1281 4140 1486 4207 Asiam,
1516 4142 1895 4213 Europamque
1920 4143 2027 4198 dis-

438 4232 713 4285 terminat.
768 4231 972 4287 Pontus
995 4246 1125 4288 vero
1164 4232 1555 4304 interpretatur
1583 4233 1861 4289 inclinans.
1921 4233 2022 4289 Sa‘

440 4334 622 4385 ronas,
649 4336 769 4389 qua:
812 4321 1198 4392 interpretatur
1234 4325 1569 4395 campestris,
1601 4325 1749 4397 regio
1792 4334 1876 4381 est
1922 4324 2024 4380 Pa-

442 4407 665 4464 laestina:
689 4423 858 4478 usque
885 4412 953 4465 ad
977 4412 1229 4481 oppidum
1257 4411 1424 4484 Joppe
1448 4415 1779 4487 pertingens.
1813 4414 2019 4470 Sarona

440 4513 656 4567 quoque
698 4499 1084 4569 interpretatur
1109 4512 1326 4558 cantans
1353 4506 1645 4560 tristitiam.
1684 4506 1813 4560 Post
1839 4507 2023 4561 Asiam

442 4586 509 4641 ad
557 4586 824 4658 Europam
864 4590 1062 4660 stylum
1116 4594 1394 4649 vertimus.
1442 4595 1655 4666 Europa
1702 4597 1899 4666 quippe
1945 4598 2025 4668 (ut

444 4676 671 4746 gentiles
693 4677 893 4749 ferunt)
928 4679 1187 4751 Agenoris
1214 4684 1356 4754 regis
1381 4684 1565 4757 Libym
1594 4688 1703 4741 filia
1727 4686 1827 4741 fuit
1860 4704 2024 4759 quam

441 4763 653 4836 Jupiter
675 4767 743 4822 ab
768 4766 953 4823 Africa
982 4779 1189 4840 raptam
1227 4773 1443 4828 Cretam
1469 4775 1709 4841 advexit,
1738 4785 1796 4831 et
1815 4785 2033 4848 partem

445 4856 661 4913 tertiam
688 4856 838 4913 orbis
865 4873 933 4912 ex
959 4858 1077 4929 ejus
1105 4860 1325 4916 nomine
1345 4862 1654 4933 appellavit.
1682 4862 1787 4920 Iste
1819 4873 1903 4921 est
1930 4881 2026 4921 au-

445 4959 552 5003 tem
579 4947 794 5020 Agenor
816 4948 999 5021 Libya:
1019 4948 1179 5017 ﬁlius,
1212 4965 1280 5005 ex
1302 4966 1407 5022 qua
1428 4952 1621 5024 Libya,
1652 4955 1705 5010 id
1728 4965 1814 5011 est
1841 4955 2025 5014 Africa

445 5040 617 5096 fertur
638 5042 1032 5112 cognominata.
1068 5041 1219 5099 Unde
1244 5054 1467 5114 apparet
1500 5045 1650 5115 prius
1684 5044 1907 5118 Libyam
1935 5064 2027 5104 ac-

444 5134 651 5204 cepisse
678 5135 1018 5202 vocabulum,
1043 5145 1228 5206 postea
1264 5135 1557 5207 Europam.
1604 5136 1818 5208 Europa
1844 5148 2027 5194 autem

444 5226 501 5280 In
529 5226 741 5281 tertiam
777 5235 988 5297 partem
1019 5227 1167 5283 orbis
1197 5226 1368 5282 divisa
1397 5227 1585 5298 incipit
1610 5243 1642 5282 a
1668 5226 1888 5296 flumine
1915 5228 2023 5283 Ta-

446 5315 556 5381 nai,
590 5317 923 5374 descendens
973 5319 1041 5375 ad
1096 5334 1346 5376 occasum
1402 5334 1500 5389 per
1548 5320 2023 5390 septentrionalem

446 5402 717 5461 Oceanum
748 5424 919 5480 usque
947 5410 1000 5465 in
1032 5410 1167 5467 ﬁnes
1187 5410 1457 5483 Hispaniae
1480 5432 1493 5466 :
1519 5410 1672 5481 cujus
1694 5427 1821 5483 pars
1848 5412 2028 5469 orien-

447 5495 572 5551 talis
624 5505 678 5554 et
713 5501 1007 5555 meridiana
1046 5517 1078 5556 a
1124 5501 1296 5559 Ponto
1340 5516 1700 5573 consurgens,
1735 5511 1845 5558 tota
1890 5501 2026 5556 mari

450 5602 644 5659 magno
669 5590 1028 5662 conjungitur,
1052 5601 1106 5648 et
1129 5594 1182 5649 in
1214 5595 1404 5651 insulis
1425 5593 1588 5650 Gadis
1615 5594 1813 5648 linitur.
1845 5592 2025 5647 Prima

452 5678 675 5748 Europa:
712 5683 855 5751 regio
886 5683 1106 5759 Scythia
1152 5686 1395 5767 inferipr,
1426 5701 1544 5755 quae
1575 5702 1601 5739 a
1634 5684 1893 5740 Mmotidis
1934 5699 2027 5767 pa:

2123 3221 2365 3291 opposita
2381 3230 2483 3276 est.
2499 3219 2540 3275 A
2555 3222 2922 3290 septentrione
2935 3237 3064 3277 vero
3076 3222 3212 3278 Ister
3223 3222 3556 3291 obtenditur,
3573 3241 3603 3279 a
3619 3242 3736 3281 me-

2123 3310 2258 3366 ridie
2278 3327 2407 3365 vero
2430 3310 2620 3383 IEgaeo
2642 3313 2777 3367 mari
2802 3313 3063 3380 adhaeret,
3095 3313 3164 3369 ab
3185 3329 3380 3371 occasu
3404 3314 3725 3372 Macedonia

2124 3400 2199 3456 illi
2225 3401 2485 3472 subjacet,
2516 3401 2670 3472 cujus
2692 3403 2963 3473 regionem
2986 3403 3115 3459 olim
3135 3405 3333 3461 diversi
3358 3406 3543 3477 populi
3569 3406 3726 3479 [Bes-

2122 3506 2306 3548 sorum
2338 3492 2612 3567 populus],
2639 3492 2967 3565 Massagetae,
3003 3494 3284 3563 Sarmatae,
3303 3496 3518 3569 Scytha:
3532 3508 3586 3555 et
3606 3499 3729 3555 alia:

2119 3580 2367 3652 plurimae
2390 3583 2637 3638 nationes
2656 3583 3011 3639 incoluerunt.
3046 3586 3246 3657 Ampla
3270 3596 3355 3642 est
3377 3589 3544 3654 enim,
3575 3590 3729 3646 ideo-

2122 3687 2227 3742 que
2242 3672 2505 3743 plurimas
2522 3674 2788 3729 continuit
2805 3683 3012 3746 gentes.
3033 3676 3234 3732 Ebrum
3254 3676 3470 3734 fluvium
3489 3680 3728 3737 Thracia

2123 3760 2319 3829 fundit,
2343 3764 2434 3835 qui
2460 3765 2625 3819 etiam
2644 3773 2831 3836 gentes
2858 3766 3212 3823 barbarorum
3242 3769 3506 3839 plurimas
3530 3774 3727 3844 tangit.

2122 3853 2329 3911 Griecia
2351 3872 2379 3910 a
2403 3855 2592 3912 Grmco
2619 3871 2743 3927 rege
2769 3865 2977 3923 vocata,
3001 3858 3092 3926 qui
3124 3868 3376 3915 cunctam
3400 3874 3522 3915 eam
3548 3862 3732 3933 regio-

2122 3959 2245 4000 nem
2262 3944 2501 4001 incoluit.
2512 3945 2893 4001 Andromacha
2907 3949 2971 4003 de
2983 3946 3193 4016 Pyrrho
3207 3948 3495 4006 Molossum
3510 3952 3726 4023 genuit,

2123 4050 2155 4089 a
2182 4050 2288 4105 quo
2316 4050 2444 4105 pars
2467 4035 2614 4106 Epiri
2638 4035 2888 4092 Molossia
2913 4037 3057 4092 dicta
3088 4046 3191 4094 est.
3220 4038 3360 4095 Sunt
3384 4047 3566 4096 autem
3595 4057 3727 4110 pro-

2125 4127 2316 4183 vincia:
2349 4126 2571 4183 Graeciae
2616 4136 2840 4199 septem,
2873 4145 3103 4201 quarum
3138 4131 3313 4202 prima
3344 4133 3411 4188 ab
3439 4134 3728 4190 occidente

2126 4221 2412 4287 Dalmatia,
2442 4223 2565 4278 inde
2586 4223 2802 4294 Epirus,
2837 4225 2961 4280 inde
2998 4224 3213 4291 Hellas,
3240 4227 3365 4282 inde
3404 4227 3685 4283 Thessalia
3706 4269 3725 4294 ,

2125 4314 2251 4368 inde
2273 4313 2607 4379 Macedonia,
2632 4314 2756 4371 inde
2769 4315 2994 4384 Achaia,
3015 4325 3071 4372 et
3091 4318 3209 4373 dua:
3234 4318 3287 4372 in
3314 4319 3469 4383 mari,
3485 4318 3649 4373 Creta
3671 4328 3731 4374 et

2127 4403 2408 4475 Cyclades.
2448 4405 2693 4476 Illyricus
2728 4414 2907 4462 autem
2948 4408 3273 4479 generaliter
3308 4411 3484 4466 omnis
3511 4409 3728 4465 Gracia

2131 4503 2233 4550 est.
2261 4495 2582 4551 Dalmatiam
2605 4511 2637 4550 a
2674 4496 2868 4564 Delmi,
2902 4499 3139 4554 maxima
3160 4498 3399 4569 ejusdem
3428 4500 3759 4570 provincia—

2131 4585 2372 4652 eivitate,
2402 4586 2632 4641 traxisse
2663 4600 2859 4641 nomen
2889 4588 3233 4658 perhibetur;
3263 4590 3503 4645 adhaeret
3542 4600 3730 4645 autem

2131 4675 2197 4728 ab
2223 4674 2434 4729 oriente
2457 4674 2803 4743 Macedoniae,
2829 4693 2861 4732 a
2892 4678 3257 4748 septentrione
3286 4678 3502 4742 Mtesim,
3534 4679 3604 4735 ab
3630 4695 3730 4735 oe-

2132 4780 2263 4822 casu
2280 4765 2483 4821 Histria
2499 4767 2837 4833 terminatur,
2855 4784 2889 4824 a
2906 4770 3134 4825 meridie
3146 4784 3279 4825 vero
3294 4769 3575 4827 Adriatico
3595 4772 3729 4828 sinu

2131 4856 2427 4935 clauditur._
2443 4857 2637 4928 Epirus
2656 4875 2687 4912 a
2707 4858 2915 4930 Pyrrho
2933 4860 3160 4916 Achillis
3180 4861 3295 4915 ﬁlio
3313 4863 3726 4933 cognominata,

2131 4946 2288 5018 cujus
2312 4962 2438 5019 pars
2457 4948 2716 5013 Chaonia,
2740 4964 2860 5018 qua:
2885 4959 3012 5006 ante
3033 4946 3277 5005 Molossia
3302 4946 3445 5003 dicta
3462 4956 3589 5004 esta
3605 4954 3724 5012 Μο.

2130 5044 2276 5101 losso
2306 5043 2417 5100 ﬁlio
2440 5044 2657 5115 Pyrrhi,
2682 5060 2843 5116 quem
2875 5047 2941 5102 de
2962 5044 3341 5101 Andromacha
3367 5046 3596 5113 habuit;
3626 5048 3726 5103 sed

2130 5141 2415 5205 postquam
2440 5134 2654 5190 occisus
2673 5142 2757 5189 est
2772 5134 3014 5206 Pyrrhus
3028 5134 3236 5191 Orestis
3254 5135 3485 5202 insidiis,
3507 5135 3728 5192 Andro-

2131 5226 2376 5281 macham
2395 5224 2628 5281 Helenus
2646 5226 2901 5298 suscepit,
2928 5228 3204 5297 tenuitque
3221 5242 3441 5298 regnum
3460 5226 3723 5298 privigni,

2131 5317 2223 5387 qui
2269 5325 2605 5373 successerat
2633 5320 2795 5388 patri,
2827 5335 2857 5373 a
2886 5335 2993 5389 quo
3035 5319 3284 5376 Molossia
3315 5321 3459 5375 dicta
3480 5330 3567 5375 est
3591 5336 3727 5390 pars

2130 5406 2298 5477 Epiri,
2322 5422 2481 5478 quam
2506 5406 2739 5466 Helenus
2761 5418 2949 5479 postea
2971 5425 3003 5464 a
3030 5409 3198 5466 fratre
3216 5410 3456 5473 Chaone,
3476 5425 3642 5479 quem
3666 5410 3725 5465 in

2131 5508 2327 5554 venatu
2357 5514 2454 5569 per
2488 5500 2845 5572 ignorantiam
2887 5501 3087 5557 dicitur
3104 5502 3387 5566 occidisse,
3420 5499 3725 5556 Chaoniam

2133 5591 2451 5658 nominavit,
2474 5592 2626 5660 quasi
2654 5592 2722 5645 ad
2748 5590 3001 5647 solatium
3030 5592 3214 5649 fratris
3235 5591 3506 5648 exstincti.
3535 5589 3724 5647 llellas

2136 5683 2275 5739 dicta
2321 5701 2350 5739 a
2397 5699 2520 5752 rege
2561 5682 2780 5739 llellenc
2828 5684 3167 5739 Deucalionis
3213 5692 3270 5739 et
3314 5682 3535 5753 Pyrrha
3585 5680 3728 5738 filio.
