3974 6188
352 267 460 323 569

1340 265 1429 323 DE
1471 266 1815 326 UNiVERSO
1852 266 2030 323 LIBRI
2068 267 2230 325 XXII.
2259 298 2330 309 --
2367 265 2648 326 ιιΒῼΧΠ.

3499 279 3607 337 559

356 398 387 438 a
407 396 517 451 quo
537 388 596 435 et
622 380 776 451 prius
816 380 991 437 Graci
1026 380 1274 436 Hellenos
1304 384 1597 453 nuncupati
1623 392 1765 439 sunt.
1813 384 1933 453 Ipsa
1959 385 2010 442 A
2040 383 2108 437 ab
2134 383 2359 454 Alpibus
2379 383 2673 456 Apenninis
2694 394 2777 441 est
2800 395 3124 456 nuncupata,
3153 388 3345 459 quibus
3369 392 3438 448 ab
3459 392 3609 449 Italia

354 479 436 527 est
461 470 643 526 Attica
674 478 843 534 terra,
861 469 997 526 Acte
1020 472 1170 541 prius
1193 471 1357 526 dicta.
1382 471 1515 526 Nam
1546 472 1790 529 Cranous
1812 474 1932 543 qui-

355 561 476 615 dam
514 559 745 615 Gracia
784 560 1031 632 indigena
1075 559 1197 624 fuit,
1221 575 1288 615 ex
1323 562 1476 632 cujus
1503 562 1631 627 ﬁlia,
1663 563 1804 618 Attis
1839 579 1934 618 no-

353 654 515 717 mine,
540 651 720 708 Attica
747 660 889 708 terra
914 663 999 708 est
1018 662 1205 708 vocata
1233 672 1246 708 :
1272 654 1387 709 hac
1407 654 1547 709 inter
1569 654 1930 711 Macedoniam

353 754 405 800 et
436 744 702 800 Achaiam
750 744 925 799 media
970 741 1138 812 jacet,
1179 745 1426 801 Arcadia
1462 760 1493 800 a
1527 748 1930 816 septentrionali

354 844 501 905 parte
518 835 828 906 conjuncta.
850 835 968 905 Ipsa
989 842 1072 889 est
1091 850 1216 890 vera
1238 834 1467 901 Gracia,
1481 837 1574 892 ubi
1596 836 1694 890 fuit
1711 837 1933 893 Athena

354 926 559 988 civitas,
589 933 770 980 mater
807 924 1106 991 liberalium
1149 925 1473 992 litterarum,
1509 936 1565 982 et
1589 928 1934 1000 philosopho-

354 1032 470 1071 rum
510 1016 715 1079 nutrix,
750 1030 855 1085 qua
889 1015 1024 1071 nihil
1062 1016 1252 1072 habuit
1291 1016 1501 1073 Gracia
1540 1018 1738 1075 clarius
1771 1027 1933 1090 atque

355 1110 602 1167 nobilius.
633 1110 692 1164 In
715 1125 779 1166 ea
801 1118 886 1166 est
911 1118 966 1166 et
1005 1111 1374 1167 Marathonius
1410 1128 1655 1182 campus,
1680 1115 1931 1183 opinione

354 1204 620 1273 quondam
649 1204 818 1274 pralii
848 1206 1278 1262 cruentissimus.
1315 1206 1553 1262 Helladis
1591 1217 1771 1263 autem
1813 1210 1931 1265 dua

354 1302 476 1347 sunt
485 1294 798 1363 provincia,
814 1294 1014 1350 Raetia
1029 1304 1084 1350 et
1093 1295 1512 1365 Peloponnesus.
1531 1298 1734 1353 Baotia
1749 1308 1930 1354 autem

353 1386 492 1439 dicta
537 1385 642 1440 hac
689 1402 757 1440 ex
804 1400 988 1441 causa.
1035 1385 1170 1441 Dum
1214 1386 1450 1443 Cadmus
1475 1388 1740 1459 Agenoris
1788 1388 1931 1445 ﬁlius

353 1476 620 1546 Europam
659 1492 899 1533 sororem
928 1493 958 1532 a
980 1476 1114 1533 Jove
1152 1484 1358 1547 raptam
1386 1493 1453 1533 ex
1488 1488 1757 1551 praecepto
1780 1481 1930 1550 geni-

355 1569 484 1624 toris
510 1576 794 1639 quareret,
814 1584 913 1625 nec
940 1569 1232 1637 reperiret,
1256 1571 1427 1638 patris
1447 1570 1584 1624 iram
1609 1570 1926 1637 formidans,

352 1661 669 1716 conﬁrmato
704 1660 885 1715 animo
927 1660 1087 1731 elegit
1127 1661 1396 1716 exsilium.
1430 1660 1566 1716 Nam
1606 1663 1759 1719 bovis
1787 1662 1926 1719 forte

349 1758 651 1821 cotispecta
676 1758 895 1806 secutus
918 1750 1167 1822 vestigia,
1189 1751 1466 1821 amplexus
1489 1761 1573 1807 est
1598 1753 1803 1818 sedem,
1833 1754 1921 1808 ubi

2034 476 2542 548 secerniturzregio
2597 494 2726 534 vero
2770 480 2925 535 fortis
2966 488 3018 534 et
3063 480 3175 536 solo
3220 480 3372 550 lata,
3406 485 3612 542 duobus

2033 566 2168 621 satis
2193 568 2409 624 acribus
2434 567 2627 634 ﬂuviis,
2660 569 2838 625 Drabo
2866 566 3113 640 Saboque
3137 572 3354 627 vallata.
3379 572 3611 644 Conjun-

2032 658 2177 729 gitur
2223 668 2402 716 autem
2456 676 2577 716 cum
2631 660 2827 716 Norico
2870 670 2925 716 et
2972 662 3143 727 Retia,
3172 662 3490 720 habentibus
3537 667 3608 723 ab

2031 749 2240 806 oriente
2279 750 2554 818 Moesiam,
2593 754 2661 808 ab
2709 770 2841 809 euro
2882 752 3114 818 Istriam,
3144 754 3212 809 ab
3255 754 3438 810 Africo
3483 772 3613 813 vero

2031 838 2194 910 Alpes
2214 841 2543 911 Apenninus.
2573 842 2744 898 Habet
2764 845 2832 899 ab
2853 860 3047 899 occasu
3070 843 3295 900 Galliam
3317 845 3610 918 Belgicam,

2032 942 2062 982 a
2093 931 2456 999 septentrione
2492 932 2718 988 Danubii
2742 933 2940 990 fontem
2969 933 3053 989 vel
3083 934 3324 1002 limitem,
3357 938 3447 1007 qui
3468 936 3608 993 Ger-

2033 1018 2265 1072 maniam
2308 1017 2647 1092 Galliamque‘
2683 1023 2937 1078 secernit.
2981 1022 3130 1078 Italia
3177 1024 3304 1079 olim
3347 1040 3376 1078 a
3407 1023 3611 1082 Gracis

2030 1109 2240 1177 populis
2263 1120 2544 1181 occupata,
2574 1129 2767 1184 magna
2799 1112 3007 1169 Gracia
3036 1114 3295 1185 appellata
3314 1158 3327 1181 ,
3358 1118 3548 1174 deinde
3579 1135 3608 1174 a

2032 1198 2173 1269 regis
2200 1201 2417 1256 nomine
2440 1201 2713 1268 Saturnia,
2736 1219 2860 1258 mox
2883 1212 2936 1259 et
2958 1202 3175 1258 Latium
3197 1206 3353 1269 dicta,
3379 1221 3444 1261 eo
3466 1209 3608 1277 quod

2030 1284 2170 1340 idem
2199 1285 2485 1355 Saturnus,
2507 1305 2537 1343 a
2564 1287 2696 1345 Jove
2718 1290 2937 1347 sedibus
2965 1293 3079 1347 suis
3110 1292 3314 1362 pulsus,
3342 1294 3412 1349 ibi
3440 1295 3611 1351 latue-

2030 1377 2120 1430 rit.
2153 1377 2498 1435 Postmodum
2522 1382 2589 1437 ab
2617 1382 2747 1437 Italo
2772 1398 2895 1454 rege
2918 1385 2992 1439 ibi
3022 1393 3282 1457 regnante
3304 1396 3607 1458 nuncupata

2028 1477 2128 1522 est.
2160 1468 2323 1538 Cujus
2350 1472 2485 1527 situs
2511 1473 2844 1544 longitudine
2881 1474 3111 1543 amplius
3143 1490 3303 1545 quam
3329 1474 3610 1532 latitudine

2027 1576 2057 1614 a
2083 1560 2262 1617 Circio
2292 1564 2346 1618 in
2389 1564 2591 1620 Eurum
2620 1566 2961 1632 extenditur,
3008 1582 3038 1621 a
3078 1567 3302 1623 meridie
3327 1566 3607 1639 Tyrrheno

2026 1652 2184 1715 mari,
2216 1653 2284 1708 ab
2332 1655 2585 1724 aquilone
2629 1656 2905 1714 Adriatico
2951 1658 3240 1725 clauditur,
3268 1658 3335 1713 ab
3379 1660 3603 1715 occiduo

1956 1722 1999 1781 Β
2026 1743 2235 1813 Alpium
2278 1722 2423 1818 jugis
2469 1747 2862 1804 ﬁniturzterra
2906 1749 3156 1805 omnibus
3195 1722 3246 1804 in
3290 1750 3450 1805 rebus
3491 1750 3608 1822 pul-

351 1841 437 1896 illa
468 1841 792 1896 recnbuerat
815 1858 828 1894 :
849 1841 1032 1910 sicque
1052 1840 1229 1896 locum
1257 1843 1325 1919 de
1349 1843 1569 1898 nomine
1594 1842 1748 1899 bovis
1773 1843 1923 1900 Bac.
2027 1838 2317 1902 cherrima,
2348 1839 2448 1894 soli
2476 1839 2773 1907 fertilitate,
2795 1842 2976 1911 pabuli
3008 1844 3249 1897 ubertate
3275 1842 3601 1913 gratissima.

351 1933 497 1995 tiam,
524 1931 619 1986 ubi
659 1939 715 1986 et
760 1929 970 1985 Thebas
1013 1931 1201 1986 urbem
1232 1933 1554 1997 construxit,
1581 1933 1636 1986 in
1662 1949 1768 2003 qua
1795 1934 1924 1990 olim
2026 1929 2198 1986 Ilabet
2225 1931 2393 1994 lacus,
2422 1931 2687 1987 Benacnm
2707 1941 2868 2003 atque
2890 1934 3181 1989 Lucrinum
3209 1952 3222 1988 :
3248 1933 3458 2000 ﬂuvios,
3483 1935 3599 1989 Eri-

350 2021 525 2074 civilia
554 2019 695 2074 bella
735 2020 1118 2084 detonuerunt,
1147 2028 1202 2074 et
1226 2020 1316 2075 ubi
1348 2019 1461 2075 nati
1492 2028 1618 2076 sunt
1652 2020 1842 2091 Apollo
1871 2030 1928 2077 et
2025 2019 2222 2076 danum
2270 2029 2327 2075 et
2380 2021 2615 2076 Tiberim
2646 2061 2663 2086 ,
2711 2031 2767 2077 et
2812 2031 3053 2093 tepentes
3101 2022 3338 2078 fontibus
3394 2022 3552 2079 Baias
3587 2043 3602 2090 ;

350 2110 606 2167 Hercules
655 2111 833 2182 major
872 2110 960 2165 ille
1013 2110 1322 2166 Thebanus.
1373 2111 1577 2167 Eadem
1622 2119 1707 2167 est
1749 2110 1923 2177 Aonia

347 2212 536 2258 vocata
567 2218 599 2256 a
629 2201 778 2257 fonte
802 2201 1034 2271 quodam
1059 2199 1288 2270 Apollini
1310 2209 1366 2257 et
1391 2202 1561 2257 musis
1581 2209 1921 2265 consecrato,

346 2292 435 2361 qui
465 2291 518 2346 in
544 2290 735 2346 eadem
753 2288 959 2345 Baetis
988 2297 1090 2345 est.
1111 2289 1509 2359 Peloponnesus
1535 2305 1667 2347 vero
1690 2291 1923 2347 secunda

347 2398 471 2450 pars
493 2380 784 2436 Helladisa
816 2380 1013 2451 Pelope
1042 2390 1266 2452 regnata
1293 2390 1455 2451 atque
1496 2388 1707 2439 vocata.
1752 2381 1924 2438 Thes-

346 2471 478 2527 salia
505 2486 538 2526 a
565 2470 827 2526 Thessan
853 2485 979 2542 rege
1003 2471 1406 2541 cognominata,
1436 2486 1557 2541 qua
1584 2470 1650 2525 ad
1673 2471 1925 2528 meridia-

344 2579 469 2619 nam
502 2564 717 2636 plagam
743 2562 1069 2619 Macedonia
1090 2563 1378 2634 conjuncta
1399 2572 1501 2628 est,
1529 2563 1684 2633 cujus
1710 2579 1741 2619 a
1772 2572 1923 2637 tergo

343 2653 518 2709 Pieria
547 2660 653 2709 est.
694 2652 857 2708 Multa
884 2653 937 2708 in
960 2652 1238 2709 Thessalia
1268 2650 1488 2707 ﬂumina
1516 2661 1573 2707 et
1595 2652 1811 2723 oppida,
1839 2652 1923 2708 in-

346 2754 428 2799 ter
454 2758 576 2813 qua
602 2743 869 2813 praeipue
888 2742 1299 2808 Thessalonica;
1325 2743 1399 2799 ibi
1422 2751 1508 2798 est
1532 2750 1588 2798 et
1612 2758 1769 2798 mons
1790 2741 1923 2798 Par-

345 2850 539 2890 nassus
594 2834 863 2903 quondam
918 2833 1148 2905 Apollini
1216 2829 1585 2891 consecratus.
1642 2833 1919 2890 Thessalia

343 2928 516 2999 patria
549 2927 795 2991 Achillis,
832 2934 887 2982 et
910 2927 1061 2998 origo
1086 2926 1437 2998 Lapitharum
1466 2926 1590 2992 fuit,
1616 2926 1685 2983 de
1724 2927 1920 2997 quibus

345 3020 537 3085 fertur,
560 3020 704 3090 quod
737 3019 792 3075 hi
821 3019 999 3090 primo
1023 3033 1190 3089 equos
1215 3018 1382 3074 frenis
1407 3019 1731 3075 domuerint.
1762 3018 1917 3076 Unde

2025 2110 2197 2182 gignit
2251 2124 2521 2182 gemmas,
2562 2112 2839 2182 syrtitem,
2876 2113 3175 2184 lyncurium
3212 2122 3266 2170 et
3304 2115 3601 2170 corallium.

2022 2201 2188 2280 Deam
2234 2217 2448 2272 quoque
2501 2212 2845 2273 serpentem,
2898 2204 3109 2270 lyncem
3159 2204 3330 2260 feram
3372 2216 3426 2261 et
3468 2206 3601 2262 Dio-

2025 2292 2245 2347 medeas
2271 2307 2417 2348 aves.
2450 2291 2598 2347 Italia
2621 2301 2796 2348 autem
2823 2302 2877 2349 et
2899 2292 3153 2364 Hispania
3177 2294 3378 2350 idcirco
3399 2294 3602 2366 Hespe-

2032 2380 2128 2437 ria
2157 2381 2335 2448 dicta,
2363 2382 2505 2451 quod
2535 2381 2708 2437 Graci
2736 2382 2973 2453 Ilespero
3001 2381 3158 2438 stella
3190 2383 3441 2455 navigent
3464 2393 3519 2439 et
3549 2380 3601 2437 in

2022 2474 2229 2531 Italiam
2250 2483 2306 2531 et
2332 2474 2384 2530 in
2416 2475 2748 2545 Hispaniam.
2779 2475 2908 2542 Qua
2931 2476 3033 2531 hac
3055 2476 3261 2532 ratione
3289 2476 3604 2531 discernun-
3650 2550 3653 2555 Ι

2024 2573 2131 2620 tur.
2159 2564 2267 2620 Aut
2298 2566 2442 2621 enim
2482 2565 2794 2635 Hesperiam
2834 2566 3002 2621 solam
3047 2566 3205 2631 dicis,
3232 2575 3287 2621 et
3331 2565 3601 2637 signiﬁcas

2021 2652 2229 2709 Italiam
2255 2672 2268 2707 :
2295 2662 2389 2709 aut
2417 2654 2567 2709 addis
2599 2654 2856 2717 ultimam,
2888 2664 2943 2711 et
2967 2654 3238 2727 signiﬁcas
3267 2655 3597 2725 Hispaniam,

2022 2743 2149 2814 quia
2178 2742 2234 2798 in
2262 2743 2561 2798 occidentis
2595 2750 2677 2799 est
2704 2743 2828 2799 ﬁne.
2860 2744 3053 2799 Tuscia
3080 2759 3205 2814 pars
3245 2743 3430 2809 Italia,
3464 2743 3600 2801 Um-

2022 2835 2197 2890 briam
2243 2850 2373 2890 vero
2420 2835 2698 2908 (historia
2739 2836 2991 2903 narrant)
3055 2852 3120 2894 eo
3167 2838 3308 2908 quod
3364 2846 3603 2909 tempore

2022 2939 2239 2995 aquosa
2284 2924 2452 2981 cladis
2503 2925 2764 2983 imbribus
2801 2926 3159 2997 superfuerit,
3209 2928 3278 2983 ob
3322 2928 3426 2984 hoc
3473 2929 3603 2985 Um-

2022 3016 2197 3072 briam
2221 3015 2408 3073 Graec
2432 3017 2882 3089 cognominatam.
2905 3016 3001 3073 Est
3029 3019 3170 3073 enim
3199 3019 3252 3073 in
3268 3018 3412 3090 jugis
3426 3020 3603 3091 Apen-

344 3110 587 3167 centauri
615 3108 745 3164 dicti
774 3116 918 3163 sunt.
942 3108 1001 3163 In
1023 3108 1297 3164 Thessalia
1323 3109 1556 3179 primum
1581 3108 1738 3165 solidi
1764 3110 1915 3165 aurei
1943 3104 1988 3129 ν
2018 3105 2133 3161 nini
2179 3105 2377 3160 montis
2424 3105 2525 3160 sita
2545 3145 2559 3169 ,
2589 3104 2645 3160 in
2697 3114 2848 3175 parte
2888 3105 3054 3162 Italia
3094 3106 3248 3176 juxta
3297 3110 3598 3165 meridiem.

346 3200 469 3255 facti
494 3208 645 3265 sunt,
659 3200 1045 3256 domandorum
1067 3215 1280 3270 quoque
1300 3216 1561 3271 equorum
1584 3216 1716 3258 usus
1735 3214 1915 3272 reper-

347 3300 430 3345 tus
453 3299 556 3346 est.
590 3288 911 3345 Macedonia
930 3290 983 3344 in
1010 3291 1231 3347 exordio
1253 3293 1322 3348 ab
1351 3293 1566 3349 Emutio
1598 3307 1728 3365 rege
1756 3293 1918 3350 Ema-

344 3381 470 3436 thia
498 3394 696 3435 nomen
720 3387 856 3445 erat,
888 3380 982 3436 sed
1013 3380 1250 3449 Macedo,
1273 3381 1615 3440 Deucalionis
1640 3388 1919 3441 maternus

344 3484 530 3539 nepos,
576 3476 863 3540 postquam
911 3470 982 3524 ibi
1017 3471 1227 3541 accepit
1261 3472 1643 3543 principatum,
1688 3475 1918 3531 mutavit

340 3559 660 3615 vocabulum
690 3557 1162 3630 Macedoniamque
1185 3575 1217 3615 a
1244 3576 1345 3616 suo
1378 3563 1596 3619 nomine
1623 3563 1780 3619 dixit.
1821 3565 1917 3621 Est

343 3658 522 3704 autem
567 3647 799 3704 conﬁnis
840 3648 910 3703 ab
951 3648 1160 3706 oriente
1206 3649 1379 3720 Egeo
1413 3653 1570 3718 mari,
1612 3669 1645 3710 a
1687 3656 1915 3711 meridie

328 3738 576 3803 Achaia,
600 3739 673 3793 ab
696 3753 890 3794 occasu
918 3738 1210 3805 Dalmatia,
1241 3756 1272 3795 a
1300 3744 1664 3811 septentrione
1691 3745 1909 3802 Masia.

342 3829 522 3884 Patria
548 3828 842 3884 Alexandri
870 3829 1069 3899 Magni,
1094 3839 1150 3886 et
1171 3832 1321 3904 regio
1346 3834 1526 3889 aureis
1542 3835 1694 3891 venis
1723 3852 1913 3907 argen-

340 3919 548 3989 teisque
569 3919 767 3989 opima,
797 3918 1027 3989 lapidem
1053 3935 1213 3991 quem
1230 3924 1553 3992 paantidem
1577 3936 1791 3993 vocant,
1813 3929 1914 3985 ista

339 4011 544 4080 gignit;
586 4024 743 4064 mons
769 4008 1028 4080 Olympus
1054 4011 1108 4066 in
1134 4026 1197 4067 ea
1226 4021 1328 4077 est,
1359 4015 1455 4085 qui
1482 4016 1764 4074 excellenti
1787 4033 1911 4074 ver-

342 4102 445 4157 tice
473 4110 655 4156 tantus
687 4101 975 4167 attollitur,
1002 4110 1063 4156 ut
1089 4103 1143 4157 in
1172 4106 1452 4160 cacumine
1476 4104 1591 4175 ejus
1614 4123 1716 4164 nec
1744 4108 1914 4165 nubes

338 4208 439 4249 nec
464 4193 615 4249 venti
650 4194 973 4249 sentiantur.
1005 4194 1208 4250 Achaia
1234 4198 1304 4252 ab
1327 4196 1525 4253 Achao
1553 4215 1677 4272 rege
1703 4208 1759 4256 et
1783 4201 1912 4257 urbs

339 4294 395 4340 et
416 4285 696 4356 provincia
720 4284 983 4355 appellata
1013 4294 1116 4342 est.
1144 4286 1270 4343 Hac
1296 4304 1431 4360 pene
1460 4290 1631 4344 insula
1650 4300 1751 4347 est.
1777 4290 1910 4347 Nam

343 4374 541 4443 absque
562 4374 968 4443 septentrionali
988 4384 1157 4444 parte,
1181 4392 1285 4445 qua
1306 4378 1625 4436 Macedonia
1642 4379 1908 4452 jungitur,

345 4465 578 4535 undique
603 4473 754 4534 septa
784 4474 868 4520 est
892 4466 1047 4521 mari.
1077 4466 1161 4520 Ab
1192 4468 1401 4523 oriente
1426 4471 1570 4525 enim
1600 4472 1762 4527 habet
1786 4472 1913 4528 Mir-

348 4555 524 4611 tbeum
566 4570 739 4620 mare,
764 4557 834 4611 ab
866 4571 1000 4611 euro
1039 4557 1331 4623 Creticum,
1362 4574 1394 4612 a
1417 4561 1642 4616 meridie
1683 4563 1909 4629 Ionium,

347 4647 413 4701 ab
436 4645 620 4702 Africo
640 4654 695 4701 et
717 4660 912 4701 occasu
932 4646 1214 4716 Cassiopas
1246 4648 1468 4714 insulas,
1499 4664 1529 4703 a
1558 4650 1669 4705 sola
1697 4660 1911 4722 septen-

349 4736 556 4791 trionali
597 4745 751 4808 parte
793 4736 1117 4792 Macedonia
1142 4737 1223 4792 vel
1252 4737 1445 4793 Attica
1480 4747 1640 4795 terra
1666 4742 1911 4815 adjungi-

349 4840 451 4886 tur.
479 4830 649 4901 Hujus
687 4841 848 4903 caput
869 4840 952 4888 est
976 4834 1105 4888 urbs
1133 4834 1440 4902 Corinthus,
1470 4835 1693 4895 Gracia
1724 4841 1907 4898 decus.

347 4922 569 4979 Inachus
589 4932 676 4980 est
692 4924 907 4979 Achaia
925 4923 1137 4980 ﬂuvius.
1156 4926 1382 4982 Arcadia
1407 4929 1556 4985 sinus
1570 4930 1785 4988 Achaia
1805 4946 1908 5000 εει,

347 5021 404 5067 ιιι
427 5015 623 5084 platani
657 5015 861 5081 folium,
897 5017 1038 5072 inter
1064 5017 1268 5072 Ionium
1289 5025 1343 5073 et
1365 5018 1609 5091 [Egaum
1636 5038 1785 5078 mare
1813 5042 1910 5080 ex-

349 5103 536 5171 posita,
574 5121 735 5174 quam
769 5106 940 5163 Arcas
967 5106 1114 5165 Jovis
1153 5118 1208 5164 et
1234 5108 1447 5167 Calista
1476 5113 1636 5179 ﬁlius,
1676 5115 1912 5189 Pelasgis

348 5193 400 5249 in
461 5197 719 5254 ditionem
776 5199 1037 5265 redactis,
1087 5215 1155 5255 ex
1203 5216 1300 5257 suo
1352 5205 1570 5259 nomine
1626 5208 1910 5264 Arcadiam

348 5291 690 5360 nuncupavit.
719 5290 836 5361 Ipsa
858 5300 941 5346 est
968 5291 1216 5364 Sicyonia
1257 5309 1287 5347 a
1315 5294 1546 5366 Sicyone
1573 5312 1719 5369 rege,
1748 5314 1777 5352 a
1805 5315 1911 5369 quo

347 5384 401 5432 et
427 5393 643 5449 regnum
668 5380 1040 5451 Sicyoniorum
1064 5393 1150 5439 est
1167 5383 1389 5440 dictum.
1415 5386 1586 5443 Habet
1610 5398 1785 5445 autem
1804 5391 1911 5446 Ar-

346 5468 491 5523 cadia
519 5469 737 5525 fluvium
764 5486 1012 5543 magnum
1043 5474 1396 5541 Erimantum,
1425 5479 1672 5534 asbeston
1699 5497 1912 5553 quoque

347 5556 592 5626 lapidem.
625 5563 716 5631 qui
743 5564 907 5618 semel
938 5580 1198 5622 accensus
1223 5583 1491 5638 nunquam
1519 5571 1906 5640 exstinguitur;

349 5651 734 5709 candidissima
759 5657 920 5711 etiam
952 5658 1167 5713 merula
1196 5660 1267 5715 ibi
1293 5671 1601 5717 nascuntur.
1636 5663 1908 5721 Pannonia

2015 3194 2229 3273 Etruria
2258 3210 2386 3265 pars
2412 3194 2577 3250 Italia
2617 3196 2777 3261 dicta,
2806 3198 2948 3268 quod
2986 3197 3101 3266 ejus
3143 3198 3276 3255 ﬁnes
3303 3201 3600 3257 tendebau-

2018 3294 2107 3341 tur
2128 3301 2296 3358 usque
2324 3288 2390 3343 ad
2420 3288 2592 3358 ripam
2614 3287 2824 3344 Tiberis
2847 3291 2997 3360 quasi
3025 3299 3201 3350 cteros
3221 3308 3365 3349 oros.

2087 3396 2222 3452 Nam
2249 3405 2429 3453 cteros
2456 3396 2616 3463 alter,
2644 3413 2770 3455 oros
2816 3398 2938 3456 ﬁnis
2972 3409 3213 3457 vocatur.
3247 3402 3431 3459 Roma
3457 3407 3601 3462 enim

2018 3484 2141 3541 ﬁnis
2172 3494 2329 3543 antea
2365 3502 2528 3542 unam
2565 3496 2774 3543 tantum
2800 3487 3010 3546 Tiberis
3032 3491 3201 3563 ripam
3232 3495 3463 3550 tenebat.
3495 3496 3598 3551 Alii

2014 3574 2286 3630 Etruriam
2324 3576 2525 3632 dictam
2565 3578 2632 3632 ab
2675 3578 2903 3634 Etrusco
2946 3581 3189 3651 principe
3218 3592 3426 3651 putant.
3458 3584 3589 3640 Item

2015 3673 2070 3718 et
2095 3664 2390 3735 Tyrrhema
2415 3681 2446 3719 a
2468 3665 2747 3738 Tyrrheno
2775 3666 2926 3739 Lydii
2953 3668 3122 3725 fratre
3138 3710 3152 3735 ,
3176 3671 3269 3741 qui
3292 3686 3357 3726 ex
3385 3674 3595 3728 oriente

2017 3751 2212 3825 [sorte]
2252 3768 2375 3808 cum
2415 3754 2597 3825 populi
2630 3765 2783 3824 parte
2828 3757 2894 3812 de
2925 3757 3156 3814 Maonia
3195 3762 3341 3816 venit
3380 3764 3448 3817 ad
3484 3761 3592 3816 Ita-

2014 3843 2162 3899 liam.
2211 3844 2338 3900 Ilac
2377 3852 2465 3900 est
2493 3854 2549 3900 et
2596 3845 2809 3914 Tuscia,
2836 3849 2930 3904 sed
2974 3848 3222 3907 Tusciam
3269 3854 3448 3909 dicere
3487 3870 3592 3911 non

2013 3935 2300 4000 debemus,
2347 3934 2472 4005 quia
2518 3952 2782 4007 nusquam
2823 3938 3066 4008 legimus.
3115 3941 3307 3997 Tuscia
3352 3952 3531 3998 autem
3561 3961 3593 3999 a

2013 4021 2313 4093 frequentia
2342 4024 2596 4081 sacriﬁcii
2622 4033 2678 4081 et
2703 4027 2876 4083 thuris
2904 4027 3046 4084 dicta
3074 4036 3177 4085 εει.
3207 4029 3377 4087 Gallia
3407 4049 3438 4088 a
3460 4049 3589 4089 can-

2013 4115 2143 4169 dore
2164 4112 2343 4183 populi
2365 4124 2692 4184 nuncupata.
2723 4114 2853 4171 Gala
2875 4117 3021 4173 enim
3042 4118 3230 4175 Graec
3258 4120 3341 4175 lac
3366 4122 3469 4178 dici
3478 4131 3583 4179 tur.

2014 4201 2222 4258 Montes
2241 4212 2298 4258 et
2319 4203 2465 4274 rigor
2486 4204 2607 4258 coeli
2630 4205 2696 4261 ab
2718 4220 2781 4260 ea
2809 4213 2963 4276 parte
2986 4208 3116 4265 solis
3139 4211 3387 4266 ardorem
3408 4214 3590 4270 exclu-

2014 4295 2164 4349 dunt.
2210 4294 2327 4362 Quo
2376 4295 2453 4359 ﬁt.
2477 4303 2537 4349 ut
2562 4295 2764 4351 candor
2810 4312 3094 4368 corporum
3145 4317 3251 4356 non
3295 4304 3583 4361 coloretur.

2015 4386 2166 4443 Hanc
2211 4387 2279 4441 ab
2323 4387 2531 4443 oriente
2569 4387 2781 4457 Alpium
2820 4387 2948 4461 juga
2998 4398 3234 4455 tuentur,
3282 4394 3350 4449 ab
3394 4411 3589 4454 occasu

2569 4439 2780 4457 "1---“
2820 4439 2948 4461 ,ε-ο--
2999 4439 3234 4455 -_-----...
3283 4439 3348 4449 ..ν
3396 4439 3589 4454 una-..

1941 4439 1990 4499 Β
2016 4477 2260 4534 Oceanus
2305 4477 2550 4544 includit,
2592 4494 2624 4534 a
2673 4480 2896 4535 meridie
2941 4493 3211 4552 praerupta
3257 4485 3520 4556 Pyrenai,
3559 4507 3590 4544 a

2017 4566 2379 4637 septentrione
2420 4568 2595 4623 Rheni
2639 4566 2836 4624 ﬂuenta
2875 4582 3039 4642 atque
3084 4572 3392 4643 Germania,
3438 4579 3591 4650 cujus

2016 4660 2225 4715 initium
2256 4658 2468 4730 Belgica
2495 4660 2634 4717 ﬂuis.
2667 4661 2954 4733 Aquitania
2979 4673 3062 4720 est
3087 4666 3233 4738 regio
3260 4667 3413 4737 gleba
3440 4671 3588 4727 uberi

2015 4760 2072 4807 et
2098 4751 2373 4822 pabulosa,
2396 4759 2454 4807 et
2471 4752 2539 4808 ad
2564 4769 2718 4809 usum
2738 4755 3091 4812 animantium
3119 4766 3261 4829 apta,
3285 4759 3590 4817 ﬂuminibus

2016 4854 2227 4910 quoque
2254 4847 2310 4895 et
2356 4839 2592 4898 fontibus
2631 4843 2853 4914 irrigua,
2886 4847 3102 4915 perfusa
3133 4849 3340 4905 duobus
3383 4851 3592 4919 magnis

2015 4930 2202 4986 Rheno
2229 4939 2285 4986 et
2312 4930 2572 4989 Rhodano
2610 4932 2803 4991 ﬂuviis.
2854 4936 3029 5007 Belgis
3068 4947 3244 4992 autem
3285 4940 3477 4996 civitas
3503 4950 3588 4998 est

2012 5018 2221 5084 Gallia,
2250 5036 2280 5075 a
2306 5037 2413 5092 qua
2443 5021 2657 5093 Belgica
2693 5025 2968 5093 provincia
2997 5026 3136 5081 dicta
3162 5036 3265 5089 est,
3292 5026 3585 5100 Cisalpina,

2012 5109 2136 5177 quia
2165 5110 2303 5164 citra
2326 5109 2510 5178 Alpes,
2537 5126 2609 5166 ve.
2651 5112 2979 5182 transalpina
2998 5153 3013 5175 ,
3044 5114 3097 5167 id
3135 5123 3218 5168 est
3247 5123 3396 5171 trans
3422 5118 3588 5189 Alpes

2013 5198 2659 5273 contraseptentrioncm.
2684 5199 2877 5255 Rhetia
2898 5216 3026 5255 vero
3055 5210 3199 5256 terra
3222 5203 3402 5262 hieme
3423 5216 3587 5279 atque

2013 5295 2199 5342 astate
2230 5294 2437 5351 vernat,
2463 5287 2544 5343 sol
2577 5288 2651 5343 ibi
2680 5287 2847 5352 mitis,
2871 5298 3021 5357 grata
3066 5293 3375 5362 temperies,
3417 5309 3586 5363 purus

2011 5390 2106 5430 aer
2124 5383 2179 5431 et
2206 5374 2435 5432 blandus
2458 5395 2470 5431 :
2496 5377 2618 5432 inde
2639 5386 2849 5444 vocata,
2872 5380 3015 5448 quod
3040 5380 3114 5435 sit
3135 5380 3283 5448 juxta
3314 5383 3577 5445 Rhenum.

2010 5463 2297 5534 Aquitania
2337 5475 2517 5521 autem
2560 5466 2629 5521 ab
2652 5466 2886 5537 obliquis
2927 5470 3082 5538 aquis
3128 5470 3307 5543 Ligeri
3350 5474 3586 5533 ﬂuminis

2011 5556 2293 5626 appellata,
2322 5556 2447 5626 quia
2473 5574 2538 5612 ex
2585 5556 2811 5626 plurima
2854 5569 3005 5629 parte
3036 5562 3295 5618 terminus
3323 5563 3440 5633 ejus
3479 5577 3582 5630 cst,

2010 5663 2233 5717 eamque
2257 5664 2390 5717 pene
2415 5648 2465 5708 in
2490 5647 2672 5703 orbem
2697 5648 2876 5718 cingit.
2903 5650 3155 5723 Ilispania
3179 5656 3326 5724 prius
3349 5656 3415 5711 ab
3435 5656 3585 5714 Ibero
