3974 6188
325 336 421 391 551

960 335 1020 389 Β.
1058 333 1311 389 RABANI
1351 332 1569 391 MAURI
1605 330 1925 389 ARCHIEP.
1964 332 2273 390 MOGUNT.
2312 331 2597 390 OPERUM
2638 333 2819 390 PARS
2858 333 2922 389 ll.

3467 338 3569 397 sse

327 465 485 505 amne
504 448 675 504 lberia
696 456 1000 516 nuncupata
1017 455 1127 521 es}.
1150 446 1343 501 Postea
1364 447 1431 500 ab
1450 445 1667 515 Hispalo
1698 444 1892 516 Hispaa
1920 452 1969 509 Α
1995 455 2369 501 renascantur.
2400 447 2623 517 Zeugis,
2655 447 2744 501 ubi
2777 447 3048 517 Carthago
3076 464 3288 520 magna,
3329 452 3446 520 ipsa
3489 464 3573 508 est

325 542 413 594 nia
429 538 798 611 cognominata
814 545 914 591 est.
930 537 1049 607 ipsa
1061 543 1142 591 est
1156 551 1282 590 vera
1299 534 1553 605 Hesperia
1574 535 1643 589 ab
1657 533 1895 605 Hespero

323 633 478 688 stella
500 629 812 687 occidentali
835 630 976 685 dicta
1006 646 1019 683 :
1046 630 1148 685 sita
1174 637 1259 684 est
1282 638 1461 683 autem
1492 628 1632 683 inter
1656 627 1895 683 Africam

324 733 381 780 et
404 722 649 788 Galliam,
666 736 696 775 a
716 721 1077 792 septentrione
1101 719 1372 791 Pyrenaeis
1396 720 1666 774 montibus
1692 719 1892 784 clausa,

325 828 355 867 a
388 811 606 880 reliquis
630 810 872 881 partibus
900 809 1137 878 undique
1174 808 1309 863 mari
1350 808 1601 864 conclusa
1619 848 1634 873 ,
1662 808 1893 863 salubri-

326 910 437 956 tate
471 900 593 956 cmli
642 899 881 969 arqualis,
908 898 1149 953 omnium
1197 897 1471 952 fructuum
1498 897 1784 968 generibus
1812 896 1893 953 fe-

324 993 518 1057 cundo,
548 1005 880 1062 gemmarum
910 988 1358 1058 metallorumque
1397 989 1568 1059 copiis
1607 988 1892 1042 ditissima.

322 1080 638 1137 Interﬂuunt
658 1095 777 1135 eam
794 1078 1014 1134 ﬂumina
1035 1093 1246 1148 magna,
1267 1076 1456 1141 Baetis,
1474 1077 1689 1141 Minius,
1712 1076 1896 1131 Iberus

325 1180 380 1225 et
418 1169 597 1239 Tagus
616 1208 630 1233 ,
657 1183 846 1221 aurum
879 1167 1124 1232 trahens,
1151 1175 1212 1220 ut
1241 1165 1513 1220 Pactolus.
1561 1163 1735 1219 Habet
1772 1179 1896 1234 pro-

324 1262 528 1317 vincias
575 1276 668 1315 sex
697 1259 954 1314 :Terram
993 1273 1278 1314 conensem
1328 1254 1893 1330 [Tarraconensem],

323 1349 815 1419 Carthaginensem,
838 1347 1187 1409 Lusitaniam,
1213 1346 1525 1410 Galleciam,
1548 1344 1823 1409 Baeticam,
1842 1352 1899 1398 et

325 1450 475 1493 trans
502 1438 636 1493 freta
665 1438 719 1492 in
747 1437 963 1507 regione
982 1436 1179 1491 Africa:
1204 1435 1585 1507 Tingitaniam.
1618 1434 1747 1488 Dus:
1772 1441 1899 1489 sunt

324 1529 592 1600 Hispaniae
641 1547 654 1582 :
700 1528 951 1592 citerior,
985 1542 1104 1596 qua:
1151 1528 1204 1581 in
1248 1525 1628 1596 septentrionis
1668 1524 1826 1596 plaga
1864 1540 1898 1579 a

323 1621 581 1691 Pyrenaeo
610 1633 778 1687 usque
805 1618 874 1671 ad
903 1616 1280 1685 Carthaginem
1305 1615 1627 1686 porrigitur;
1654 1613 1896 1678 ulterior,

324 1726 444 1777 qua:
482 1710 536 1763 in
579 1708 857 1763 meridiem
881 1723 911 1761 a
938 1706 1221 1762 Celtiberis
1262 1722 1432 1776 usque
1471 1705 1539 1759 ad
1573 1704 1898 1760 Gaditanum

1995 541 2051 588 et
2095 550 2222 589 vera
2265 535 2445 591 Africa
2495 538 2635 593 inter
2661 536 2984 608 Bylancium
3017 549 3073 592 et
3101 536 3403 594 Numidiam
3441 540 3571 607 sita,

1995 641 2026 679 a
2052 626 2413 695 septentrione
2434 627 2568 679 mari
2591 626 2773 680 Siculo
2792 624 3002 694 juncta,
3025 635 3077 681 et
3098 643 3127 680 a
3150 629 3374 683 meridie
3399 645 3574 700 usque

1994 715 2062 770 ad
2109 715 2420 771 Getulorum
2470 717 2743 786 regionem
2792 724 3071 787 porrecta,
3120 715 3273 785 cujus
3324 720 3574 788 proxima

1994 821 2219 877 qumque
2266 805 2524 877 frugifera
2575 814 2721 870 sunt,
2768 807 3023 862 ulteriora
3070 815 3249 862 autem
3289 809 3477 864 bestiis
3519 819 3581 865 et

1995 895 2334 965 serpentibus
2370 895 2523 964 plena
2543 935 2557 960 ,
2587 903 2748 964 atque
2782 896 2998 965 onagris
3045 897 3252 967 magnis
3282 897 3334 951 in
3360 898 3578 955 deserto

1993 985 2331 1056 vagantibus.
2380 983 2588 1039 Getulia
2635 992 2814 1038 autem
2863 982 3059 1039 Africm
3099 1000 3225 1054 pars
3269 984 3579 1042 Mediterra-

1996 1091 2096 1131 nea
2144 1084 2244 1130 est.
2276 1074 2521 1129 Numidia
2567 1078 2635 1131 ab
2677 1076 2866 1132 incolis
2906 1078 3107 1147 passim
3151 1081 3467 1151 vagantibus
3495 1083 3578 1137 sic

1996 1174 2204 1229 vocata,
2236 1166 2378 1235 quod
2402 1166 2599 1219 nullam
2649 1174 2853 1221 certam
2897 1167 3160 1224 haberent
3187 1171 3388 1225 sedem.
3439 1171 3577 1228 Nam

1995 1256 2176 1327 lingua
2199 1271 2385 1310 eorum
2412 1256 2632 1311 incerte
2657 1257 2810 1311 sedes
2831 1266 2887 1312 et
2904 1273 3069 1328 vagae,
3098 1258 3354 1314 Numidia
3379 1262 3575 1317 dicun-

1998 1356 2104 1402 tur.
2152 1348 2344 1417 lncipit
2386 1356 2563 1402 autem
2612 1364 2640 1401 a
2698 1348 2917 1404 flumine
2946 1350 3248 1421 Ampsaga,
3288 1353 3341 1406 in
3386 1354 3581 1426 leugi-

2000 1446 2181 1493 tanum
2212 1438 2435 1493 limitem
2464 1439 2684 1504 desinit,
2718 1439 2923 1494 habens
2944 1441 3011 1495 ab
3031 1449 3152 1495 ortu
3178 1442 3371 1513 Syrtes
3398 1444 3579 1498 mino—

2000 1543 2108 1593 res,
2134 1544 2165 1582 a
2203 1529 2569 1598 septentrione
2598 1544 2778 1594 mare,
2809 1529 2951 1598 quod
2980 1530 3210 1585 intendit
3239 1531 3579 1598 Sardiniam,

2000 1617 2068 1672 ab
2089 1632 2286 1673 occasu
2311 1617 2687 1671 Mauritaniam
2712 1617 3041 1684 Sitifensem,
3064 1634 3096 1672 a
3121 1621 3347 1676 meridie
3372 1621 3585 1675 {Ethio-

2000 1722 2128 1776 punt
2179 1708 2579 1777 genteszregio
2623 1707 2826 1776 campis
2864 1710 3222 1778 praepinguis,
3269 1711 3360 1765 ubi
3400 1720 3581 1767 autem

323 1801 521 1854 fretum
566 1798 871 1854 extenditur
894 1815 907 1851 :
930 1797 1152 1851 citerior
1192 1804 1248 1851 et
1285 1796 1511 1851 ulterior
1551 1795 1712 1861 dicta,
1744 1793 1898 1866 quasi
1924 1786 1973 1845 B
2001 1797 2265 1853 silvestris
2298 1806 2401 1862 est,
2428 1797 2571 1853 feras
2608 1798 2836 1862 educat;
2881 1799 2970 1853 ubi
3010 1797 3156 1869 jugis
3196 1800 3384 1866 ardua,
3411 1816 3584 1871 equos

322 1893 458 1946 citra
486 1898 540 1945 et
568 1890 740 1954 ultra;
768 1889 862 1943 sed
885 1888 1052 1954 circa,
1081 1888 1234 1957 quasi
1262 1887 1398 1943 citra
1426 1897 1628 1951 terras,
1656 1895 1713 1942 et
1735 1886 1900 1953 ultra,

323 1981 406 2035 vel
434 1981 577 2051 quod
598 1981 805 2045 ultima,
827 1980 912 2034 vel
938 1979 1079 2050 quod
1110 1995 1214 2033 non
1242 1980 1310 2034 sit
1330 1988 1452 2049 post
1473 1979 1614 2034 hanc
1638 1979 1775 2045 ulla',
1799 1979 1905 2035 hoc

324 2083 409 2126 est
432 2072 536 2125 alia
573 2080 736 2125 terra.
771 2069 897 2125 Hmc
918 2071 983 2124 de
1011 2069 1235 2139 Europm
1263 2070 1567 2141 regionibus
1588 2069 1731 2125 dicta
1759 2069 1907 2124 sudi-

325 2164 490 2226 ciant,
522 2178 665 2217 nunc
687 2161 755 2218 de
782 2162 1025 2231 partibus
1048 2162 1245 2216 Africa:
1270 2163 1507 2217 breviter
1534 2161 1794 2217 dicamus.
1821 2161 1907 2217 Li-

324 2254 425 2324 bya
447 2261 531 2308 est
558 2252 722 2318 dicta,
747 2252 889 2322 quod
941 2252 1066 2307 inde
1093 2251 1219 2306 Libs
1245 2249 1355 2317 tlat,
1395 2251 1500 2306 hoc
1530 2259 1613 2307 est
1643 2251 1857 2307 Africus
1885 2268 1901 2306 :

324 2343 416 2398 alii
447 2343 598 2397 aiunt
639 2341 917 2413 Epaphum
958 2340 1106 2397 Jovis
1152 2340 1341 2407 filium,
1372 2341 1466 2410 qui
1520 2340 1808 2411 Memphim
1847 2341 1903 2395 in

325 2431 557 2502 [Egypto
583 2431 839 2495 condidit,
862 2446 927 2485 ex
948 2429 1202 2500 Cassiopa
1221 2445 1390 2485 uxore
1406 2446 1719 2501 procreasse
1741 2430 1905 2485 ﬁliam

324 2521 568 2592 Libyam,
594 2536 713 2589 qua:
733 2528 916 2589 postea
942 2520 995 2573 in
1023 2520 1206 2575 Africa
1232 2535 1454 2590 regnum
1475 2521 1731 2590 possedit,
1753 2520 1906 2591 cujus

326 2626 392 2663 ex
418 2609 635 2663 nomine
655 2618 799 2662 terra
827 2617 914 2663 est
937 2608 1024 2662 illa
1042 2608 1206 2679 Libya
1229 2608 1526 2678 appellata;
1547 2608 1783 2663 Africam
1807 2625 1903 2662 au-

328 2710 436 2754 tem
462 2699 792 2754 nominatam
831 2699 1045 2769 quidam
1073 2699 1197 2754 inde
1223 2700 1560 2766 existimant,
1587 2700 1740 2770 quasi
1766 2701 1907 2770 apri-

329 2807 464 2853 cam,
488 2790 629 2860 quod
647 2791 717 2844 sit
740 2799 923 2861 aperta
945 2790 1081 2846 caelo
1103 2790 1186 2846 vel
1208 2791 1329 2856 soli,
1355 2798 1409 2846 et
1423 2791 1540 2846 sine
1561 2792 1784 2847 horrore
1804 2789 1902 2845 fri-

329 2881 505 2952 goris:
530 2881 618 2937 alii
634 2881 816 2937 dicunt
840 2880 1074 2961 Africam
1100 2881 1355 2952 appellari
1378 2883 1445 2937 ab
1459 2897 1566 2937 uno
1589 2896 1653 2936 ex
1675 2882 1907 2953 posteris

326 2975 558 3035 Abrahae
600 2974 667 3030 de
715 2974 944 3030 Cethura
966 3016 980 3040 ,
1011 2976 1102 3045 qui
1144 2982 1367 3030 vocatus
1400 2982 1485 3031 est
1508 2973 1659 3038 Afer,
1689 2973 1754 3029 de
1797 2988 1906 3044 quo

326 3080 488 3136 supra
532 3067 891 3122 meminimus.
944 3067 1136 3136 Incipit
1168 3075 1346 3122 autem
1374 3083 1404 3121 a
1436 3066 1631 3122 finibus
1659 3065 1898 3138 Egypti,

1999 1896 2056 1944 et
2079 1903 2313 1958 onagros
2351 1896 2617 1959 procreat.
2649 1888 2854 1942 Eximio
2879 1889 3041 1942 etiam
3090 1905 3360 1945 marmore
3386 1890 3585 1961 pradi-

2002 1986 2165 2043 tatur,
2195 1978 2337 2047 quod
2373 1976 2712 2031 Numidicum
2743 1976 2961 2031 dicitur.
3005 1976 3178 2031 Habet
3210 1985 3390 2033 autem
3416 1977 3584 2033 urbes

2001 2070 2320 2139 praecipuas,
2337 2067 2633 2139 Hipponem
2657 2067 2861 2138 regium
2883 2075 2939 2123 et
2954 2067 3298 2124 Rusicadam.
3318 2068 3581 2124 Maurita-

2001 2161 2092 2215 nia
2117 2168 2307 2214 vocata
2328 2175 2359 2214 a
2390 2159 2571 2215 colore
2608 2158 2961 2229 populorum;
2987 2158 3162 2216 Graeci
3189 2160 3333 2215 enim
3363 2162 3579 2232 nigrum

2003 2264 2228 2305 mauron
2256 2257 2471 2304 vocant.
2502 2247 2657 2303 Sicut
2681 2248 2823 2303 enim
2853 2247 3023 2304 Gallia
3049 2264 3081 2302 a
3102 2249 3336 2304 candore
3376 2252 3581 2321 populi,

2005 2340 2080 2394 ita
2103 2338 2422 2394 Mauritania
2440 2353 2473 2393 a
2493 2339 2649 2408 nigro
2667 2353 2864 2392 nomen
2884 2339 3073 2393 sortita
3091 2345 3194 2393 est.
3220 2338 3383 2408 Cujus
3405 2341 3583 2409 prima

2006 2430 2284 2502 provincia
2336 2430 2653 2485 Mauritania
2695 2428 2970 2485 Sitifensis
3005 2438 3121 2496 est,
3147 2446 3268 2500 quze
3302 2431 3440 2487 Sitili
3484 2433 3584 2486 ha-

2004 2525 2097 2580 bet
2132 2522 2407 2594 Oppidum,
2438 2536 2468 2575 a
2493 2536 2603 2591 quo
2616 2527 2673 2575 et
2696 2520 3010 2575 vocabulum
3035 2520 3262 2576 traxisse
3289 2522 3436 2591 regio
3458 2536 3584 2590 pcr-

2005 2613 2238 2668 hibetur.
2263 2611 2581 2666 Mauritania
2608 2626 2738 2667 vero
2760 2610 3108 2666 Caesariensis
3134 2611 3362 2676 colonia,
3401 2611 3584 2666 Caesa-

2007 2703 2086 2758 ria
2124 2702 2317 2757 civitas
2349 2702 2469 2767 fuit,
2510 2710 2566 2757 et
2601 2716 2797 2756 nomen
2833 2701 3124 2770 provincia:
3151 2716 3218 2755 ex
3255 2716 3318 2756 ea
3350 2701 3579 2757 dictum.

2006 2791 2259 2863 Utraeque
2297 2792 2461 2862 igitur
2488 2792 2775 2861 provincia:
2817 2791 2919 2846 sibi
2947 2791 3245 2862 conjuncta:
3269 2792 3337 2846 ab
3369 2791 3583 2847 oriente

2006 2881 2309 2938 Numidiam
2338 2883 2558 2948 habent,
2588 2884 3006 2953 aseptentrione
3032 2898 3182 2938 mare
3205 2883 3476 2954 Magnum,
3510 2884 3582 2939 ab

2004 2987 2203 3028 occasu
2229 2971 2427 3028 flumen
2457 2973 2701 3040 Malvam,
2722 2988 2753 3027 a
2783 2973 3008 3029 meridie
3029 2982 3266 3028 montem
3291 2973 3581 3039 Astrixim,

2007 3062 2100 3134 qui
2124 3063 2383 3119 discernit
2406 3064 2547 3118 inter
2575 3063 2856 3118 fecundam
2882 3070 3082 3118 terram
3102 3070 3158 3117 et
3174 3078 3368 3118 arenas
3387 3061 3588 3132 jacen-

324 3128 555 3227 pergens
593 3155 746 3226 juxta
797 3128 1074 3212 meridiem
1116 3172 1214 3227 per
1257 3155 1590 3225 Ethiopiam
1630 3128 1900 3227 usque-ad
1928 3128 1973 3191 C
2006 3128 2087 3209 tes
2114 3167 2284 3222 usque
2304 3152 2371 3207 ad
2397 3152 2693 3208 Oceanum.
2723 3151 3043 3207 Mauritania
3065 3128 3422 3223 Tingitana,a
3451 3153 3589 3208 Tin-

327 3246 595 3298 Atlantcm
630 3255 890 3311 montem,
932 3261 963 3298 a
1006 3245 1411 3315 septentrionali
1447 3260 1578 3299 vero
1615 3254 1767 3314 parte
1794 3243 1903 3300 Me-

329 3334 637 3391 diterraneo
682 3333 816 3387 mari
864 3333 1150 3403 conjuncta
1194 3333 1490 3400 clauditur,
1540 3343 1595 3388 et
1635 3332 1902 3388 Gaditano

332 3425 470 3477 freto
495 3422 694 3485 finitur,
713 3423 918 3478 habens
942 3424 1249 3493 provincias
1272 3423 1495 3495 Libyam
1515 3423 1898 3495 Cyrenensem,

327 3511 680 3581 Pentapolim,
704 3510 984 3580 Tripolim,
1005 3511 1349 3582 Byzancium,
1375 3510 1772 3583 Carthaginem,
1796 3511 1905 3566 Nu-

332 3599 577 3664 midiam,
601 3599 976 3655 Mauritaniam
1005 3599 1313 3657 Sitifensem
1330 3642 1346 3668 ,
1369 3601 1743 3656 Mauritaniam
1771 3599 1903 3656 Tin-

331 3690 593 3760 gitanam,
635 3699 691 3745 et
719 3690 862 3746 circa
900 3690 1029 3746 solis
1072 3691 1317 3745 ardorem
1348 3689 1699 3760 Ethiopiam.
1736 3688 1904 3761 Libya

331 3778 653 3849 Cyrenensis
680 3781 733 3835 in
761 3790 914 3851 parte
935 3780 1132 3835 Africa:
1166 3780 1337 3851 prima
1361 3791 1446 3836 est
1477 3797 1507 3834 a
1535 3780 1741 3851 Cyrene
1771 3779 1905 3836 urbe

330 3870 631 3941 metropoli,
655 3886 774 3941 quae
793 3872 951 3937 estin
973 3873 1089 3943 ejus
1112 3871 1306 3927 finibus
1327 3879 1653 3941 nuncupata.
1682 3871 1818 3926 Huic
1835 3870 1903 3925 ab

328 3962 537 4018 oriente
581 3960 849 4032 Egyptus
880 3971 979 4025 est,
1018 3962 1087 4016 ab
1129 3976 1321 4016 occasu
1361 3960 1549 4032 Syrtes
1595 3960 1824 4030 majores
1850 3970 1905 4017 et

331 4050 685 4121 'l‘roglodytat,
709 4066 737 4103 a
759 4050 1123 4119 septentrione
1149 4065 1297 4105 mare
1320 4050 1595 4122 Libycum,
1624 4067 1655 4105 a
1681 4050 1905 4105 meridie

330 4139 603 4211 Aﬁthiopia
628 4148 683 4194 et
701 4141 1055 4196 barbarorum
1070 4141 1233 4195 varia:
1252 4140 1495 4197 nationes
1514 4149 1569 4196 et
1587 4141 1905 4196 solitudines

331 4230 751 4295 inaccessibiles,
775 4246 895 4302 qua:
916 4231 1078 4286 etiam
1105 4231 1380 4286 basiliscos
1397 4241 1674 4302 serpentes
1696 4238 1900 4286 creant.

330 4318 637 4388 l’cntapolis
668 4318 856 4374 Graeca
896 4320 1074 4390 lingua
1101 4335 1133 4373 a
1176 4321 1413 4390 quinque
1440 4321 1662 4376 urbibus
1701 4336 1905 4375 nuncu-

330 4418 473 4479 pata,
508 4410 560 4463 id
590 4418 673 4465 est
698 4409 925 4481 Cyrene,
958 4410 1214 4467 Berenice
1246 4413 1313 4467 de
1341 4412 1577 4478 Ceutria,
1604 4412 1900 4482 Apollonia,

331 4499 637 4563 Ptolomais,
687 4515 751 4555 ex
794 4500 988 4568 quibus
1033 4501 1323 4558 Ptolomais
1361 4512 1417 4558 et
1455 4502 1713 4558 Berenice
1750 4518 1780 4556 a
1820 4516 1906 4556 re-

330 4593 484 4660 gibus
529 4595 817 4648 nominata:
853 4601 997 4647 sunt.
1041 4594 1136 4647 Est
1164 4601 1341 4648 autem
1378 4592 1685 4666 Pentapolis
1726 4593 1905 4664 Libyae

330 4683 626 4754 Cyrenensi
664 4683 912 4753 adjuncta
941 4693 995 4738 et
1021 4685 1073 4738 in
1108 4686 1225 4755 ejus
1253 4685 1448 4740 finibus
1474 4686 1744 4756 deputata.
1786 4685 1907 4740 Tri-

331 4773 624 4844 politanam
667 4788 880 4843 quoque
919 4773 1249 4842 provinciam
1283 4773 1454 4829 Grasci
1485 4774 1661 4846 lingua
1694 4790 1790 4831 sua
1831 4776 1905 4830 si-

329 4872 499 4936 gnant
522 4863 589 4919 de
616 4877 840 4917 numero
869 4863 1028 4916 trium
1056 4878 1368 4934 magnarum
1396 4864 1627 4931 urbium,
1650 4862 1776 4929 Oea,
1806 4863 1906 4919 Sa-

330 4960 511 5024 brate,
553 4956 734 5027 Leptis
768 4972 995 5027 magnae.
1023 4955 1148 5011 Haec
1177 4957 1339 5012 habet
1376 4960 1445 5014 ab
1471 4959 1677 5015 oriente
1718 4957 1904 5029 Syrtes

331 5048 562 5118 majores
598 5056 654 5103 et
686 5047 1058 5119 Troglodytas,
1092 5062 1123 5100 a
1158 5049 1521 5118 septentrione
1544 5065 1694 5105 mare
1716 5050 1904 5106 Adria-

332 5137 517 5203 ticum,
541 5138 609 5192 ab
627 5152 823 5193 occasu
843 5137 1181 5207 Byzantium,
1199 5153 1230 5192 a
1250 5139 1474 5194 meridie
1492 5138 1714 5195 Getulos
1731 5138 1905 5195 etGa-

332 5237 604 5285 ramantes
627 5246 797 5300 usque
822 5231 890 5286 ad
914 5244 1172 5286 oceanum
1196 5228 1559 5301 :Etbiopicum
1584 5231 1902 5300 pertenden-

333 5327 434 5377 tes.
452 5321 725 5393 Bysacena
750 5322 897 5393 regio
919 5338 983 5377 ex
1002 5321 1209 5377 duobus
1224 5321 1565 5377 nobilissimis
1577 5321 1786 5391 Oppidis
1806 5337 1902 5376 no-

333 5426 456 5466 men
480 5413 667 5467 sortita
687 5422 791 5479 est,
813 5428 881 5468 ex
905 5413 1101 5483 quibus
1122 5426 1288 5466 unum
1316 5412 1640 5466 Adrumetus
1659 5422 1901 5467 vocatur.

335 5504 459 5559 llatc
477 5505 577 5560 sub
593 5504 791 5576 Tripoli
807 5508 887 5560 εει
908 5515 1100 5576 patens
1121 5519 1375 5576 passuum
1396 5502 1625 5558 ducenta
1641 5503 1806 5558 millia
1820 5503 1902 5558 vel

335 5596 584 5666 amplius,
615 5596 840 5652 fecunda
885 5597 1048 5662 oleis,
1078 5605 1133 5651 et
1160 5595 1328 5667 glebis
1366 5596 1437 5650 ita
1470 5594 1815 5665 przepinguis,
1845 5602 1906 5647 ut

329 5685 472 5756 jecta
502 5686 571 5742 ibi
606 5687 805 5741 semina
852 5686 1182 5742 incremento
1230 5701 1364 5756 pene
1404 5685 1694 5741 centesimo
1737 5683 1904 5754 frugis

2003 3244 2057 3316 gi
2103 3242 2382 3313 metropoli
2431 3243 2589 3313 hujus
2637 3241 2928 3313 provincia:
2981 3242 3198 3296 civitate
3244 3251 3432 3298 vocata
3474 3251 3583 3298 est.

2005 3332 2131 3388 Hatc
2180 3333 2365 3388 ultima
2411 3332 2609 3388 Africae
2642 3333 2882 3403 exsurgit
2932 3348 2963 3386 a
3008 3331 3280 3388 montibus
3336 3345 3584 3403 septem,

2004 3424 2211 3479 habens
2252 3425 2321 3479 ab
2362 3427 2570 3480 oriente
2615 3422 2812 3479 ﬂumen
2858 3423 3119 3487 Malvam,
3147 3438 3179 3477 a
3218 3424 3589 3493 septentrione

2001 3512 2200 3569 fretum
2219 3513 2561 3580 Gaditanum,
2589 3514 2657 3568 ab
2684 3513 2908 3568 occiduo
2934 3528 3196 3569 oceanum
3216 3513 3545 3569 Atlanticum
3568 3554 3584 3580 ,

2007 3621 2038 3659 a
2065 3605 2291 3660 meridie
2319 3604 2598 3659 Gaulalmn
2636 3613 2826 3676 gentes
2865 3618 3038 3675 usque
3080 3602 3148 3657 ad
3176 3618 3437 3659 oceanum
3475 3603 3585 3659 ﬂe-

2003 3694 2239 3763 sperium
2266 3702 2627 3762 pererrantes,
2650 3693 2797 3763 regio
2821 3692 3048 3764 gignens
3070 3691 3432 3748 ferocissimos
3456 3693 3588 3747 dra-

2003 3798 2167 3839 cones
2191 3784 2610 3845 etstruthiones,
2633 3782 2760 3837 olim
2778 3783 2942 3837 etiam
2962 3792 3019 3838 et
3035 3783 3410 3853 elephantibus
3425 3783 3585 3853 plena

2004 3872 2123 3937 fuit,
2152 3889 2288 3943 quos
2321 3874 2434 3928 sola
2464 3889 2606 3929 nunc
2645 3872 2795 3931 India
2829 3873 3079 3942 parturit.
3110 3872 3456 3928 Garamantis
3492 3889 3586 3928 re—

2003 3968 2175 4039 gionis
2202 3976 2363 4036 caput
2389 3966 2658 4022 Garaman
2684 3965 2935 4035 oppidum
2961 3965 3079 4019 fuit.
3112 3965 3206 4019 Est
3229 3972 3408 4019 autem
3439 3965 3587 4020 inter

2002 4058 2362 4129 Cyrenensem
2383 4066 2438 4112 et
2456 4055 2805 4126 EthiOpiam,
2827 4055 2917 4110 ubi
2944 4065 3026 4111 est
3049 4055 3190 4121 fons,
3211 4056 3303 4125 qui
3328 4064 3383 4109 et
3399 4056 3585 4112 calore

2003 4148 2110 4203 dici
2145 4146 2402 4218 frigescit,
2430 4154 2486 4199 et
2506 4144 2643 4200 calet
2673 4143 2873 4215 frigore
2898 4145 3091 4200 noctis.
3126 4143 3403 4213 Ethiopia
3434 4144 3583 4199 dicta

2005 4254 2035 4292 a
2068 4238 2250 4293 colore
2277 4236 2590 4307 pepulerum
2607 4275 2622 4301 ,
2650 4250 2786 4304 quos
2811 4235 2942 4291 solis
2970 4235 3218 4289 vicinitas
3257 4243 3443 4289 torret.
3476 4234 3590 4290 De-

2005 4332 2166 4400 nique
2203 4330 2310 4384 vim
2353 4328 2545 4384 sideris
2579 4328 2754 4398 prodit
2784 4326 2932 4382 color
2970 4326 3267 4380 hominum.
3310 4325 3407 4379 Est
3434 4328 3585 4382 enim

2008 4419 2082 4475 ibi
2121 4418 2268 4490 jugis
2305 4426 2486 4473 testas.
2528 4417 2664 4471 Nam
2702 4415 2962 4486 quidquid
3001 4416 3118 4485 ejus
3153 4424 3255 4480 est,
3285 4415 3386 4470 sub
3416 4415 3586 4470 meri-

2007 4510 2164 4565 diano
2190 4509 2410 4563 cardine
2438 4515 2539 4572 est,
2563 4508 2706 4561 circa
2732 4506 3014 4562 occiduum
3058 4513 3241 4559 autem
3288 4512 3585 4559 montuosa

2004 4606 2109 4663 est,
2135 4612 2361 4652 arenosa
2402 4597 2455 4650 in
2488 4596 2685 4659 medio,
2715 4593 2782 4648 ad
2826 4593 3145 4648 orientalem
3187 4608 3316 4647 vero
3362 4592 3584 4663 plagam

2005 4690 2236 4755 deserta,
2273 4688 2425 4758 cujus
2450 4688 2585 4742 situs
2633 4687 2701 4740 ab
2728 4686 2953 4741 occiduo
2981 4685 3215 4740 Altantis
3266 4685 3465 4740 montis
3510 4684 3585 4738 ad

2003 4780 2266 4835 orientem
2296 4793 2465 4848 usque
2492 4778 2544 4831 in
2567 4776 2783 4847 [Egypti
2810 4776 2945 4831 ﬁnes
2962 4773 3334 4845 porrigitur.A
3356 4775 3586 4830 meridie

2004 4865 2238 4933 Oceano,
2266 4880 2297 4920 a
2322 4866 2687 4935 septentrione
2707 4863 2829 4919 Nilo
2856 4862 3075 4918 [lumine
3097 4862 3380 4927 clauditur,
3406 4861 3585 4932 pluri-

2008 4972 2125 5012 mas
2154 4956 2358 5011 habens
2376 4962 2561 5025 gentes
2587 4955 2799 5010 diverso
2820 4954 2967 5007 vultu
2995 4959 3051 5006 et
3091 4960 3430 5007 monstruosa
3465 4967 3589 5021 spe-

2004 5044 2417 5116 cie.horribiles,
2446 5044 2679 5099 ferarum
2707 5058 2920 5113 quoque
2943 5049 2995 5097 et
3025 5042 3357 5112 serpentium
3380 5039 3584 5097 referta

2004 5149 2089 5195 est
2100 5138 2457 5194 multitudine.
2476 5137 2585 5192 lllic
2596 5137 2792 5207 quippe
2812 5135 3126 5191 rhinoceros
3143 5134 3312 5190 bestia
3326 5141 3380 5188 et
3394 5149 3582 5191 came-

2006 5229 2281 5298 lopardus,
2316 5227 2618 5293 basiliscos,
2651 5227 2912 5281 dracones
2946 5224 3223 5295 ingentes,
3249 5238 3317 5278 ex
3348 5239 3585 5293 quorum

2008 5319 2230 5374 cerebro
2254 5333 2479 5389 gemmae
2508 5317 2889 5380 extrahuntur;
2933 5314 3254 5384 hyacinthus
3289 5328 3504 5383 quoque
3526 5322 3589 5367 et

2003 5410 2393 5480 chrysoprasus
2405 5407 2477 5463 ibi
2503 5405 2857 5476 reperiuntur,
2879 5403 3280 5458 cinnamomum
3305 5402 3413 5457 illic
3426 5402 3585 5458 colli-

2003 5503 2166 5571 gitur.
2185 5501 2313 5556 Dute
2335 5508 2460 5556 sunt
2479 5508 2658 5554 autem
2674 5494 2984 5564 Ethiopiae,
2998 5509 3105 5548 una
3126 5494 3270 5549 circa
3294 5504 3586 5547 ortumso-

2003 5590 2091 5655 lis,
2121 5589 2286 5644 altera
2303 5590 2444 5645 circa
2469 5602 2719 5644 occasum
2735 5585 2786 5640 in
2804 5583 3141 5650 Mauritania.
3166 5581 3332 5636 Extra
3350 5588 3461 5635 tres
3481 5597 3588 5634 at:-

2007 5694 2111 5739 tcm
2147 5692 2327 5753 partes
2350 5683 2496 5739 orbis
2525 5688 2715 5750 quarta
2742 5693 2865 5747 pars
2888 5687 3036 5731 trans
3061 5675 3330 5731 Oceanum
3358 5673 3585 5727 interior
