3974 6188
345 296 451 351 5ὲό

1317 299 1405 355 DE
1442 299 1788 360 UNIVERSO
1822 302 2000 367 LIBRI
2040 301 2204 358 XXII.
2244 332 2313 343 --
2353 303 2480 359 LIB.
2520 304 2634 361 XII.

3506 306 3610 362 5235

340 411 395 463 in
420 406 847 477 meridic,qu:ea
871 409 1000 464 solis
1025 409 1219 465 ardore
1244 413 1520 482 incognita
1547 415 1703 469 nobis
1729 424 1833 481 est,
1860 416 1914 470 in
1943 420 1991 481 Α
2017 415 2340 485 periuntur:
2382 417 2506 472 ideo
2547 433 2653 472 non
2690 417 2960 473 credimus
2995 418 3046 473 in
3082 419 3184 476 hoc
3222 436 3384 492 opere
3418 440 3608 481 neces-

342 500 497 571 cujus
524 498 725 555 linibus
747 499 1042 569 Antipodas
1064 499 1307 558 fabulose
1340 502 1644 559 inhabitare
1677 506 1919 574 produn-

342 601 448 648 tur.
469 591 726 648 Proxima
749 599 930 647 autem
956 588 1226 661 Hispania:
1248 593 1571 650 Mauritania
1597 605 1703 662 est,
1728 596 1920 652 deinde

339 681 611 747 Numidia,
646 682 771 737 inde
795 680 1266 751 Carthaginensis,
1294 691 1417 753 post
1454 699 1618 754 quam
1651 683 1919 740 Getuliam

339 773 664 844 accipimus,
689 781 876 843 postea
896 771 1252 843 Ethiopiam,
1276 772 1400 829 inde
1434 773 1552 837 loca
1573 785 1763 830 exusta
1789 776 1921 831 solis

337 866 645 923 ardoribus.
693 863 982 920 Sciendum
1011 879 1141 919 sane
1175 863 1315 935 quod
1345 864 1590 934 qurrdam
1629 865 1920 934 provincia:

334 961 573 1031 primum
600 959 666 1013 de
689 958 909 1013 nomine
934 957 1172 1012 auctoris
1197 957 1477 1027 appellata:
1519 965 1696 1020 erant,
1732 965 1919 1027 postea

336 1068 368 1107 a
394 1050 679 1123 provincia
720 1049 868 1120 genti
917 1064 1112 1104 nomen
1142 1057 1228 1103 est
1262 1047 1484 1104 factum.
1528 1048 1662 1103 Nam
1692 1050 1760 1105 ab
1787 1049 1920 1105 Italo

336 1140 510 1207 Italia,
534 1147 591 1195 et
631 1153 819 1195 rursus
844 1139 914 1194 ab
938 1137 1088 1192 Italia
1128 1137 1320 1201 Italus,
1352 1145 1408 1191 et
1437 1137 1517 1192 sic
1556 1138 1761 1192 utimur
1801 1137 1920 1207 ipso

335 1231 554 1287 nomine
578 1231 775 1302 gentis,
803 1229 1073 1299 quomodo
1108 1227 1209 1282 fuit
1236 1228 1411 1298 ipsum
1437 1243 1632 1284 nomen
1657 1230 1918 1294 auctoris,

332 1322 477 1378 unde
495 1321 799 1377 derivatum
818 1327 1116 1375 estnomen
1139 1318 1450 1386 provincize.
1475 1318 1552 1372 Ex
1573 1334 1682 1389 quo
1699 1319 1919 1385 accidit,

334 1429 402 1469 ex
428 1427 539 1468 uno
585 1411 806 1467 homine
842 1409 1122 1465 nominare
1157 1407 1434 1463 civitatem
1468 1417 1524 1463 et
1565 1409 1838 1479 regionem
1867 1418 1922 1465 et

337 1514 571 1574 gentem.
602 1501 904 1558 Provincia:
933 1508 1111 1555 autem
1137 1514 1202 1554 ex
1225 1514 1390 1554 causa
1423 1498 1741 1554 vocabulum
1766 1514 1921 1555 accc-

336 1604 550 1668 perunt.
592 1592 934 1662 Principatus
967 1605 1199 1661 namque
1221 1590 1461 1660 gentium
1491 1590 1617 1659 quia
1658 1590 1722 1645 ad
1764 1605 1921 1661 reges

335 1690 469 1745 alios
489 1686 854 1758 pertinebant,
888 1699 1011 1738 cum
1033 1684 1087 1737 in
1104 1681 1196 1750 jus
1218 1698 1376 1737 suum
1402 1681 1630 1737 Romani
1652 1680 1919 1738 vincendo

2023 506 2229 561 sarium
2258 521 2378 561 esse
2399 521 2587 562 earum
2620 507 2836 562 nomina
2875 510 3115 578 reperire
3143 525 3319 581 posse.
3350 513 3604 573 Attamen

2022 599 2376 665 quarumdam
2417 612 2604 653 earum
2653 598 2741 653 hic
2771 600 3121 672 ctymologias
3170 605 3462 659 secundum
3493 622 3607 661 ma-

2018 685 2194 754 jorum
2229 687 2573 743 traditionem
2618 703 2821 758 ponere
2858 706 2964 746 non
3000 692 3165 764 piget,
3201 694 3328 763 quia
3374 693 3608 754 fortasse

2019 779 2210 835 lectori
2232 788 2444 851 gratum
2471 789 2574 846 est,
2616 781 2666 837 si
2689 783 2816 852 quid
2861 784 2984 840 inde
3011 785 3064 839 in
3088 786 3192 840 hoc
3217 787 3473 855 opusculo
3505 801 3632 844 nos-

2022 878 2136 925 stro
2158 871 2440 939 reperierit
2467 872 2748 937 dictatum,
2779 889 2899 929 cum
2932 874 3055 930 inde
3088 875 3284 930 habeat
3322 876 3606 932 materiam

2023 962 2090 1017 ad
2144 963 2440 1031 spiritalem
2469 964 2876 1036 intelligentiam
2925 983 3113 1023 earum
3159 969 3603 1041 significationem

2021 1052 2404 1120 transferendi,
2445 1055 2490 1110 si
2516 1055 2710 1110 alicubi
2736 1057 2785 1111 ei
2814 1067 3174 1128 opportunum
3212 1060 3387 1114 visum
3423 1059 3605 1115 fuerit.

2021 1142 2159 1198 Chio
2194 1144 2366 1199 insula
2396 1153 2521 1200 ante
2550 1146 2876 1217 Bithyniam,
2900 1164 3060 1218 quam
3087 1149 3193 1219 iam
3224 1151 3387 1220 aliqui
3416 1150 3605 1207 Chiam

2024 1233 2447 1303 appellaverunt.
2497 1236 2703 1292 Gindus
2752 1238 2924 1293 insula
2971 1248 3158 1295 contra
3206 1240 3389 1295 Asiam
3433 1258 3447 1295 :
3489 1242 3607 1298 haec

2023 1326 2410 1395 interpretatur
2453 1329 2641 1381 mentis
2687 1345 2945 1383 excessus.
2974 1330 3183 1385 Miciliae
3211 1331 3383 1386 insula
3412 1339 3605 1387 contra

2022 1416 2207 1471 Asiam
2238 1432 2267 1471 a
2299 1417 2528 1487 septimo
2558 1418 2828 1474 milliario.
2870 1419 2997 1476 Haec
3021 1421 3411 1492 interpretatur
3435 1422 3499 1476 de
3524 1422 3606 1475 iu-

2022 1507 2290 1576 ﬁrmitate,
2314 1509 2427 1563 sive
2444 1509 2750 1564 mandatum
2773 1510 3106 1565 humilitatis.
3132 1511 3501 1567 Samothracia
3522 1520 3607 1566 est

2022 1598 2194 1653 insula
2233 1600 2285 1653 in
2318 1599 2545 1657 Pathmo
2591 1601 2730 1656 sinu.
2785 1603 3062 1658 Britannia
3089 1603 3289 1659 Oceani
3317 1604 3488 1660 insula
3521 1605 3604 1660 iu-

2022 1691 2230 1747 terfuso
2250 1693 2384 1746 mari
2412 1708 2442 1746 a
2475 1700 2588 1748 toto
2613 1694 2745 1749 orbe
2774 1692 3018 1759 divisa,'a
3042 1695 3306 1751 vocabulo
3339 1711 3450 1750 sua:
3476 1712 3606 1766 gen-

333 1780 676 1849 redegerunt,
708 1774 897 1846 procul
941 1773 1147 1843 positas
1176 1771 1424 1843 regiones
1472 1771 1782 1842 provincias
1824 1786 1917 1842 ap-

2025 1784 2094 1838 tis
2126 1785 2521 1855 cognominata.
2574 1785 2699 1840 Htec
2745 1787 2972 1842 adversa
3014 1786 3309 1842 Galliarum
3347 1796 3502 1858 parte
3536 1789 3605 1843 ad

331 1872 690 1943 pellaverunt.
748 1868 930 1923 Patria
970 1874 1148 1922 autem
1193 1873 1408 1931 vocata,
1438 1866 1583 1936 quod
1610 1866 1916 1922 communis

334 1965 405 2018 sit
424 1962 696 2027 omnium,
724 1960 818 2031 qui
854 1962 908 2014 in
935 1973 998 2014 ea
1029 1959 1139 2013 nati
1172 1965 1317 2013 sunt.
1350 1957 1519 2013 Terra
1548 1967 1730 2014 autem
1753 1957 1921 2029 signi-

335 2057 458 2111 ﬁcat
481 2055 565 2126 (ut
586 2050 958 2124 praediximus)
986 2051 1311 2107 elementum
1333 2090 1348 2116 ,
1382 2057 1557 2106 terras
1584 2064 1713 2105 vero
1738 2049 1922 2120 singu-

334 2146 412 2200 las
430 2152 639 2216 partes,
658 2152 728 2198 ut
743 2142 949 2209 Africa,
975 2141 1148 2205 Italia,
1173 2142 1363 2198 eadem
1383 2150 1440 2196 et
1466 2141 1603 2197 loca.
1636 2139 1772 2195 Nam
1800 2139 1917 2194 loca

334 2247 393 2293 et
426 2246 586 2293 terra:
610 2236 793 2307 spatia
822 2235 877 2290 in
903 2235 1035 2291 orbe
1060 2242 1328 2290 terrarum
1355 2233 1550 2289 multas
1577 2234 1631 2288 in
1662 2248 1722 2289 se
1748 2232 1922 2288 conti-

335 2339 461 2409 nent
501 2328 819 2400 provincias
844 2346 858 2383 :
882 2328 1023 2384 sicut
1063 2342 1293 2397 corpore
1333 2326 1484 2383 locus
1521 2334 1605 2382 est
1645 2340 1772 2396 pars
1812 2338 1919 2379 una

333 2421 501 2475 multa
522 2420 581 2475 in
603 2433 664 2475 se
684 2418 969 2475 continens
998 2419 1262 2482 membra,
1291 2418 1427 2473 sicut
1455 2425 1511 2472 et
1532 2417 1723 2473 domus
1751 2416 1918 2472 multa

332 2512 388 2567 in
414 2527 476 2567 se
504 2510 719 2566 habens
740 2509 1009 2576 cubicula,
1032 2510 1112 2565 sic
1137 2516 1296 2564 terrae
1315 2516 1373 2564 et
1391 2508 1509 2563 loca
1530 2507 1784 2564 dicuntur
1803 2523 1922 2578 spa-

330 2606 429 2672 tia,
443 2620 680 2677 quorum
692 2611 876 2675 partes
889 2612 1015 2659 sunt
1034 2603 1325 2673 provinciae
1341 2621 1355 2656 :
1371 2602 1514 2657 sicut
1526 2602 1580 2656 in
1593 2601 1744 2667 Asia,
1759 2601 1925 2669 Phry-

330 2697 442 2771 gia,
457 2697 513 2753 in
542 2697 780 2766 Europa,
811 2695 1008 2762 Gallia,
1026 2695 1220 2752 Rhetia
1242 2736 1257 2758 ,
1295 2696 1349 2751 in
1377 2695 1635 2766 Hispania
1654 2737 1669 2760 ,
1695 2695 1918 2752 Baetica.

331 2790 469 2846 Nam
481 2789 611 2845 Asia
635 2788 787 2844 locus
805 2796 911 2853 est,
926 2788 1204 2858 provincia
1218 2787 1359 2844 Asiae
1370 2787 1602 2859 Phrygia
1623 2806 1635 2841 :
1655 2786 1815 2857 Troja
1838 2802 1923 2843 re-

332 2880 423 2951 gio
435 2878 707 2950 Phrygia,
727 2877 881 2933 Ilium
895 2878 1090 2934 civitas
1109 2876 1300 2947 Troiae.
1322 2878 1455 2934 Item
1473 2880 1723 2946 regiones
1740 2886 1923 2949 partes

334 2980 462 3025 sunt
473 2968 898 3040 provinciarum,
912 2982 1052 3038 quas
1065 2967 1255 3037 vulgus
1267 2976 1564 3024 conventus
1584 2976 1762 3033 vocat,
1782 2968 1925 3024 sicut

334 3061 391 3115 in
405 3059 638 3131 Phrygia
658 3056 841 3126 Troja,
859 3058 997 3114 sicut
1012 3057 1068 3112 in
1090 3056 1335 3124 Gallicis,
1349 3057 1665 3123 Cantabria,
1678 3057 1916 3114 Asturia.

330 3154 378 3206 Δ
395 3150 697 3207 rectoribus
721 3157 901 3205 autem
927 3148 1077 3221 regio
1100 3156 1408 3219 nuncupata
1429 3159 1533 3214 est,
1559 3147 1713 3217 cujus
1738 3157 1920 3219 partes

334 3243 610 3300 territoria
622 3248 778 3307 sunt;
799 3240 1130 3296 territorium
1143 3247 1324 3294 autem
1338 3246 1587 3294 vocatum
1597 3279 1613 3304 ,
1631 3239 1788 3309 quasi
1810 3247 1920 3295 tau-

332 3332 582 3389 ritorium
599 3331 788 3387 tritum
799 3329 973 3387 bobus
981 3338 1038 3385 et
1051 3336 1253 3386 aratro.
1269 3327 1488 3399 Antiqui
1508 3328 1652 3383 enim
1666 3329 1816 3383 sulco
1829 3328 1922 3384 du-

331 3432 422 3478 cto
439 3430 501 3478 et
518 3419 923 3492 possessionum
949 3426 1006 3476 et
1029 3418 1423 3476 territoriorum
1453 3417 1651 3472 limites
1676 3416 1920 3488 designa-

331 3516 481 3571 bant.

957 3597 1184 3662 CAPUT
1222 3604 1287 3659 Ἴ.

975 3698 1051 3753 De
1073 3697 1282 3753 insulis.

404 3794 594 3850 Insulae
622 3794 802 3857 dictae,
832 3793 974 3861 quod
1019 3792 1073 3846 in
1114 3792 1227 3846 salo
1270 3789 1397 3853 sint,
1429 3788 1482 3843 id
1528 3795 1631 3851 est,
1682 3786 1737 3840 in
1780 3785 1918 3839 mari

331 3889 520 3959 positae
542 3929 559 3953 ,
593 3901 717 3956 qua:
745 3886 801 3939 in
825 3884 1076 3955 plurimis
1116 3884 1249 3938 locis
1288 3896 1459 3938 sacrae
1503 3879 1797 3949 Scriptura:
1826 3883 1920 3930 aut

333 3978 608 4034 Ecclesias
625 3975 826 4032 Christi
858 3973 1183 4046 signiﬁcant,
1209 3979 1303 4026 aut
1323 3969 1627 4041 specialiter
1651 3964 1920 4038 quoslibet

332 4077 552 4124 sanctos
596 4067 764 4131 viros,
819 4066 912 4135 qui
959 4064 1256 4119 tunduntur
1295 4061 1545 4117 ﬂuctibus
1591 4057 1919 4130 persecutio-

332 4177 462 4215 num
480 4202 496 4226 ,
528 4158 627 4215 sed
653 4174 761 4214 non
796 4158 1163 4221 destruuntur,
1186 4154 1314 4224 quia
1341 4168 1372 4207 a
1400 4153 1512 4208 Deo
1537 4159 1913 4223 proteguntur.

331 4252 470 4307 Nam
514 4252 569 4306 in
611 4249 866 4321 psalterio
908 4249 1168 4318 scriptum
1202 4254 1287 4302 est
1316 4264 1328 4299 :
1359 4245 1619 4299 Dominus
1664 4242 1913 4313 regnavit,

331 4343 555 4398 exsultet
590 4351 753 4406 terra,
804 4340 1043 4396 laetentur
1085 4336 1274 4393 insula:
1313 4335 1494 4390 multa:
1538 4332 1709 4404 (Psal.
1744 4331 1914 4403 xcv'I).

314 4433 617 4528 .Regnante
669 4433 876 4528 itaque;
876 4436 883 4439 “
898 4430 1125 4528 Domino
1151 4443 1251 4499 per
1289 4434 1460 4528 totum
1508 4425 1768 4528 mundum
1805 4423 1914 4478 dis-
1938 4468 1992 4528 Β

332 4525 520 4597 posits:
560 4523 810 4579 laetentur
834 4519 1089 4577 Ecclesia:
1116 4536 1130 4573 :
1158 4533 1279 4589 quae
1306 4516 1502 4572 merito
1533 4513 1723 4570 insulis
1760 4528 1910 4569 com-

330 4622 616 4685 parantur,
656 4612 785 4682 quia
835 4610 1019 4666 mundi
1063 4608 1313 4664 fluctibus
1362 4606 1580 4663 ambitm
1628 4604 1913 4661 circumla-

334 4706 598 4760 trantium
642 4694 1089 4774 persecutionum
1125 4700 1515 4757 numerositate
1569 4699 1911 4755 tunduntur:

331 4798 428 4853 sed
466 4796 610 4852 sicut
651 4795 769 4850 istae
816 4793 1158 4850 saevientibus
1189 4792 1441 4848 ﬂuctibus
1474 4791 1720 4848 nesciunt
1766 4789 1910 4856 laedi,

332 4890 410 4944 ita
456 4901 563 4944 nec
604 4894 810 4942 sanctae
851 4884 1104 4943 Ecclesia
1130 4882 1624 4956 perturbationibus
1662 4882 1913 4937 adversa-

332 4987 536 5041 riorum
570 4980 1170 5057 pmbanturﬁinmunes
1205 5000 1218 5035 :
1249 4981 1379 5050 quin
1418 4978 1597 5049 potius
1636 4976 1756 5030 illos
1801 4975 1913 5030 suis

331 5076 581 5133 cautibus
626 5072 1041 5143 frangunt,,qui
1080 5071 1135 5125 in
1185 5086 1280 5126 eas
1322 5069 1543 5123 undosis
1589 5065 1912 5121 culminibus

332 5167 630 5221 irruerunt.
681 5163 748 5218 Et
788 5163 908 5218 vide
950 5163 1075 5234 quia
1123 5161 1254 5217 dicit
1297 5160 1497 5225 multis,
1546 5173 1654 5213 non
1701 5173 1909 5225 omnes,

334 5241 555 5329 propter
616 5254 899 5309 haereticas
951 5252 1268 5324 pravitates,
1323 5251 1415 5319 qui
1462 5249 1741 5304 erroribus
1798 5248 1911 5303 suis

330 5349 698 5406 Ecclesiarum
746 5360 941 5402 nomen
991 5346 1295 5415 imponunt.
1345 5341 1478 5396 Item
1522 5341 1716 5406 insula,
1760 5341 1911 5411 plebs

326 5437 535 5505 ludas,
589 5447 650 5494 ut
694 5438 751 5494 in
799 5435 1119 5492 Ezechiele:
1154 5433 1264 5487 Fili
1307 5434 1551 5499 hominis,
1589 5433 1798 5504 loquere
1840 5432 1910 5486 ad

326 5533 651 5588 habitatores
677 5528 866 5584 insula:
895 5525 1110 5599 (Emit.
1144 5524 1360 5595 XXXIX).
1392 5522 1531 5579 Sunt
1556 5525 1771 5595 quidem
1793 5524 1911 5594 plu-

328 5625 484 5679 rima:
504 5619 696 5677 insnum
726 5617 960 5689 propriis
1006 5614 1315 5672 nominibus
1348 5623 1571 5679 vocatae,
1598 5614 1690 5669 sed
1724 5613 1910 5683 paucis

333 5716 463 5771 Iocis
504 5715 563 5769 in
592 5710 888 5781 Scripturis
928 5709 1098 5765 sacris
1119 5723 1308 5765 eorum
1354 5707 1571 5769 nomina
1614 5705 1787 5775 posita
1815 5718 1903 5759 reo

2022 1886 2365 1946 prospectum
2390 1877 2660 1948 Hispania
2688 1879 2789 1933 sita
2817 1888 2919 1935 est.
2942 1879 3210 1936 Circuitus
3238 1879 3354 1948 ejus
3373 1882 3604 1951 quadra-

2019 1963 2135 2034 gies
2163 1964 2333 2019 octies
2359 1964 2697 2036 septuaginta
2726 1966 2964 2035 quinque
2992 1967 3177 2020 millia.
3211 1966 3371 2021 Multa
3401 1975 3454 2021 et
3486 1983 3601 2021 ma-

2019 2070 2121 2126 gna
2171 2054 2390 2111 ﬂumina
2436 2057 2489 2111 in
2519 2072 2602 2120 ea,
2644 2056 2823 2113 fontes
2856 2058 3033 2121 calidi,
3083 2059 3419 2113 metallorum
3451 2058 3600 2129 larga

2018 2153 2077 2200 et
2102 2147 2251 2201 varia
2279 2147 2455 2218 copia,
2486 2156 2705 2217 gagates
2729 2147 2867 2217 lapis
2900 2148 2970 2203 ibi
3001 2147 3284 2217 plurimus,
3315 2156 3372 2202 et
3396 2162 3605 2218 marga-

2020 2239 2154 2293 ritae.
2181 2238 2456 2296 Thanatos
2484 2240 2657 2295 insula
2686 2239 2885 2297 Oceani
2909 2240 3046 2295 freto
3060 2240 3246 2296 Gallia:
3270 2254 3298 2293 a
3328 2239 3605 2295 Britannia

2019 2339 2303 2403 separata,
2354 2329 2723 2387 frumentariis
2761 2333 2966 2403 campis
3015 2339 3070 2387 et
3116 2331 3271 2403 gleba
3309 2331 3603 2386 uberrima.

2019 2424 2170 2480 Dicta
2199 2433 2380 2480 autem
2393 2424 2668 2481 'I‘hanatos
2689 2439 2719 2479 a
2747 2434 2925 2480 morte
2949 2431 3279 2495 serpentum,
3307 2438 3445 2494 quos
3476 2423 3603 2478 dum

2019 2521 2135 2591 ipsa
2165 2521 2400 2585 nesciat,
2431 2527 2706 2590 asportata
2750 2519 2877 2575 inde
2924 2525 3065 2573 terra
3117 2531 3332 2587 quoque
3366 2517 3603 2587 gentium

2020 2621 2174 2668 vecta
2224 2613 2312 2676 sit,
2356 2626 2557 2681 angues
2586 2611 2726 2666 illico
2754 2610 2990 2682 perimit.
3014 2608 3183 2680 Thyle
3212 2607 3397 2662 ultima
3430 2605 3603 2661 insula

2021 2701 2219 2757 Oceani
2242 2700 2382 2755 inter
2409 2699 2886 2770 septentrionalem
2907 2707 2960 2754 et
2987 2697 3372 2754 occidentalem
3391 2696 3606 2765 plagam

2021 2793 2161 2848 ultra
2201 2792 2555 2856 Britanniam,
2586 2808 2617 2846 a
2656 2791 2770 2847 sole
2812 2804 3008 2845 nomen
3050 2790 3275 2853 habens,
3302 2787 3427 2857 quia
3455 2787 3510 2841 in
3538 2798 3602 2839 ea

2022 2883 2266 2939 aestivum
2311 2881 2598 2937 solstitium
2645 2882 2725 2937 sol
2768 2880 2930 2944 facit,
2973 2886 3029 2934 ut
3074 2878 3289 2949 quidam
3319 2876 3525 2941 dicunt,
3551 2884 3606 2930 et

2024 2970 2206 3027 nullus
2252 2971 2394 3025 ultra
2426 2985 2547 3025 eam
2572 2969 2688 3025 dies
2733 2977 2837 3035 est,
2874 2968 3016 3024 unde
3043 2975 3101 3022 et
3124 2966 3335 3037 pigrum
3381 2973 3437 3020 et
3475 2978 3605 3019 con-

2027 3072 2231 3120 cretum
2266 3071 2351 3118 est
2388 3062 2508 3132 ejus
2536 3075 2703 3116 mare.
2746 3060 2984 3117 Oreades
3014 3057 3203 3114 insulzr.
3234 3055 3433 3112 Oceani
3462 3054 3603 3109 ultra

2020 3153 2356 3209 Britanniam
2398 3151 2607 3223 positae,
2653 3165 2878 3206 numero
2906 3149 2994 3212 35,
3027 3162 3252 3218 quarum
3276 3144 3347 3199 ‘20
3375 3145 3604 3200 deserta:

2019 3252 2166 3309 sunt,
2206 3242 2467 3298 tredecim
2494 3241 2761 3296 coluntur.
2814 3238 3017 3302 Scotia,
3052 3237 3240 3309 eadem
3285 3243 3341 3289 et
3366 3233 3600 3298 Ibcrnia,

2018 3336 2262 3407 proxima
2285 3334 2574 3390 Britannia:
2593 3334 2789 3399 insula,
2811 3332 2986 3403 spatio
3007 3339 3272 3386 terrarum
3301 3327 3599 3399 angustior.

2017 3429 2114 3484 sed
2163 3428 2270 3483 situ
2312 3426 2609 3483 fecundior.
2661 3425 2786 3481 Hzec
2826 3426 2895 3480 ab
2930 3423 3113 3479 Africo
3140 3423 3195 3478 in
3223 3422 3449 3477 Boream
3480 3434 3605 3491 por-

2017 3520 2231 3592 rigitur.
2280 3518 2446 3590 Cujus
2475 3526 2657 3588 partes
2711 3519 2923 3588 priores
2974 3515 3242 3581 Iberiam,
3295 3522 3350 3568 et
3407 3512 3605 3587 Canta-

2017 3609 2226 3665 bricum
2257 3622 2519 3664 oceanum
2564 3608 2871 3663 intendunt.
2908 3606 3060 3663 Unde
3097 3615 3152 3662 et
3186 3605 3396 3660 Ibemia
3435 3604 3598 3659 dicta.
3697 3649 3709 3658 .

2019 3701 2202 3756 Scotia
2237 3710 2440 3767 autem,
2473 3699 2617 3770 quod
2654 3700 2721 3754 ab
2765 3698 3050 3754 Scotorum
3099 3697 3347 3768 gentibus
3387 3693 3599 3755 colitur,

2017 3791 2301 3864 appellata.
2348 3790 2463 3847 Illic
2502 3790 2647 3845 nulla
2691 3790 2901 3860 anguis,
2941 3789 3057 3843 avis
3097 3802 3245 3851 rara,
3274 3786 3390 3856 apis
3435 3784 3596 3841 nulla.

2017 3887 2152 3940 adeo
2178 3892 2240 3940 ut
2266 3884 2520 3939 advectos
2567 3883 2690 3938 inde
2727 3881 2973 3952 pulveres
3016 3896 3110 3935 seu
3151 3878 3361 3948 lapillos
3401 3877 3446 3932 si
3479 3877 3601 3945 quis

2016 3976 2144 4033 alibi
2193 3974 2455 4045 sparserit
2503 3973 2648 4028 inter
2696 3971 2950 4036 alvearia,
2988 3969 3233 4024 examina
3274 3967 3422 4022 favos
3436 3967 3601 4047 dese-

2015 4077 2158 4126 rant.
2174 4066 2354 4124 Gades
2382 4056 2563 4121 insula
2581 4066 2636 4120 in
2665 4064 2770 4119 line
2788 4064 3000 4118 Baeticae
3014 4060 3302 4133 provinciae
3330 4058 3454 4123 sita,
3481 4073 3601 4127 quae

2013 4163 2219 4220 dirimit
2239 4161 2510 4231 Europam
2538 4159 2606 4213 ab
2630 4157 2834 4221 Africa,
2861 4157 2914 4210 in
2939 4171 3043 4226 qua
3073 4151 3317 4208 Herculis
3337 4150 3600 4207 columnae

2013 4253 2283 4317 visuntur,
2316 4259 2369 4306 et
2419 4249 2562 4304 unde
2587 4246 2851 4319 Tyrrheni
2898 4244 3064 4300 maris
3116 4242 3361 4298 faucibus
3408 4241 3597 4297 oceani

2013 4353 2178 4402 aestus
2223 4342 2550 4399 immittitur.
2593 4339 2689 4393 Est
2727 4345 2906 4392 autem
2936 4350 2966 4390 a
2995 4332 3397 4390 continentibus
3437 4330 3600 4385 terris

2016 4444 2233 4494 centum
2261 4431 2450 4503 viginti
2486 4426 2732 4501 passibus
2761 4427 2954 4492 divisa,
2978 4440 3137 4495 quam
3161 4422 3332 4494 Tyrii,
3362 4438 3392 4475 a
3412 4420 3597 4477 Rubro

2016 4523 2245 4600 profecti
2268 4523 2428 4586 mari,
2461 4526 2813 4590 occupantes,
2855 4516 2910 4571 in
2953 4515 3132 4586 lingua
3173 4527 3268 4568 sua
3314 4511 3499 4576 Cadir,
3543 4510 3597 4565 id

2019 4627 2121 4685 est,
2164 4629 2346 4687 sepem
2373 4611 2810 4674 nominaverunt,
2838 4622 2938 4677 pro
2976 4619 3042 4661 eo
3065 4603 3208 4675 quod
3239 4603 3595 4670 circumsepta

2019 4710 2089 4765 sit
2115 4707 2252 4762 mari
2288 4724 2300 4760 :
2338 4702 2580 4758 nascitur
2608 4701 2662 4755 in
2698 4714 2762 4754 ea
2792 4698 2953 4753 arbor
2979 4694 3169 4751 similis
3196 4692 3409 4764 palmae,
3442 4689 3596 4759 cujus

2019 4798 2253 4872 gummis
2298 4795 2556 4850 infectum
2585 4792 2785 4845 vitrum
2832 4787 3139 4844 cerauniam
3165 4795 3431 4856 gemmam
3472 4780 3594 4834 red-

2019 4890 2116 4945 dit.
2145 4887 2456 4943 Fortunatze
2488 4882 2678 4939 insula:
2702 4879 2964 4936 vocabulo
3003 4892 3102 4933 suo
3128 4873 3432 4946 signiﬁcant
3471 4884 3590 4924 om-

2018 4980 2109 5035 nia
2153 4978 2295 5033 ferre
2340 4977 2481 5031 bona
2510 5015 2526 5041 ,
2574 4973 2730 5043 quasi
2782 4970 2968 5026 felices
3015 4976 3068 5022 et
3103 4967 3275 5021 beata:
3318 4961 3589 5016 fructuum

2017 5072 2282 5126 ubertate.
2330 5068 2533 5137 Suapte
2580 5067 2723 5120 enim
2780 5070 2976 5118 natura
3032 5057 3387 5129 pretiosarum
3431 5066 3590 5125 poma

2018 5160 2274 5216 silvarum
2302 5157 2638 5228 parturiunt,
2690 5152 2925 5209 fortuitis
2962 5148 3160 5204 vitibus
3206 5142 3333 5216 juga
3376 5142 3592 5198 collium

2016 5253 2339 5316 vestiuntur,
2368 5250 2433 5304 ad
2460 5249 2752 5304 herbarum
2783 5246 2955 5301 vicem
2982 5242 3176 5297 messis
3203 5248 3257 5296 et
3289 5238 3408 5296 olus
3433 5238 3593 5309 vulgo

2016 5349 2118 5397 est.
2133 5340 2284 5397 Unde
2302 5337 2578 5410 gentilium
2595 5351 2751 5392 error
2772 5342 2828 5390 et
2848 5331 3187 5390 saecularium
3209 5330 3451 5386 carmina
3464 5342 3593 5399 poe-

2013 5442 2191 5487 tarum
2222 5437 2442 5500 propter
2476 5427 2576 5482 soli
2598 5423 2979 5480 fecunditatem
3003 5421 3219 5477 easdem
3241 5433 3360 5477 esse
3377 5412 3591 5490 paradi-

2013 5537 2131 5579 sum
2174 5527 2519 5591 putaverunt.
2546 5517 2675 5572 Sita:
2713 5523 2840 5570 sunt
2864 5522 3043 5569 autem
3067 5514 3123 5568 in
3145 5510 3362 5568 Oceano
3402 5518 3592 5566 contra

2013 5613 2200 5667 laevam
2227 5609 2578 5673 Mauritaniae,
2612 5606 2836 5663 occiduo
2860 5606 3137 5677 proximae,
3164 5614 3218 5659 et
3248 5604 3389 5658 inter
3432 5615 3490 5657 se
3516 5602 3594 5655 in-

2014 5698 2238 5770 terjecto
2259 5698 2395 5755 mari
2418 5697 2683 5754 discreta).
2716 5695 3013 5769 Gorgades,
3034 5694 3226 5751 insula:
3250 5690 3471 5760 Oceani,
3495 5686 3594 5746 oh-
