  <div class='ocr_page' id='page_1' title='image "/cluster/home/n/w/nwhite01/storage/ocr_20150623/111/hvd.32044054759766/183.png"; bbox 0 0 3974 6188; ppageno 0'>
   <div class='ocr_carea' id='block_1_1' title="bbox 370 343 472 399">
    <p class='ocr_par' dir='ltr' id='par_1_1' title="bbox 370 343 472 399">
     <span class='ocr_line' id='line_1_1' title="bbox 370 343 472 399; baseline -0.039 0"><span class='ocrx_word' id='word_1_1' title='bbox 370 343 472 399; x_wconf 69' lang='lat'><strong>555</strong></span> 
     </span>
    </p>
   </div>
   <div class='ocr_carea' id='block_1_2' title="bbox 874 300 2952 387">
    <p class='ocr_par' dir='ltr' id='par_1_2' title="bbox 874 300 2952 387">
     <span class='ocr_line' id='line_1_2' title="bbox 874 300 2952 387; baseline -0.016 0"><span class='ocrx_word' id='word_1_2' title='bbox 874 384 875 387; x_wconf 44' lang='grc' dir='ltr'><strong>η</strong></span> <span class='ocrx_word' id='word_1_3' title='bbox 985 332 1045 385; x_wconf 89' lang='grc' dir='ltr'><strong>Β.</strong></span> <span class='ocrx_word' id='word_1_4' title='bbox 1086 323 1337 381; x_wconf 78' lang='lat' dir='ltr'><strong>RABANI</strong></span> <span class='ocrx_word' id='word_1_5' title='bbox 1377 318 1596 376; x_wconf 72' lang='lat' dir='ltr'><strong>MAURI</strong></span> <span class='ocrx_word' id='word_1_6' title='bbox 1630 311 1957 371; x_wconf 77' lang='lat' dir='ltr'><strong>ARCHIEP.</strong></span> <span class='ocrx_word' id='word_1_7' title='bbox 2002 307 2311 367; x_wconf 76' lang='lat' dir='ltr'><strong>MOGUNT.</strong></span> <span class='ocrx_word' id='word_1_8' title='bbox 2352 304 2637 362; x_wconf 73' lang='lat' dir='ltr'><strong>OPERUM</strong></span> <span class='ocrx_word' id='word_1_9' title='bbox 2673 301 2853 358; x_wconf 77' lang='lat' dir='ltr'><strong>PARS</strong></span> <span class='ocrx_word' id='word_1_10' title='bbox 2889 300 2952 354; x_wconf 83' lang='lat' dir='ltr'><strong>ll.</strong></span> 
     </span>
    </p>
   </div>
   <div class='ocr_carea' id='block_1_3' title="bbox 3542 299 3644 355">
    <p class='ocr_par' dir='ltr' id='par_1_3' title="bbox 3542 299 3644 355">
     <span class='ocr_line' id='line_1_3' title="bbox 3542 299 3644 355; baseline 0 -1"><span class='ocrx_word' id='word_1_11' title='bbox 3542 299 3644 355; x_wconf 75' lang='lat'><strong>556</strong></span> 
     </span>
    </p>
   </div>
   <div class='ocr_carea' id='block_1_4' title="bbox 372 417 3652 526">
    <p class='ocr_par' dir='ltr' id='par_1_4' title="bbox 372 417 3652 526">
     <span class='ocr_line' id='line_1_4' title="bbox 372 417 3652 526; baseline -0.012 -15"><span class='ocrx_word' id='word_1_12' title='bbox 372 472 539 515; x_wconf 73' lang='lat' dir='ltr'><strong>versm</strong></span> <span class='ocrx_word' id='word_1_13' title='bbox 560 452 931 526; x_wconf 85' lang='lat' dir='ltr'><strong>promontorio</strong></span> <span class='ocrx_word' id='word_1_14' title='bbox 958 446 1103 518; x_wconf 88' lang='lat' dir='ltr'><strong>quod</strong></span> <span class='ocrx_word' id='word_1_15' title='bbox 1133 450 1357 499; x_wconf 88' lang='lat' dir='ltr'><strong>vocatur</strong></span> <span class='ocrx_word' id='word_1_16' title='bbox 1381 439 1803 508; x_wconf 84' lang='lat' dir='ltr'><strong>Hesperuceras,</strong></span> <span class='ocrx_word' id='word_1_17' title='bbox 1822 445 1957 502; x_wconf 86' lang='lat' dir='ltr'><strong>quas</strong></span> <span class='ocrx_word' id='word_1_18' title='bbox 1988 433 2035 491; x_wconf 79' lang='grc' dir='ltr'><strong>Α</strong></span> <span class='ocrx_word' id='word_1_19' title='bbox 2064 436 2156 526; x_wconf 73' lang='lat' dir='ltr'><strong>tur</strong></span> <span class='ocrx_word' id='word_1_20' title='bbox 2175 425 2446 526; x_wconf 47' lang='lat' dir='ltr'><strong>excursio,</strong></span> <span class='ocrx_word' id='word_1_21' title='bbox 2474 423 2557 526; x_wconf 68' lang='lat' dir='ltr'><strong>vel</strong></span> <span class='ocrx_word' id='word_1_22' title='bbox 2600 417 3229 526; x_wconf 42' lang='lat' dir='ltr'><strong>prmuolatio..Cycla‘des</strong></span> <span class='ocrx_word' id='word_1_23' title='bbox 3274 417 3466 526; x_wconf 70' lang='lat' dir='ltr'><strong>insula:</strong></span> <span class='ocrx_word' id='word_1_24' title='bbox 3511 420 3652 474; x_wconf 79' lang='lat' dir='ltr'><strong>anti-</strong></span> 
     </span>
    </p>
   </div>
   <div class='ocr_carea' id='block_1_5' title="bbox 376 527 1960 610">
    <p class='ocr_par' dir='ltr' id='par_1_5' title="bbox 376 527 1960 610">
     <span class='ocr_line' id='line_1_5' title="bbox 376 527 1960 610; baseline -0.016 -8"><span class='ocrx_word' id='word_1_25' title='bbox 376 550 719 603; x_wconf 84' lang='lat' dir='ltr'><strong>incoluerunt</strong></span> <span class='ocrx_word' id='word_1_26' title='bbox 764 542 1064 610; x_wconf 78' lang='lat' dir='ltr'><strong>Gorgones,</strong></span> <span class='ocrx_word' id='word_1_27' title='bbox 1121 534 1339 590; x_wconf 68' lang='lat' dir='ltr'><strong>feminas</strong></span> <span class='ocrx_word' id='word_1_28' title='bbox 1383 530 1571 585; x_wconf 90' lang='lat' dir='ltr'><strong>alitum</strong></span> <span class='ocrx_word' id='word_1_29' title='bbox 1617 527 1960 597; x_wconf 87' lang='lat' dir='ltr'><strong>pernicitate,</strong></span> 
     </span>
    </p>
   </div>
   <div class='ocr_carea' id='block_1_6' title="bbox 375 614 1965 701">
    <p class='ocr_par' dir='ltr' id='par_1_6' title="bbox 375 614 1965 701">
     <span class='ocr_line' id='line_1_6' title="bbox 375 614 1965 701; baseline -0.016 -9"><span class='ocrx_word' id='word_1_30' title='bbox 375 638 588 692; x_wconf 86' lang='lat' dir='ltr'><strong>hirsuto</strong></span> <span class='ocrx_word' id='word_1_31' title='bbox 611 642 666 689; x_wconf 88' lang='lat' dir='ltr'><strong>et</strong></span> <span class='ocrx_word' id='word_1_32' title='bbox 692 645 885 701; x_wconf 88' lang='lat' dir='ltr'><strong>aspero</strong></span> <span class='ocrx_word' id='word_1_33' title='bbox 911 641 1159 697; x_wconf 91' lang='lat' dir='ltr'><strong>corpore,</strong></span> <span class='ocrx_word' id='word_1_34' title='bbox 1182 632 1241 679; x_wconf 91' lang='lat' dir='ltr'><strong>et</strong></span> <span class='ocrx_word' id='word_1_35' title='bbox 1267 638 1335 678; x_wconf 85' lang='lat' dir='ltr'><strong>ex</strong></span> <span class='ocrx_word' id='word_1_36' title='bbox 1364 620 1450 675; x_wconf 89' lang='lat' dir='ltr'><strong>his</strong></span> <span class='ocrx_word' id='word_1_37' title='bbox 1474 618 1661 673; x_wconf 64' lang='lat' dir='ltr'><strong>insulae</strong></span> <span class='ocrx_word' id='word_1_38' title='bbox 1688 614 1965 687; x_wconf 77' lang='lat' dir='ltr'><strong>cognomi-</strong></span> 
     </span>
    </p>
   </div>
   <div class='ocr_carea' id='block_1_7' title="bbox 380 706 1964 783">
    <p class='ocr_par' dir='ltr' id='par_1_7' title="bbox 380 706 1964 783">
     <span class='ocr_line' id='line_1_7' title="bbox 380 706 1964 783; baseline -0.016 1"><span class='ocrx_word' id='word_1_39' title='bbox 380 736 539 783; x_wconf 65' lang='lat' dir='ltr'><strong>natae.</strong></span> <span class='ocrx_word' id='word_1_40' title='bbox 573 725 786 780; x_wconf 90' lang='lat' dir='ltr'><strong>Distant</strong></span> <span class='ocrx_word' id='word_1_41' title='bbox 807 730 988 775; x_wconf 90' lang='lat' dir='ltr'><strong>autem</strong></span> <span class='ocrx_word' id='word_1_42' title='bbox 1012 732 1043 771; x_wconf 90' lang='lat' dir='ltr'><strong>a</strong></span> <span class='ocrx_word' id='word_1_43' title='bbox 1066 712 1365 771; x_wconf 92' lang='lat' dir='ltr'><strong>continenti</strong></span> <span class='ocrx_word' id='word_1_44' title='bbox 1392 721 1534 766; x_wconf 88' lang='lat' dir='ltr'><strong>terra</strong></span> <span class='ocrx_word' id='word_1_45' title='bbox 1564 707 1716 763; x_wconf 93' lang='lat' dir='ltr'><strong>bidui</strong></span> <span class='ocrx_word' id='word_1_46' title='bbox 1750 706 1964 776; x_wconf 86' lang='lat' dir='ltr'><strong>naviga-</strong></span> 
     </span>
    </p>
   </div>
   <div class='ocr_carea' id='block_1_8' title="bbox 337 797 1961 882">
    <p class='ocr_par' dir='ltr' id='par_1_8' title="bbox 337 797 1961 882">
     <span class='ocr_line' id='line_1_8' title="bbox 337 797 1961 882; baseline -0.015 -8"><span class='ocrx_word' id='word_1_47' title='bbox 337 850 343 855; x_wconf 91' lang='lat'><strong><em>-</em></strong></span> <span class='ocrx_word' id='word_1_48' title='bbox 379 820 547 875; x_wconf 84' lang='lat' dir='ltr'><strong>tione.</strong></span> <span class='ocrx_word' id='word_1_49' title='bbox 580 811 936 882; x_wconf 73' lang='lat' dir='ltr'><strong>Hesperidum</strong></span> <span class='ocrx_word' id='word_1_50' title='bbox 981 806 1169 862; x_wconf 72' lang='lat' dir='ltr'><strong>insulm</strong></span> <span class='ocrx_word' id='word_1_51' title='bbox 1211 811 1417 859; x_wconf 73' lang='lat' dir='ltr'><strong>vocata:</strong></span> <span class='ocrx_word' id='word_1_52' title='bbox 1451 816 1485 855; x_wconf 89' lang='lat' dir='ltr'><strong>a</strong></span> <span class='ocrx_word' id='word_1_53' title='bbox 1505 799 1725 855; x_wconf 84' lang='lat' dir='ltr'><strong>civitate</strong></span> <span class='ocrx_word' id='word_1_54' title='bbox 1758 797 1961 866; x_wconf 82' lang='lat' dir='ltr'><strong>Hespe-</strong></span> 
     </span>
    </p>
   </div>
   <div class='ocr_carea' id='block_1_9' title="bbox 382 886 1967 974">
    <p class='ocr_par' dir='ltr' id='par_1_9' title="bbox 382 886 1967 974">
     <span class='ocr_line' id='line_1_9' title="bbox 382 886 1967 974; baseline -0.015 -12"><span class='ocrx_word' id='word_1_55' title='bbox 382 908 515 970; x_wconf 90' lang='lat' dir='ltr'><strong>ride,</strong></span> <span class='ocrx_word' id='word_1_56' title='bbox 549 919 670 974; x_wconf 67' lang='lat' dir='ltr'><strong>qua:</strong></span> <span class='ocrx_word' id='word_1_57' title='bbox 696 901 797 957; x_wconf 88' lang='lat' dir='ltr'><strong>fuit</strong></span> <span class='ocrx_word' id='word_1_58' title='bbox 828 900 882 953; x_wconf 90' lang='lat' dir='ltr'><strong>in</strong></span> <span class='ocrx_word' id='word_1_59' title='bbox 915 898 1020 953; x_wconf 90' lang='lat' dir='ltr'><strong>ﬁne</strong></span> <span class='ocrx_word' id='word_1_60' title='bbox 1050 893 1405 951; x_wconf 67' lang='lat' dir='ltr'><strong>Mauritaniae.</strong></span> <span class='ocrx_word' id='word_1_61' title='bbox 1435 890 1575 946; x_wconf 91' lang='lat' dir='ltr'><strong>Sunt</strong></span> <span class='ocrx_word' id='word_1_62' title='bbox 1596 888 1736 943; x_wconf 85' lang='lat' dir='ltr'><strong>ultra</strong></span> <span class='ocrx_word' id='word_1_63' title='bbox 1759 886 1967 957; x_wconf 76' lang='lat' dir='ltr'><strong>Gorge-</strong></span> 
     </span>
    </p>
   </div>
   <div class='ocr_carea' id='block_1_10' title="bbox 382 975 1965 1052">
    <p class='ocr_par' dir='ltr' id='par_1_10' title="bbox 382 975 1965 1052">
     <span class='ocr_line' id='line_1_10' title="bbox 382 975 1965 1052; baseline -0.015 -1"><span class='ocrx_word' id='word_1_64' title='bbox 382 996 465 1052; x_wconf 90' lang='lat' dir='ltr'><strong>dis</strong></span> <span class='ocrx_word' id='word_1_65' title='bbox 501 994 619 1049; x_wconf 77' lang='lat' dir='ltr'><strong>sita:</strong></span> <span class='ocrx_word' id='word_1_66' title='bbox 657 991 757 1047; x_wconf 89' lang='lat' dir='ltr'><strong>sub</strong></span> <span class='ocrx_word' id='word_1_67' title='bbox 788 989 1117 1044; x_wconf 83' lang='lat' dir='ltr'><strong>Atlanticum</strong></span> <span class='ocrx_word' id='word_1_68' title='bbox 1164 983 1316 1039; x_wconf 88' lang='lat' dir='ltr'><strong>littus</strong></span> <span class='ocrx_word' id='word_1_69' title='bbox 1344 982 1399 1036; x_wconf 91' lang='lat' dir='ltr'><strong>in</strong></span> <span class='ocrx_word' id='word_1_70' title='bbox 1437 978 1645 1034; x_wconf 88' lang='lat' dir='ltr'><strong>intimis</strong></span> <span class='ocrx_word' id='word_1_71' title='bbox 1686 975 1853 1031; x_wconf 90' lang='lat' dir='ltr'><strong>maris</strong></span> <span class='ocrx_word' id='word_1_72' title='bbox 1891 975 1965 1030; x_wconf 87' lang='lat' dir='ltr'><strong>si-</strong></span> 
     </span>
    </p>
   </div>
   <div class='ocr_carea' id='block_1_11' title="bbox 382 1068 1965 1151">
    <p class='ocr_par' dir='ltr' id='par_1_11' title="bbox 382 1068 1965 1151">
     <span class='ocr_line' id='line_1_11' title="bbox 382 1068 1965 1151; baseline -0.014 -9"><span class='ocrx_word' id='word_1_73' title='bbox 382 1087 577 1150; x_wconf 83' lang='lat' dir='ltr'><strong>nibus,</strong></span> <span class='ocrx_word' id='word_1_74' title='bbox 614 1084 666 1137; x_wconf 91' lang='lat' dir='ltr'><strong>in</strong></span> <span class='ocrx_word' id='word_1_75' title='bbox 705 1094 936 1151; x_wconf 89' lang='lat' dir='ltr'><strong>quarum</strong></span> <span class='ocrx_word' id='word_1_76' title='bbox 989 1076 1166 1132; x_wconf 85' lang='lat' dir='ltr'><strong>hortis</strong></span> <span class='ocrx_word' id='word_1_77' title='bbox 1202 1073 1410 1142; x_wconf 91' lang='lat' dir='ltr'><strong>ﬁngunt</strong></span> <span class='ocrx_word' id='word_1_78' title='bbox 1447 1068 1642 1125; x_wconf 71' lang='lat' dir='ltr'><strong>fabula:</strong></span> <span class='ocrx_word' id='word_1_79' title='bbox 1674 1070 1965 1123; x_wconf 85' lang='lat' dir='ltr'><strong>draconem</strong></span> 
     </span>
    </p>
   </div>
   <div class='ocr_carea' id='block_1_12' title="bbox 383 1158 1968 1246">
    <p class='ocr_par' dir='ltr' id='par_1_12' title="bbox 383 1158 1968 1246">
     <span class='ocr_line' id='line_1_12' title="bbox 383 1158 1968 1246; baseline -0.013 -16"><span class='ocrx_word' id='word_1_80' title='bbox 383 1173 693 1246; x_wconf 78' lang='lat' dir='ltr'><strong>pervigilem</strong></span> <span class='ocrx_word' id='word_1_81' title='bbox 723 1184 887 1226; x_wconf 88' lang='lat' dir='ltr'><strong>aurea</strong></span> <span class='ocrx_word' id='word_1_82' title='bbox 920 1168 1059 1222; x_wconf 87' lang='lat' dir='ltr'><strong>mala</strong></span> <span class='ocrx_word' id='word_1_83' title='bbox 1090 1175 1436 1221; x_wconf 89' lang='lat' dir='ltr'><strong>servantem:</strong></span> <span class='ocrx_word' id='word_1_84' title='bbox 1463 1159 1633 1215; x_wconf 80' lang='lat' dir='ltr'><strong>fertur</strong></span> <span class='ocrx_word' id='word_1_85' title='bbox 1666 1158 1811 1213; x_wconf 91' lang='lat' dir='ltr'><strong>enim</strong></span> <span class='ocrx_word' id='word_1_86' title='bbox 1846 1171 1968 1211; x_wconf 90' lang='lat' dir='ltr'><strong>esse</strong></span> 
     </span>
    </p>
   </div>
   <div class='ocr_carea' id='block_1_13' title="bbox 385 1247 1961 1321">
    <p class='ocr_par' dir='ltr' id='par_1_13' title="bbox 385 1247 1961 1321">
     <span class='ocr_line' id='line_1_13' title="bbox 385 1247 1961 1321; baseline -0.012 -3"><span class='ocrx_word' id='word_1_87' title='bbox 385 1275 536 1318; x_wconf 86' lang='lat' dir='ltr'><strong>mare</strong></span> <span class='ocrx_word' id='word_1_88' title='bbox 579 1258 890 1316; x_wconf 73' lang='lat' dir='ltr'><strong>mstuarium</strong></span> <span class='ocrx_word' id='word_1_89' title='bbox 918 1295 933 1321; x_wconf 94' lang='lat'><strong>,</strong></span> <span class='ocrx_word' id='word_1_90' title='bbox 984 1254 1119 1309; x_wconf 88' lang='lat' dir='ltr'><strong>adeo</strong></span> <span class='ocrx_word' id='word_1_91' title='bbox 1167 1250 1388 1306; x_wconf 87' lang='lat' dir='ltr'><strong>undosis</strong></span> <span class='ocrx_word' id='word_1_92' title='bbox 1436 1247 1697 1304; x_wconf 83' lang='lat' dir='ltr'><strong>lateribus</strong></span> <span class='ocrx_word' id='word_1_93' title='bbox 1750 1254 1961 1300; x_wconf 84' lang='lat' dir='ltr'><strong>tortuo-</strong></span> 
     </span>
    </p>
   </div>
   <div class='ocr_carea' id='block_1_14' title="bbox 387 1340 1964 1419">
    <p class='ocr_par' dir='ltr' id='par_1_14' title="bbox 387 1340 1964 1419">
     <span class='ocr_line' id='line_1_14' title="bbox 387 1340 1964 1419; baseline -0.011 -9"><span class='ocrx_word' id='word_1_94' title='bbox 387 1371 529 1419; x_wconf 88' lang='lat' dir='ltr'><strong>sum,</strong></span> <span class='ocrx_word' id='word_1_95' title='bbox 573 1361 635 1408; x_wconf 90' lang='lat' dir='ltr'><strong>ut</strong></span> <span class='ocrx_word' id='word_1_96' title='bbox 669 1350 969 1406; x_wconf 85' lang='lat' dir='ltr'><strong>visentibus</strong></span> <span class='ocrx_word' id='word_1_97' title='bbox 1009 1346 1196 1418; x_wconf 82' lang='lat' dir='ltr'><strong>procul</strong></span> <span class='ocrx_word' id='word_1_98' title='bbox 1242 1345 1425 1413; x_wconf 89' lang='lat' dir='ltr'><strong>lapsus</strong></span> <span class='ocrx_word' id='word_1_99' title='bbox 1470 1341 1663 1413; x_wconf 81' lang='lat' dir='ltr'><strong>anguis</strong></span> <span class='ocrx_word' id='word_1_100' title='bbox 1703 1340 1964 1395; x_wconf 87' lang='lat' dir='ltr'><strong>imitetur.</strong></span> 
     </span>
    </p>
   </div>
   <div class='ocr_carea' id='block_1_15' title="bbox 386 1429 1970 1515">
    <p class='ocr_par' dir='ltr' id='par_1_15' title="bbox 386 1429 1970 1515">
     <span class='ocr_line' id='line_1_15' title="bbox 386 1429 1970 1515; baseline -0.012 -14"><span class='ocrx_word' id='word_1_101' title='bbox 386 1445 591 1515; x_wconf 84' lang='lat' dir='ltr'><strong>Chryse</strong></span> <span class='ocrx_word' id='word_1_102' title='bbox 617 1451 674 1498; x_wconf 92' lang='lat' dir='ltr'><strong>et</strong></span> <span class='ocrx_word' id='word_1_103' title='bbox 695 1441 902 1511; x_wconf 86' lang='lat' dir='ltr'><strong>Argyre</strong></span> <span class='ocrx_word' id='word_1_104' title='bbox 928 1437 1118 1493; x_wconf 78' lang='lat' dir='ltr'><strong>insula:</strong></span> <span class='ocrx_word' id='word_1_105' title='bbox 1147 1436 1200 1490; x_wconf 92' lang='lat' dir='ltr'><strong>iu</strong></span> <span class='ocrx_word' id='word_1_106' title='bbox 1226 1434 1408 1490; x_wconf 81' lang='lat' dir='ltr'><strong>Indico</strong></span> <span class='ocrx_word' id='word_1_107' title='bbox 1433 1446 1638 1487; x_wconf 85' lang='lat' dir='ltr'><strong>oceano</strong></span> <span class='ocrx_word' id='word_1_108' title='bbox 1669 1431 1809 1498; x_wconf 72' lang='lat' dir='ltr'><strong>sitm,</strong></span> <span class='ocrx_word' id='word_1_109' title='bbox 1833 1429 1970 1484; x_wconf 88' lang='lat' dir='ltr'><strong>adeo</strong></span> 
     </span>
    </p>
   </div>
   <div class='ocr_carea' id='block_1_16' title="bbox 390 1524 1971 1601">
    <p class='ocr_par' dir='ltr' id='par_1_16' title="bbox 390 1524 1971 1601">
     <span class='ocr_line' id='line_1_16' title="bbox 390 1524 1971 1601; baseline -0.011 -11"><span class='ocrx_word' id='word_1_110' title='bbox 390 1534 632 1590; x_wconf 77' lang='lat' dir='ltr'><strong>fecundae</strong></span> <span class='ocrx_word' id='word_1_111' title='bbox 660 1532 814 1601; x_wconf 91' lang='lat' dir='ltr'><strong>copia</strong></span> <span class='ocrx_word' id='word_1_112' title='bbox 851 1528 1211 1591; x_wconf 84' lang='lat' dir='ltr'><strong>metallorum,</strong></span> <span class='ocrx_word' id='word_1_113' title='bbox 1245 1533 1303 1580; x_wconf 92' lang='lat' dir='ltr'><strong>ut</strong></span> <span class='ocrx_word' id='word_1_114' title='bbox 1331 1524 1575 1595; x_wconf 89' lang='lat' dir='ltr'><strong>plerique</strong></span> <span class='ocrx_word' id='word_1_115' title='bbox 1609 1537 1705 1577; x_wconf 90' lang='lat' dir='ltr'><strong>eas</strong></span> <span class='ocrx_word' id='word_1_116' title='bbox 1748 1534 1971 1575; x_wconf 85' lang='lat' dir='ltr'><strong>auream</strong></span> 
     </span>
    </p>
   </div>
   <div class='ocr_carea' id='block_1_17' title="bbox 372 1610 1974 1696">
    <p class='ocr_par' dir='ltr' id='par_1_17' title="bbox 372 1610 1974 1696">
     <span class='ocr_line' id='line_1_17' title="bbox 372 1610 1974 1696; baseline -0.01 -16"><span class='ocrx_word' id='word_1_117' title='bbox 372 1624 730 1696; x_wconf 86' lang='lat' dir='ltr'><strong>superﬁciem</strong></span> <span class='ocrx_word' id='word_1_118' title='bbox 773 1632 828 1677; x_wconf 91' lang='lat' dir='ltr'><strong>et</strong></span> <span class='ocrx_word' id='word_1_119' title='bbox 862 1628 1172 1689; x_wconf 81' lang='lat' dir='ltr'><strong>argenteam</strong></span> <span class='ocrx_word' id='word_1_120' title='bbox 1204 1617 1401 1671; x_wconf 88' lang='lat' dir='ltr'><strong>habere</strong></span> <span class='ocrx_word' id='word_1_121' title='bbox 1430 1612 1801 1684; x_wconf 87' lang='lat' dir='ltr'><strong>prodiderint:</strong></span> <span class='ocrx_word' id='word_1_122' title='bbox 1833 1610 1974 1666; x_wconf 84' lang='lat' dir='ltr'><strong>unde</strong></span> 
     </span>
    </p>
   </div>
   <div class='ocr_carea' id='block_1_18' title="bbox 390 1700 1975 1774">
    <p class='ocr_par' dir='ltr' id='par_1_18' title="bbox 390 1700 1975 1774">
     <span class='ocr_line' id='line_1_18' title="bbox 390 1700 1975 1774; baseline -0.011 -2"><span class='ocrx_word' id='word_1_123' title='bbox 390 1726 447 1773; x_wconf 90' lang='lat' dir='ltr'><strong>et</strong></span> <span class='ocrx_word' id='word_1_124' title='bbox 484 1713 740 1769; x_wconf 89' lang='lat' dir='ltr'><strong>vocabula</strong></span> <span class='ocrx_word' id='word_1_125' title='bbox 787 1711 993 1767; x_wconf 72' lang='lat' dir='ltr'><strong>sortitae</strong></span> <span class='ocrx_word' id='word_1_126' title='bbox 1030 1716 1175 1763; x_wconf 91' lang='lat' dir='ltr'><strong>sunt.</strong></span> <span class='ocrx_word' id='word_1_127' title='bbox 1223 1704 1540 1774; x_wconf 87' lang='lat' dir='ltr'><strong>Taprobana</strong></span> <span class='ocrx_word' id='word_1_128' title='bbox 1593 1702 1765 1757; x_wconf 88' lang='lat' dir='ltr'><strong>insula</strong></span> <span class='ocrx_word' id='word_1_129' title='bbox 1812 1700 1975 1756; x_wconf 67' lang='lat' dir='ltr'><strong>india:</strong></span> 
     </span>
    </p>
   </div>
   <div class='ocr_carea' id='block_1_19' title="bbox 2068 508 3658 586">
    <p class='ocr_par' dir='ltr' id='par_1_19' title="bbox 2068 508 3658 586">
     <span class='ocr_line' id='line_1_19' title="bbox 2068 508 3658 586; baseline -0.003 -16"><span class='ocrx_word' id='word_1_130' title='bbox 2068 517 2253 586; x_wconf 85' lang='lat' dir='ltr'><strong>quitus</strong></span> <span class='ocrx_word' id='word_1_131' title='bbox 2274 513 2495 569; x_wconf 64' lang='lat' dir='ltr'><strong>Graecia:</strong></span> <span class='ocrx_word' id='word_1_132' title='bbox 2518 513 2754 576; x_wconf 87' lang='lat' dir='ltr'><strong>fuerunt,</strong></span> <span class='ocrx_word' id='word_1_133' title='bbox 2786 526 2924 581; x_wconf 91' lang='lat' dir='ltr'><strong>quas</strong></span> <span class='ocrx_word' id='word_1_134' title='bbox 2952 509 3077 565; x_wconf 92' lang='lat' dir='ltr'><strong>inde</strong></span> <span class='ocrx_word' id='word_1_135' title='bbox 3094 508 3352 580; x_wconf 86' lang='lat' dir='ltr'><strong>Cycladas</strong></span> <span class='ocrx_word' id='word_1_136' title='bbox 3372 521 3658 566; x_wconf 84' lang='lat' dir='ltr'><strong>autumant</strong></span> 
     </span>
    </p>
   </div>
   <div class='ocr_carea' id='block_1_20' title="bbox 2067 600 3657 676">
    <p class='ocr_par' dir='ltr' id='par_1_20' title="bbox 2067 600 3657 676">
     <span class='ocr_line' id='line_1_20' title="bbox 2067 600 3657 676; baseline -0.004 -13"><span class='ocrx_word' id='word_1_137' title='bbox 2067 609 2264 671; x_wconf 87' lang='lat' dir='ltr'><strong>dictas,</strong></span> <span class='ocrx_word' id='word_1_138' title='bbox 2315 606 2462 676; x_wconf 91' lang='lat' dir='ltr'><strong>quod</strong></span> <span class='ocrx_word' id='word_1_139' title='bbox 2498 603 2689 675; x_wconf 82' lang='lat' dir='ltr'><strong>spatiis</strong></span> <span class='ocrx_word' id='word_1_140' title='bbox 2732 601 3064 674; x_wconf 84' lang='lat' dir='ltr'><strong>longioribus</strong></span> <span class='ocrx_word' id='word_1_141' title='bbox 3091 615 3124 655; x_wconf 90' lang='lat' dir='ltr'><strong>a</strong></span> <span class='ocrx_word' id='word_1_142' title='bbox 3160 600 3289 656; x_wconf 88' lang='lat' dir='ltr'><strong>Delo</strong></span> <span class='ocrx_word' id='word_1_143' title='bbox 3314 601 3577 671; x_wconf 68' lang='lat' dir='ltr'><strong>projectte</strong></span> <span class='ocrx_word' id='word_1_144' title='bbox 3602 602 3657 656; x_wconf 95' lang='lat' dir='ltr'><strong>in</strong></span> 
     </span>
    </p>
   </div>
   <div class='ocr_carea' id='block_1_21' title="bbox 2067 689 3659 762">
    <p class='ocr_par' dir='ltr' id='par_1_21' title="bbox 2067 689 3659 762">
     <span class='ocr_line' id='line_1_21' title="bbox 2067 689 3659 762; baseline -0.005 -9"><span class='ocrx_word' id='word_1_145' title='bbox 2067 698 2278 762; x_wconf 88' lang='lat' dir='ltr'><strong>orbem,</strong></span> <span class='ocrx_word' id='word_1_146' title='bbox 2319 704 2500 750; x_wconf 88' lang='lat' dir='ltr'><strong>tamen</strong></span> <span class='ocrx_word' id='word_1_147' title='bbox 2541 692 2687 749; x_wconf 88' lang='lat' dir='ltr'><strong>circa</strong></span> <span class='ocrx_word' id='word_1_148' title='bbox 2731 691 2920 747; x_wconf 89' lang='lat' dir='ltr'><strong>Delum</strong></span> <span class='ocrx_word' id='word_1_149' title='bbox 2963 691 3083 746; x_wconf 74' lang='lat' dir='ltr'><strong>sita:</strong></span> <span class='ocrx_word' id='word_1_150' title='bbox 3118 689 3271 746; x_wconf 89' lang='lat' dir='ltr'><strong>sint:</strong></span> <span class='ocrx_word' id='word_1_151' title='bbox 3307 705 3436 746; x_wconf 90' lang='lat' dir='ltr'><strong>nam</strong></span> <span class='ocrx_word' id='word_1_152' title='bbox 3464 689 3659 746; x_wconf 88' lang='lat' dir='ltr'><strong>orbem</strong></span> 
     </span>
    </p>
   </div>
   <div class='ocr_carea' id='block_1_22' title="bbox 2067 786 3660 864">
    <p class='ocr_par' dir='ltr' id='par_1_22' title="bbox 2067 786 3660 864">
     <span class='ocr_line' id='line_1_22' title="bbox 2067 786 3660 864; baseline -0.002 -18"><span class='ocrx_word' id='word_1_153' title='bbox 2067 790 2258 864; x_wconf 87' lang='lat' dir='ltr'><strong>cyclon</strong></span> <span class='ocrx_word' id='word_1_154' title='bbox 2297 788 2474 845; x_wconf 66' lang='lat' dir='ltr'><strong>Graeci</strong></span> <span class='ocrx_word' id='word_1_155' title='bbox 2515 787 2829 857; x_wconf 89' lang='lat' dir='ltr'><strong>loquuntur.</strong></span> <span class='ocrx_word' id='word_1_156' title='bbox 2861 786 3092 854; x_wconf 85' lang='lat' dir='ltr'><strong>Quidam</strong></span> <span class='ocrx_word' id='word_1_157' title='bbox 3122 801 3253 841; x_wconf 86' lang='lat' dir='ltr'><strong>vero</strong></span> <span class='ocrx_word' id='word_1_158' title='bbox 3284 801 3393 842; x_wconf 90' lang='lat' dir='ltr'><strong>non</strong></span> <span class='ocrx_word' id='word_1_159' title='bbox 3422 787 3568 856; x_wconf 83' lang='lat' dir='ltr'><strong>quod</strong></span> <span class='ocrx_word' id='word_1_160' title='bbox 3602 787 3660 844; x_wconf 87' lang='lat' dir='ltr'><strong>in</strong></span> 
     </span>
    </p>
   </div>
   <div class='ocr_carea' id='block_1_23' title="bbox 2067 878 3661 951">
    <p class='ocr_par' dir='ltr' id='par_1_23' title="bbox 2067 878 3661 951">
     <span class='ocr_line' id='line_1_23' title="bbox 2067 878 3661 951; baseline -0.001 -14"><span class='ocrx_word' id='word_1_161' title='bbox 2067 883 2257 938; x_wconf 85' lang='lat' dir='ltr'><strong>orbem</strong></span> <span class='ocrx_word' id='word_1_162' title='bbox 2285 881 2527 951; x_wconf 54' lang='lat' dir='ltr'><strong>digesta},</strong></span> <span class='ocrx_word' id='word_1_163' title='bbox 2557 881 2651 935; x_wconf 89' lang='lat' dir='ltr'><strong>sed</strong></span> <span class='ocrx_word' id='word_1_164' title='bbox 2681 886 2902 950; x_wconf 85' lang='lat' dir='ltr'><strong>propter</strong></span> <span class='ocrx_word' id='word_1_165' title='bbox 2919 878 3186 949; x_wconf 89' lang='lat' dir='ltr'><strong>scopulos,</strong></span> <span class='ocrx_word' id='word_1_166' title='bbox 3212 879 3304 949; x_wconf 84' lang='lat' dir='ltr'><strong>qui</strong></span> <span class='ocrx_word' id='word_1_167' title='bbox 3334 879 3479 935; x_wconf 90' lang='lat' dir='ltr'><strong>circa</strong></span> <span class='ocrx_word' id='word_1_168' title='bbox 3504 893 3661 935; x_wconf 85' lang='lat' dir='ltr'><strong>eam-</strong></span> 
     </span>
    </p>
   </div>
   <div class='ocr_carea' id='block_1_24' title="bbox 2070 966 3659 1039">
    <p class='ocr_par' dir='ltr' id='par_1_24' title="bbox 2070 966 3659 1039">
     <span class='ocr_line' id='line_1_24' title="bbox 2070 966 3659 1039; baseline -0.001 -13"><span class='ocrx_word' id='word_1_169' title='bbox 2070 970 2194 1026; x_wconf 90' lang='lat' dir='ltr'><strong>dem</strong></span> <span class='ocrx_word' id='word_1_170' title='bbox 2236 979 2384 1035; x_wconf 90' lang='lat' dir='ltr'><strong>sunt,</strong></span> <span class='ocrx_word' id='word_1_171' title='bbox 2436 970 2611 1026; x_wconf 91' lang='lat' dir='ltr'><strong>dictas</strong></span> <span class='ocrx_word' id='word_1_172' title='bbox 2653 976 2845 1039; x_wconf 89' lang='lat' dir='ltr'><strong>putant</strong></span> <span class='ocrx_word' id='word_1_173' title='bbox 2883 966 3166 1038; x_wconf 87' lang='lat' dir='ltr'><strong>Cycladas.</strong></span> <span class='ocrx_word' id='word_1_174' title='bbox 3216 967 3310 1023; x_wconf 75' lang='lat' dir='ltr'><strong>Ha:</strong></span> <span class='ocrx_word' id='word_1_175' title='bbox 3349 967 3404 1022; x_wconf 91' lang='lat' dir='ltr'><strong>in</strong></span> <span class='ocrx_word' id='word_1_176' title='bbox 3451 968 3659 1024; x_wconf 59' lang='lat' dir='ltr'><strong>Helles</strong></span> 
     </span>
    </p>
   </div>
   <div class='ocr_carea' id='block_1_25' title="bbox 2070 1058 3667 1133">
    <p class='ocr_par' dir='ltr' id='par_1_25' title="bbox 2070 1058 3667 1133">
     <span class='ocr_line' id='line_1_25' title="bbox 2070 1058 3667 1133; baseline -0.003 -16"><span class='ocrx_word' id='word_1_177' title='bbox 2070 1070 2293 1133; x_wconf 88' lang='lat' dir='ltr'><strong>pontum</strong></span> <span class='ocrx_word' id='word_1_178' title='bbox 2324 1062 2467 1117; x_wconf 90' lang='lat' dir='ltr'><strong>inter</strong></span> <span class='ocrx_word' id='word_1_179' title='bbox 2489 1060 2736 1132; x_wconf 63' lang='lat' dir='ltr'><strong>Egaeum</strong></span> <span class='ocrx_word' id='word_1_180' title='bbox 2775 1067 2832 1115; x_wconf 90' lang='lat' dir='ltr'><strong>et</strong></span> <span class='ocrx_word' id='word_1_181' title='bbox 2871 1058 3116 1114; x_wconf 59' lang='lat' dir='ltr'><strong>Maleum</strong></span> <span class='ocrx_word' id='word_1_182' title='bbox 3160 1072 3310 1113; x_wconf 89' lang='lat' dir='ltr'><strong>mare</strong></span> <span class='ocrx_word' id='word_1_183' title='bbox 3351 1058 3667 1113; x_wconf 78' lang='lat' dir='ltr'><strong>constituta:</strong></span> 
     </span>
    </p>
   </div>
   <div class='ocr_carea' id='block_1_26' title="bbox 2072 1149 3668 1221">
    <p class='ocr_par' dir='ltr' id='par_1_26' title="bbox 2072 1149 3668 1221">
     <span class='ocr_line' id='line_1_26' title="bbox 2072 1149 3668 1221; baseline -0.004 -12"><span class='ocrx_word' id='word_1_184' title='bbox 2072 1153 2483 1209; x_wconf 84' lang='lat' dir='ltr'><strong>circumdantur</strong></span> <span class='ocrx_word' id='word_1_185' title='bbox 2505 1152 2670 1207; x_wconf 85' lang='lat' dir='ltr'><strong>etiam</strong></span> <span class='ocrx_word' id='word_1_186' title='bbox 2695 1150 2884 1221; x_wconf 84' lang='lat' dir='ltr'><strong>pelago</strong></span> <span class='ocrx_word' id='word_1_187' title='bbox 2918 1149 3144 1221; x_wconf 78' lang='lat' dir='ltr'><strong>Myrtoo.</strong></span> <span class='ocrx_word' id='word_1_188' title='bbox 3178 1149 3318 1204; x_wconf 89' lang='lat' dir='ltr'><strong>Sunt</strong></span> <span class='ocrx_word' id='word_1_189' title='bbox 3337 1158 3519 1204; x_wconf 88' lang='lat' dir='ltr'><strong>autem</strong></span> <span class='ocrx_word' id='word_1_190' title='bbox 3544 1163 3668 1203; x_wconf 85' lang='lat' dir='ltr'><strong>om-</strong></span> 
     </span>
    </p>
   </div>
   <div class='ocr_carea' id='block_1_27' title="bbox 2074 1236 3665 1309">
    <p class='ocr_par' dir='ltr' id='par_1_27' title="bbox 2074 1236 3665 1309">
     <span class='ocr_line' id='line_1_27' title="bbox 2074 1236 3665 1309; baseline -0.006 -10"><span class='ocrx_word' id='word_1_191' title='bbox 2074 1260 2172 1299; x_wconf 90' lang='lat' dir='ltr'><strong>nes</strong></span> <span class='ocrx_word' id='word_1_192' title='bbox 2207 1257 2434 1297; x_wconf 89' lang='lat' dir='ltr'><strong>numero</strong></span> <span class='ocrx_word' id='word_1_193' title='bbox 2461 1240 2531 1295; x_wconf 79' lang='lat'><strong>55</strong></span> <span class='ocrx_word' id='word_1_194' title='bbox 2562 1249 2807 1295; x_wconf 90' lang='lat' dir='ltr'><strong>tenentes</strong></span> <span class='ocrx_word' id='word_1_195' title='bbox 2832 1256 2862 1293; x_wconf 92' lang='lat' dir='ltr'><strong>a</strong></span> <span class='ocrx_word' id='word_1_196' title='bbox 2889 1238 3257 1309; x_wconf 85' lang='lat' dir='ltr'><strong>septentrione</strong></span> <span class='ocrx_word' id='word_1_197' title='bbox 3289 1238 3344 1291; x_wconf 92' lang='lat' dir='ltr'><strong>in</strong></span> <span class='ocrx_word' id='word_1_198' title='bbox 3379 1236 3665 1293; x_wconf 79' lang='lat' dir='ltr'><strong>meridiem</strong></span> 
     </span>
    </p>
   </div>
   <div class='ocr_carea' id='block_1_28' title="bbox 2076 1327 3663 1402">
    <p class='ocr_par' dir='ltr' id='par_1_28' title="bbox 2076 1327 3663 1402">
     <span class='ocr_line' id='line_1_28' title="bbox 2076 1327 3663 1402; baseline -0.006 -14"><span class='ocrx_word' id='word_1_199' title='bbox 2076 1333 2242 1388; x_wconf 87' lang='lat' dir='ltr'><strong>millia</strong></span> <span class='ocrx_word' id='word_1_200' title='bbox 2256 1332 2570 1402; x_wconf 89' lang='lat' dir='ltr'><strong>quingenta,</strong></span> <span class='ocrx_word' id='word_1_201' title='bbox 2587 1331 2655 1385; x_wconf 80' lang='lat' dir='ltr'><strong>ab</strong></span> <span class='ocrx_word' id='word_1_202' title='bbox 2667 1330 2879 1384; x_wconf 86' lang='lat' dir='ltr'><strong>oriente</strong></span> <span class='ocrx_word' id='word_1_203' title='bbox 2892 1329 2946 1383; x_wconf 89' lang='lat' dir='ltr'><strong>in</strong></span> <span class='ocrx_word' id='word_1_204' title='bbox 2958 1342 3212 1384; x_wconf 87' lang='lat' dir='ltr'><strong>occasum</strong></span> <span class='ocrx_word' id='word_1_205' title='bbox 3226 1327 3393 1382; x_wconf 88' lang='lat' dir='ltr'><strong>millia</strong></span> <span class='ocrx_word' id='word_1_206' title='bbox 3407 1328 3663 1382; x_wconf 81' lang='lat' dir='ltr'><strong>ducenta.</strong></span> 
     </span>
    </p>
   </div>
   <div class='ocr_carea' id='block_1_29' title="bbox 2077 1417 3672 1494">
    <p class='ocr_par' dir='ltr' id='par_1_29' title="bbox 2077 1417 3672 1494">
     <span class='ocr_line' id='line_1_29' title="bbox 2077 1417 3672 1494; baseline -0.005 -15"><span class='ocrx_word' id='word_1_207' title='bbox 2077 1422 2386 1494; x_wconf 79' lang='lat' dir='ltr'><strong>Metropolis</strong></span> <span class='ocrx_word' id='word_1_208' title='bbox 2432 1437 2619 1477; x_wconf 87' lang='lat' dir='ltr'><strong>earum</strong></span> <span class='ocrx_word' id='word_1_209' title='bbox 2669 1420 2911 1476; x_wconf 74' lang='lat' dir='ltr'><strong>Rhodus.</strong></span> <span class='ocrx_word' id='word_1_210' title='bbox 2962 1418 3122 1474; x_wconf 86' lang='lat' dir='ltr'><strong>Delos</strong></span> <span class='ocrx_word' id='word_1_211' title='bbox 3166 1417 3341 1473; x_wconf 86' lang='lat' dir='ltr'><strong>insula</strong></span> <span class='ocrx_word' id='word_1_212' title='bbox 3387 1418 3442 1472; x_wconf 90' lang='lat' dir='ltr'><strong>in</strong></span> <span class='ocrx_word' id='word_1_213' title='bbox 3486 1417 3672 1472; x_wconf 87' lang='lat' dir='ltr'><strong>medio</strong></span> 
     </span>
    </p>
   </div>
   <div class='ocr_carea' id='block_1_30' title="bbox 2075 1506 3674 1585">
    <p class='ocr_par' dir='ltr' id='par_1_30' title="bbox 2075 1506 3674 1585">
     <span class='ocr_line' id='line_1_30' title="bbox 2075 1506 3674 1585; baseline -0.006 -16"><span class='ocrx_word' id='word_1_214' title='bbox 2075 1512 2366 1585; x_wconf 82' lang='lat' dir='ltr'><strong>Cycladum</strong></span> <span class='ocrx_word' id='word_1_215' title='bbox 2396 1511 2498 1566; x_wconf 87' lang='lat' dir='ltr'><strong>sita</strong></span> <span class='ocrx_word' id='word_1_216' title='bbox 2517 1551 2531 1573; x_wconf 88' lang='lat'><strong>,</strong></span> <span class='ocrx_word' id='word_1_217' title='bbox 2563 1518 2619 1565; x_wconf 91' lang='lat' dir='ltr'><strong>et</strong></span> <span class='ocrx_word' id='word_1_218' title='bbox 2649 1509 2790 1565; x_wconf 85' lang='lat' dir='ltr'><strong>dicta</strong></span> <span class='ocrx_word' id='word_1_219' title='bbox 2825 1508 2985 1564; x_wconf 84' lang='lat' dir='ltr'><strong>Delos</strong></span> <span class='ocrx_word' id='word_1_220' title='bbox 3023 1507 3228 1573; x_wconf 80' lang='lat' dir='ltr'><strong>fertur,</strong></span> <span class='ocrx_word' id='word_1_221' title='bbox 3257 1507 3399 1577; x_wconf 87' lang='lat' dir='ltr'><strong>quod</strong></span> <span class='ocrx_word' id='word_1_222' title='bbox 3438 1516 3563 1577; x_wconf 88' lang='lat' dir='ltr'><strong>post</strong></span> <span class='ocrx_word' id='word_1_223' title='bbox 3586 1506 3674 1560; x_wconf 82' lang='lat' dir='ltr'><strong>di-</strong></span> 
     </span>
    </p>
   </div>
   <div class='ocr_carea' id='block_1_31' title="bbox 2078 1599 3675 1676">
    <p class='ocr_par' dir='ltr' id='par_1_31' title="bbox 2078 1599 3675 1676">
     <span class='ocr_line' id='line_1_31' title="bbox 2078 1599 3675 1676; baseline -0.006 -14"><span class='ocrx_word' id='word_1_224' title='bbox 2078 1607 2301 1670; x_wconf 87' lang='lat' dir='ltr'><strong>luvium,</strong></span> <span class='ocrx_word' id='word_1_225' title='bbox 2336 1604 2479 1675; x_wconf 91' lang='lat' dir='ltr'><strong>quod</strong></span> <span class='ocrx_word' id='word_1_226' title='bbox 2506 1602 2677 1676; x_wconf 86' lang='lat' dir='ltr'><strong>Ogygi</strong></span> <span class='ocrx_word' id='word_1_227' title='bbox 2709 1602 3040 1672; x_wconf 87' lang='lat' dir='ltr'><strong>temporibus</strong></span> <span class='ocrx_word' id='word_1_228' title='bbox 3069 1609 3305 1667; x_wconf 88' lang='lat' dir='ltr'><strong>notatur,</strong></span> <span class='ocrx_word' id='word_1_229' title='bbox 3330 1614 3455 1655; x_wconf 89' lang='lat' dir='ltr'><strong>cum</strong></span> <span class='ocrx_word' id='word_1_230' title='bbox 3482 1599 3675 1654; x_wconf 87' lang='lat' dir='ltr'><strong>orbem</strong></span> 
     </span>
    </p>
   </div>
   <div class='ocr_carea' id='block_1_32' title="bbox 2080 1691 3678 1755">
    <p class='ocr_par' dir='ltr' id='par_1_32' title="bbox 2080 1691 3678 1755">
     <span class='ocr_line' id='line_1_32' title="bbox 2080 1691 3678 1755; baseline -0.005 -3"><span class='ocrx_word' id='word_1_231' title='bbox 2080 1696 2268 1753; x_wconf 88' lang='lat' dir='ltr'><strong>multis</strong></span> <span class='ocrx_word' id='word_1_232' title='bbox 2318 1695 2594 1751; x_wconf 84' lang='lat' dir='ltr'><strong>mensibus</strong></span> <span class='ocrx_word' id='word_1_233' title='bbox 2635 1692 2893 1749; x_wconf 90' lang='lat' dir='ltr'><strong>continua</strong></span> <span class='ocrx_word' id='word_1_234' title='bbox 2940 1706 3048 1747; x_wconf 78' lang='lat' dir='ltr'><strong>nox</strong></span> <span class='ocrx_word' id='word_1_235' title='bbox 3097 1691 3495 1755; x_wconf 84' lang='lat' dir='ltr'><strong>inumbrasset,</strong></span> <span class='ocrx_word' id='word_1_236' title='bbox 3543 1700 3678 1745; x_wconf 88' lang='lat' dir='ltr'><strong>ante</strong></span> 
     </span>
    </p>
   </div>
   <div class='ocr_carea' id='block_1_33' title="bbox 391 1782 3681 1873">
    <p class='ocr_par' dir='ltr' id='par_1_33' title="bbox 391 1782 3681 1873">
     <span class='ocr_line' id='line_1_33' title="bbox 391 1782 3681 1873; baseline -0.007 -12"><span class='ocrx_word' id='word_1_237' title='bbox 391 1804 680 1873; x_wconf 75' lang='lat' dir='ltr'><strong>subiacens</strong></span> <span class='ocrx_word' id='word_1_238' title='bbox 699 1801 766 1855; x_wconf 86' lang='lat' dir='ltr'><strong>ad</strong></span> <span class='ocrx_word' id='word_1_239' title='bbox 790 1801 1013 1862; x_wconf 87' lang='lat' dir='ltr'><strong>Eurum,</strong></span> <span class='ocrx_word' id='word_1_240' title='bbox 1039 1813 1106 1852; x_wconf 73' lang='lat' dir='ltr'><strong>ex</strong></span> <span class='ocrx_word' id='word_1_241' title='bbox 1126 1811 1234 1865; x_wconf 90' lang='lat' dir='ltr'><strong>qua</strong></span> <span class='ocrx_word' id='word_1_242' title='bbox 1258 1809 1494 1849; x_wconf 86' lang='lat' dir='ltr'><strong>oceanus</strong></span> <span class='ocrx_word' id='word_1_243' title='bbox 1520 1792 1731 1848; x_wconf 89' lang='lat' dir='ltr'><strong>Indicus</strong></span> <span class='ocrx_word' id='word_1_244' title='bbox 1756 1791 1975 1861; x_wconf 89' lang='lat' dir='ltr'><strong>incipit:</strong></span> <span class='ocrx_word' id='word_1_245' title='bbox 2009 1804 2055 1863; x_wconf 76' lang='grc' dir='ltr'><strong>Β</strong></span> <span class='ocrx_word' id='word_1_246' title='bbox 2082 1802 2273 1843; x_wconf 90' lang='lat' dir='ltr'><strong>omnes</strong></span> <span class='ocrx_word' id='word_1_247' title='bbox 2317 1795 2495 1841; x_wconf 87' lang='lat' dir='ltr'><strong>terras</strong></span> <span class='ocrx_word' id='word_1_248' title='bbox 2538 1785 2705 1840; x_wconf 89' lang='lat' dir='ltr'><strong>radiis</strong></span> <span class='ocrx_word' id='word_1_249' title='bbox 2735 1784 2864 1841; x_wconf 85' lang='lat' dir='ltr'><strong>solis</strong></span> <span class='ocrx_word' id='word_1_250' title='bbox 2908 1782 3206 1838; x_wconf 89' lang='lat' dir='ltr'><strong>illuminata</strong></span> <span class='ocrx_word' id='word_1_251' title='bbox 3230 1790 3335 1848; x_wconf 87' lang='lat' dir='ltr'><strong>est,</strong></span> <span class='ocrx_word' id='word_1_252' title='bbox 3374 1782 3681 1853; x_wconf 80' lang='lat' dir='ltr'><strong>sortitaque</strong></span> 
     </span>
    </p>
   </div>
   <div class='ocr_carea' id='block_1_34' title="bbox 390 1880 1983 1966">
    <p class='ocr_par' dir='ltr' id='par_1_34' title="bbox 390 1880 1983 1966">
     <span class='ocr_line' id='line_1_34' title="bbox 390 1880 1983 1966; baseline -0.01 -16"><span class='ocrx_word' id='word_1_253' title='bbox 390 1902 584 1966; x_wconf 88' lang='lat' dir='ltr'><strong>patens</strong></span> <span class='ocrx_word' id='word_1_254' title='bbox 625 1893 678 1947; x_wconf 92' lang='lat' dir='ltr'><strong>in</strong></span> <span class='ocrx_word' id='word_1_255' title='bbox 709 1888 1041 1960; x_wconf 86' lang='lat' dir='ltr'><strong>longitudine</strong></span> <span class='ocrx_word' id='word_1_256' title='bbox 1084 1884 1413 1955; x_wconf 79' lang='lat' dir='ltr'><strong>octingentis</strong></span> <span class='ocrx_word' id='word_1_257' title='bbox 1450 1882 1788 1953; x_wconf 87' lang='lat' dir='ltr'><strong>septuaginta</strong></span> <span class='ocrx_word' id='word_1_258' title='bbox 1824 1880 1983 1950; x_wconf 88' lang='lat' dir='ltr'><strong>quin-</strong></span> 
     </span>
    </p>
   </div>
   <div class='ocr_carea' id='block_1_35' title="bbox 393 1971 1984 2056">
    <p class='ocr_par' dir='ltr' id='par_1_35' title="bbox 393 1971 1984 2056">
     <span class='ocr_line' id='line_1_35' title="bbox 393 1971 1984 2056; baseline -0.01 -15"><span class='ocrx_word' id='word_1_259' title='bbox 393 2002 500 2056; x_wconf 87' lang='lat' dir='ltr'><strong>que</strong></span> <span class='ocrx_word' id='word_1_260' title='bbox 524 1984 761 2040; x_wconf 87' lang='lat' dir='ltr'><strong>millibus</strong></span> <span class='ocrx_word' id='word_1_261' title='bbox 789 1994 1067 2050; x_wconf 86' lang='lat' dir='ltr'><strong>passuum,</strong></span> <span class='ocrx_word' id='word_1_262' title='bbox 1100 1978 1153 2031; x_wconf 93' lang='lat' dir='ltr'><strong>in</strong></span> <span class='ocrx_word' id='word_1_263' title='bbox 1184 1975 1467 2031; x_wconf 87' lang='lat' dir='ltr'><strong>latitudine</strong></span> <span class='ocrx_word' id='word_1_264' title='bbox 1494 1973 1768 2030; x_wconf 80' lang='lat' dir='ltr'><strong>sexcentis</strong></span> <span class='ocrx_word' id='word_1_265' title='bbox 1796 1971 1984 2042; x_wconf 85' lang='lat' dir='ltr'><strong>viginti</strong></span> 
     </span>
    </p>
   </div>
   <div class='ocr_carea' id='block_1_36' title="bbox 395 2062 1982 2145">
    <p class='ocr_par' dir='ltr' id='par_1_36' title="bbox 395 2062 1982 2145">
     <span class='ocr_line' id='line_1_36' title="bbox 395 2062 1982 2145; baseline -0.009 -15"><span class='ocrx_word' id='word_1_266' title='bbox 395 2075 634 2145; x_wconf 81' lang='lat' dir='ltr'><strong>quinque</strong></span> <span class='ocrx_word' id='word_1_267' title='bbox 664 2070 901 2125; x_wconf 89' lang='lat' dir='ltr'><strong>millibus</strong></span> <span class='ocrx_word' id='word_1_268' title='bbox 948 2067 1268 2123; x_wconf 87' lang='lat' dir='ltr'><strong>stadiorum.</strong></span> <span class='ocrx_word' id='word_1_269' title='bbox 1306 2064 1583 2121; x_wconf 86' lang='lat' dir='ltr'><strong>Scinditur</strong></span> <span class='ocrx_word' id='word_1_270' title='bbox 1612 2078 1772 2118; x_wconf 89' lang='lat' dir='ltr'><strong>amne</strong></span> <span class='ocrx_word' id='word_1_271' title='bbox 1813 2062 1982 2117; x_wconf 90' lang='lat' dir='ltr'><strong>inter-</strong></span> 
     </span>
    </p>
   </div>
   <div class='ocr_carea' id='block_1_37' title="bbox 397 2153 1986 2233">
    <p class='ocr_par' dir='ltr' id='par_1_37' title="bbox 397 2153 1986 2233">
     <span class='ocr_line' id='line_1_37' title="bbox 397 2153 1986 2233; baseline -0.009 -11"><span class='ocrx_word' id='word_1_272' title='bbox 397 2166 503 2221; x_wconf 87' lang='lat' dir='ltr'><strong>ﬁuo</strong></span> <span class='ocrx_word' id='word_1_273' title='bbox 550 2172 659 2220; x_wconf 89' lang='lat' dir='ltr'><strong>tota</strong></span> <span class='ocrx_word' id='word_1_274' title='bbox 703 2160 1014 2233; x_wconf 78' lang='lat' dir='ltr'><strong>margaritis</strong></span> <span class='ocrx_word' id='word_1_275' title='bbox 1053 2157 1257 2228; x_wconf 91' lang='lat' dir='ltr'><strong>repleta</strong></span> <span class='ocrx_word' id='word_1_276' title='bbox 1297 2164 1354 2212; x_wconf 92' lang='lat' dir='ltr'><strong>et</strong></span> <span class='ocrx_word' id='word_1_277' title='bbox 1398 2155 1648 2227; x_wconf 88' lang='lat' dir='ltr'><strong>gemmis.</strong></span> <span class='ocrx_word' id='word_1_278' title='bbox 1693 2153 1827 2209; x_wconf 88' lang='lat' dir='ltr'><strong>Pars</strong></span> <span class='ocrx_word' id='word_1_279' title='bbox 1869 2153 1986 2224; x_wconf 86' lang='lat' dir='ltr'><strong>ejus</strong></span> 
     </span>
    </p>
   </div>
   <div class='ocr_carea' id='block_1_38' title="bbox 398 2241 1988 2324">
    <p class='ocr_par' dir='ltr' id='par_1_38' title="bbox 398 2241 1988 2324">
     <span class='ocr_line' id='line_1_38' title="bbox 398 2241 1988 2324; baseline -0.012 -9"><span class='ocrx_word' id='word_1_280' title='bbox 398 2258 583 2315; x_wconf 84' lang='lat' dir='ltr'><strong>bestiis</strong></span> <span class='ocrx_word' id='word_1_281' title='bbox 610 2264 666 2311; x_wconf 90' lang='lat' dir='ltr'><strong>et</strong></span> <span class='ocrx_word' id='word_1_282' title='bbox 693 2252 994 2324; x_wconf 88' lang='lat' dir='ltr'><strong>elephantis</strong></span> <span class='ocrx_word' id='word_1_283' title='bbox 1038 2249 1244 2320; x_wconf 86' lang='lat' dir='ltr'><strong>repleta</strong></span> <span class='ocrx_word' id='word_1_284' title='bbox 1270 2256 1374 2313; x_wconf 90' lang='lat' dir='ltr'><strong>est,</strong></span> <span class='ocrx_word' id='word_1_285' title='bbox 1416 2254 1627 2316; x_wconf 88' lang='lat' dir='ltr'><strong>partem</strong></span> <span class='ocrx_word' id='word_1_286' title='bbox 1654 2258 1783 2299; x_wconf 87' lang='lat' dir='ltr'><strong>vero</strong></span> <span class='ocrx_word' id='word_1_287' title='bbox 1815 2241 1988 2297; x_wconf 82' lang='lat' dir='ltr'><strong>homi-</strong></span> 
     </span>
    </p>
   </div>
   <div class='ocr_carea' id='block_1_39' title="bbox 400 2334 1989 2405">
    <p class='ocr_par' dir='ltr' id='par_1_39' title="bbox 400 2334 1989 2405">
     <span class='ocr_line' id='line_1_39' title="bbox 400 2334 1989 2405; baseline -0.012 0"><span class='ocrx_word' id='word_1_288' title='bbox 400 2367 497 2405; x_wconf 88' lang='lat' dir='ltr'><strong>nes</strong></span> <span class='ocrx_word' id='word_1_289' title='bbox 520 2356 726 2404; x_wconf 90' lang='lat' dir='ltr'><strong>tenent.</strong></span> <span class='ocrx_word' id='word_1_290' title='bbox 757 2346 818 2400; x_wconf 89' lang='lat' dir='ltr'><strong>1n</strong></span> <span class='ocrx_word' id='word_1_291' title='bbox 850 2346 955 2400; x_wconf 88' lang='lat' dir='ltr'><strong>hac</strong></span> <span class='ocrx_word' id='word_1_292' title='bbox 998 2341 1178 2397; x_wconf 87' lang='lat' dir='ltr'><strong>insula</strong></span> <span class='ocrx_word' id='word_1_293' title='bbox 1220 2340 1409 2395; x_wconf 91' lang='lat' dir='ltr'><strong>dicunt</strong></span> <span class='ocrx_word' id='word_1_294' title='bbox 1447 2338 1503 2392; x_wconf 91' lang='lat' dir='ltr'><strong>in</strong></span> <span class='ocrx_word' id='word_1_295' title='bbox 1544 2352 1652 2391; x_wconf 89' lang='lat' dir='ltr'><strong>uno</strong></span> <span class='ocrx_word' id='word_1_296' title='bbox 1689 2351 1831 2391; x_wconf 91' lang='lat' dir='ltr'><strong>anno</strong></span> <span class='ocrx_word' id='word_1_297' title='bbox 1853 2334 1989 2389; x_wconf 90' lang='lat' dir='ltr'><strong>duas</strong></span> 
     </span>
    </p>
   </div>
   <div class='ocr_carea' id='block_1_40' title="bbox 396 2427 1984 2498">
    <p class='ocr_par' dir='ltr' id='par_1_40' title="bbox 396 2427 1984 2498">
     <span class='ocr_line' id='line_1_40' title="bbox 396 2427 1984 2498; baseline -0.01 -4"><span class='ocrx_word' id='word_1_298' title='bbox 396 2455 521 2497; x_wconf 79' lang='lat' dir='ltr'><strong>esse</strong></span> <span class='ocrx_word' id='word_1_299' title='bbox 551 2447 771 2494; x_wconf 61' lang='lat' dir='ltr'><strong>aestates</strong></span> <span class='ocrx_word' id='word_1_300' title='bbox 796 2447 850 2490; x_wconf 87' lang='lat' dir='ltr'><strong>et</strong></span> <span class='ocrx_word' id='word_1_301' title='bbox 878 2436 1011 2491; x_wconf 86' lang='lat' dir='ltr'><strong>duas</strong></span> <span class='ocrx_word' id='word_1_302' title='bbox 1041 2434 1268 2498; x_wconf 82' lang='lat' dir='ltr'><strong>hiemes,</strong></span> <span class='ocrx_word' id='word_1_303' title='bbox 1293 2438 1349 2485; x_wconf 91' lang='lat' dir='ltr'><strong>et</strong></span> <span class='ocrx_word' id='word_1_304' title='bbox 1380 2429 1465 2485; x_wconf 89' lang='lat' dir='ltr'><strong>bis</strong></span> <span class='ocrx_word' id='word_1_305' title='bbox 1489 2427 1709 2483; x_wconf 84' lang='lat' dir='ltr'><strong>ﬁoribus</strong></span> <span class='ocrx_word' id='word_1_306' title='bbox 1737 2438 1984 2490; x_wconf 85' lang='lat' dir='ltr'><strong>vernare,</strong></span> 
     </span>
    </p>
   </div>
   <div class='ocr_carea' id='block_1_41' title="bbox 401 2514 1990 2602">
    <p class='ocr_par' dir='ltr' id='par_1_41' title="bbox 401 2514 1990 2602">
     <span class='ocr_line' id='line_1_41' title="bbox 401 2514 1990 2602; baseline -0.009 -17"><span class='ocrx_word' id='word_1_307' title='bbox 401 2530 564 2602; x_wconf 85' lang='lat' dir='ltr'><strong>&#39;l‘ylos</strong></span> <span class='ocrx_word' id='word_1_308' title='bbox 590 2528 762 2583; x_wconf 88' lang='lat' dir='ltr'><strong>insula</strong></span> <span class='ocrx_word' id='word_1_309' title='bbox 792 2525 952 2580; x_wconf 75' lang='lat' dir='ltr'><strong>lndim</strong></span> <span class='ocrx_word' id='word_1_310' title='bbox 987 2524 1167 2579; x_wconf 88' lang='lat' dir='ltr'><strong>ferens</strong></span> <span class='ocrx_word' id='word_1_311' title='bbox 1218 2522 1368 2579; x_wconf 89' lang='lat' dir='ltr'><strong>omni</strong></span> <span class='ocrx_word' id='word_1_312' title='bbox 1408 2529 1649 2590; x_wconf 90' lang='lat' dir='ltr'><strong>tempore</strong></span> <span class='ocrx_word' id='word_1_313' title='bbox 1695 2515 1840 2572; x_wconf 87' lang='lat' dir='ltr'><strong>folia.</strong></span> <span class='ocrx_word' id='word_1_314' title='bbox 1873 2514 1990 2570; x_wconf 82' lang='lat' dir='ltr'><strong>iluc</strong></span> 
     </span>
    </p>
   </div>
   <div class='ocr_carea' id='block_1_42' title="bbox 405 2605 1992 2688">
    <p class='ocr_par' dir='ltr' id='par_1_42' title="bbox 405 2605 1992 2688">
     <span class='ocr_line' id='line_1_42' title="bbox 405 2605 1992 2688; baseline -0.008 -15"><span class='ocrx_word' id='word_1_315' title='bbox 405 2632 577 2688; x_wconf 82' lang='lat' dir='ltr'><strong>usque</strong></span> <span class='ocrx_word' id='word_1_316' title='bbox 610 2615 810 2671; x_wconf 88' lang='lat' dir='ltr'><strong>Oceani</strong></span> <span class='ocrx_word' id='word_1_317' title='bbox 849 2613 1058 2669; x_wconf 78' lang='lat' dir='ltr'><strong>insulae.</strong></span> <span class='ocrx_word' id='word_1_318' title='bbox 1100 2612 1231 2668; x_wconf 81' lang='lat' dir='ltr'><strong>item</strong></span> <span class='ocrx_word' id='word_1_319' title='bbox 1267 2611 1472 2675; x_wconf 64' lang='lat' dir='ltr'><strong>insulae,</strong></span> <span class='ocrx_word' id='word_1_320' title='bbox 1501 2624 1623 2680; x_wconf 75' lang='lat' dir='ltr'><strong>qua:</strong></span> <span class='ocrx_word' id='word_1_321' title='bbox 1672 2608 1740 2662; x_wconf 89' lang='lat' dir='ltr'><strong>ab</strong></span> <span class='ocrx_word' id='word_1_322' title='bbox 1787 2605 1992 2662; x_wconf 84' lang='lat' dir='ltr'><strong>Helles-</strong></span> 
     </span>
    </p>
   </div>
   <div class='ocr_carea' id='block_1_43' title="bbox 390 2697 1992 2781">
    <p class='ocr_par' dir='ltr' id='par_1_43' title="bbox 390 2697 1992 2781">
     <span class='ocr_line' id='line_1_43' title="bbox 390 2697 1992 2781; baseline -0.01 -15"><span class='ocrx_word' id='word_1_323' title='bbox 390 2720 570 2781; x_wconf 87' lang='lat' dir='ltr'><strong>ponto</strong></span> <span class='ocrx_word' id='word_1_324' title='bbox 598 2721 771 2777; x_wconf 89' lang='lat' dir='ltr'><strong>usque</strong></span> <span class='ocrx_word' id='word_1_325' title='bbox 802 2704 869 2761; x_wconf 90' lang='lat' dir='ltr'><strong>ad</strong></span> <span class='ocrx_word' id='word_1_326' title='bbox 911 2705 1088 2760; x_wconf 87' lang='lat' dir='ltr'><strong>Gades</strong></span> <span class='ocrx_word' id='word_1_327' title='bbox 1137 2704 1191 2758; x_wconf 92' lang='lat' dir='ltr'><strong>in</strong></span> <span class='ocrx_word' id='word_1_328' title='bbox 1245 2704 1383 2759; x_wconf 89' lang='lat' dir='ltr'><strong>mari</strong></span> <span class='ocrx_word' id='word_1_329' title='bbox 1410 2702 1606 2772; x_wconf 78' lang='lat' dir='ltr'><strong>Magno</strong></span> <span class='ocrx_word' id='word_1_330' title='bbox 1639 2707 1765 2754; x_wconf 91' lang='lat' dir='ltr'><strong>sunt</strong></span> <span class='ocrx_word' id='word_1_331' title='bbox 1790 2697 1992 2752; x_wconf 86' lang='lat' dir='ltr'><strong>consti-</strong></span> 
     </span>
    </p>
   </div>
   <div class='ocr_carea' id='block_1_44' title="bbox 406 2788 1989 2867">
    <p class='ocr_par' dir='ltr' id='par_1_44' title="bbox 406 2788 1989 2867">
     <span class='ocr_line' id='line_1_44' title="bbox 406 2788 1989 2867; baseline -0.008 -15"><span class='ocrx_word' id='word_1_332' title='bbox 406 2809 556 2854; x_wconf 75' lang='lat' dir='ltr'><strong>tutae.</strong></span> <span class='ocrx_word' id='word_1_333' title='bbox 585 2795 796 2867; x_wconf 82' lang='lat' dir='ltr'><strong>Cyprus</strong></span> <span class='ocrx_word' id='word_1_334' title='bbox 821 2793 992 2849; x_wconf 84' lang='lat' dir='ltr'><strong>insula</strong></span> <span class='ocrx_word' id='word_1_335' title='bbox 1029 2808 1060 2848; x_wconf 90' lang='lat' dir='ltr'><strong>a</strong></span> <span class='ocrx_word' id='word_1_336' title='bbox 1080 2793 1297 2849; x_wconf 87' lang='lat' dir='ltr'><strong>civitate</strong></span> <span class='ocrx_word' id='word_1_337' title='bbox 1320 2791 1519 2863; x_wconf 86' lang='lat' dir='ltr'><strong>Cypro,</strong></span> <span class='ocrx_word' id='word_1_338' title='bbox 1548 2804 1668 2860; x_wconf 80' lang='lat' dir='ltr'><strong>qua:</strong></span> <span class='ocrx_word' id='word_1_339' title='bbox 1701 2788 1755 2842; x_wconf 92' lang='lat' dir='ltr'><strong>in</strong></span> <span class='ocrx_word' id='word_1_340' title='bbox 1793 2802 1858 2842; x_wconf 90' lang='lat' dir='ltr'><strong>ea</strong></span> <span class='ocrx_word' id='word_1_341' title='bbox 1882 2794 1989 2852; x_wconf 89' lang='lat' dir='ltr'><strong>est,</strong></span> 
     </span>
    </p>
   </div>
   <div class='ocr_carea' id='block_1_45' title="bbox 410 2880 1992 2955">
    <p class='ocr_par' dir='ltr' id='par_1_45' title="bbox 410 2880 1992 2955">
     <span class='ocr_line' id='line_1_45' title="bbox 410 2880 1992 2955; baseline -0.008 -12"><span class='ocrx_word' id='word_1_342' title='bbox 410 2903 604 2944; x_wconf 82' lang='lat' dir='ltr'><strong>nomen</strong></span> <span class='ocrx_word' id='word_1_343' title='bbox 631 2886 839 2955; x_wconf 89' lang='lat' dir='ltr'><strong>accepit</strong></span> <span class='ocrx_word' id='word_1_344' title='bbox 872 2903 886 2938; x_wconf 89' lang='lat'><strong>:</strong></span> <span class='ocrx_word' id='word_1_345' title='bbox 916 2885 1030 2954; x_wconf 86' lang='lat' dir='ltr'><strong>ipsa</strong></span> <span class='ocrx_word' id='word_1_346' title='bbox 1064 2893 1149 2940; x_wconf 90' lang='lat' dir='ltr'><strong>est</strong></span> <span class='ocrx_word' id='word_1_347' title='bbox 1183 2883 1396 2953; x_wconf 85' lang='lat' dir='ltr'><strong>Paphos</strong></span> <span class='ocrx_word' id='word_1_348' title='bbox 1430 2880 1624 2937; x_wconf 79' lang='lat' dir='ltr'><strong>Veneri</strong></span> <span class='ocrx_word' id='word_1_349' title='bbox 1675 2884 1992 2935; x_wconf 87' lang='lat' dir='ltr'><strong>consecrata</strong></span> 
     </span>
    </p>
   </div>
   <div class='ocr_carea' id='block_1_46' title="bbox 388 2968 1991 3050">
    <p class='ocr_par' dir='ltr' id='par_1_46' title="bbox 388 2968 1991 3050">
     <span class='ocr_line' id='line_1_46' title="bbox 388 2968 1991 3050; baseline -0.009 -15"><span class='ocrx_word' id='word_1_350' title='bbox 388 2981 460 3035; x_wconf 89' lang='lat' dir='ltr'><strong>.in</strong></span> <span class='ocrx_word' id='word_1_351' title='bbox 490 2977 787 3050; x_wconf 85' lang='lat' dir='ltr'><strong>Carpathio</strong></span> <span class='ocrx_word' id='word_1_352' title='bbox 816 2976 976 3041; x_wconf 89' lang='lat' dir='ltr'><strong>mari,</strong></span> <span class='ocrx_word' id='word_1_353' title='bbox 1022 2976 1195 3032; x_wconf 84' lang='lat' dir='ltr'><strong>vicina</strong></span> <span class='ocrx_word' id='word_1_354' title='bbox 1218 2975 1435 3037; x_wconf 81' lang='lat' dir='ltr'><strong>Austro,</strong></span> <span class='ocrx_word' id='word_1_355' title='bbox 1482 2974 1690 3028; x_wconf 83' lang='lat' dir='ltr'><strong>famosa</strong></span> <span class='ocrx_word' id='word_1_356' title='bbox 1721 2968 1991 3041; x_wconf 87' lang='lat' dir='ltr'><strong>quondam</strong></span> 
     </span>
    </p>
   </div>
   <div class='ocr_carea' id='block_1_47' title="bbox 404 3062 1993 3136">
    <p class='ocr_par' dir='ltr' id='par_1_47' title="bbox 404 3062 1993 3136">
     <span class='ocr_line' id='line_1_47' title="bbox 404 3062 1993 3136; baseline -0.004 -9"><span class='ocrx_word' id='word_1_357' title='bbox 404 3069 626 3135; x_wconf 85' lang='lat' dir='ltr'><strong>divitiis,</strong></span> <span class='ocrx_word' id='word_1_358' title='bbox 652 3078 708 3125; x_wconf 91' lang='lat' dir='ltr'><strong>et</strong></span> <span class='ocrx_word' id='word_1_359' title='bbox 735 3068 968 3122; x_wconf 74' lang='lat' dir='ltr'><strong>maxime</strong></span> <span class='ocrx_word' id='word_1_360' title='bbox 992 3066 1117 3122; x_wconf 65' lang='lat' dir='ltr'><strong>aeris</strong></span> <span class='ocrx_word' id='word_1_361' title='bbox 1144 3084 1156 3120; x_wconf 92' lang='lat'>:</span> <span class='ocrx_word' id='word_1_362' title='bbox 1188 3065 1262 3120; x_wconf 90' lang='lat' dir='ltr'><strong>ibi</strong></span> <span class='ocrx_word' id='word_1_363' title='bbox 1282 3065 1427 3121; x_wconf 90' lang='lat' dir='ltr'><strong>enim</strong></span> <span class='ocrx_word' id='word_1_364' title='bbox 1474 3066 1647 3136; x_wconf 90' lang='lat' dir='ltr'><strong>prima</strong></span> <span class='ocrx_word' id='word_1_365' title='bbox 1688 3062 1847 3133; x_wconf 86' lang='lat' dir='ltr'><strong>hujus</strong></span> <span class='ocrx_word' id='word_1_366' title='bbox 1880 3080 1993 3121; x_wconf 84' lang='lat' dir='ltr'><strong>me-</strong></span> 
     </span>
    </p>
   </div>
   <div class='ocr_carea' id='block_1_48' title="bbox 2086 1874 3677 1947">
    <p class='ocr_par' dir='ltr' id='par_1_48' title="bbox 2086 1874 3677 1947">
     <span class='ocr_line' id='line_1_48' title="bbox 2086 1874 3677 1947; baseline -0.006 -12"><span class='ocrx_word' id='word_1_367' title='bbox 2086 1895 2154 1935; x_wconf 80' lang='lat' dir='ltr'><strong>ex</strong></span> <span class='ocrx_word' id='word_1_368' title='bbox 2173 1894 2240 1935; x_wconf 89' lang='lat' dir='ltr'><strong>eo</strong></span> <span class='ocrx_word' id='word_1_369' title='bbox 2261 1893 2479 1942; x_wconf 86' lang='lat' dir='ltr'><strong>nomen,</strong></span> <span class='ocrx_word' id='word_1_370' title='bbox 2500 1877 2643 1947; x_wconf 89' lang='lat' dir='ltr'><strong>quod</strong></span> <span class='ocrx_word' id='word_1_371' title='bbox 2671 1876 2842 1947; x_wconf 90' lang='lat' dir='ltr'><strong>prima</strong></span> <span class='ocrx_word' id='word_1_372' title='bbox 2869 1874 3214 1930; x_wconf 87' lang='lat' dir='ltr'><strong>manifestata</strong></span> <span class='ocrx_word' id='word_1_373' title='bbox 3238 1874 3427 1930; x_wconf 84' lang='lat' dir='ltr'><strong>fuisset</strong></span> <span class='ocrx_word' id='word_1_374' title='bbox 3447 1874 3677 1929; x_wconf 82' lang='lat' dir='ltr'><strong>visibus.</strong></span> 
     </span>
    </p>
   </div>
   <div class='ocr_carea' id='block_1_49' title="bbox 2086 1966 3681 2037">
    <p class='ocr_par' dir='ltr' id='par_1_49' title="bbox 2086 1966 3681 2037">
     <span class='ocr_line' id='line_1_49' title="bbox 2086 1966 3681 2037; baseline -0.006 -9"><span class='ocrx_word' id='word_1_375' title='bbox 2086 1973 2219 2029; x_wconf 86' lang='lat' dir='ltr'><strong>Nam</strong></span> <span class='ocrx_word' id='word_1_376' title='bbox 2237 1973 2394 2029; x_wconf 79' lang='lat' dir='ltr'><strong>delon</strong></span> <span class='ocrx_word' id='word_1_377' title='bbox 2407 1971 2593 2027; x_wconf 67' lang='lat' dir='ltr'><strong>Graece</strong></span> <span class='ocrx_word' id='word_1_378' title='bbox 2608 1968 2971 2024; x_wconf 84' lang='lat' dir='ltr'><strong>manifestum.</strong></span> <span class='ocrx_word' id='word_1_379' title='bbox 2991 1968 3198 2022; x_wconf 86' lang='lat' dir='ltr'><strong>Dicitur</strong></span> <span class='ocrx_word' id='word_1_380' title='bbox 3213 1967 3359 2022; x_wconf 89' lang='lat' dir='ltr'><strong>enim</strong></span> <span class='ocrx_word' id='word_1_381' title='bbox 3378 1976 3435 2022; x_wconf 92' lang='lat' dir='ltr'><strong>et</strong></span> <span class='ocrx_word' id='word_1_382' title='bbox 3453 1966 3681 2037; x_wconf 81' lang='lat' dir='ltr'><strong>Ortygia</strong></span> 
     </span>
    </p>
   </div>
   <div class='ocr_carea' id='block_1_50' title="bbox 2088 2060 3684 2137">
    <p class='ocr_par' dir='ltr' id='par_1_50' title="bbox 2088 2060 3684 2137">
     <span class='ocr_line' id='line_1_50' title="bbox 2088 2060 3684 2137; baseline -0.006 -14"><span class='ocrx_word' id='word_1_383' title='bbox 2088 2082 2155 2123; x_wconf 89' lang='lat' dir='ltr'><strong>eo</strong></span> <span class='ocrx_word' id='word_1_384' title='bbox 2182 2066 2326 2137; x_wconf 90' lang='lat' dir='ltr'><strong>quod</strong></span> <span class='ocrx_word' id='word_1_385' title='bbox 2362 2064 2596 2136; x_wconf 75' lang='lat' dir='ltr'><strong>priurum</strong></span> <span class='ocrx_word' id='word_1_386' title='bbox 2627 2063 2697 2117; x_wconf 85' lang='lat' dir='ltr'><strong>ibi</strong></span> <span class='ocrx_word' id='word_1_387' title='bbox 2725 2063 2854 2118; x_wconf 66' lang='lat' dir='ltr'><strong>visa:</strong></span> <span class='ocrx_word' id='word_1_388' title='bbox 2874 2069 3007 2116; x_wconf 90' lang='lat' dir='ltr'><strong>sunt</strong></span> <span class='ocrx_word' id='word_1_389' title='bbox 3029 2060 3337 2116; x_wconf 88' lang='lat' dir='ltr'><strong>coturnices</strong></span> <span class='ocrx_word' id='word_1_390' title='bbox 3360 2074 3508 2126; x_wconf 85' lang='lat' dir='ltr'><strong>aves,</strong></span> <span class='ocrx_word' id='word_1_391' title='bbox 3539 2073 3684 2129; x_wconf 88' lang='lat' dir='ltr'><strong>quas</strong></span> 
     </span>
    </p>
   </div>
   <div class='ocr_carea' id='block_1_51' title="bbox 2088 2150 3685 2229">
    <p class='ocr_par' dir='ltr' id='par_1_51' title="bbox 2088 2150 3685 2229">
     <span class='ocr_line' id='line_1_51' title="bbox 2088 2150 3685 2229; baseline -0.006 -15"><span class='ocrx_word' id='word_1_392' title='bbox 2088 2157 2264 2214; x_wconf 69' lang='lat' dir='ltr'><strong>Graeci</strong></span> <span class='ocrx_word' id='word_1_393' title='bbox 2289 2165 2512 2227; x_wconf 87' lang='lat' dir='ltr'><strong>ortygas</strong></span> <span class='ocrx_word' id='word_1_394' title='bbox 2534 2162 2747 2209; x_wconf 88' lang='lat' dir='ltr'><strong>vocant.</strong></span> <span class='ocrx_word' id='word_1_395' title='bbox 2772 2152 2829 2207; x_wconf 89' lang='lat' dir='ltr'><strong>In</strong></span> <span class='ocrx_word' id='word_1_396' title='bbox 2862 2152 2963 2207; x_wconf 91' lang='lat' dir='ltr'><strong>hac</strong></span> <span class='ocrx_word' id='word_1_397' title='bbox 2984 2151 3156 2207; x_wconf 85' lang='lat' dir='ltr'><strong>insula</strong></span> <span class='ocrx_word' id='word_1_398' title='bbox 3180 2151 3387 2229; x_wconf 71' lang='lat' dir='ltr'><strong>Latona</strong></span> <span class='ocrx_word' id='word_1_399' title='bbox 3410 2150 3570 2207; x_wconf 77' lang='lat' dir='ltr'><strong>enixa</strong></span> <span class='ocrx_word' id='word_1_400' title='bbox 3597 2159 3685 2205; x_wconf 87' lang='lat' dir='ltr'><strong>est</strong></span> 
     </span>
    </p>
   </div>
   <div class='ocr_carea' id='block_1_52' title="bbox 2088 2241 3687 2322">
    <p class='ocr_par' dir='ltr' id='par_1_52' title="bbox 2088 2241 3687 2322">
     <span class='ocr_line' id='line_1_52' title="bbox 2088 2241 3687 2322; baseline -0.006 -17"><span class='ocrx_word' id='word_1_401' title='bbox 2088 2248 2393 2322; x_wconf 84' lang='lat' dir='ltr'><strong>Apollinem</strong></span> <span class='ocrx_word' id='word_1_402' title='bbox 2425 2256 2481 2302; x_wconf 91' lang='lat' dir='ltr'><strong>et</strong></span> <span class='ocrx_word' id='word_1_403' title='bbox 2522 2245 2766 2302; x_wconf 87' lang='lat' dir='ltr'><strong>Dianam.</strong></span> <span class='ocrx_word' id='word_1_404' title='bbox 2795 2245 2956 2300; x_wconf 86' lang='lat' dir='ltr'><strong>Delos</strong></span> <span class='ocrx_word' id='word_1_405' title='bbox 2985 2250 3165 2298; x_wconf 82' lang='lat' dir='ltr'><strong>autem</strong></span> <span class='ocrx_word' id='word_1_406' title='bbox 3188 2251 3245 2298; x_wconf 92' lang='lat' dir='ltr'><strong>et</strong></span> <span class='ocrx_word' id='word_1_407' title='bbox 3268 2241 3464 2298; x_wconf 81' lang='lat' dir='ltr'><strong>civitas</strong></span> <span class='ocrx_word' id='word_1_408' title='bbox 3480 2241 3687 2297; x_wconf 88' lang='lat' dir='ltr'><strong>dicitur</strong></span> 
     </span>
    </p>
   </div>
   <div class='ocr_carea' id='block_1_53' title="bbox 2091 2330 3684 2405">
    <p class='ocr_par' dir='ltr' id='par_1_53' title="bbox 2091 2330 3684 2405">
     <span class='ocr_line' id='line_1_53' title="bbox 2091 2330 3684 2405; baseline -0.008 -8"><span class='ocrx_word' id='word_1_409' title='bbox 2091 2351 2147 2397; x_wconf 91' lang='lat' dir='ltr'><strong>et</strong></span> <span class='ocrx_word' id='word_1_410' title='bbox 2169 2338 2363 2395; x_wconf 90' lang='lat' dir='ltr'><strong>insula.</strong></span> <span class='ocrx_word' id='word_1_411' title='bbox 2390 2337 2611 2393; x_wconf 81' lang='lat' dir='ltr'><strong>Rhodos</strong></span> <span class='ocrx_word' id='word_1_412' title='bbox 2634 2334 2809 2391; x_wconf 84' lang='lat' dir='ltr'><strong>insula</strong></span> <span class='ocrx_word' id='word_1_413' title='bbox 2835 2333 3125 2405; x_wconf 85' lang='lat' dir='ltr'><strong>Cycladum</strong></span> <span class='ocrx_word' id='word_1_414' title='bbox 3149 2332 3325 2402; x_wconf 89' lang='lat' dir='ltr'><strong>prima</strong></span> <span class='ocrx_word' id='word_1_415' title='bbox 3354 2332 3422 2386; x_wconf 88' lang='lat' dir='ltr'><strong>ab</strong></span> <span class='ocrx_word' id='word_1_416' title='bbox 3447 2330 3684 2395; x_wconf 78' lang='lat' dir='ltr'><strong>oriente,</strong></span> 
     </span>
    </p>
   </div>
   <div class='ocr_carea' id='block_1_54' title="bbox 2092 2422 3686 2501">
    <p class='ocr_par' dir='ltr' id='par_1_54' title="bbox 2092 2422 3686 2501">
     <span class='ocr_line' id='line_1_54' title="bbox 2092 2422 3686 2501; baseline -0.006 -15"><span class='ocrx_word' id='word_1_417' title='bbox 2092 2433 2147 2487; x_wconf 92' lang='lat' dir='ltr'><strong>in</strong></span> <span class='ocrx_word' id='word_1_418' title='bbox 2189 2446 2299 2501; x_wconf 89' lang='lat' dir='ltr'><strong>qua</strong></span> <span class='ocrx_word' id='word_1_419' title='bbox 2346 2444 2485 2485; x_wconf 71' lang='lat' dir='ltr'><strong>rosa:</strong></span> <span class='ocrx_word' id='word_1_420' title='bbox 2523 2427 2816 2498; x_wconf 84' lang='lat' dir='ltr'><strong>capitulum</strong></span> <span class='ocrx_word' id='word_1_421' title='bbox 2842 2426 3042 2482; x_wconf 86' lang='lat' dir='ltr'><strong>dicitur</strong></span> <span class='ocrx_word' id='word_1_422' title='bbox 3069 2439 3193 2481; x_wconf 87' lang='lat' dir='ltr'><strong>esse</strong></span> <span class='ocrx_word' id='word_1_423' title='bbox 3220 2424 3500 2479; x_wconf 86' lang='lat' dir='ltr'><strong>inventum</strong></span> <span class='ocrx_word' id='word_1_424' title='bbox 3549 2422 3686 2477; x_wconf 87' lang='lat' dir='ltr'><strong>dum</strong></span> 
     </span>
    </p>
   </div>
   <div class='ocr_carea' id='block_1_55' title="bbox 2094 2514 3690 2588">
    <p class='ocr_par' dir='ltr' id='par_1_55' title="bbox 2094 2514 3690 2588">
     <span class='ocr_line' id='line_1_55' title="bbox 2094 2514 3690 2588; baseline -0.006 -9"><span class='ocrx_word' id='word_1_425' title='bbox 2094 2526 2167 2580; x_wconf 90' lang='lat' dir='ltr'><strong>ibi</strong></span> <span class='ocrx_word' id='word_1_426' title='bbox 2197 2524 2390 2579; x_wconf 85' lang='lat' dir='ltr'><strong>civitas</strong></span> <span class='ocrx_word' id='word_1_427' title='bbox 2409 2521 2734 2577; x_wconf 84' lang='lat' dir='ltr'><strong>conderetur</strong></span> <span class='ocrx_word' id='word_1_428' title='bbox 2761 2537 2776 2574; x_wconf 90' lang='lat'><strong>:</strong></span> <span class='ocrx_word' id='word_1_429' title='bbox 2806 2533 2875 2574; x_wconf 80' lang='lat' dir='ltr'><strong>ex</strong></span> <span class='ocrx_word' id='word_1_430' title='bbox 2899 2532 3008 2588; x_wconf 91' lang='lat' dir='ltr'><strong>quo</strong></span> <span class='ocrx_word' id='word_1_431' title='bbox 3032 2516 3163 2573; x_wconf 84' lang='lat' dir='ltr'><strong>urbs</strong></span> <span class='ocrx_word' id='word_1_432' title='bbox 3179 2526 3236 2572; x_wconf 90' lang='lat' dir='ltr'><strong>et</strong></span> <span class='ocrx_word' id='word_1_433' title='bbox 3255 2514 3431 2571; x_wconf 86' lang='lat' dir='ltr'><strong>insula</strong></span> <span class='ocrx_word' id='word_1_434' title='bbox 3459 2514 3690 2572; x_wconf 80' lang='lat' dir='ltr'><strong>Rhodos</strong></span> 
     </span>
    </p>
   </div>
   <div class='ocr_carea' id='block_1_56' title="bbox 2092 2607 3757 2687">
    <p class='ocr_par' dir='ltr' id='par_1_56' title="bbox 2092 2607 3757 2687">
     <span class='ocr_line' id='line_1_56' title="bbox 2092 2607 3757 2687; baseline -0.007 -15"><span class='ocrx_word' id='word_1_435' title='bbox 2092 2625 2177 2672; x_wconf 90' lang='lat' dir='ltr'><strong>cst</strong></span> <span class='ocrx_word' id='word_1_436' title='bbox 2203 2615 2490 2687; x_wconf 88' lang='lat' dir='ltr'><strong>appellata.</strong></span> <span class='ocrx_word' id='word_1_437' title='bbox 2531 2612 2587 2668; x_wconf 86' lang='lat' dir='ltr'><strong>in</strong></span> <span class='ocrx_word' id='word_1_438' title='bbox 2626 2614 2730 2668; x_wconf 88' lang='lat' dir='ltr'><strong>hac</strong></span> <span class='ocrx_word' id='word_1_439' title='bbox 2751 2611 2884 2667; x_wconf 91' lang='lat' dir='ltr'><strong>urbe</strong></span> <span class='ocrx_word' id='word_1_440' title='bbox 2922 2612 3051 2667; x_wconf 89' lang='lat' dir='ltr'><strong>solis</strong></span> <span class='ocrx_word' id='word_1_441' title='bbox 3089 2610 3343 2666; x_wconf 88' lang='lat' dir='ltr'><strong>Colossus</strong></span> <span class='ocrx_word' id='word_1_442' title='bbox 3364 2607 3467 2663; x_wconf 90' lang='lat' dir='ltr'><strong>fuit</strong></span> <span class='ocrx_word' id='word_1_443' title='bbox 3481 2621 3689 2673; x_wconf 62' lang='lat' dir='ltr'><strong>atreus,</strong></span> <span class='ocrx_word' id='word_1_444' title='bbox 3748 2662 3757 2669; x_wconf 74' lang='grc'><em>,</em></span> 
     </span>
    </p>
   </div>
   <div class='ocr_carea' id='block_1_57' title="bbox 2093 2701 3691 2783">
    <p class='ocr_par' dir='ltr' id='par_1_57' title="bbox 2093 2701 3691 2783">
     <span class='ocr_line' id='line_1_57' title="bbox 2093 2701 3691 2783; baseline -0.006 -17"><span class='ocrx_word' id='word_1_445' title='bbox 2093 2711 2432 2783; x_wconf 84' lang='lat' dir='ltr'><strong>septuaginta</strong></span> <span class='ocrx_word' id='word_1_446' title='bbox 2483 2707 2787 2764; x_wconf 88' lang='lat' dir='ltr'><strong>cubitorum</strong></span> <span class='ocrx_word' id='word_1_447' title='bbox 2831 2706 3118 2761; x_wconf 88' lang='lat' dir='ltr'><strong>altitudine</strong></span> <span class='ocrx_word' id='word_1_448' title='bbox 3164 2722 3179 2758; x_wconf 91' lang='lat'><strong>:</strong></span> <span class='ocrx_word' id='word_1_449' title='bbox 3234 2702 3456 2759; x_wconf 87' lang='lat' dir='ltr'><strong>fuerunt</strong></span> <span class='ocrx_word' id='word_1_450' title='bbox 3493 2712 3553 2758; x_wconf 89' lang='lat' dir='ltr'><strong>et</strong></span> <span class='ocrx_word' id='word_1_451' title='bbox 3590 2701 3691 2757; x_wconf 86' lang='lat' dir='ltr'><strong>alii</strong></span> 
     </span>
    </p>
   </div>
   <div class='ocr_carea' id='block_1_58' title="bbox 2093 2793 3688 2858">
    <p class='ocr_par' dir='ltr' id='par_1_58' title="bbox 2093 2793 3688 2858">
     <span class='ocr_line' id='line_1_58' title="bbox 2093 2793 3688 2858; baseline -0.008 0"><span class='ocrx_word' id='word_1_452' title='bbox 2093 2810 2312 2858; x_wconf 87' lang='lat' dir='ltr'><strong>centum</strong></span> <span class='ocrx_word' id='word_1_453' title='bbox 2360 2814 2586 2856; x_wconf 89' lang='lat' dir='ltr'><strong>numero</strong></span> <span class='ocrx_word' id='word_1_454' title='bbox 2632 2800 2688 2853; x_wconf 89' lang='lat' dir='ltr'><strong>in</strong></span> <span class='ocrx_word' id='word_1_455' title='bbox 2742 2798 2932 2853; x_wconf 87' lang='lat' dir='ltr'><strong>eadem</strong></span> <span class='ocrx_word' id='word_1_456' title='bbox 2982 2796 3157 2852; x_wconf 89' lang='lat' dir='ltr'><strong>insula</strong></span> <span class='ocrx_word' id='word_1_457' title='bbox 3199 2795 3395 2850; x_wconf 86' lang='lat' dir='ltr'><strong>colossi</strong></span> <span class='ocrx_word' id='word_1_458' title='bbox 3423 2793 3688 2849; x_wconf 83' lang='lat' dir='ltr'><strong>minores.</strong></span> 
     </span>
    </p>
   </div>
   <div class='ocr_carea' id='block_1_59' title="bbox 2094 2885 3690 2960">
    <p class='ocr_par' dir='ltr' id='par_1_59' title="bbox 2094 2885 3690 2960">
     <span class='ocr_line' id='line_1_59' title="bbox 2094 2885 3690 2960; baseline -0.006 -10"><span class='ocrx_word' id='word_1_459' title='bbox 2094 2894 2340 2950; x_wconf 90' lang='lat' dir='ltr'><strong>Tenedos</strong></span> <span class='ocrx_word' id='word_1_460' title='bbox 2367 2892 2558 2958; x_wconf 89' lang='lat' dir='ltr'><strong>insula,</strong></span> <span class='ocrx_word' id='word_1_461' title='bbox 2581 2906 2686 2946; x_wconf 92' lang='lat' dir='ltr'><strong>una</strong></span> <span class='ocrx_word' id='word_1_462' title='bbox 2706 2904 2774 2945; x_wconf 79' lang='lat' dir='ltr'><strong>ex</strong></span> <span class='ocrx_word' id='word_1_463' title='bbox 2794 2888 3141 2960; x_wconf 83' lang='lat' dir='ltr'><strong>Cycladibus,</strong></span> <span class='ocrx_word' id='word_1_464' title='bbox 3163 2887 3233 2942; x_wconf 90' lang='lat' dir='ltr'><strong>ad</strong></span> <span class='ocrx_word' id='word_1_465' title='bbox 3260 2885 3690 2957; x_wconf 84' lang='lat' dir='ltr'><strong>septentrionem</strong></span> 
     </span>
    </p>
   </div>
   <div class='ocr_carea' id='block_1_60' title="bbox 2095 2979 3693 3054">
    <p class='ocr_par' dir='ltr' id='par_1_60' title="bbox 2095 2979 3693 3054">
     <span class='ocr_line' id='line_1_60' title="bbox 2095 2979 3693 3054; baseline -0.005 -13"><span class='ocrx_word' id='word_1_466' title='bbox 2095 2987 2234 3051; x_wconf 86' lang='lat' dir='ltr'><strong>sita,</strong></span> <span class='ocrx_word' id='word_1_467' title='bbox 2283 2985 2335 3040; x_wconf 91' lang='lat' dir='ltr'><strong>in</strong></span> <span class='ocrx_word' id='word_1_468' title='bbox 2372 3000 2478 3054; x_wconf 86' lang='lat' dir='ltr'><strong>qua</strong></span> <span class='ocrx_word' id='word_1_469' title='bbox 2517 2985 2647 3039; x_wconf 90' lang='lat' dir='ltr'><strong>olim</strong></span> <span class='ocrx_word' id='word_1_470' title='bbox 2693 2983 2887 3039; x_wconf 86' lang='lat' dir='ltr'><strong>civitas</strong></span> <span class='ocrx_word' id='word_1_471' title='bbox 2928 2996 2959 3036; x_wconf 90' lang='lat' dir='ltr'><strong>a</strong></span> <span class='ocrx_word' id='word_1_472' title='bbox 3005 2980 3154 3035; x_wconf 88' lang='lat' dir='ltr'><strong>Tene</strong></span> <span class='ocrx_word' id='word_1_473' title='bbox 3190 2981 3422 3050; x_wconf 87' lang='lat' dir='ltr'><strong>quodam</strong></span> <span class='ocrx_word' id='word_1_474' title='bbox 3471 2979 3693 3035; x_wconf 89' lang='lat' dir='ltr'><strong>condita</strong></span> 
     </span>
    </p>
   </div>
   <div class='ocr_carea' id='block_1_61' title="bbox 2097 3066 3690 3142">
    <p class='ocr_par' dir='ltr' id='par_1_61' title="bbox 2097 3066 3690 3142">
     <span class='ocr_line' id='line_1_61' title="bbox 2097 3066 3690 3142; baseline -0.006 -12"><span class='ocrx_word' id='word_1_475' title='bbox 2097 3086 2198 3142; x_wconf 86' lang='lat' dir='ltr'><strong>est,</strong></span> <span class='ocrx_word' id='word_1_476' title='bbox 2222 3074 2363 3129; x_wconf 89' lang='lat' dir='ltr'><strong>unde</strong></span> <span class='ocrx_word' id='word_1_477' title='bbox 2385 3083 2441 3129; x_wconf 92' lang='lat' dir='ltr'><strong>et</strong></span> <span class='ocrx_word' id='word_1_478' title='bbox 2460 3072 2656 3129; x_wconf 89' lang='lat' dir='ltr'><strong>nomen</strong></span> <span class='ocrx_word' id='word_1_479' title='bbox 2680 3072 2831 3127; x_wconf 88' lang='lat' dir='ltr'><strong>urbis</strong></span> <span class='ocrx_word' id='word_1_480' title='bbox 2857 3070 3015 3135; x_wconf 92' lang='lat' dir='ltr'><strong>illius,</strong></span> <span class='ocrx_word' id='word_1_481' title='bbox 3042 3071 3127 3125; x_wconf 83' lang='lat' dir='ltr'><strong>vel</strong></span> <span class='ocrx_word' id='word_1_482' title='bbox 3149 3070 3328 3141; x_wconf 90' lang='lat' dir='ltr'><strong>potius</strong></span> <span class='ocrx_word' id='word_1_483' title='bbox 3350 3068 3539 3125; x_wconf 72' lang='lat' dir='ltr'><strong>insula:</strong></span> <span class='ocrx_word' id='word_1_484' title='bbox 3561 3066 3690 3122; x_wconf 79' lang='lat' dir='ltr'><strong>fuit.</strong></span> 
     </span>
    </p>
   </div>
   <div class='ocr_carea' id='block_1_62' title="bbox 408 3151 3692 3233">
    <p class='ocr_par' dir='ltr' id='par_1_62' title="bbox 408 3151 3692 3233">
     <span class='ocr_line' id='line_1_62' title="bbox 408 3151 3692 3233; baseline -0.002 -16"><span class='ocrx_word' id='word_1_485' title='bbox 408 3161 520 3217; x_wconf 90' lang='lat' dir='ltr'><strong>talli</strong></span> <span class='ocrx_word' id='word_1_486' title='bbox 536 3159 773 3216; x_wconf 89' lang='lat' dir='ltr'><strong>inventio</strong></span> <span class='ocrx_word' id='word_1_487' title='bbox 793 3167 849 3215; x_wconf 89' lang='lat' dir='ltr'><strong>et</strong></span> <span class='ocrx_word' id='word_1_488' title='bbox 875 3152 1084 3213; x_wconf 84' lang='lat' dir='ltr'><strong>utilitas</strong></span> <span class='ocrx_word' id='word_1_489' title='bbox 1104 3155 1224 3212; x_wconf 88' lang='lat' dir='ltr'><strong>fuit.</strong></span> <span class='ocrx_word' id='word_1_490' title='bbox 1250 3156 1378 3213; x_wconf 64' lang='lat' dir='ltr'><strong>llaec</strong></span> <span class='ocrx_word' id='word_1_491' title='bbox 1399 3166 1580 3214; x_wconf 89' lang='lat' dir='ltr'><strong>autem</strong></span> <span class='ocrx_word' id='word_1_492' title='bbox 1606 3158 1992 3231; x_wconf 88' lang='lat' dir='ltr'><strong>interpretatur</strong></span> <span class='ocrx_word' id='word_1_493' title='bbox 2019 3151 2064 3212; x_wconf 84' lang='lat' dir='ltr'><strong>C</strong></span> <span class='ocrx_word' id='word_1_494' title='bbox 2097 3165 2230 3221; x_wconf 71' lang='lat' dir='ltr'><strong>Nam</strong></span> <span class='ocrx_word' id='word_1_495' title='bbox 2270 3166 2447 3220; x_wconf 89' lang='lat' dir='ltr'><strong>Tenes</strong></span> <span class='ocrx_word' id='word_1_496' title='bbox 2484 3165 2587 3219; x_wconf 84' lang='lat' dir='ltr'><strong>iste</strong></span> <span class='ocrx_word' id='word_1_497' title='bbox 2630 3164 2949 3228; x_wconf 87' lang='lat' dir='ltr'><strong>infamatus,</strong></span> <span class='ocrx_word' id='word_1_498' title='bbox 2986 3163 3132 3233; x_wconf 88' lang='lat' dir='ltr'><strong>quod</strong></span> <span class='ocrx_word' id='word_1_499' title='bbox 3160 3177 3284 3218; x_wconf 90' lang='lat' dir='ltr'><strong>cum</strong></span> <span class='ocrx_word' id='word_1_500' title='bbox 3324 3175 3554 3217; x_wconf 85' lang='lat' dir='ltr'><strong>noverca</strong></span> <span class='ocrx_word' id='word_1_501' title='bbox 3590 3174 3692 3214; x_wconf 86' lang='lat' dir='ltr'><strong>sua</strong></span> 
     </span>
    </p>
   </div>
   <div class='ocr_carea' id='block_1_63' title="bbox 409 3247 1998 3321">
    <p class='ocr_par' dir='ltr' id='par_1_63' title="bbox 409 3247 1998 3321">
     <span class='ocr_line' id='line_1_63' title="bbox 409 3247 1998 3321; baseline -0.004 -16"><span class='ocrx_word' id='word_1_502' title='bbox 409 3253 575 3307; x_wconf 73' lang='lat' dir='ltr'><strong>tristis</strong></span> <span class='ocrx_word' id='word_1_503' title='bbox 610 3259 706 3306; x_wconf 87' lang='lat' dir='ltr'><strong>aut</strong></span> <span class='ocrx_word' id='word_1_504' title='bbox 747 3266 956 3304; x_wconf 82' lang='lat' dir='ltr'><strong>maeror.</strong></span> <span class='ocrx_word' id='word_1_505' title='bbox 981 3249 1143 3305; x_wconf 87' lang='lat' dir='ltr'><strong>Creta</strong></span> <span class='ocrx_word' id='word_1_506' title='bbox 1168 3247 1393 3304; x_wconf 70' lang='lat' dir='ltr'><strong>Grrccim</strong></span> <span class='ocrx_word' id='word_1_507' title='bbox 1419 3248 1594 3306; x_wconf 89' lang='lat' dir='ltr'><strong>insula</strong></span> <span class='ocrx_word' id='word_1_508' title='bbox 1622 3266 1749 3321; x_wconf 88' lang='lat' dir='ltr'><strong>pars</strong></span> <span class='ocrx_word' id='word_1_509' title='bbox 1769 3263 1853 3309; x_wconf 92' lang='lat' dir='ltr'><strong>est</strong></span> <span class='ocrx_word' id='word_1_510' title='bbox 1884 3271 1998 3311; x_wconf 87' lang='lat' dir='ltr'><strong>ver.</strong></span> 
     </span>
    </p>
   </div>
   <div class='ocr_carea' id='block_1_64' title="bbox 413 3339 1995 3413">
    <p class='ocr_par' dir='ltr' id='par_1_64' title="bbox 413 3339 1995 3413">
     <span class='ocr_line' id='line_1_64' title="bbox 413 3339 1995 3413; baseline 0.003 -15"><span class='ocrx_word' id='word_1_511' title='bbox 413 3359 544 3412; x_wconf 90' lang='lat' dir='ltr'><strong>gens</strong></span> <span class='ocrx_word' id='word_1_512' title='bbox 569 3342 623 3396; x_wconf 92' lang='lat' dir='ltr'><strong>in</strong></span> <span class='ocrx_word' id='word_1_513' title='bbox 651 3341 1098 3410; x_wconf 89' lang='lat' dir='ltr'><strong>Peloponnesum.</strong></span> <span class='ocrx_word' id='word_1_514' title='bbox 1129 3339 1253 3394; x_wconf 72' lang='lat' dir='ltr'><strong>Haec</strong></span> <span class='ocrx_word' id='word_1_515' title='bbox 1279 3341 1511 3409; x_wconf 89' lang='lat' dir='ltr'><strong>primum</strong></span> <span class='ocrx_word' id='word_1_516' title='bbox 1536 3356 1566 3394; x_wconf 91' lang='lat' dir='ltr'><strong>a</strong></span> <span class='ocrx_word' id='word_1_517' title='bbox 1595 3345 1854 3413; x_wconf 89' lang='lat' dir='ltr'><strong>temperie</strong></span> <span class='ocrx_word' id='word_1_518' title='bbox 1873 3347 1995 3402; x_wconf 72' lang='lat' dir='ltr'><strong>cmli</strong></span> 
     </span>
    </p>
   </div>
   <div class='ocr_carea' id='block_1_65' title="bbox 409 3430 1999 3501">
    <p class='ocr_par' dir='ltr' id='par_1_65' title="bbox 409 3430 1999 3501">
     <span class='ocr_line' id='line_1_65' title="bbox 409 3430 1999 3501; baseline 0.001 -13"><span class='ocrx_word' id='word_1_519' title='bbox 409 3432 811 3488; x_wconf 70' lang='lat' dir='ltr'><strong>Marzaronesum</strong></span> <span class='ocrx_word' id='word_1_520' title='bbox 854 3431 1118 3501; x_wconf 85' lang='lat' dir='ltr'><strong>appellata</strong></span> <span class='ocrx_word' id='word_1_521' title='bbox 1160 3438 1245 3485; x_wconf 91' lang='lat' dir='ltr'><strong>cst</strong></span> <span class='ocrx_word' id='word_1_522' title='bbox 1278 3449 1291 3484; x_wconf 86' lang='lat'><strong>:</strong></span> <span class='ocrx_word' id='word_1_523' title='bbox 1324 3430 1517 3486; x_wconf 88' lang='lat' dir='ltr'><strong>deinde</strong></span> <span class='ocrx_word' id='word_1_524' title='bbox 1566 3430 1727 3488; x_wconf 85' lang='lat' dir='ltr'><strong>Creta</strong></span> <span class='ocrx_word' id='word_1_525' title='bbox 1773 3435 1914 3489; x_wconf 90' lang='lat' dir='ltr'><strong>dicta</strong></span> <span class='ocrx_word' id='word_1_526' title='bbox 1966 3453 1999 3491; x_wconf 90' lang='lat' dir='ltr'><strong>a</strong></span> 
     </span>
    </p>
   </div>
   <div class='ocr_carea' id='block_1_66' title="bbox 396 3523 2000 3594">
    <p class='ocr_par' dir='ltr' id='par_1_66' title="bbox 396 3523 2000 3594">
     <span class='ocr_line' id='line_1_66' title="bbox 396 3523 2000 3594; baseline 0.004 -17"><span class='ocrx_word' id='word_1_527' title='bbox 396 3523 570 3581; x_wconf 84' lang='lat' dir='ltr'><strong>.Crete</strong></span> <span class='ocrx_word' id='word_1_528' title='bbox 601 3524 833 3593; x_wconf 91' lang='lat' dir='ltr'><strong>quodam</strong></span> <span class='ocrx_word' id='word_1_529' title='bbox 876 3524 1155 3594; x_wconf 89' lang='lat' dir='ltr'><strong>indigena,</strong></span> <span class='ocrx_word' id='word_1_530' title='bbox 1188 3537 1348 3593; x_wconf 85' lang='lat' dir='ltr'><strong>quem</strong></span> <span class='ocrx_word' id='word_1_531' title='bbox 1376 3523 1528 3579; x_wconf 88' lang='lat' dir='ltr'><strong>aiunt</strong></span> <span class='ocrx_word' id='word_1_532' title='bbox 1554 3539 1718 3580; x_wconf 85' lang='lat' dir='ltr'><strong>unum</strong></span> <span class='ocrx_word' id='word_1_533' title='bbox 1744 3525 2000 3583; x_wconf 90' lang='lat' dir='ltr'><strong>Curetum</strong></span> 
     </span>
    </p>
   </div>
   <div class='ocr_carea' id='block_1_67' title="bbox 412 3612 2002 3685">
    <p class='ocr_par' dir='ltr' id='par_1_67' title="bbox 412 3612 2002 3685">
     <span class='ocr_line' id='line_1_67' title="bbox 412 3612 2002 3685; baseline 0.001 -15"><span class='ocrx_word' id='word_1_534' title='bbox 412 3614 597 3680; x_wconf 87' lang='lat' dir='ltr'><strong>fuisse,</strong></span> <span class='ocrx_word' id='word_1_535' title='bbox 629 3632 659 3668; x_wconf 89' lang='lat' dir='ltr'><strong>a</strong></span> <span class='ocrx_word' id='word_1_536' title='bbox 687 3615 883 3684; x_wconf 88' lang='lat' dir='ltr'><strong>quibus</strong></span> <span class='ocrx_word' id='word_1_537' title='bbox 912 3612 1121 3685; x_wconf 80' lang='lat' dir='ltr'><strong>Jupiter</strong></span> <span class='ocrx_word' id='word_1_538' title='bbox 1164 3613 1237 3668; x_wconf 90' lang='lat' dir='ltr'><strong>ibi</strong></span> <span class='ocrx_word' id='word_1_539' title='bbox 1283 3614 1630 3671; x_wconf 87' lang='lat' dir='ltr'><strong>absconditus</strong></span> <span class='ocrx_word' id='word_1_540' title='bbox 1659 3624 1744 3672; x_wconf 88' lang='lat' dir='ltr'><strong>est</strong></span> <span class='ocrx_word' id='word_1_541' title='bbox 1785 3624 1841 3672; x_wconf 89' lang='lat' dir='ltr'><strong>et</strong></span> <span class='ocrx_word' id='word_1_542' title='bbox 1869 3634 2002 3673; x_wconf 88' lang='lat' dir='ltr'><strong>enu-</strong></span> 
     </span>
    </p>
   </div>
   <div class='ocr_carea' id='block_1_68' title="bbox 414 3702 2000 3776">
    <p class='ocr_par' dir='ltr' id='par_1_68' title="bbox 414 3702 2000 3776">
     <span class='ocr_line' id='line_1_68' title="bbox 414 3702 2000 3776; baseline 0.001 -15"><span class='ocrx_word' id='word_1_543' title='bbox 414 3706 594 3776; x_wconf 75' lang='lat' dir='ltr'><strong>tritus.</strong></span> <span class='ocrx_word' id='word_1_544' title='bbox 643 3704 741 3758; x_wconf 88' lang='lat' dir='ltr'><strong>Est</strong></span> <span class='ocrx_word' id='word_1_545' title='bbox 768 3711 947 3757; x_wconf 85' lang='lat' dir='ltr'><strong>autem</strong></span> <span class='ocrx_word' id='word_1_546' title='bbox 977 3703 1150 3757; x_wconf 89' lang='lat' dir='ltr'><strong>insula</strong></span> <span class='ocrx_word' id='word_1_547' title='bbox 1182 3702 1403 3759; x_wconf 68' lang='lat' dir='ltr'><strong>Gneciaa</strong></span> <span class='ocrx_word' id='word_1_548' title='bbox 1428 3704 1569 3759; x_wconf 90' lang='lat' dir='ltr'><strong>inter</strong></span> <span class='ocrx_word' id='word_1_549' title='bbox 1600 3714 1779 3760; x_wconf 89' lang='lat' dir='ltr'><strong>ortum</strong></span> <span class='ocrx_word' id='word_1_550' title='bbox 1818 3715 1873 3762; x_wconf 92' lang='lat' dir='ltr'><strong>et</strong></span> <span class='ocrx_word' id='word_1_551' title='bbox 1906 3723 2000 3762; x_wconf 87' lang='lat' dir='ltr'><strong>oc-</strong></span> 
     </span>
    </p>
   </div>
   <div class='ocr_carea' id='block_1_69' title="bbox 413 3792 2004 3864">
    <p class='ocr_par' dir='ltr' id='par_1_69' title="bbox 413 3792 2004 3864">
     <span class='ocr_line' id='line_1_69' title="bbox 413 3792 2004 3864; baseline -0.001 -14"><span class='ocrx_word' id='word_1_552' title='bbox 413 3808 598 3851; x_wconf 89' lang='lat' dir='ltr'><strong>casum</strong></span> <span class='ocrx_word' id='word_1_553' title='bbox 640 3792 953 3863; x_wconf 83' lang='lat' dir='ltr'><strong>longissimo</strong></span> <span class='ocrx_word' id='word_1_554' title='bbox 1006 3799 1181 3846; x_wconf 88' lang='lat' dir='ltr'><strong>tractu</strong></span> <span class='ocrx_word' id='word_1_555' title='bbox 1221 3801 1471 3863; x_wconf 87' lang='lat' dir='ltr'><strong>porrecta</strong></span> <span class='ocrx_word' id='word_1_556' title='bbox 1499 3834 1514 3859; x_wconf 90' lang='lat'><strong>,</strong></span> <span class='ocrx_word' id='word_1_557' title='bbox 1565 3809 1597 3848; x_wconf 91' lang='lat' dir='ltr'><strong>a</strong></span> <span class='ocrx_word' id='word_1_558' title='bbox 1636 3795 2004 3864; x_wconf 86' lang='lat' dir='ltr'><strong>septentrione</strong></span> 
     </span>
    </p>
   </div>
   <div class='ocr_carea' id='block_1_70' title="bbox 413 3879 2000 3953">
    <p class='ocr_par' dir='ltr' id='par_1_70' title="bbox 413 3879 2000 3953">
     <span class='ocr_line' id='line_1_70' title="bbox 413 3879 2000 3953; baseline -0.002 -13"><span class='ocrx_word' id='word_1_559' title='bbox 413 3884 637 3941; x_wconf 52' lang='lat' dir='ltr'><strong>Graeciae</strong></span> <span class='ocrx_word' id='word_1_560' title='bbox 667 3882 909 3947; x_wconf 68' lang='lat' dir='ltr'><strong>aestibus,</strong></span> <span class='ocrx_word' id='word_1_561' title='bbox 933 3881 1001 3935; x_wconf 90' lang='lat' dir='ltr'><strong>ab</strong></span> <span class='ocrx_word' id='word_1_562' title='bbox 1023 3891 1209 3936; x_wconf 89' lang='lat' dir='ltr'><strong>austro</strong></span> <span class='ocrx_word' id='word_1_563' title='bbox 1242 3879 1514 3953; x_wconf 63' lang='lat' dir='ltr'><strong>Egyptiis</strong></span> <span class='ocrx_word' id='word_1_564' title='bbox 1553 3882 1713 3937; x_wconf 90' lang='lat' dir='ltr'><strong>undis</strong></span> <span class='ocrx_word' id='word_1_565' title='bbox 1740 3881 1958 3952; x_wconf 88' lang='lat' dir='ltr'><strong>perfusa</strong></span> <span class='ocrx_word' id='word_1_566' title='bbox 1987 3901 2000 3937; x_wconf 90' lang='lat'><strong>:</strong></span> 
     </span>
    </p>
   </div>
   <div class='ocr_carea' id='block_1_71' title="bbox 421 3973 2005 4043">
    <p class='ocr_par' dir='ltr' id='par_1_71' title="bbox 421 3973 2005 4043">
     <span class='ocr_line' id='line_1_71' title="bbox 421 3973 2005 4043; baseline 0 -13"><span class='ocrx_word' id='word_1_567' title='bbox 421 3976 526 4031; x_wconf 85' lang='lat' dir='ltr'><strong>fuit</strong></span> <span class='ocrx_word' id='word_1_568' title='bbox 568 3984 748 4029; x_wconf 88' lang='lat' dir='ltr'><strong>autem</strong></span> <span class='ocrx_word' id='word_1_569' title='bbox 783 3973 1055 4043; x_wconf 89' lang='lat' dir='ltr'><strong>quondam</strong></span> <span class='ocrx_word' id='word_1_570' title='bbox 1091 3981 1305 4029; x_wconf 87' lang='lat' dir='ltr'><strong>centum</strong></span> <span class='ocrx_word' id='word_1_571' title='bbox 1342 3973 1564 4029; x_wconf 83' lang='lat' dir='ltr'><strong>urbibus</strong></span> <span class='ocrx_word' id='word_1_572' title='bbox 1600 3973 1815 4040; x_wconf 76' lang='lat' dir='ltr'><strong>nobilis,</strong></span> <span class='ocrx_word' id='word_1_573' title='bbox 1864 3975 2005 4030; x_wconf 82' lang='lat' dir='ltr'><strong>unde</strong></span> 
     </span>
    </p>
   </div>
   <div class='ocr_carea' id='block_1_72' title="bbox 417 4064 2007 4135">
    <p class='ocr_par' dir='ltr' id='par_1_72' title="bbox 417 4064 2007 4135">
     <span class='ocr_line' id='line_1_72' title="bbox 417 4064 2007 4135; baseline 0.001 -14"><span class='ocrx_word' id='word_1_574' title='bbox 417 4076 475 4121; x_wconf 87' lang='lat' dir='ltr'><strong>et</strong></span> <span class='ocrx_word' id='word_1_575' title='bbox 520 4064 920 4135; x_wconf 77' lang='lat' dir='ltr'><strong>Hecatompolis</strong></span> <span class='ocrx_word' id='word_1_576' title='bbox 974 4065 1115 4120; x_wconf 89' lang='lat' dir='ltr'><strong>dicta</strong></span> <span class='ocrx_word' id='word_1_577' title='bbox 1168 4072 1270 4120; x_wconf 87' lang='lat' dir='ltr'><strong>est.</strong></span> <span class='ocrx_word' id='word_1_578' title='bbox 1316 4064 1496 4119; x_wconf 89' lang='lat' dir='ltr'><strong>Prima</strong></span> <span class='ocrx_word' id='word_1_579' title='bbox 1541 4066 1704 4120; x_wconf 89' lang='lat' dir='ltr'><strong>etiam</strong></span> <span class='ocrx_word' id='word_1_580' title='bbox 1746 4066 1911 4122; x_wconf 90' lang='lat' dir='ltr'><strong>remis</strong></span> <span class='ocrx_word' id='word_1_581' title='bbox 1951 4077 2007 4124; x_wconf 87' lang='lat' dir='ltr'><strong>et</strong></span> 
     </span>
    </p>
   </div>
   <div class='ocr_carea' id='block_1_73' title="bbox 419 4156 2007 4231">
    <p class='ocr_par' dir='ltr' id='par_1_73' title="bbox 419 4156 2007 4231">
     <span class='ocr_line' id='line_1_73' title="bbox 419 4156 2007 4231; baseline 0.001 -17"><span class='ocrx_word' id='word_1_582' title='bbox 419 4159 629 4231; x_wconf 83' lang='lat' dir='ltr'><strong>sagittis</strong></span> <span class='ocrx_word' id='word_1_583' title='bbox 663 4158 860 4213; x_wconf 89' lang='lat' dir='ltr'><strong>claruit</strong></span> <span class='ocrx_word' id='word_1_584' title='bbox 887 4175 902 4211; x_wconf 92' lang='lat'><strong>:</strong></span> <span class='ocrx_word' id='word_1_585' title='bbox 929 4157 1102 4228; x_wconf 89' lang='lat' dir='ltr'><strong>prima</strong></span> <span class='ocrx_word' id='word_1_586' title='bbox 1132 4156 1468 4225; x_wconf 84' lang='lat' dir='ltr'><strong>litterisjura</strong></span> <span class='ocrx_word' id='word_1_587' title='bbox 1508 4158 1699 4213; x_wconf 83' lang='lat' dir='ltr'><strong>ﬁnxit:</strong></span> <span class='ocrx_word' id='word_1_588' title='bbox 1725 4169 2007 4228; x_wconf 84' lang='lat' dir='ltr'><strong>equestres</strong></span> 
     </span>
    </p>
   </div>
   <div class='ocr_carea' id='block_1_74' title="bbox 426 4247 2007 4319">
    <p class='ocr_par' dir='ltr' id='par_1_74' title="bbox 426 4247 2007 4319">
     <span class='ocr_line' id='line_1_74' title="bbox 426 4247 2007 4319; baseline 0.002 -17"><span class='ocrx_word' id='word_1_589' title='bbox 426 4258 632 4303; x_wconf 88' lang='lat' dir='ltr'><strong>turmas</strong></span> <span class='ocrx_word' id='word_1_590' title='bbox 675 4248 849 4319; x_wconf 91' lang='lat' dir='ltr'><strong>prima</strong></span> <span class='ocrx_word' id='word_1_591' title='bbox 898 4248 1128 4303; x_wconf 87' lang='lat' dir='ltr'><strong>docuit:</strong></span> <span class='ocrx_word' id='word_1_592' title='bbox 1171 4247 1405 4302; x_wconf 89' lang='lat' dir='ltr'><strong>studium</strong></span> <span class='ocrx_word' id='word_1_593' title='bbox 1456 4249 1718 4304; x_wconf 89' lang='lat' dir='ltr'><strong>musicum</strong></span> <span class='ocrx_word' id='word_1_594' title='bbox 1746 4250 1816 4304; x_wconf 88' lang='lat' dir='ltr'><strong>ab</strong></span> <span class='ocrx_word' id='word_1_595' title='bbox 1857 4250 2007 4306; x_wconf 71' lang='lat' dir='ltr'><strong>idzeis</strong></span> 
     </span>
    </p>
   </div>
   <div class='ocr_carea' id='block_1_75' title="bbox 422 4338 2002 4412">
    <p class='ocr_par' dir='ltr' id='par_1_75' title="bbox 422 4338 2002 4412">
     <span class='ocr_line' id='line_1_75' title="bbox 422 4338 2002 4412; baseline 0.001 -21"><span class='ocrx_word' id='word_1_596' title='bbox 422 4338 650 4409; x_wconf 87' lang='lat' dir='ltr'><strong>dactylis</strong></span> <span class='ocrx_word' id='word_1_597' title='bbox 675 4338 728 4391; x_wconf 91' lang='lat' dir='ltr'><strong>in</strong></span> <span class='ocrx_word' id='word_1_598' title='bbox 760 4352 823 4393; x_wconf 89' lang='lat' dir='ltr'><strong>ea</strong></span> <span class='ocrx_word' id='word_1_599' title='bbox 863 4345 1098 4407; x_wconf 72' lang='lat' dir='ltr'><strong>emptum</strong></span> <span class='ocrx_word' id='word_1_600' title='bbox 1123 4351 1137 4390; x_wconf 92' lang='lat'><strong>:</strong></span> <span class='ocrx_word' id='word_1_601' title='bbox 1168 4338 1345 4406; x_wconf 86' lang='lat' dir='ltr'><strong>capris</strong></span> <span class='ocrx_word' id='word_1_602' title='bbox 1366 4339 1603 4409; x_wconf 86' lang='lat' dir='ltr'><strong>copiosa,</strong></span> <span class='ocrx_word' id='word_1_603' title='bbox 1634 4340 1809 4395; x_wconf 90' lang='lat' dir='ltr'><strong>cervis</strong></span> <span class='ocrx_word' id='word_1_604' title='bbox 1843 4348 1965 4412; x_wconf 88' lang='lat' dir='ltr'><strong>eget</strong></span> <span class='ocrx_word' id='word_1_605' title='bbox 1990 4358 2002 4393; x_wconf 88' lang='lat'>:</span> 
     </span>
    </p>
   </div>
   <div class='ocr_carea' id='block_1_76' title="bbox 423 4427 2009 4503">
    <p class='ocr_par' dir='ltr' id='par_1_76' title="bbox 423 4427 2009 4503">
     <span class='ocr_line' id='line_1_76' title="bbox 423 4427 2009 4503; baseline 0.003 -23"><span class='ocrx_word' id='word_1_606' title='bbox 423 4428 576 4496; x_wconf 87' lang='lat' dir='ltr'><strong>lupos</strong></span> <span class='ocrx_word' id='word_1_607' title='bbox 601 4437 656 4482; x_wconf 88' lang='lat' dir='ltr'><strong>et</strong></span> <span class='ocrx_word' id='word_1_608' title='bbox 694 4427 900 4495; x_wconf 85' lang='lat' dir='ltr'><strong>vulpes,</strong></span> <span class='ocrx_word' id='word_1_609' title='bbox 931 4428 1142 4498; x_wconf 90' lang='lat' dir='ltr'><strong>aliaque</strong></span> <span class='ocrx_word' id='word_1_610' title='bbox 1184 4427 1421 4484; x_wconf 88' lang='lat' dir='ltr'><strong>ferarum</strong></span> <span class='ocrx_word' id='word_1_611' title='bbox 1452 4430 1613 4486; x_wconf 83' lang='lat' dir='ltr'><strong>noxia</strong></span> <span class='ocrx_word' id='word_1_612' title='bbox 1642 4446 1907 4500; x_wconf 82' lang='lat' dir='ltr'><strong>nusquam</strong></span> <span class='ocrx_word' id='word_1_613' title='bbox 1929 4430 2009 4503; x_wconf 89' lang='lat' dir='ltr'><strong>gi-</strong></span> 
     </span>
    </p>
   </div>
   <div class='ocr_carea' id='block_1_77' title="bbox 423 4517 2006 4588">
    <p class='ocr_par' dir='ltr' id='par_1_77' title="bbox 423 4517 2006 4588">
     <span class='ocr_line' id='line_1_77' title="bbox 423 4517 2006 4588; baseline 0.004 -18"><span class='ocrx_word' id='word_1_614' title='bbox 423 4518 566 4587; x_wconf 86' lang='lat' dir='ltr'><strong>gnit:</strong></span> <span class='ocrx_word' id='word_1_615' title='bbox 582 4532 803 4588; x_wconf 88' lang='lat' dir='ltr'><strong>serpens</strong></span> <span class='ocrx_word' id='word_1_616' title='bbox 824 4517 1001 4573; x_wconf 92' lang='lat' dir='ltr'><strong>nullus</strong></span> <span class='ocrx_word' id='word_1_617' title='bbox 1024 4519 1119 4585; x_wconf 89' lang='lat' dir='ltr'><strong>ibi,</strong></span> <span class='ocrx_word' id='word_1_618' title='bbox 1142 4519 1287 4574; x_wconf 88' lang='lat' dir='ltr'><strong>nulla</strong></span> <span class='ocrx_word' id='word_1_619' title='bbox 1314 4528 1530 4586; x_wconf 91' lang='lat' dir='ltr'><strong>noctua,</strong></span> <span class='ocrx_word' id='word_1_620' title='bbox 1548 4530 1604 4575; x_wconf 90' lang='lat' dir='ltr'><strong>et</strong></span> <span class='ocrx_word' id='word_1_621' title='bbox 1628 4522 1674 4576; x_wconf 92' lang='lat' dir='ltr'><strong>si</strong></span> <span class='ocrx_word' id='word_1_622' title='bbox 1701 4521 2006 4587; x_wconf 82' lang='lat' dir='ltr'><strong>invehatur,</strong></span> 
     </span>
    </p>
   </div>
   <div class='ocr_carea' id='block_1_78' title="bbox 425 4607 2011 4680">
    <p class='ocr_par' dir='ltr' id='par_1_78' title="bbox 425 4607 2011 4680">
     <span class='ocr_line' id='line_1_78' title="bbox 425 4607 2011 4680; baseline 0.006 -20"><span class='ocrx_word' id='word_1_623' title='bbox 425 4607 607 4661; x_wconf 86' lang='lat' dir='ltr'><strong>statim</strong></span> <span class='ocrx_word' id='word_1_624' title='bbox 626 4608 906 4662; x_wconf 90' lang='lat' dir='ltr'><strong>emoritur.</strong></span> <span class='ocrx_word' id='word_1_625' title='bbox 934 4609 1109 4680; x_wconf 85' lang='lat' dir='ltr'><strong>Larga</strong></span> <span class='ocrx_word' id='word_1_626' title='bbox 1134 4619 1219 4666; x_wconf 89' lang='lat' dir='ltr'><strong>est</strong></span> <span class='ocrx_word' id='word_1_627' title='bbox 1239 4613 1441 4667; x_wconf 90' lang='lat' dir='ltr'><strong>vitibus</strong></span> <span class='ocrx_word' id='word_1_628' title='bbox 1473 4621 1525 4668; x_wconf 88' lang='lat' dir='ltr'><strong>et</strong></span> <span class='ocrx_word' id='word_1_629' title='bbox 1551 4613 1854 4670; x_wconf 89' lang='lat' dir='ltr'><strong>arboribus.</strong></span> <span class='ocrx_word' id='word_1_630' title='bbox 1887 4613 2011 4669; x_wconf 89' lang='lat' dir='ltr'><strong>Dic-</strong></span> 
     </span>
    </p>
   </div>
   <div class='ocr_carea' id='block_1_79' title="bbox 429 4697 2008 4775">
    <p class='ocr_par' dir='ltr' id='par_1_79' title="bbox 429 4697 2008 4775">
     <span class='ocr_line' id='line_1_79' title="bbox 429 4697 2008 4775; baseline 0.006 -24"><span class='ocrx_word' id='word_1_631' title='bbox 429 4707 645 4752; x_wconf 86' lang='lat' dir='ltr'><strong>tamnus</strong></span> <span class='ocrx_word' id='word_1_632' title='bbox 668 4697 833 4752; x_wconf 90' lang='lat' dir='ltr'><strong>herba</strong></span> <span class='ocrx_word' id='word_1_633' title='bbox 867 4699 920 4753; x_wconf 94' lang='lat' dir='ltr'><strong>in</strong></span> <span class='ocrx_word' id='word_1_634' title='bbox 952 4699 1113 4755; x_wconf 88' lang='lat' dir='ltr'><strong>Creta</strong></span> <span class='ocrx_word' id='word_1_635' title='bbox 1143 4704 1400 4769; x_wconf 88' lang='lat' dir='ltr'><strong>nascitur,</strong></span> <span class='ocrx_word' id='word_1_636' title='bbox 1425 4711 1480 4758; x_wconf 90' lang='lat' dir='ltr'><strong>et</strong></span> <span class='ocrx_word' id='word_1_637' title='bbox 1501 4703 1715 4768; x_wconf 88' lang='lat' dir='ltr'><strong>alimus,</strong></span> <span class='ocrx_word' id='word_1_638' title='bbox 1757 4720 1878 4775; x_wconf 75' lang='lat' dir='ltr'><strong>qum</strong></span> <span class='ocrx_word' id='word_1_639' title='bbox 1911 4706 2008 4760; x_wconf 90' lang='lat' dir='ltr'><strong>ad-</strong></span> 
     </span>
    </p>
   </div>
   <div class='ocr_carea' id='block_1_80' title="bbox 427 4787 2008 4866">
    <p class='ocr_par' dir='ltr' id='par_1_80' title="bbox 427 4787 2008 4866">
     <span class='ocr_line' id='line_1_80' title="bbox 427 4787 2008 4866; baseline 0.004 -22"><span class='ocrx_word' id='word_1_640' title='bbox 427 4802 607 4844; x_wconf 85' lang='lat' dir='ltr'><strong>morsa</strong></span> <span class='ocrx_word' id='word_1_641' title='bbox 661 4787 909 4842; x_wconf 91' lang='lat' dir='ltr'><strong>diurnam</strong></span> <span class='ocrx_word' id='word_1_642' title='bbox 951 4789 1144 4845; x_wconf 83' lang='lat' dir='ltr'><strong>famem</strong></span> <span class='ocrx_word' id='word_1_643' title='bbox 1184 4792 1452 4862; x_wconf 90' lang='lat' dir='ltr'><strong>prohibet,</strong></span> <span class='ocrx_word' id='word_1_644' title='bbox 1494 4795 1789 4866; x_wconf 90' lang='lat' dir='ltr'><strong>phalangos</strong></span> <span class='ocrx_word' id='word_1_645' title='bbox 1829 4806 2008 4853; x_wconf 89' lang='lat' dir='ltr'><strong>autem</strong></span> 
     </span>
    </p>
   </div>
   <div class='ocr_carea' id='block_1_81' title="bbox 428 4873 2012 4959">
    <p class='ocr_par' dir='ltr' id='par_1_81' title="bbox 428 4873 2012 4959">
     <span class='ocr_line' id='line_1_81' title="bbox 428 4873 2012 4959; baseline 0.006 -24"><span class='ocrx_word' id='word_1_646' title='bbox 428 4888 722 4937; x_wconf 87' lang='lat' dir='ltr'><strong>venenatos</strong></span> <span class='ocrx_word' id='word_1_647' title='bbox 743 4880 934 4952; x_wconf 89' lang='lat' dir='ltr'><strong>gignit,</strong></span> <span class='ocrx_word' id='word_1_648' title='bbox 959 4890 1015 4937; x_wconf 91' lang='lat' dir='ltr'><strong>et</strong></span> <span class='ocrx_word' id='word_1_649' title='bbox 1034 4873 1397 4954; x_wconf 81' lang='lat' dir='ltr'><strong>lapidem,qui</strong></span> <span class='ocrx_word' id='word_1_650' title='bbox 1424 4886 1590 4942; x_wconf 62' lang='lat' dir='ltr'><strong>idaeus</strong></span> <span class='ocrx_word' id='word_1_651' title='bbox 1610 4888 1856 4959; x_wconf 88' lang='lat' dir='ltr'><strong>dactylus</strong></span> <span class='ocrx_word' id='word_1_652' title='bbox 1880 4889 2012 4944; x_wconf 90' lang='lat' dir='ltr'><strong>dici-</strong></span> 
     </span>
    </p>
   </div>
   <div class='ocr_carea' id='block_1_82' title="bbox 428 4970 2013 5047">
    <p class='ocr_par' dir='ltr' id='par_1_82' title="bbox 428 4970 2013 5047">
     <span class='ocr_line' id='line_1_82' title="bbox 428 4970 2013 5047; baseline 0.004 -18"><span class='ocrx_word' id='word_1_653' title='bbox 428 4980 537 5029; x_wconf 86' lang='lat' dir='ltr'><strong>tur.</strong></span> <span class='ocrx_word' id='word_1_654' title='bbox 572 4970 742 5042; x_wconf 75' lang='lat' dir='ltr'><strong>ﬂujus</strong></span> <span class='ocrx_word' id='word_1_655' title='bbox 762 4981 940 5027; x_wconf 88' lang='lat' dir='ltr'><strong>autem</strong></span> <span class='ocrx_word' id='word_1_656' title='bbox 973 4973 1293 5028; x_wconf 87' lang='lat' dir='ltr'><strong>vocabulum</strong></span> <span class='ocrx_word' id='word_1_657' title='bbox 1324 4983 1406 5029; x_wconf 91' lang='lat' dir='ltr'><strong>est</strong></span> <span class='ocrx_word' id='word_1_658' title='bbox 1436 4975 1578 5031; x_wconf 89' lang='lat' dir='ltr'><strong>inter</strong></span> <span class='ocrx_word' id='word_1_659' title='bbox 1604 4976 1800 5047; x_wconf 80' lang='lat' dir='ltr'><strong>Syrum</strong></span> <span class='ocrx_word' id='word_1_660' title='bbox 1829 4988 1885 5033; x_wconf 91' lang='lat' dir='ltr'><strong>et</strong></span> <span class='ocrx_word' id='word_1_661' title='bbox 1908 4978 2013 5036; x_wconf 82' lang='lat' dir='ltr'><strong>He-</strong></span> 
     </span>
    </p>
   </div>
   <div class='ocr_carea' id='block_1_83' title="bbox 427 5061 2013 5139">
    <p class='ocr_par' dir='ltr' id='par_1_83' title="bbox 427 5061 2013 5139">
     <span class='ocr_line' id='line_1_83' title="bbox 427 5061 2013 5139; baseline 0.005 -21"><span class='ocrx_word' id='word_1_662' title='bbox 427 5061 653 5118; x_wconf 72' lang='lat' dir='ltr'><strong>brazum.</strong></span> <span class='ocrx_word' id='word_1_663' title='bbox 679 5061 893 5133; x_wconf 81' lang='lat' dir='ltr'><strong>Abydos</strong></span> <span class='ocrx_word' id='word_1_664' title='bbox 914 5062 1087 5117; x_wconf 88' lang='lat' dir='ltr'><strong>insula</strong></span> <span class='ocrx_word' id='word_1_665' title='bbox 1117 5063 1170 5117; x_wconf 91' lang='lat' dir='ltr'><strong>in</strong></span> <span class='ocrx_word' id='word_1_666' title='bbox 1196 5064 1410 5136; x_wconf 83' lang='lat' dir='ltr'><strong>Enmpa</strong></span> <span class='ocrx_word' id='word_1_667' title='bbox 1432 5081 1592 5135; x_wconf 90' lang='lat' dir='ltr'><strong>super</strong></span> <span class='ocrx_word' id='word_1_668' title='bbox 1612 5066 2013 5139; x_wconf 81' lang='lat' dir='ltr'><strong>Hellespontum</strong></span> 
     </span>
    </p>
   </div>
   <div class='ocr_carea' id='block_1_84' title="bbox 428 5155 2016 5227">
    <p class='ocr_par' dir='ltr' id='par_1_84' title="bbox 428 5155 2016 5227">
     <span class='ocr_line' id='line_1_84' title="bbox 428 5155 2016 5227; baseline 0.004 -19"><span class='ocrx_word' id='word_1_669' title='bbox 428 5155 626 5223; x_wconf 89' lang='lat' dir='ltr'><strong>posita,</strong></span> <span class='ocrx_word' id='word_1_670' title='bbox 679 5163 908 5225; x_wconf 87' lang='lat' dir='ltr'><strong>angusto</strong></span> <span class='ocrx_word' id='word_1_671' title='bbox 966 5161 1022 5209; x_wconf 87' lang='lat' dir='ltr'><strong>et</strong></span> <span class='ocrx_word' id='word_1_672' title='bbox 1080 5155 1381 5224; x_wconf 88' lang='lat' dir='ltr'><strong>periculoso</strong></span> <span class='ocrx_word' id='word_1_673' title='bbox 1433 5157 1570 5212; x_wconf 90' lang='lat' dir='ltr'><strong>mari</strong></span> <span class='ocrx_word' id='word_1_674' title='bbox 1619 5168 1904 5227; x_wconf 86' lang='lat' dir='ltr'><strong>separata,</strong></span> <span class='ocrx_word' id='word_1_675' title='bbox 1960 5169 2016 5216; x_wconf 88' lang='lat' dir='ltr'><strong>et</strong></span> 
     </span>
    </p>
   </div>
   <div class='ocr_carea' id='block_1_85' title="bbox 429 5242 2016 5321">
    <p class='ocr_par' dir='ltr' id='par_1_85' title="bbox 429 5242 2016 5321">
     <span class='ocr_line' id='line_1_85' title="bbox 429 5242 2016 5321; baseline 0.006 -24"><span class='ocrx_word' id='word_1_676' title='bbox 429 5242 646 5313; x_wconf 80' lang='lat' dir='ltr'><strong>Abydos</strong></span> <span class='ocrx_word' id='word_1_677' title='bbox 673 5242 858 5300; x_wconf 76' lang='lat' dir='ltr'><strong>Grzece</strong></span> <span class='ocrx_word' id='word_1_678' title='bbox 895 5244 1056 5309; x_wconf 89' lang='lat' dir='ltr'><strong>dicta,</strong></span> <span class='ocrx_word' id='word_1_679' title='bbox 1094 5245 1236 5314; x_wconf 85' lang='lat' dir='ltr'><strong>quod</strong></span> <span class='ocrx_word' id='word_1_680' title='bbox 1280 5246 1352 5300; x_wconf 89' lang='lat' dir='ltr'><strong>sit</strong></span> <span class='ocrx_word' id='word_1_681' title='bbox 1390 5246 1644 5303; x_wconf 86' lang='lat' dir='ltr'><strong>introitus</strong></span> <span class='ocrx_word' id='word_1_682' title='bbox 1687 5247 2016 5321; x_wconf 81' lang='lat' dir='ltr'><strong>Hellesponti</strong></span> 
     </span>
    </p>
   </div>
   <div class='ocr_carea' id='block_1_86' title="bbox 434 5332 2014 5406">
    <p class='ocr_par' dir='ltr' id='par_1_86' title="bbox 434 5332 2014 5406">
     <span class='ocr_line' id='line_1_86' title="bbox 434 5332 2014 5406; baseline 0.009 -23"><span class='ocrx_word' id='word_1_683' title='bbox 434 5332 618 5396; x_wconf 87' lang='lat' dir='ltr'><strong>maris,</strong></span> <span class='ocrx_word' id='word_1_684' title='bbox 648 5333 703 5388; x_wconf 89' lang='lat' dir='ltr'><strong>in</strong></span> <span class='ocrx_word' id='word_1_685' title='bbox 739 5349 845 5405; x_wconf 90' lang='lat' dir='ltr'><strong>quo</strong></span> <span class='ocrx_word' id='word_1_686' title='bbox 867 5333 1075 5389; x_wconf 78' lang='lat' dir='ltr'><strong>Xerxes</strong></span> <span class='ocrx_word' id='word_1_687' title='bbox 1106 5345 1322 5405; x_wconf 89' lang='lat' dir='ltr'><strong>pontem</strong></span> <span class='ocrx_word' id='word_1_688' title='bbox 1357 5350 1424 5391; x_wconf 85' lang='lat' dir='ltr'><strong>cx</strong></span> <span class='ocrx_word' id='word_1_689' title='bbox 1451 5339 1676 5395; x_wconf 88' lang='lat' dir='ltr'><strong>navibus</strong></span> <span class='ocrx_word' id='word_1_690' title='bbox 1700 5339 1846 5406; x_wconf 85' lang='lat' dir='ltr'><strong>fecit,</strong></span> <span class='ocrx_word' id='word_1_691' title='bbox 1879 5350 1935 5397; x_wconf 91' lang='lat' dir='ltr'><strong>et</strong></span> <span class='ocrx_word' id='word_1_692' title='bbox 1959 5342 2014 5397; x_wconf 91' lang='lat' dir='ltr'><strong>in</strong></span> 
     </span>
    </p>
   </div>
   <div class='ocr_carea' id='block_1_87' title="bbox 432 5417 2016 5500">
    <p class='ocr_par' dir='ltr' id='par_1_87' title="bbox 432 5417 2016 5500">
     <span class='ocr_line' id='line_1_87' title="bbox 432 5417 2016 5500; baseline 0.009 -27"><span class='ocrx_word' id='word_1_693' title='bbox 432 5417 694 5477; x_wconf 72' lang='lat' dir='ltr'><strong>Graeciam</strong></span> <span class='ocrx_word' id='word_1_694' title='bbox 741 5424 973 5480; x_wconf 89' lang='lat' dir='ltr'><strong>transiit.</strong></span> <span class='ocrx_word' id='word_1_695' title='bbox 1025 5424 1164 5481; x_wconf 91' lang='lat' dir='ltr'><strong>Coos</strong></span> <span class='ocrx_word' id='word_1_696' title='bbox 1207 5425 1378 5481; x_wconf 90' lang='lat' dir='ltr'><strong>insula</strong></span> <span class='ocrx_word' id='word_1_697' title='bbox 1428 5426 1679 5497; x_wconf 88' lang='lat' dir='ltr'><strong>adjacens</strong></span> <span class='ocrx_word' id='word_1_698' title='bbox 1723 5432 2016 5500; x_wconf 64' lang='lat' dir='ltr'><strong>provincia:</strong></span> 
     </span>
    </p>
   </div>
   <div class='ocr_carea' id='block_1_88' title="bbox 435 5508 2014 5592">
    <p class='ocr_par' dir='ltr' id='par_1_88' title="bbox 435 5508 2014 5592">
     <span class='ocr_line' id='line_1_88' title="bbox 435 5508 2014 5592; baseline 0.011 -29"><span class='ocrx_word' id='word_1_699' title='bbox 435 5508 645 5577; x_wconf 73' lang='lat' dir='ltr'><strong>Atticm,</strong></span> <span class='ocrx_word' id='word_1_700' title='bbox 696 5513 749 5567; x_wconf 90' lang='lat' dir='ltr'><strong>in</strong></span> <span class='ocrx_word' id='word_1_701' title='bbox 791 5530 897 5584; x_wconf 87' lang='lat' dir='ltr'><strong>qua</strong></span> <span class='ocrx_word' id='word_1_702' title='bbox 934 5514 1288 5588; x_wconf 85' lang='lat' dir='ltr'><strong>Hippocrates</strong></span> <span class='ocrx_word' id='word_1_703' title='bbox 1318 5518 1557 5575; x_wconf 85' lang='lat' dir='ltr'><strong>medicus</strong></span> <span class='ocrx_word' id='word_1_704' title='bbox 1580 5530 1741 5576; x_wconf 89' lang='lat' dir='ltr'><strong>natus</strong></span> <span class='ocrx_word' id='word_1_705' title='bbox 1769 5531 1873 5588; x_wconf 91' lang='lat' dir='ltr'><strong>est,</strong></span> <span class='ocrx_word' id='word_1_706' title='bbox 1892 5538 2014 5592; x_wconf 77' lang='lat' dir='ltr'><strong>qua:</strong></span> 
     </span>
    </p>
   </div>
   <div class='ocr_carea' id='block_1_89' title="bbox 439 5597 2016 5680">
    <p class='ocr_par' dir='ltr' id='par_1_89' title="bbox 439 5597 2016 5680">
     <span class='ocr_line' id='line_1_89' title="bbox 439 5597 2016 5680; baseline 0.011 -29"><span class='ocrx_word' id='word_1_707' title='bbox 439 5597 520 5664; x_wconf 91' lang='lat' dir='ltr'><strong>(ut</strong></span> <span class='ocrx_word' id='word_1_708' title='bbox 562 5598 733 5657; x_wconf 87' lang='lat' dir='ltr'><strong>Varro</strong></span> <span class='ocrx_word' id='word_1_709' title='bbox 779 5606 931 5660; x_wconf 88' lang='lat' dir='ltr'><strong>testis</strong></span> <span class='ocrx_word' id='word_1_710' title='bbox 960 5606 1063 5676; x_wconf 87' lang='lat' dir='ltr'><strong>est)</strong></span> <span class='ocrx_word' id='word_1_711' title='bbox 1110 5617 1229 5664; x_wconf 86' lang='lat' dir='ltr'><strong>arte</strong></span> <span class='ocrx_word' id='word_1_712' title='bbox 1259 5608 1478 5667; x_wconf 88' lang='lat' dir='ltr'><strong>laniﬁcii</strong></span> <span class='ocrx_word' id='word_1_713' title='bbox 1526 5611 1701 5680; x_wconf 88' lang='lat' dir='ltr'><strong>prima</strong></span> <span class='ocrx_word' id='word_1_714' title='bbox 1754 5613 1808 5667; x_wconf 87' lang='lat' dir='ltr'><strong>in</strong></span> <span class='ocrx_word' id='word_1_715' title='bbox 1853 5627 2016 5668; x_wconf 84' lang='lat' dir='ltr'><strong>orna-</strong></span> 
     </span>
    </p>
   </div>
   <div class='ocr_carea' id='block_1_90' title="bbox 440 5691 2014 5772">
    <p class='ocr_par' dir='ltr' id='par_1_90' title="bbox 440 5691 2014 5772">
     <span class='ocr_line' id='line_1_90' title="bbox 440 5691 2014 5772; baseline 0.011 -32"><span class='ocrx_word' id='word_1_716' title='bbox 440 5699 623 5744; x_wconf 85' lang='lat' dir='ltr'><strong>mento</strong></span> <span class='ocrx_word' id='word_1_717' title='bbox 659 5691 977 5750; x_wconf 88' lang='lat' dir='ltr'><strong>feminarum</strong></span> <span class='ocrx_word' id='word_1_718' title='bbox 1020 5697 1289 5752; x_wconf 85' lang='lat' dir='ltr'><strong>inclaruit.</strong></span> <span class='ocrx_word' id='word_1_719' title='bbox 1332 5698 1454 5755; x_wconf 70' lang='lat' dir='ltr'><strong>llzrc</strong></span> <span class='ocrx_word' id='word_1_720' title='bbox 1482 5710 1659 5756; x_wconf 86' lang='lat' dir='ltr'><strong>autem</strong></span> <span class='ocrx_word' id='word_1_721' title='bbox 1698 5702 2014 5772; x_wconf 88' lang='lat' dir='ltr'><strong>interpreta-</strong></span> 
     </span>
    </p>
   </div>
   <div class='ocr_carea' id='block_1_91' title="bbox 2099 3250 3697 3325">
    <p class='ocr_par' dir='ltr' id='par_1_91' title="bbox 2099 3250 3697 3325">
     <span class='ocr_line' id='line_1_91' title="bbox 2099 3250 3697 3325; baseline -0.005 -14"><span class='ocrx_word' id='word_1_722' title='bbox 2099 3255 2501 3320; x_wconf 89' lang='lat' dir='ltr'><strong>concubuisset,</strong></span> <span class='ocrx_word' id='word_1_723' title='bbox 2535 3263 2590 3309; x_wconf 92' lang='lat' dir='ltr'><strong>et</strong></span> <span class='ocrx_word' id='word_1_724' title='bbox 2617 3253 2828 3325; x_wconf 86' lang='lat' dir='ltr'><strong>fugiens</strong></span> <span class='ocrx_word' id='word_1_725' title='bbox 2877 3254 2930 3308; x_wconf 93' lang='lat' dir='ltr'><strong>in</strong></span> <span class='ocrx_word' id='word_1_726' title='bbox 2972 3254 3113 3307; x_wconf 78' lang='lat' dir='ltr'><strong>hanc</strong></span> <span class='ocrx_word' id='word_1_727' title='bbox 3160 3250 3413 3315; x_wconf 89' lang='lat' dir='ltr'><strong>insulam,</strong></span> <span class='ocrx_word' id='word_1_728' title='bbox 3460 3262 3697 3303; x_wconf 82' lang='lat' dir='ltr'><strong>vacuam</strong></span> 
     </span>
    </p>
   </div>
   <div class='ocr_carea' id='block_1_92' title="bbox 2098 3338 3697 3410">
    <p class='ocr_par' dir='ltr' id='par_1_92' title="bbox 2098 3338 3697 3410">
     <span class='ocr_line' id='line_1_92' title="bbox 2098 3338 3697 3410; baseline -0.006 -7"><span class='ocrx_word' id='word_1_729' title='bbox 2098 3347 2402 3404; x_wconf 86' lang='lat' dir='ltr'><strong>cultoribus</strong></span> <span class='ocrx_word' id='word_1_730' title='bbox 2445 3345 2700 3410; x_wconf 91' lang='lat' dir='ltr'><strong>obtinuit,</strong></span> <span class='ocrx_word' id='word_1_731' title='bbox 2732 3344 2873 3399; x_wconf 91' lang='lat' dir='ltr'><strong>unde</strong></span> <span class='ocrx_word' id='word_1_732' title='bbox 2912 3351 2968 3398; x_wconf 90' lang='lat' dir='ltr'><strong>et</strong></span> <span class='ocrx_word' id='word_1_733' title='bbox 2999 3342 3244 3400; x_wconf 85' lang='lat' dir='ltr'><strong>Tenedos</strong></span> <span class='ocrx_word' id='word_1_734' title='bbox 3276 3341 3417 3396; x_wconf 88' lang='lat' dir='ltr'><strong>dicta</strong></span> <span class='ocrx_word' id='word_1_735' title='bbox 3446 3347 3550 3395; x_wconf 88' lang='lat' dir='ltr'><strong>est.</strong></span> <span class='ocrx_word' id='word_1_736' title='bbox 3599 3338 3697 3395; x_wconf 88' lang='lat' dir='ltr'><strong>Sic</strong></span> 
     </span>
    </p>
   </div>
   <div class='ocr_carea' id='block_1_93' title="bbox 2099 3429 3698 3506">
    <p class='ocr_par' dir='ltr' id='par_1_93' title="bbox 2099 3429 3698 3506">
     <span class='ocr_line' id='line_1_93' title="bbox 2099 3429 3698 3506; baseline -0.006 -13"><span class='ocrx_word' id='word_1_737' title='bbox 2099 3438 2323 3494; x_wconf 90' lang='lat' dir='ltr'><strong>Cicero:</strong></span> <span class='ocrx_word' id='word_1_738' title='bbox 2352 3435 2545 3490; x_wconf 80' lang='lat' dir='ltr'><strong>Tenent</strong></span> <span class='ocrx_word' id='word_1_739' title='bbox 2574 3436 2748 3506; x_wconf 71' lang='lat' dir='ltr'><strong>ipsum</strong></span> <span class='ocrx_word' id='word_1_740' title='bbox 2789 3434 2943 3504; x_wconf 76' lang='lat' dir='ltr'><strong>cuqu</strong></span> <span class='ocrx_word' id='word_1_741' title='bbox 2984 3449 3049 3488; x_wconf 76' lang='lat' dir='ltr'><strong>ea;</strong></span> <span class='ocrx_word' id='word_1_742' title='bbox 3087 3432 3294 3486; x_wconf 70' lang='lat' dir='ltr'><strong>nomine</strong></span> <span class='ocrx_word' id='word_1_743' title='bbox 3329 3429 3561 3485; x_wconf 75' lang='lat' dir='ltr'><strong>Tenedos</strong></span> <span class='ocrx_word' id='word_1_744' title='bbox 3592 3447 3698 3484; x_wconf 80' lang='lat' dir='ltr'><strong>no-</strong></span> 
     </span>
    </p>
   </div>
   <div class='ocr_carea' id='block_1_94' title="bbox 2100 3521 3697 3597">
    <p class='ocr_par' dir='ltr' id='par_1_94' title="bbox 2100 3521 3697 3597">
     <span class='ocr_line' id='line_1_94' title="bbox 2100 3521 3697 3597; baseline -0.004 -15"><span class='ocrx_word' id='word_1_745' title='bbox 2100 3529 2350 3582; x_wconf 83' lang='lat' dir='ltr'><strong>minatur.</strong></span> <span class='ocrx_word' id='word_1_746' title='bbox 2382 3525 2685 3597; x_wconf 89' lang='lat' dir='ltr'><strong>Carpathos</strong></span> <span class='ocrx_word' id='word_1_747' title='bbox 2715 3523 2912 3590; x_wconf 85' lang='lat' dir='ltr'><strong>insula,</strong></span> <span class='ocrx_word' id='word_1_748' title='bbox 2936 3539 3040 3577; x_wconf 88' lang='lat' dir='ltr'><strong>una</strong></span> <span class='ocrx_word' id='word_1_749' title='bbox 3071 3537 3136 3577; x_wconf 78' lang='lat' dir='ltr'><strong>ex</strong></span> <span class='ocrx_word' id='word_1_750' title='bbox 3157 3521 3498 3594; x_wconf 88' lang='lat' dir='ltr'><strong>Cycladibus,</strong></span> <span class='ocrx_word' id='word_1_751' title='bbox 3523 3533 3555 3573; x_wconf 89' lang='lat' dir='ltr'><strong>a</strong></span> <span class='ocrx_word' id='word_1_752' title='bbox 3578 3534 3697 3575; x_wconf 85' lang='lat' dir='ltr'><strong>me—</strong></span> 
     </span>
    </p>
   </div>
   <div class='ocr_carea' id='block_1_95' title="bbox 2102 3604 3699 3685">
    <p class='ocr_par' dir='ltr' id='par_1_95' title="bbox 2102 3604 3699 3685">
     <span class='ocr_line' id='line_1_95' title="bbox 2102 3604 3699 3685; baseline -0.004 -16"><span class='ocrx_word' id='word_1_753' title='bbox 2102 3615 2238 3670; x_wconf 91' lang='lat' dir='ltr'><strong>ridie</strong></span> <span class='ocrx_word' id='word_1_754' title='bbox 2283 3613 2454 3685; x_wconf 88' lang='lat' dir='ltr'><strong>posita</strong></span> <span class='ocrx_word' id='word_1_755' title='bbox 2493 3604 2548 3667; x_wconf 84' lang='lat' dir='ltr'><strong>in</strong></span> <span class='ocrx_word' id='word_1_756' title='bbox 2587 3612 2906 3685; x_wconf 63' lang='lat' dir='ltr'><strong>Egyptum,</strong></span> <span class='ocrx_word' id='word_1_757' title='bbox 2947 3628 2979 3665; x_wconf 89' lang='lat' dir='ltr'><strong>a</strong></span> <span class='ocrx_word' id='word_1_758' title='bbox 3017 3625 3126 3681; x_wconf 90' lang='lat' dir='ltr'><strong>qua</strong></span> <span class='ocrx_word' id='word_1_759' title='bbox 3164 3609 3511 3680; x_wconf 89' lang='lat' dir='ltr'><strong>Carpathium</strong></span> <span class='ocrx_word' id='word_1_760' title='bbox 3542 3623 3699 3663; x_wconf 88' lang='lat' dir='ltr'><strong>mare</strong></span> 
     </span>
    </p>
   </div>
   <div class='ocr_carea' id='block_1_96' title="bbox 2102 3696 3698 3773">
    <p class='ocr_par' dir='ltr' id='par_1_96' title="bbox 2102 3696 3698 3773">
     <span class='ocr_line' id='line_1_96' title="bbox 2102 3696 3698 3773; baseline -0.005 -16"><span class='ocrx_word' id='word_1_761' title='bbox 2102 3702 2427 3773; x_wconf 81' lang='lat' dir='ltr'><strong>appellatum</strong></span> <span class='ocrx_word' id='word_1_762' title='bbox 2450 3712 2557 3768; x_wconf 90' lang='lat' dir='ltr'><strong>est,</strong></span> <span class='ocrx_word' id='word_1_763' title='bbox 2586 3711 2777 3757; x_wconf 87' lang='lat' dir='ltr'><strong>vocata</strong></span> <span class='ocrx_word' id='word_1_764' title='bbox 2808 3710 2891 3756; x_wconf 89' lang='lat' dir='ltr'><strong>est</strong></span> <span class='ocrx_word' id='word_1_765' title='bbox 2917 3710 3140 3770; x_wconf 90' lang='lat' dir='ltr'><strong>propter</strong></span> <span class='ocrx_word' id='word_1_766' title='bbox 3163 3698 3393 3754; x_wconf 91' lang='lat' dir='ltr'><strong>celerem</strong></span> <span class='ocrx_word' id='word_1_767' title='bbox 3420 3696 3698 3751; x_wconf 89' lang='lat' dir='ltr'><strong>fructuum</strong></span> 
     </span>
    </p>
   </div>
   <div class='ocr_carea' id='block_1_97' title="bbox 2103 3786 3694 3862">
    <p class='ocr_par' dir='ltr' id='par_1_97' title="bbox 2103 3786 3694 3862">
     <span class='ocr_line' id='line_1_97' title="bbox 2103 3786 3694 3862; baseline -0.005 -14"><span class='ocrx_word' id='word_1_768' title='bbox 2103 3795 2495 3849; x_wconf 86' lang='lat' dir='ltr'><strong>maturitatem.</strong></span> <span class='ocrx_word' id='word_1_769' title='bbox 2540 3793 2637 3848; x_wconf 84' lang='lat' dir='ltr'><strong>Est</strong></span> <span class='ocrx_word' id='word_1_770' title='bbox 2677 3793 2822 3848; x_wconf 87' lang='lat' dir='ltr'><strong>enim</strong></span> <span class='ocrx_word' id='word_1_771' title='bbox 2854 3793 2998 3847; x_wconf 89' lang='lat' dir='ltr'><strong>inter</strong></span> <span class='ocrx_word' id='word_1_772' title='bbox 3023 3791 3319 3862; x_wconf 67' lang='lat' dir='ltr'><strong>Egyptum</strong></span> <span class='ocrx_word' id='word_1_773' title='bbox 3341 3798 3398 3845; x_wconf 89' lang='lat' dir='ltr'><strong>et</strong></span> <span class='ocrx_word' id='word_1_774' title='bbox 3421 3786 3694 3843; x_wconf 81' lang='lat' dir='ltr'><strong>Rhodum.</strong></span> 
     </span>
    </p>
   </div>
   <div class='ocr_carea' id='block_1_98' title="bbox 2105 3882 3699 3951">
    <p class='ocr_par' dir='ltr' id='par_1_98' title="bbox 2105 3882 3699 3951">
     <span class='ocr_line' id='line_1_98' title="bbox 2105 3882 3699 3951; baseline -0.006 -11"><span class='ocrx_word' id='word_1_775' title='bbox 2105 3886 2184 3940; x_wconf 85' lang='lat' dir='ltr'><strong>Ex</strong></span> <span class='ocrx_word' id='word_1_776' title='bbox 2208 3886 2309 3939; x_wconf 91' lang='lat' dir='ltr'><strong>hac</strong></span> <span class='ocrx_word' id='word_1_777' title='bbox 2336 3883 2510 3939; x_wconf 85' lang='lat' dir='ltr'><strong>insula</strong></span> <span class='ocrx_word' id='word_1_778' title='bbox 2538 3884 2794 3938; x_wconf 90' lang='lat' dir='ltr'><strong>dicuntur</strong></span> <span class='ocrx_word' id='word_1_779' title='bbox 2821 3892 2878 3938; x_wconf 91' lang='lat' dir='ltr'><strong>et</strong></span> <span class='ocrx_word' id='word_1_780' title='bbox 2900 3882 3193 3951; x_wconf 72' lang='lat' dir='ltr'><strong>carpathia:</strong></span> <span class='ocrx_word' id='word_1_781' title='bbox 3212 3894 3377 3935; x_wconf 87' lang='lat' dir='ltr'><strong>naves</strong></span> <span class='ocrx_word' id='word_1_782' title='bbox 3404 3890 3617 3947; x_wconf 70' lang='lat' dir='ltr'><strong>magna:</strong></span> <span class='ocrx_word' id='word_1_783' title='bbox 3640 3885 3699 3930; x_wconf 88' lang='lat' dir='ltr'><strong>et</strong></span> 
     </span>
    </p>
   </div>
   <div class='ocr_carea' id='block_1_99' title="bbox 2105 3968 3700 4046">
    <p class='ocr_par' dir='ltr' id='par_1_99' title="bbox 2105 3968 3700 4046">
     <span class='ocr_line' id='line_1_99' title="bbox 2105 3968 3700 4046; baseline -0.005 -17"><span class='ocrx_word' id='word_1_784' title='bbox 2105 3975 2375 4046; x_wconf 67' lang='lat' dir='ltr'><strong>spatiosae.</strong></span> <span class='ocrx_word' id='word_1_785' title='bbox 2399 3972 2670 4044; x_wconf 86' lang='lat' dir='ltr'><strong>Cytherea</strong></span> <span class='ocrx_word' id='word_1_786' title='bbox 2692 3972 2889 4039; x_wconf 86' lang='lat' dir='ltr'><strong>insula,</strong></span> <span class='ocrx_word' id='word_1_787' title='bbox 2905 3987 3013 4027; x_wconf 90' lang='lat' dir='ltr'><strong>una</strong></span> <span class='ocrx_word' id='word_1_788' title='bbox 3031 3986 3099 4027; x_wconf 77' lang='lat' dir='ltr'><strong>ex</strong></span> <span class='ocrx_word' id='word_1_789' title='bbox 3120 3968 3462 4042; x_wconf 85' lang='lat' dir='ltr'><strong>Cycladibus,</strong></span> <span class='ocrx_word' id='word_1_790' title='bbox 3490 3982 3520 4021; x_wconf 87' lang='lat' dir='ltr'><strong>a</strong></span> <span class='ocrx_word' id='word_1_791' title='bbox 3541 3976 3700 4038; x_wconf 84' lang='lat' dir='ltr'><strong>parte</strong></span> 
     </span>
    </p>
   </div>
   <div class='ocr_carea' id='block_1_100' title="bbox 2105 4061 3699 4137">
    <p class='ocr_par' dir='ltr' id='par_1_100' title="bbox 2105 4061 3699 4137">
     <span class='ocr_line' id='line_1_100' title="bbox 2105 4061 3699 4137; baseline -0.006 -12"><span class='ocrx_word' id='word_1_792' title='bbox 2105 4065 2327 4124; x_wconf 81' lang='lat' dir='ltr'><strong>occidua</strong></span> <span class='ocrx_word' id='word_1_793' title='bbox 2348 4066 2469 4130; x_wconf 85' lang='lat' dir='ltr'><strong>sita,</strong></span> <span class='ocrx_word' id='word_1_794' title='bbox 2490 4065 2645 4136; x_wconf 91' lang='lat' dir='ltr'><strong>cujus</strong></span> <span class='ocrx_word' id='word_1_795' title='bbox 2659 4065 2954 4137; x_wconf 85' lang='lat' dir='ltr'><strong>Porphyris</strong></span> <span class='ocrx_word' id='word_1_796' title='bbox 2973 4074 3132 4120; x_wconf 90' lang='lat' dir='ltr'><strong>antea</strong></span> <span class='ocrx_word' id='word_1_797' title='bbox 3147 4078 3339 4119; x_wconf 88' lang='lat' dir='ltr'><strong>nomen</strong></span> <span class='ocrx_word' id='word_1_798' title='bbox 3362 4062 3482 4117; x_wconf 86' lang='lat' dir='ltr'><strong>fuit.</strong></span> <span class='ocrx_word' id='word_1_799' title='bbox 3495 4061 3699 4134; x_wconf 80' lang='lat' dir='ltr'><strong>Cythe-</strong></span> 
     </span>
    </p>
   </div>
   <div class='ocr_carea' id='block_1_101' title="bbox 2108 4152 3699 4227">
    <p class='ocr_par' dir='ltr' id='par_1_101' title="bbox 2108 4152 3699 4227">
     <span class='ocr_line' id='line_1_101' title="bbox 2108 4152 3699 4227; baseline -0.008 -10"><span class='ocrx_word' id='word_1_800' title='bbox 2108 4175 2203 4218; x_wconf 89' lang='lat' dir='ltr'><strong>rea</strong></span> <span class='ocrx_word' id='word_1_801' title='bbox 2235 4166 2419 4214; x_wconf 87' lang='lat' dir='ltr'><strong>autem</strong></span> <span class='ocrx_word' id='word_1_802' title='bbox 2448 4165 2659 4221; x_wconf 88' lang='lat' dir='ltr'><strong>vocata,</strong></span> <span class='ocrx_word' id='word_1_803' title='bbox 2688 4158 2831 4227; x_wconf 85' lang='lat' dir='ltr'><strong>quod</strong></span> <span class='ocrx_word' id='word_1_804' title='bbox 2860 4157 2931 4212; x_wconf 90' lang='lat' dir='ltr'><strong>ibi</strong></span> <span class='ocrx_word' id='word_1_805' title='bbox 2959 4157 3143 4212; x_wconf 79' lang='lat' dir='ltr'><strong>Venus</strong></span> <span class='ocrx_word' id='word_1_806' title='bbox 3167 4156 3239 4211; x_wconf 90' lang='lat' dir='ltr'><strong>sit</strong></span> <span class='ocrx_word' id='word_1_807' title='bbox 3259 4164 3400 4210; x_wconf 92' lang='lat' dir='ltr'><strong>orta.</strong></span> <span class='ocrx_word' id='word_1_808' title='bbox 3421 4153 3591 4208; x_wconf 83' lang='lat' dir='ltr'><strong>Icaria</strong></span> <span class='ocrx_word' id='word_1_809' title='bbox 3614 4152 3699 4206; x_wconf 90' lang='lat' dir='ltr'><strong>in-</strong></span> 
     </span>
    </p>
   </div>
   <div class='ocr_carea' id='block_1_102' title="bbox 2108 4248 3699 4321">
    <p class='ocr_par' dir='ltr' id='par_1_102' title="bbox 2108 4248 3699 4321">
     <span class='ocr_line' id='line_1_102' title="bbox 2108 4248 3699 4321; baseline -0.004 -13"><span class='ocrx_word' id='word_1_810' title='bbox 2108 4253 2245 4318; x_wconf 87' lang='lat' dir='ltr'><strong>sula,</strong></span> <span class='ocrx_word' id='word_1_811' title='bbox 2286 4265 2395 4306; x_wconf 91' lang='lat' dir='ltr'><strong>una</strong></span> <span class='ocrx_word' id='word_1_812' title='bbox 2444 4250 2511 4304; x_wconf 88' lang='lat' dir='ltr'><strong>de</strong></span> <span class='ocrx_word' id='word_1_813' title='bbox 2553 4249 2895 4321; x_wconf 87' lang='lat' dir='ltr'><strong>Cycladibus,</strong></span> <span class='ocrx_word' id='word_1_814' title='bbox 2937 4265 3061 4320; x_wconf 80' lang='lat' dir='ltr'><strong>quae</strong></span> <span class='ocrx_word' id='word_1_815' title='bbox 3093 4248 3264 4304; x_wconf 87' lang='lat' dir='ltr'><strong>Icario</strong></span> <span class='ocrx_word' id='word_1_816' title='bbox 3311 4248 3449 4303; x_wconf 88' lang='lat' dir='ltr'><strong>mari</strong></span> <span class='ocrx_word' id='word_1_817' title='bbox 3496 4254 3699 4302; x_wconf 82' lang='lat' dir='ltr'><strong>nomen</strong></span> 
     </span>
    </p>
   </div>
   <div class='ocr_carea' id='block_1_103' title="bbox 2109 4336 3698 4409">
    <p class='ocr_par' dir='ltr' id='par_1_103' title="bbox 2109 4336 3698 4409">
     <span class='ocr_line' id='line_1_103' title="bbox 2109 4336 3698 4409; baseline -0.004 -12"><span class='ocrx_word' id='word_1_818' title='bbox 2109 4342 2275 4397; x_wconf 89' lang='lat' dir='ltr'><strong>dedit.</strong></span> <span class='ocrx_word' id='word_1_819' title='bbox 2308 4340 2434 4395; x_wconf 64' lang='lat' dir='ltr'><strong>Haec</strong></span> <span class='ocrx_word' id='word_1_820' title='bbox 2475 4340 2618 4394; x_wconf 90' lang='lat' dir='ltr'><strong>inter</strong></span> <span class='ocrx_word' id='word_1_821' title='bbox 2646 4338 2865 4395; x_wconf 87' lang='lat' dir='ltr'><strong>Samum</strong></span> <span class='ocrx_word' id='word_1_822' title='bbox 2906 4348 2960 4393; x_wconf 92' lang='lat' dir='ltr'><strong>et</strong></span> <span class='ocrx_word' id='word_1_823' title='bbox 3004 4337 3308 4409; x_wconf 74' lang='lat' dir='ltr'><strong>Myconium</strong></span> <span class='ocrx_word' id='word_1_824' title='bbox 3330 4336 3698 4407; x_wconf 81' lang='lat' dir='ltr'><strong>procurrenti-</strong></span> 
     </span>
    </p>
   </div>
   <div class='ocr_carea' id='block_1_104' title="bbox 2110 4433 3695 4505">
    <p class='ocr_par' dir='ltr' id='par_1_104' title="bbox 2110 4433 3695 4505">
     <span class='ocr_line' id='line_1_104' title="bbox 2110 4433 3695 4505; baseline -0.003 -14"><span class='ocrx_word' id='word_1_825' title='bbox 2110 4437 2214 4491; x_wconf 92' lang='lat' dir='ltr'><strong>bus</strong></span> <span class='ocrx_word' id='word_1_826' title='bbox 2241 4436 2389 4491; x_wconf 77' lang='lat' dir='ltr'><strong>saxis</strong></span> <span class='ocrx_word' id='word_1_827' title='bbox 2415 4434 2753 4505; x_wconf 88' lang='lat' dir='ltr'><strong>inhospitalis</strong></span> <span class='ocrx_word' id='word_1_828' title='bbox 2779 4442 2861 4490; x_wconf 89' lang='lat' dir='ltr'><strong>est</strong></span> <span class='ocrx_word' id='word_1_829' title='bbox 2880 4475 2894 4500; x_wconf 93' lang='lat'><strong>,</strong></span> <span class='ocrx_word' id='word_1_830' title='bbox 2920 4440 2975 4489; x_wconf 88' lang='lat' dir='ltr'><strong>et</strong></span> <span class='ocrx_word' id='word_1_831' title='bbox 2996 4433 3156 4490; x_wconf 93' lang='lat' dir='ltr'><strong>nullis</strong></span> <span class='ocrx_word' id='word_1_832' title='bbox 3184 4433 3391 4489; x_wconf 88' lang='lat' dir='ltr'><strong>sinibus</strong></span> <span class='ocrx_word' id='word_1_833' title='bbox 3412 4439 3695 4504; x_wconf 83' lang='lat' dir='ltr'><strong>portuosa.</strong></span> 
     </span>
    </p>
   </div>
   <div class='ocr_carea' id='block_1_105' title="bbox 2115 4523 3699 4596">
    <p class='ocr_par' dir='ltr' id='par_1_105' title="bbox 2115 4523 3699 4596">
     <span class='ocr_line' id='line_1_105' title="bbox 2115 4523 3699 4596; baseline -0.002 -12"><span class='ocrx_word' id='word_1_834' title='bbox 2115 4529 2322 4584; x_wconf 89' lang='lat' dir='ltr'><strong>Dicitur</strong></span> <span class='ocrx_word' id='word_1_835' title='bbox 2340 4538 2518 4583; x_wconf 88' lang='lat' dir='ltr'><strong>autem</strong></span> <span class='ocrx_word' id='word_1_836' title='bbox 2549 4527 2761 4583; x_wconf 89' lang='lat' dir='ltr'><strong>Icarum</strong></span> <span class='ocrx_word' id='word_1_837' title='bbox 2785 4526 3102 4582; x_wconf 84' lang='lat' dir='ltr'><strong>Cretensem</strong></span> <span class='ocrx_word' id='word_1_838' title='bbox 3141 4527 3214 4582; x_wconf 91' lang='lat' dir='ltr'><strong>ibi</strong></span> <span class='ocrx_word' id='word_1_839' title='bbox 3251 4524 3534 4596; x_wconf 79' lang='lat' dir='ltr'><strong>naufragio</strong></span> <span class='ocrx_word' id='word_1_840' title='bbox 3555 4523 3699 4581; x_wconf 75' lang='lat' dir='ltr'><strong>inte-</strong></span> 
     </span>
    </p>
   </div>
   <div class='ocr_carea' id='block_1_106' title="bbox 2113 4613 3693 4687">
    <p class='ocr_par' dir='ltr' id='par_1_106' title="bbox 2113 4613 3693 4687">
     <span class='ocr_line' id='line_1_106' title="bbox 2113 4613 3693 4687; baseline -0.005 -13"><span class='ocrx_word' id='word_1_841' title='bbox 2113 4620 2280 4685; x_wconf 87' lang='lat' dir='ltr'><strong>risse,</strong></span> <span class='ocrx_word' id='word_1_842' title='bbox 2322 4626 2377 4675; x_wconf 84' lang='lat' dir='ltr'><strong>et</strong></span> <span class='ocrx_word' id='word_1_843' title='bbox 2411 4620 2478 4675; x_wconf 86' lang='lat' dir='ltr'><strong>de</strong></span> <span class='ocrx_word' id='word_1_844' title='bbox 2510 4619 2661 4674; x_wconf 81' lang='lat' dir='ltr'><strong>exitu</strong></span> <span class='ocrx_word' id='word_1_845' title='bbox 2701 4618 2935 4673; x_wconf 89' lang='lat' dir='ltr'><strong>hominis</strong></span> <span class='ocrx_word' id='word_1_846' title='bbox 2975 4618 3284 4687; x_wconf 88' lang='lat' dir='ltr'><strong>impositum</strong></span> <span class='ocrx_word' id='word_1_847' title='bbox 3319 4628 3513 4670; x_wconf 86' lang='lat' dir='ltr'><strong>nomen</strong></span> <span class='ocrx_word' id='word_1_848' title='bbox 3551 4613 3693 4668; x_wconf 91' lang='lat' dir='ltr'><strong>loco.</strong></span> 
     </span>
    </p>
   </div>
   <div class='ocr_carea' id='block_1_107' title="bbox 2113 4704 3696 4780">
    <p class='ocr_par' dir='ltr' id='par_1_107' title="bbox 2113 4704 3696 4780">
     <span class='ocr_line' id='line_1_107' title="bbox 2113 4704 3696 4780; baseline -0.004 -17"><span class='ocrx_word' id='word_1_849' title='bbox 2113 4708 2295 4765; x_wconf 77' lang='lat' dir='ltr'><strong>Naxos</strong></span> <span class='ocrx_word' id='word_1_850' title='bbox 2323 4708 2518 4774; x_wconf 89' lang='lat' dir='ltr'><strong>insula,</strong></span> <span class='ocrx_word' id='word_1_851' title='bbox 2547 4716 2672 4763; x_wconf 90' lang='lat' dir='ltr'><strong>ante</strong></span> <span class='ocrx_word' id='word_1_852' title='bbox 2692 4707 2976 4780; x_wconf 88' lang='lat' dir='ltr'><strong>Dionysias</strong></span> <span class='ocrx_word' id='word_1_853' title='bbox 2997 4707 3138 4762; x_wconf 87' lang='lat' dir='ltr'><strong>dicta</strong></span> <span class='ocrx_word' id='word_1_854' title='bbox 3156 4747 3170 4771; x_wconf 95' lang='lat'><strong>,</strong></span> <span class='ocrx_word' id='word_1_855' title='bbox 3202 4706 3357 4776; x_wconf 85' lang='lat' dir='ltr'><strong>quasi</strong></span> <span class='ocrx_word' id='word_1_856' title='bbox 3389 4704 3696 4766; x_wconf 73' lang='lat' dir='ltr'><strong>Dionaxos,</strong></span> 
     </span>
    </p>
   </div>
   <div class='ocr_carea' id='block_1_108' title="bbox 2113 4798 3697 4871">
    <p class='ocr_par' dir='ltr' id='par_1_108' title="bbox 2113 4798 3697 4871">
     <span class='ocr_line' id='line_1_108' title="bbox 2113 4798 3697 4871; baseline -0.004 -17"><span class='ocrx_word' id='word_1_857' title='bbox 2113 4801 2256 4871; x_wconf 88' lang='lat' dir='ltr'><strong>quod</strong></span> <span class='ocrx_word' id='word_1_858' title='bbox 2301 4798 2581 4855; x_wconf 85' lang='lat' dir='ltr'><strong>fertilitate</strong></span> <span class='ocrx_word' id='word_1_859' title='bbox 2620 4798 2808 4853; x_wconf 88' lang='lat' dir='ltr'><strong>vitium</strong></span> <span class='ocrx_word' id='word_1_860' title='bbox 2842 4799 3024 4854; x_wconf 88' lang='lat' dir='ltr'><strong>vincat</strong></span> <span class='ocrx_word' id='word_1_861' title='bbox 3050 4806 3274 4853; x_wconf 69' lang='lat' dir='ltr'><strong>caateras</strong></span> <span class='ocrx_word' id='word_1_862' title='bbox 3300 4816 3313 4850; x_wconf 91' lang='lat'>:</span> <span class='ocrx_word' id='word_1_863' title='bbox 3340 4804 3424 4852; x_wconf 87' lang='lat' dir='ltr'><strong>est</strong></span> <span class='ocrx_word' id='word_1_864' title='bbox 3451 4803 3637 4849; x_wconf 85' lang='lat' dir='ltr'><strong>autem</strong></span> <span class='ocrx_word' id='word_1_865' title='bbox 3664 4808 3697 4846; x_wconf 88' lang='lat' dir='ltr'><strong>a</strong></span> 
     </span>
    </p>
   </div>
   <div class='ocr_carea' id='block_1_109' title="bbox 2115 4887 3696 4960">
    <p class='ocr_par' dir='ltr' id='par_1_109' title="bbox 2115 4887 3696 4960">
     <span class='ocr_line' id='line_1_109' title="bbox 2115 4887 3696 4960; baseline -0.004 -14"><span class='ocrx_word' id='word_1_866' title='bbox 2115 4891 2246 4947; x_wconf 88' lang='lat' dir='ltr'><strong>Delo</strong></span> <span class='ocrx_word' id='word_1_867' title='bbox 2278 4892 2462 4947; x_wconf 83' lang='lat' dir='ltr'><strong>decem</strong></span> <span class='ocrx_word' id='word_1_868' title='bbox 2496 4887 2550 4946; x_wconf 83' lang='lat' dir='ltr'><strong>et</strong></span> <span class='ocrx_word' id='word_1_869' title='bbox 2581 4899 2706 4945; x_wconf 90' lang='lat' dir='ltr'><strong>octo</strong></span> <span class='ocrx_word' id='word_1_870' title='bbox 2732 4888 2897 4945; x_wconf 90' lang='lat' dir='ltr'><strong>millia</strong></span> <span class='ocrx_word' id='word_1_871' title='bbox 2919 4904 3171 4960; x_wconf 89' lang='lat' dir='ltr'><strong>passuum</strong></span> <span class='ocrx_word' id='word_1_872' title='bbox 3203 4897 3469 4960; x_wconf 86' lang='lat' dir='ltr'><strong>separata,</strong></span> <span class='ocrx_word' id='word_1_873' title='bbox 3497 4902 3567 4943; x_wconf 80' lang='lat' dir='ltr'><strong>ex</strong></span> <span class='ocrx_word' id='word_1_874' title='bbox 3590 4901 3696 4957; x_wconf 78' lang='lat' dir='ltr'><strong>qua</strong></span> 
     </span>
    </p>
   </div>
   <div class='ocr_carea' id='block_1_110' title="bbox 2114 4976 3699 5051">
    <p class='ocr_par' dir='ltr' id='par_1_110' title="bbox 2114 4976 3699 5051">
     <span class='ocr_line' id='line_1_110' title="bbox 2114 4976 3699 5051; baseline -0.003 -15"><span class='ocrx_word' id='word_1_875' title='bbox 2114 4980 2241 5036; x_wconf 91' lang='lat' dir='ltr'><strong>olim</strong></span> <span class='ocrx_word' id='word_1_876' title='bbox 2293 4979 2502 5051; x_wconf 79' lang='lat' dir='ltr'><strong>Jupiter</strong></span> <span class='ocrx_word' id='word_1_877' title='bbox 2546 4979 2723 5035; x_wconf 88' lang='lat' dir='ltr'><strong>fertur</strong></span> <span class='ocrx_word' id='word_1_878' title='bbox 2763 4981 3021 5035; x_wconf 90' lang='lat' dir='ltr'><strong>adversus</strong></span> <span class='ocrx_word' id='word_1_879' title='bbox 3061 4979 3283 5035; x_wconf 88' lang='lat' dir='ltr'><strong>Titanas</strong></span> <span class='ocrx_word' id='word_1_880' title='bbox 3322 4979 3489 5034; x_wconf 87' lang='lat' dir='ltr'><strong>fuisse</strong></span> <span class='ocrx_word' id='word_1_881' title='bbox 3514 4976 3699 5047; x_wconf 72' lang='lat' dir='ltr'><strong>profe-</strong></span> 
     </span>
    </p>
   </div>
   <div class='ocr_carea' id='block_1_111' title="bbox 2115 5069 3700 5140">
    <p class='ocr_par' dir='ltr' id='par_1_111' title="bbox 2115 5069 3700 5140">
     <span class='ocr_line' id='line_1_111' title="bbox 2115 5069 3700 5140; baseline -0.004 -14"><span class='ocrx_word' id='word_1_882' title='bbox 2115 5080 2253 5126; x_wconf 88' lang='lat' dir='ltr'><strong>ctus.</strong></span> <span class='ocrx_word' id='word_1_883' title='bbox 2296 5069 2462 5126; x_wconf 80' lang='lat' dir='ltr'><strong>Meles</strong></span> <span class='ocrx_word' id='word_1_884' title='bbox 2509 5070 2685 5125; x_wconf 90' lang='lat' dir='ltr'><strong>insula</strong></span> <span class='ocrx_word' id='word_1_885' title='bbox 2729 5086 2795 5125; x_wconf 80' lang='lat' dir='ltr'><strong>ex</strong></span> <span class='ocrx_word' id='word_1_886' title='bbox 2843 5085 3069 5125; x_wconf 89' lang='lat' dir='ltr'><strong>numero</strong></span> <span class='ocrx_word' id='word_1_887' title='bbox 3096 5069 3405 5140; x_wconf 83' lang='lat' dir='ltr'><strong>Cycladum,</strong></span> <span class='ocrx_word' id='word_1_888' title='bbox 3444 5082 3551 5121; x_wconf 89' lang='lat' dir='ltr'><strong>una</strong></span> <span class='ocrx_word' id='word_1_889' title='bbox 3580 5081 3700 5121; x_wconf 75' lang='lat' dir='ltr'><strong>om-</strong></span> 
     </span>
    </p>
   </div>
   <div class='ocr_carea' id='block_1_112' title="bbox 2117 5161 3692 5228">
    <p class='ocr_par' dir='ltr' id='par_1_112' title="bbox 2117 5161 3692 5228">
     <span class='ocr_line' id='line_1_112' title="bbox 2117 5161 3692 5228; baseline -0.005 -9"><span class='ocrx_word' id='word_1_890' title='bbox 2117 5164 2267 5219; x_wconf 89' lang='lat' dir='ltr'><strong>nium</strong></span> <span class='ocrx_word' id='word_1_891' title='bbox 2310 5163 2607 5218; x_wconf 85' lang='lat' dir='ltr'><strong>insularum</strong></span> <span class='ocrx_word' id='word_1_892' title='bbox 2650 5162 3058 5227; x_wconf 87' lang='lat' dir='ltr'><strong>rotundissima,</strong></span> <span class='ocrx_word' id='word_1_893' title='bbox 3090 5161 3232 5217; x_wconf 88' lang='lat' dir='ltr'><strong>unde</strong></span> <span class='ocrx_word' id='word_1_894' title='bbox 3273 5169 3330 5215; x_wconf 90' lang='lat' dir='ltr'><strong>et</strong></span> <span class='ocrx_word' id='word_1_895' title='bbox 3365 5167 3692 5228; x_wconf 84' lang='lat' dir='ltr'><strong>nuncupata.</strong></span> 
     </span>
    </p>
   </div>
   <div class='ocr_carea' id='block_1_113' title="bbox 2119 5251 3697 5316">
    <p class='ocr_par' dir='ltr' id='par_1_113' title="bbox 2119 5251 3697 5316">
     <span class='ocr_line' id='line_1_113' title="bbox 2119 5251 3697 5316; baseline -0.002 -6"><span class='ocrx_word' id='word_1_896' title='bbox 2119 5254 2357 5310; x_wconf 82' lang='lat' dir='ltr'><strong>Historia</strong></span> <span class='ocrx_word' id='word_1_897' title='bbox 2388 5254 2521 5309; x_wconf 85' lang='lat' dir='ltr'><strong>dicit</strong></span> <span class='ocrx_word' id='word_1_898' title='bbox 2550 5268 2616 5308; x_wconf 77' lang='lat' dir='ltr'><strong>ex</strong></span> <span class='ocrx_word' id='word_1_899' title='bbox 2651 5253 2847 5310; x_wconf 72' lang='lat' dir='ltr'><strong>Iasone</strong></span> <span class='ocrx_word' id='word_1_900' title='bbox 2886 5263 3070 5308; x_wconf 88' lang='lat' dir='ltr'><strong>natum</strong></span> <span class='ocrx_word' id='word_1_901' title='bbox 3109 5251 3276 5309; x_wconf 86' lang='lat' dir='ltr'><strong>fuisse</strong></span> <span class='ocrx_word' id='word_1_902' title='bbox 3318 5251 3697 5316; x_wconf 85' lang='lat' dir='ltr'><strong>Philomelum,</strong></span> 
     </span>
    </p>
   </div>
   <div class='ocr_carea' id='block_1_114' title="bbox 2118 5345 3701 5420">
    <p class='ocr_par' dir='ltr' id='par_1_114' title="bbox 2118 5345 3701 5420">
     <span class='ocr_line' id='line_1_114' title="bbox 2118 5345 3701 5420; baseline -0.001 -18"><span class='ocrx_word' id='word_1_903' title='bbox 2118 5355 2175 5402; x_wconf 89' lang='lat' dir='ltr'><strong>et</strong></span> <span class='ocrx_word' id='word_1_904' title='bbox 2195 5347 2406 5402; x_wconf 89' lang='lat' dir='ltr'><strong>Plutum</strong></span> <span class='ocrx_word' id='word_1_905' title='bbox 2440 5364 2505 5402; x_wconf 78' lang='lat' dir='ltr'><strong>ex</strong></span> <span class='ocrx_word' id='word_1_906' title='bbox 2540 5347 2833 5403; x_wconf 88' lang='lat' dir='ltr'><strong>Philomelo</strong></span> <span class='ocrx_word' id='word_1_907' title='bbox 2860 5347 3183 5405; x_wconf 84' lang='lat' dir='ltr'><strong>Pareantum</strong></span> <span class='ocrx_word' id='word_1_908' title='bbox 3224 5348 3487 5420; x_wconf 85' lang='lat' dir='ltr'><strong>genitum,</strong></span> <span class='ocrx_word' id='word_1_909' title='bbox 3513 5347 3607 5417; x_wconf 90' lang='lat' dir='ltr'><strong>qui</strong></span> <span class='ocrx_word' id='word_1_910' title='bbox 3633 5345 3701 5401; x_wconf 82' lang='lat' dir='ltr'><strong>de</strong></span> 
     </span>
    </p>
   </div>
   <div class='ocr_carea' id='block_1_115' title="bbox 2118 5437 3695 5511">
    <p class='ocr_par' dir='ltr' id='par_1_115' title="bbox 2118 5437 3695 5511">
     <span class='ocr_line' id='line_1_115' title="bbox 2118 5437 3695 5511; baseline -0.003 -18"><span class='ocrx_word' id='word_1_911' title='bbox 2118 5452 2219 5493; x_wconf 86' lang='lat' dir='ltr'><strong>suo</strong></span> <span class='ocrx_word' id='word_1_912' title='bbox 2239 5438 2458 5495; x_wconf 81' lang='lat' dir='ltr'><strong>nomine</strong></span> <span class='ocrx_word' id='word_1_913' title='bbox 2500 5438 2676 5494; x_wconf 86' lang='lat' dir='ltr'><strong>Paron</strong></span> <span class='ocrx_word' id='word_1_914' title='bbox 2719 5438 2948 5494; x_wconf 87' lang='lat' dir='ltr'><strong>insulam</strong></span> <span class='ocrx_word' id='word_1_915' title='bbox 2988 5447 3045 5494; x_wconf 90' lang='lat' dir='ltr'><strong>et</strong></span> <span class='ocrx_word' id='word_1_916' title='bbox 3085 5439 3339 5511; x_wconf 88' lang='lat' dir='ltr'><strong>oppidum</strong></span> <span class='ocrx_word' id='word_1_917' title='bbox 3387 5437 3695 5511; x_wconf 82' lang='lat' dir='ltr'><strong>appellavit.</strong></span> 
     </span>
    </p>
   </div>
   <div class='ocr_carea' id='block_1_116' title="bbox 2118 5526 3701 5598">
    <p class='ocr_par' dir='ltr' id='par_1_116' title="bbox 2118 5526 3701 5598">
     <span class='ocr_line' id='line_1_116' title="bbox 2118 5526 3701 5598; baseline 0.001 -17"><span class='ocrx_word' id='word_1_918' title='bbox 2118 5526 2275 5584; x_wconf 87' lang='lat' dir='ltr'><strong>Prius</strong></span> <span class='ocrx_word' id='word_1_919' title='bbox 2318 5537 2496 5583; x_wconf 86' lang='lat' dir='ltr'><strong>autem</strong></span> <span class='ocrx_word' id='word_1_920' title='bbox 2542 5527 2760 5596; x_wconf 72' lang='lat' dir='ltr'><strong>llinoia,</strong></span> <span class='ocrx_word' id='word_1_921' title='bbox 2803 5530 2995 5586; x_wconf 84' lang='lat' dir='ltr'><strong>deinde</strong></span> <span class='ocrx_word' id='word_1_922' title='bbox 3047 5527 3223 5588; x_wconf 87' lang='lat' dir='ltr'><strong>Paron</strong></span> <span class='ocrx_word' id='word_1_923' title='bbox 3268 5529 3433 5596; x_wconf 88' lang='lat' dir='ltr'><strong>dicta,</strong></span> <span class='ocrx_word' id='word_1_924' title='bbox 3481 5530 3548 5585; x_wconf 89' lang='lat' dir='ltr'><strong>de</strong></span> <span class='ocrx_word' id='word_1_925' title='bbox 3591 5541 3701 5598; x_wconf 87' lang='lat' dir='ltr'><strong>qua</strong></span> 
     </span>
    </p>
   </div>
   <div class='ocr_carea' id='block_1_117' title="bbox 2119 5614 3703 5693">
    <p class='ocr_par' dir='ltr' id='par_1_117' title="bbox 2119 5614 3703 5693">
     <span class='ocr_line' id='line_1_117' title="bbox 2119 5614 3703 5693; baseline 0.001 -23"><span class='ocrx_word' id='word_1_926' title='bbox 2119 5614 2374 5687; x_wconf 78' lang='lat' dir='ltr'><strong>Virgilius</strong></span> <span class='ocrx_word' id='word_1_927' title='bbox 2413 5636 2427 5670; x_wconf 88' lang='lat'><strong>:</strong></span> <span class='ocrx_word' id='word_1_928' title='bbox 2468 5616 2789 5690; x_wconf 75' lang='lat' dir='ltr'><strong>Nivearnque</strong></span> <span class='ocrx_word' id='word_1_929' title='bbox 2820 5620 3029 5687; x_wconf 77' lang='lat' dir='ltr'><strong>Paron;</strong></span> <span class='ocrx_word' id='word_1_930' title='bbox 3064 5621 3237 5693; x_wconf 88' lang='lat' dir='ltr'><strong>gignit</strong></span> <span class='ocrx_word' id='word_1_931' title='bbox 3276 5620 3422 5676; x_wconf 89' lang='lat' dir='ltr'><strong>enim</strong></span> <span class='ocrx_word' id='word_1_932' title='bbox 3460 5631 3703 5673; x_wconf 78' lang='lat' dir='ltr'><strong>manner</strong></span> 
     </span>
    </p>
   </div>
   <div class='ocr_carea' id='block_1_118' title="bbox 2117 5706 3696 5779">
    <p class='ocr_par' dir='ltr' id='par_1_118' title="bbox 2117 5706 3696 5779">
     <span class='ocr_line' id='line_1_118' title="bbox 2117 5706 3696 5779; baseline 0.001 -17"><span class='ocrx_word' id='word_1_933' title='bbox 2117 5706 2579 5774; x_wconf 83' lang='lat' dir='ltr'><strong>candidissimum,</strong></span> <span class='ocrx_word' id='word_1_934' title='bbox 2614 5711 2758 5779; x_wconf 81' lang='lat' dir='ltr'><strong>quod</strong></span> <span class='ocrx_word' id='word_1_935' title='bbox 2786 5711 3003 5768; x_wconf 87' lang='lat' dir='ltr'><strong>Parium</strong></span> <span class='ocrx_word' id='word_1_936' title='bbox 3039 5712 3225 5768; x_wconf 85' lang='lat' dir='ltr'><strong>dicunt</strong></span> <span class='ocrx_word' id='word_1_937' title='bbox 3252 5730 3266 5766; x_wconf 89' lang='lat'><strong>:</strong></span> <span class='ocrx_word' id='word_1_938' title='bbox 3298 5712 3461 5767; x_wconf 85' lang='lat' dir='ltr'><strong>mittit</strong></span> <span class='ocrx_word' id='word_1_939' title='bbox 3493 5719 3548 5766; x_wconf 84' lang='lat' dir='ltr'><strong>ct</strong></span> <span class='ocrx_word' id='word_1_940' title='bbox 3578 5722 3696 5763; x_wconf 71' lang='lat' dir='ltr'><strong>sar</strong></span> 
     </span>
    </p>
   </div>
  </div>
