3974 6188
269 291 374 348 357

1242 297 1328 351 DE
1367 297 1711 355 UNlVERSO
1749 301 1925 355 LIBRI
1968 301 2130 355 XXII.
2179 332 2226 340 --
2263 302 2386 357 LIB.
2431 304 2540 358 κη.

3445 319 3553 376 558

265 407 396 462 dum
428 405 684 476 lapidem,
733 408 1090 463 marmoribus
1141 412 1355 478 quidem
1404 416 1856 481 praestantiorem,
1887 423 1931 478 Α
1961 431 1990 468 a
2018 417 2390 486 navigantibus
2405 417 2714 473 Graecorum
2743 421 2932 476 lchnos
2965 426 3228 494 appellata
3251 439 3333 484 est
3365 451 3375 483 :
3404 441 3552 492 terra

268 505 335 552 et
352 498 490 550 inter
511 510 757 565 gemmas
779 497 1116 552 vilissimum.
1136 499 1300 556 Chios
1323 501 1497 556 insula
1526 503 1660 574 Syra
1684 505 1859 574 lingua

269 587 599 659 appellatur,
626 603 694 642 eo
721 589 860 657 quod
889 591 1074 643 mastix
1112 591 1304 662 gignit.
1334 591 1456 663 Syri
1495 595 1638 646 enim
1681 595 1864 648 masti-

273 694 396 733 eem
429 678 594 732 Chios
616 689 832 733 vocant.
859 679 1053 735 Samos
1085 682 1254 736 insula
1291 694 1370 736 est
1421 684 1474 736 in
1503 685 1637 738 mari
1669 684 1860 753 Egeo,

275 768 370 822 ubi
401 777 524 821 nata
553 778 637 822 est
656 767 818 832 Juno,
859 785 926 824 ex
957 787 1060 840 qua
1096 771 1194 825 l'uit
1219 772 1417 843 Sibylla
1451 773 1655 837 Samia,
1678 783 1733 828 ct
1759 773 1862 843 Py-

276 856 532 934 thagoras
560 863 797 928 Samius,
835 880 862 918 a
904 881 1010 935 quo
1051 864 1403 936 Philosophia?
1446 885 1637 922 nomen
1677 870 1860 924 inven-

275 964 412 1007 tum.
446 953 500 1006 ln
533 953 633 1007 hac
660 953 830 1007 insula
867 967 1075 1023 reperta
1107 957 1257 1024 prius
1281 957 1460 1009 ﬂctilia
1485 972 1611 1010 vasa
1639 959 1860 1011 tradun-

277 1052 387 1107 tur,
425 1045 565 1098 unde
591 1052 646 1098 et
670 1058 797 1097 vasa
821 1043 1001 1098 Samia
1029 1046 1292 1114 appellata
1322 1056 1464 1101 sunt.
1498 1047 1680 1103 Sicilia
1708 1064 1736 1100 a
1773 1047 1859 1102 Si-

275 1149 414 1189 cano
441 1149 562 1204 rege
592 1134 805 1188 Sicania
826 1136 1196 1202 cognominata
1227 1147 1304 1191 est
1335 1155 1348 1189 :
1380 1138 1572 1192 deinde
1591 1154 1621 1191 a
1657 1138 1854 1201 Siculo,

275 1224 393 1278 Itali
434 1224 618 1288 fratre,
651 1225 852 1279 Sicilia.
886 1225 1043 1280 Prius
1073 1234 1251 1279 autem
1290 1227 1625 1282 Trinacriam
1658 1229 1855 1282 dictam

275 1325 494 1385 propter
535 1316 636 1370 tria
676 1330 837 1380 acra,
873 1316 925 1370 id
971 1324 1075 1379 est,
1127 1319 1491 1385 promontoria
1533 1336 1544 1371 :
1585 1318 1854 1383 Pelorum,

277 1408 580 1478 Pachynum
602 1417 658 1462 et
685 1408 995 1478 Lilybaum.
1022 1406 1302 1462 Trinacria
1324 1411 1466 1462 enim
1487 1408 1731 1464 Gracum
1753 1418 1854 1463 est.

275 1502 428 1568 Quod
458 1501 651 1555 Latine
682 1502 962 1570 triquetra,
997 1502 1149 1569 quasi
1175 1503 1227 1554 in
1258 1510 1368 1555 tres
1391 1503 1626 1570 quadrae
1661 1502 1853 1556 divisa.

275 1593 399 1647 Hac
437 1593 505 1646 ab
547 1593 695 1646 Italia
725 1593 920 1663 exiguo
958 1591 1094 1646 freto
1122 1592 1390 1658 discreta,
1418 1593 1662 1646 Africum
1708 1608 1855 1648 mare

269 1695 645 1757 prospectans,
677 1685 836 1739 terris
869 1683 1146 1754 frugifera,
1179 1699 1311 1738 auro
1335 1685 1636 1749 abundans,
1669 1700 1854 1740 caver—

1966 516 2114 575 patet
2135 508 2185 560 in
2220 509 2549 576 longitudine
2575 510 2736 564 millia
2758 523 2970 568 centum
2995 519 3366 590 quadraginta,
3397 524 3450 578 in
3474 525 3552 579 la-

1968 597 2191 649 titudine
2216 599 2568 668 quadraginta
2601 619 2612 652 :
2644 602 2697 653 in
2739 617 2800 655 ea
2838 619 3012 675 neque
3037 623 3259 678 serpens
3288 613 3552 682 gignitur,

1966 699 2138 754 neque
2182 685 2358 753 lupus,
2404 688 2496 740 sed
2538 687 2762 760 soliluga
2805 700 3010 749 tantum
3051 699 3250 752 animal
3292 702 3547 772 exiguum

1964 771 2272 827 hominibus
2309 776 2668 843 perniciosum
2707 796 2720 831 :
2771 795 3034 838 venenum
3074 801 3288 856 quoque
3328 771 3400 843 ibi
3439 806 3548 846 non

1962 863 2223 918 nascitur.
2256 865 2355 918 nisi
2389 865 2549 920 herba
2583 883 2680 938 per
2705 871 2994 941 scriptores
3031 875 3290 944 plurimos
3335 888 3390 933 et
3419 895 3548 948 poc-

1963 959 2044 1005 tas
2071 957 2640 1025 memorata,apiastro
2663 961 2874 1026 similis,
2897 979 3016 1032 qua
3047 967 3350 1024 hominibus
3375 972 3542 1028 rictus

1959 1042 2248 1106 contrahit,
2292 1054 2345 1098 et
2380 1048 2532 1114 quasi
2579 1049 2814 1104 ridentes
2845 1051 3121 1108 interimit.
3157 1056 3352 1112 Fontes
3381 1060 3546 1116 habet

1963 1131 2209 1188 Sardinia
2241 1137 2461 1203 calidos,
2499 1138 2728 1195 infirmis
2757 1143 3018 1196 medelam
3050 1148 3372 1214 prabentes,
3407 1150 3544 1204 luri—

1961 1225 2062 1278 bus
2109 1227 2432 1291 caecitatem,
2477 1229 2555 1292 si,
2602 1242 2943 1285 sacramento
2980 1234 3122 1298 dato,
3158 1238 3343 1293 oculos
3389 1241 3546 1308 aquis

1959 1312 2075 1380 ejus
2107 1315 2397 1383 tetigerint.
2431 1317 2663 1373 Corsica
2698 1321 2885 1375 insula
2913 1325 3193 1379 exordium
3227 1328 3414 1383 incola
3451 1331 3543 1384 Li-

1961 1417 2122 1471 gures
2155 1405 2436 1470 dederunt,
2468 1409 2794 1476 appellantes
2841 1427 2959 1465 eam
2999 1428 3062 1467 ex
3109 1418 3323 1471 nomine
3368 1419 3542 1474 ducis.

1957 1492 2092 1546 Nam
2148 1495 2391 1563 quadam
2441 1497 2606 1553 Corsa
2659 1503 2897 1566 nomine,
2954 1505 3119 1572 Ligur
3169 1508 3362 1561 mulier
3418 1527 3542 1565 eum

1959 1589 2171 1636 taurum
2214 1601 2278 1638 ex
2323 1601 2502 1655 grege,
2531 1603 2689 1656 quem
2719 1605 2884 1660 prope
2912 1593 3090 1648 littora
3123 1598 3340 1667 regebat
3369 1609 3537 1657 trans-

1957 1679 2147 1725 natare
2197 1673 2411 1728 solitum
2464 1685 2626 1746 atque
2665 1695 2760 1748 per
2804 1683 3082 1738 intervalla
3127 1703 3352 1757 corpore
3384 1702 3543 1748 aucto

271 1778 356 1830 nis
395 1784 655 1830 tamenet
697 1775 888 1830 ﬂstulis
923 1775 1287 1844 penetrabilis,
1322 1775 1602 1842 ventisque
1645 1784 1699 1828 et
1740 1775 1852 1829 sul-
1884 1757 1927 1814 Β
1959 1776 2200 1816 remeare
2247 1764 2477 1831 ﬁdem“
2523 1769 2744 1838 Cupiens
2791 1774 2933 1827 εοίτθ
2984 1774 3257 1848 ίηεοεηίιε
3303 1780 3402 1834 Sibi
3450 1797 3540 1850 Pa‘

271 1866 389 1920 fure
420 1867 597 1935 plena,
633 1866 773 1920 unde
818 1875 871 1920 et
916 1866 988 1919 ibi
1018 1865 1194 1920 IEtna
1238 1865 1433 1919 montis
1482 1865 1748 1931 incendia,
1798 1865 1849 1919 in

268 1955 428 2024 cujus
453 1956 589 2011 freto
619 1955 798 2026 Scylla
838 1965 918 2010 est
953 1964 1008 2009 et
1036 1954 1353 2024 Charybdis,
1397 1955 1592 2024 quibus
1640 1955 1853 2024 navigia

269 2057 366 2100 aut
395 2047 753 2102 absorbentur
777 2055 871 2100 aut
905 2046 1246 2101 colliduntur.
1292 2045 1415 2100 Fuit
1457 2055 1636 2101 autem
1683 2062 1855 2116 quon-

269 2140 395 2191 dam
427 2138 600 2207 patria
632 2136 942 2207 Cyclopum,
972 2146 1027 2192 et
1056 2145 1240 2207 postea
1267 2137 1445 2191 nutrix
1476 2145 1849 2208 tyrannorum,

271 2228 484 2298 frugum
513 2227 726 2288 fertilis.
753 2242 818 2281 ac
839 2229 1073 2296 primum
1098 2227 1256 2281 terris
1276 2227 1526 2281 omnibus
1551 2229 1853 2284 commissis

273 2317 574 2372 seminibus
603 2326 787 2372 aratro
806 2319 1092 2386 proscissa.
1122 2316 1423 2386 Principem
1448 2317 1658 2372 urbium
1691 2317 1849 2388 Syra-

269 2421 398 2461 cusa
425 2425 440 2460 :
469 2407 632 2462 habet
665 2407 868 2462 fontem
898 2407 1220 2462 Arethusam
1243 2406 1590 2476 etAlphaeum
1608 2405 1850 2468 ﬂuvium.

269 2513 587 2569 languorem
615 2508 986 2570 generatorem
1013 2514 1272 2567 equorum
1307 2514 1320 2552 :
1353 2498 1406 2552 in
1435 2512 1498 2552 ea
1541 2498 1712 2552 insula
1740 2499 1850 2568 pri-

268 2602 420 2642 mum
461 2595 546 2640 est
579 2587 793 2642 inventa
841 2587 1126 2642 comoedia.
1174 2585 1415 2641 Achaten
1463 2585 1695 2656 lapidem
1734 2587 1850 2657 ipsa

264 2678 504 2749 primum
547 2693 616 2733 ex
651 2679 858 2734 Achate
885 2677 1102 2733 ﬂumine
1143 2677 1289 2734 dedit
1317 2696 1330 2730 :
1363 2679 1592 2747 parturit
1616 2687 1673 2732 et
1700 2694 1851 2734 mare

266 2769 386 2840 eius
411 2769 673 2826 curalium
699 2787 711 2821 :
742 2769 910 2840 gignit
953 2779 1008 2825 et
1046 2769 1187 2826 sales
1215 2770 1589 2840 Agrigentinos
1628 2771 1681 2825 in
1724 2770 1850 2842 igne

264 2859 554 2924 solubiles,
587 2861 911 2930 crepitantes
945 2861 998 2914 in
1030 2860 1204 2930 aquis.
1235 2859 1422 2915 Omnis
1463 2860 1697 2915 ambitus
1733 2859 1849 2928 ejus

264 2952 541 3008 clauditur
558 2951 857 3006 stadiorum
883 2953 1056 3008 tribus
1084 2952 1336 3007 millibus.
1358 2951 1644 3008 Sallustius
1666 2962 1848 3008 autem

263 3041 396 3096 dicit
421 3041 593 3098 italia
615 3042 956 3112 conjunctam
991 3042 1156 3098 fuisse
1183 3042 1446 3108 Siciliam,
1492 3042 1584 3099 sed
1611 3043 1846 3099 medium

1954 1851 2100 1915 bula,
2133 1863 2345 1910 taurum
2375 1872 2404 1910 a
2435 1861 2644 1914 czcteris
2669 1861 3057 1932 digredientem
3094 1883 3266 1938 usque
3295 1872 3360 1926 ad
3395 1873 3540 1928 insu-

1955 1941 2060 1996 lam
2111 1945 2325 2014 navigio
2365 1959 2644 2016 persecuta
2696 1963 2797 2006 est.
2846 1954 3009 2022 Cujus
3061 1973 3308 2028 regressu
3353 1962 3541 2018 insula

1955 2028 2287 2086 fertilitatem
2316 2048 2700 2102 cognoscentes
2728 2039 2952 2110 Ligures
2984 2045 3190 2102 ratibus
3219 2048 3288 2102 ibi
3312 2050 3540 2118 profecti

1954 2130 2102 2186 sunt,
2137 2137 2366 2192 eamque
2389 2127 2606 2182 nomine
2632 2131 2874 2186 mulieris
2899 2137 3137 2190 auctoris
3181 2147 3238 2191 et
3267 2139 3418 2195 ducis
3440 2155 3539 2212 ap-

1947 2215 2308 2282 pellaverunt.
2339 2217 2462 2273 Hae
2496 2229 2677 2276 autem
2723 2224 2894 2280 insula
2920 2226 3106 2283 Graec
3140 2229 3317 2300 Cyrne
3345 2233 3542 2291 dicitur

1953 2319 1983 2356 a
2011 2303 2209 2376 Cyrno,
2239 2305 2484 2365 Herculis
2527 2310 2660 2377 ﬁlio,
2705 2313 2966 2371 habitata.
2999 2318 3073 2373 De
3107 2335 3210 2388 qua
3244 2321 3536 2392 Virgilius:

1951 2395 2154 2466 Cymen
2211 2408 2382 2453 taxos.
2428 2400 2690 2458 Dividitur
2739 2415 2918 2461 autem
2965 2423 2994 2462 a
3053 2408 3299 2465 Sardinia
3350 2414 3536 2484 viginti

1953 2488 2176 2544 millium
2209 2489 2365 2556 freto,
2394 2494 2570 2549 cincta
2611 2496 2868 2567 Ligustici
2899 2502 3132 2570 aequoris
3161 2503 3281 2558 sinu
3319 2506 3387 2560 ad
3416 2522 3536 2576 pro-

1951 2589 2198 2648 spectum
2242 2581 2426 2639 Italia.
2471 2583 2567 2640 Est
2603 2597 2782 2644 autem
2818 2591 3001 2646 multis
3037 2597 3421 2662 promontoriis
3445 2613 3536 2652 an.

1951 2672 2159 2743 gulosa,
2195 2674 2418 2746 gignens
2455 2686 2510 2734 et
2559 2679 2833 2736 latissima
2877 2685 3068 2753 pabula
3096 2727 3110 2750 ,
3157 2697 3212 2741 et
3265 2688 3533 2758 lapidem,

1941 2778 2110 2834 quem
2129 2765 2482 2823 Catbochiten
2501 2768 2674 2826 Graeci
2693 2785 2903 2829 vocant.
2921 2775 3128 2831 Ebusus
3150 2777 3322 2832 insula
3345 2779 3536 2850 Hispa-

1950 2853 2082 2917 nia,
2113 2855 2256 2910 dicta
2290 2858 2433 2927 quod
2477 2874 2507 2912 a
2533 2860 2700 2917 Zanio
2730 2878 2835 2918 non
2862 2866 3047 2934 procul
3079 2867 3186 2931 sit,
3227 2871 3379 2937 quasi
3409 2873 3536 2926 cbo-

1949 2960 2064 3002 zos.
2087 2946 2221 3002 Nam
2243 2951 2581 3022 septuaginta
2619 2955 2809 3010 stadiis
2835 2957 2902 3011 ab
2930 2971 2992 3012 ea
3018 2957 3210 3023 distat,
3241 2959 3392 3029 cujus
3422 2972 3534 3016 ter-

1953 3053 2068 3092 ram
2089 3050 2366 3110 serpentes
2385 3041 2612 3113 fugiunt.
2641 3044 2777 3100 Huic
2789 3049 3057 3102 contraria
3083 3058 3168 3104 est
3197 3049 3532 3116 Colubraria,

249 3135 499 3204 spatium
548 3104 752 3203 impetu
794 3136 957 3189 maris
1010 3135 1260 3200 divisum,
1311 3143 1368 3189 et
1411 3104 1508 3204 per
1545 3135 1848 3206 angustiam
1874 3104 1920 3166 Ο
1954 3147 2076 3201 qua
2101 3104 2230 3188 lata
2255 3141 2340 3188 est
2361 3104 2644 3205 anguibus.
2664 3136 2916 3193 Baleares
2931 3104 3534 3211 insulallispaniadua

247 3225 516 3281 scissum.
552 3222 760 3293 Tapsus
805 3225 978 3280 insula
1026 3225 1214 3280 stadiis
1243 3226 1429 3281 decem
1463 3241 1494 3280 a
1539 3226 1722 3281 Sicilia
1769 3241 1854 3280 re-

264 3325 426 3382 mota,
451 3317 645 3386 jacens
671 3329 728 3372 et
749 3317 979 3387 planior.
1016 3317 1168 3373 Unde
1207 3325 1261 3373 et
1292 3323 1626 3389 nuncupata,‘
1651 3319 1716 3374 de
1743 3333 1849 3389 qua

265 3405 545 3478 Virgilius:
567 3405 1181 3480 Tapsumquejacentem.
1202 3407 1413 3473 Eolla,
1430 3409 1615 3464 insulae
1630 3408 1848 3474 Sicilia,

262 3500 540 3569 appellata
569 3500 639 3554 ab
659 3499 839 3566 IEolo,
869 3501 1066 3571 lppota
1105 3502 1236 3565 lilio,
1275 3518 1435 3572 quem
1478 3512 1650 3572 poeta
1679 3501 1850 3558 ﬁnxe-

263 3599 384 3643 runt
415 3605 601 3660 regem
625 3589 791 3646 luisse
811 3600 1094 3646 ventorum
1123 3610 1136 3646 :
1172 3592 1264 3647 sed
1287 3592 1366 3663 (ut
1389 3591 1560 3647 Varro
1581 3593 1730 3663 dicit)
1763 3609 1849 3648 re-

261 3690 380 3736 ctor
401 3679 507 3735 fuit
526 3681 753 3737 istarum
777 3681 1072 3736 insularum
1095 3700 1105 3712 ’
1135 3689 1191 3735 et
1221 3683 1344 3751 quia
1369 3699 1436 3736 ex
1465 3697 1651 3736 earum
1678 3683 1848 3738 nebu-

262 3769 326 3823 lis
348 3780 403 3823 et
433 3769 585 3824 l'unm
613 3769 821 3825 futuros
863 3771 1190 3839 pradicebat
1231 3770 1391 3826 ﬂatus
1427 3781 1734 3838 ventorum,
1778 3773 1848 3829 ab

262 3862 530 3930 imperitis
560 3862 707 3916 visus
744 3870 829 3917 est
874 3871 1063 3917 ventos
1101 3877 1197 3916 sua
1236 3871 1503 3932 potestate
1539 3865 1844 3931 retinuisse,

260 3949 453 4004 :Eolia
485 3951 672 4005 insula
713 3959 768 4005 et
798 3951 1049 4007 Vulcana
1087 3961 1370 4019 vocantur,
1413 3956 1554 4022 quod
1594 3964 1650 4008 et
1693 3955 1842 4024 ipsa,

260 4041 400 4095 sicut
427 4039 618 4105 Eme,
647 4042 892 4097 ardeant.
947 4042 1085 4096 Sunt
1131 4052 1311 4098 autem
1359 4059 1551 4099 novem
1586 4046 1846 4101 habentes

258 4134 480 4203 propria
529 4134 776 4199 nomina,
816 4150 1042 4204 quarum
1081 4136 1314 4205 primam
1352 4137 1581 4205 Lipares
1626 4139 1843 4208 quidam

260 4224 512 4294 Liparem
542 4225 775 4290 vocavit,
797 4225 887 4294 qui
917 4240 1037 4280 eam
1065 4234 1191 4280 ante
1217 4224 1436 4278 Aiolum
1467 4227 1604 4281 rexit
1629 4243 1642 4279 :
1673 4227 1842 4282 altera

260 4314 422 4370 Hiera
467 4322 727 4378 vocatur,
768 4314 912 4384 quod
957 4314 1029 4368 sit
1069 4314 1295 4369 collibus
1341 4315 1782 4369 eminentissimis
1824 4332 1837 4368 :

261 4407 480 4478 reliqua
495 4422 648 4470 vero,
672 4406 722 4460 id
747 4416 848 4471 est,
875 4405 1182 4477 Strongyle,
1207 4406 1452 4476 Didyme,
1477 4406 1721 4472 Ericusa,
1739 4408 1840 4463 lle-

258 4499 536 4568 phastias,
559 4497 894 4562 Phanicusa,
919 4497 1226 4561 Evonimos,
1251 4497 1526 4561 Ericodes,
1571 4496 1842 4554 Phanico-

257 4592 512 4662 des,qua
533 4591 786 4661 quoniam
819 4598 978 4646 nocte
998 4589 1212 4655 ardent,
1230 4589 1420 4644 Eolla
1441 4591 1553 4644 sive
1566 4590 1837 4645 Vulcania

257 4687 512 4742 dicuntur
527 4704 543 4739 :
560 4699 624 4740 ex
641 4685 726 4740 his
741 4683 986 4753 quadam
1007 4684 1074 4738 ab
1097 4683 1250 4737 initio
1271 4697 1376 4737 non
1401 4681 1637 4746 fuerunt,
1651 4693 1836 4750 postea

259 4778 315 4833 in
348 4778 486 4832 mari
517 4777 676 4832 edita
696 4789 867 4845 usque
898 4774 964 4830 ad
989 4789 1133 4828 nunc
1151 4781 1489 4842 permanent.
1520 4773 1838 4828 Stachades

258 4867 446 4923 insula
467 4866 878 4922 Massiliensium
907 4865 1184 4936 sexaginta
1209 4863 1433 4918 millium
1455 4863 1628 4932 spatio
1651 4877 1681 4915 a
1706 4877 1838 4917 con-

258 4960 452 5015 tinenti
493 4959 548 5013 in
584 4957 761 5013 fronte
788 4957 1156 5012 Narbonensis
1191 4955 1512 5026 provincia,
1546 4970 1649 5024 qua
1692 4953 1837 5008 Rho-

257 5053 432 5108 danus
455 5051 651 5106 ﬂuvius
676 5052 730 5105 in
755 5065 904 5105 mare
933 5049 1065 5104 exit.
1088 5048 1254 5103 Dicta
1279 5055 1459 5101 autem
1483 5045 1668 5101 Graec
1694 5045 1836 5100 Sta-

256 5143 476 5204 chades,
507 5141 664 5211 quasi
694 5155 858 5210 opere
878 5140 932 5193 in
957 5139 1200 5193 ordinem
1224 5145 1367 5191 stent
1390 5135 1598 5205 posita.
1631 5134 1835 5190 Sardus

260 5235 488 5291 Hercule
521 5241 837 5304 procreatus
865 5247 987 5287 cum
1016 5244 1207 5300 magna
1245 5227 1584 5282 multitudine
1611 5242 1640 5280 a
1665 5226 1833 5297 Libya

257 5326 531 5395 profectus
575 5322 879 5377 Sardiniam
920 5319 1218 5387 occupavit,
1262 5326 1320 5374 et
1357 5332 1423 5372 ex
1451 5332 1548 5372 suo
1577 5316 1833 5373 vocabulo

257 5416 446 5471 insula
474 5429 670 5469 nomen
699 5412 863 5467 dedit.
903 5409 1027 5464 Hae
1055 5411 1108 5463 in
1130 5407 1313 5464 Africo
1340 5407 1474 5462 mari
1503 5407 1637 5462 facie
1667 5408 1832 5462 vesti—

256 5507 330 5578 gii
360 5505 582 5560 humani
609 5505 664 5557 in
690 5504 951 5558 orientem
978 5517 1139 5570 quam
1161 5500 1494 5556 occidentem
1517 5500 1674 5554 latior
1708 5515 1835 5568 pro-

255 5596 427 5650 minet
468 5594 643 5650 fer-ine
681 5593 908 5662 paribus
963 5591 1237 5655 lateribus,
1290 5606 1410 5661 qua
1453 5593 1507 5645 in
1555 5590 1832 5645 meridiem

251 5697 310 5740 et
337 5685 759 5757 septentrionem
796 5694 1028 5750 vertunt,
1055 5701 1120 5740 ex
1155 5699 1262 5754 quo
1292 5695 1417 5739 ante
1449 5683 1830 5739 commercium

1954 3231 2081 3277 sunt
2096 3240 2110 3276 :
2126 3221 2492 3292 Aphrosiades
2503 3226 2879 3298 etGymnasie,
2904 3228 3076 3298 major
3093 3241 3150 3286 et
3172 3233 3366 3287 minor.
3383 3233 3534 3290 Unde

1953 3320 2010 3366 et
2037 3327 2130 3367 eas
2157 3313 2349 3385 vulgus
2363 3313 2674 3384 Majoricam
2692 3326 2746 3372 et
2768 3317 3083 3374 Minoricam
3109 3323 3454 3391 nuncupavit.
3473 3323 3530 3377 lu

1952 3401 2036 3456 his
2057 3403 2288 3472 primum
2305 3405 2494 3460 insulis
2509 3393 2740 3462 inventa
2759 3419 2884 3463 sunt
2901 3407 3097 3476 funda,
3113 3411 3311 3480 quibus
3325 3412 3530 3482 lapides

1950 3493 2288 3548 emittuntur.
2333 3494 2485 3551 Unde
2531 3507 2587 3552 et
2636 3498 2888 3556 Baleares
2912 3502 3098 3568 dicta;
3145 3504 3339 3559 ballein
3382 3508 3526 3560 enim

1950 3580 2138 3638 Graec
2161 3585 2415 3639 emittere
2452 3585 2667 3641 dicitur.
2703 3588 2850 3644 Unde
2885 3590 3122 3657 ballista,
3152 3595 3306 3663 quasi
3339 3595 3523 3658 missa,

1949 3683 2005 3728 et
2050 3672 2402 3731 lundibulum.
2449 3678 2704 3748 Virgilius
2743 3699 2755 3734 :
2801 3679 3044 3737 Balearis
3084 3684 3287 3739 verbere
3319 3685 3524 3753 fundavi

2561 3793 2790 3850 CAPUT
2822 3794 2907 3849 Vl.

2495 3863 2569 3918 De
2591 3868 2978 3933 promontoriis.

2016 3950 2313 4006 Commune
2341 3959 2424 4007 est
2449 3951 2657 4018 insulis,
2685 3963 2744 4007 ut
2772 3953 3114 4022 promineant
3139 3996 3150 4007 .
3179 3952 3303 4007 inde
3327 3963 3380 4007 et
3406 3953 3525 4008 loca

1946 4057 2134 4096 earum
2167 4043 2533 4112 promontoria
2564 4043 2836 4097 dicuntur.
2869 4041 2959 4097 Sic
2986 4041 3272 4098 Sallustius
3293 4042 3360 4096 de
3391 4041 3526 4096 Sar-

1945 4132 2090 4187 dinia
2119 4150 2129 4184 :
2168 4149 2186 4182 ε
2220 4133 2275 4185 In
2311 4134 2573 4188 orientem
2599 4148 2759 4202 quam
2780 4133 3114 4188 occidentem
3140 4133 3299 4188 latior
3321 4133 3526 4202 promi-

1944 4231 2057 4276 net.
2089 4241 2108 4274 ι
2138 4221 2370 4292 Sigaum
2391 4224 2816 4292 promontorium
2843 4223 3004 4289 Asia,
3030 4225 3118 4278 ubi
3148 4223 3526 4292 Hellespontus

1944 4316 2181 4386 apertius
2227 4315 2496 4368 dilatatur.
2551 4314 2761 4370 Dictum
2809 4323 2986 4370 autem
3027 4315 3256 4385 Sigaum
3303 4325 3524 4385 propter

1945 4403 2188 4460 Herculis
2229 4405 2653 4459 taciturnitatem
2681 4422 2693 4458 :
2726 4406 2851 4474 quia
2896 4406 3198 4474 prohibitus
3225 4406 3458 4474 hospitio
3489 4422 3520 4460 a

1944 4495 2331 4561 Laomedonte,
2347 4495 2704 4564 Trojanorum
2720 4511 2867 4566 rege,
2889 4496 3160 4550 simulavit
3184 4497 3517 4558 abscessum,

1942 4593 1998 4639 et
2025 4585 2150 4640 inde
2179 4594 2366 4640 centra
2397 4582 2612 4652 Tnojam
2639 4600 2762 4640 cum
2793 4587 3006 4641 silentio
3035 4585 3202 4653 venit,
3224 4587 3367 4656 quod
3393 4587 3523 4642 dici-

1945 4683 2030 4730 tur
2051 4677 2180 4746 sige.
2212 4675 2464 4740 Maleum,
2509 4677 2935 4744 promontorium
2977 4678 3218 4742 Gracia,
3246 4677 3386 4746 quod
3433 4676 3518 4730 in-

1945 4775 2052 4821 trat
2080 4767 2134 4821 in
2155 4782 2323 4832 mare,
2353 4775 2408 4821 et
2431 4781 2528 4836 per
2554 4768 2720 4823 millia
2745 4769 3133 4840 quinquaginta
3159 4768 3518 4838 protenditur,

1943 4857 2032 4910 ubi
2054 4857 2196 4913 unda
2220 4857 2296 4912 ita
2317 4872 2457 4912 sava
2488 4865 2591 4922 est,
2620 4866 2679 4912 ut
2705 4858 2953 4928 persequi
2997 4859 3309 4927 navigantes
3335 4856 3520 4912 videa-
3585 4877 3590 4881 ’

1941 4955 2046 5001 tur.
2071 4946 2184 5002 Hoc
2217 4957 2397 5002 autem
2423 4950 2849 5018 promontorium
2889 4965 2918 5001 a
2949 4947 3118 5002 Maleo
3147 4961 3272 5016 rege
3297 4945 3516 5014 Argivo-

1940 5054 2059 5092 rum
2081 5053 2274 5094 nomen
2298 5040 2524 5109 accepit.
2547 5039 2819 5105 Pelorum,
2845 5037 3269 5108 promontorium
3297 5033 3512 5098 Sicilia,

1937 5131 2234 5200 respiciens
2252 5131 2576 5199 aquilonem,
2602 5130 2896 5185 secundum
2921 5127 3230 5182 Sallustium
3256 5126 3458 5180 dictum
3482 5145 3513 5180 a

1938 5222 2297 5294 gubernatore
2313 5221 2624 5276 Hannibalis
2647 5220 2753 5274 illic
2775 5218 3001 5288 sepulto.
3025 5217 3352 5286 Pachynum,
3383 5231 3511 5286 pro-

1938 5315 2264 5371 montorium
2303 5312 2766 5368 Sicilia-austrum
2803 5316 3071 5378 spectans,
3099 5308 3168 5362 ab
3193 5308 3332 5362 aeris
3369 5322 3516 5362 cras-

1937 5405 2168 5462 situdine
2196 5405 2429 5468 dictum;
2457 5417 2580 5456 nam
2611 5401 2816 5469 pacbus
2839 5405 2920 5453 est
2938 5397 3150 5468 pinguis
3176 5407 3232 5451 et
3249 5411 3466 5452 crassus
3493 5413 3510 5451 :

1935 5500 2134 5553 Austro
2155 5495 2299 5550 enim
2316 5491 2589 5562 perﬂatur.
2608 5491 2920 5561 Lilybaum,
2937 5489 3364 5558 promontorium
3382 5487 3512 5544 Sici-

1936 5589 2036 5649 lia,
2066 5586 2192 5642 solis
2211 5598 2460 5639 occasum
2483 5581 2783 5645 intendens,
2803 5587 3051 5635 vocatum
3079 5578 3146 5633 ab
3167 5576 3402 5646 ejusdem
3423 5591 3516 5632 no-

1940 5681 2097 5736 minis
2124 5679 2362 5744 civitate,
2378 5689 2496 5746 qua
2510 5674 2582 5730 ibi
2601 5682 2684 5730 est
2704 5675 2827 5730 sita.
2851 5674 3066 5737 Borion,
3082 5672 3510 5743 promontorium
