3974 6188
352 256 361 272 ἢ
400 323 503 378 559
1041 308 1103 362 Β.
1144 302 1399 360 assam
1435 298 1650 355 usum
1689 294 2006 352 ARCHIEP.
2051 288 2359 347 uocum.
2400 284 2686 343 OPERUM
2724 279 2905 337 PARS
2944 279 3005 334 ιι.
3565 275 3675 329 son

400 427 683 491 Numidiae,
700 404 949 479 vocatum
970 415 1226 487 ita,quod
1240 412 1562 485 Aquilonem
1585 408 1843 464 intendat.
1863 405 1993 477 Hip—
2020 410 2069 468 Λ
2091 402 2246 472 juxta
2268 398 2578 471 allegoriam
2615 396 2867 450 doctores
2893 399 3113 446 sanctos
3135 388 3393 459 ﬁgurare,
3430 388 3522 461 qui
3544 403 3683 459 pm.

614 481 877 588 Rliegium
904 481 1090 583 postea
1103 481 1432 576 dictum'pro
1449 501 1671 572 coquod
1682 500 1754 554 sit
1776 511 2017 568 aequore»
2097 505 2225 553 sunt
2251 494 2509 549 Eeclesiis
2534 491 2655 554 Dei,
2683 498 2738 594 et
2767 502 2862 543 eos
2892 487 2944 541 in
2973 485 3405 594 persecutionum
3430 481 3679 539 ﬂuctibus

404 575 963 681 ititerruptuniﬁalpc
976 603 1245 674 Hispania:
1262 596 1713 671 promontorium.
1736 593 1991 650 Promou—
2097 587 2357 642 roborant
2385 593 2547 652 atque
2575 578 3002 681 contortant,_ne
3029 575 3264 645 procella
3301 578 3686 646 tempestatum

410 704 545 760 toria
560 670 721 765 enim,
738 670 928 770 quaiin
944 670 1238 752 insularum
1255 670 1660 748 summitatibus
1672 686 1990 747 consistunt,
2100 687 2265 749 atque
2290 676 2558 732 alluvione
2586 672 2853 728 undarum
2876 670 3195 725 obruantur.

406 803 461 850 et
472 794 555 850 eis
576 801 765 849 contra
786 789 979 845 ﬂuctus
999 787 1167 842 maris
1188 783 1461 839 munimen
1476 785 1755 851 prmstant,
1773 783 2001 848 possunt

425 908 3687 956 _—_________.__—————————————————_———-_—'——

1384 1034 1685 1113 LIBER
1735 1025 2200 1107 TERTIUS
2259 1021 2741 1102 DECIMUS.

936 1238 1166 1296 CAPUT
1197 1234 1489 1292 PRIMUM.

1027 1333 1100 1387 De
1124 1330 1405 1386 montibus.

485 1436 694 1491 Montes
731 1437 858 1486 sunt
910 1435 1151 1481 tumores
1197 1429 1462 1475 terrarum
1484 1459 1499 1484 ,
1548 1413 1795 1470 altissimi
1842 1410 2005 1473 dicti,

418 1526 563 1597 quod
591 1524 699 1578 sint
722 1520 1041 1575 eminentes.
1066 1510 1293 1580 Quidam
1320 1517 1500 1563 autem
1527 1522 1592 1561 ex
1620 1503 1856 1576 prepriis
1879 1517 2009 1556 cau-

420 1622 497 1675 sis
520 1616 699 1673 vocati
729 1621 874 1675 sunt,
901 1625 967 1665 ex
996 1607 1192 1678 quibus
1220 1602 1441 1659 notandi
1466 1607 1611 1665 sunt,
1641 1599 1734 1668 qui
1756 1596 2009 1667 opinione

420 1710 658 1766 maxime
686 1704 1045 1760 celebrantur.
1077 1696 1229 1751 Mons
1259 1693 1536 1750 Caucasus
1570 1692 1637 1747 ab
1659 1690 1811 1745 India
1839 1701 2010 1757 usque

422 1800 493 1855 ad
540 1798 780 1852 Taurum
827 1796 1107 1862 porrectus
1151 1799 1250 1855 pro
1295 1782 1532 1852 gentium
1593 1795 1657 1836 ac
1704 1780 2008 1850 linguarum

422 1887 686 1943 varietate
704 1923 719 1948 ,
755 1895 971 1950 quoquo
997 1890 1212 1931 versum
1241 1872 1417 1936 vadit,
1447 1870 1672 1927 diversis
1700 1867 2011 1923 nominibus

427 1982 786 2045 nuncupatur.
816 1968 916 2025 Ubi
952 1976 1131 2021 autem
1165 1964 1232 2019 ad
1262 1963 1527 2018 orientem
1562 1960 1615 2014 in
1661 1957 2011 2013 excelsiorem

426 2065 707 2136 consurgit
737 2059 1123 2117 sublimitatem
1141 2095 1155 2119 ,
1185 2069 1284 2124 pro
1312 2051 1515 2106 nivium
1543 2050 1779 2104 candore
1803 2047 2014 2102 Cauca-

429 2175 524 2215 sus
541 2135 895 2225 nuncupatur.
915 2148 1047 2204 Nam
1063 2143 1311 2201 orientali
1337 2142 1515 2213 lingua
1538 2153 1825 2195 caucasum
1849 2135 2016 2206 signi-

433 2249 557 2303 licat
577 2244 864 2300 candidum
889 2282 903 2305 ,
935 2240 987 2294 id
1010 2245 1096 2292 est
1116 2233 1331 2291 nivibus
1365 2229 1702 2287 densissimis
1728 2226 2020 2284 candican-

432 2348 563 2393 tem.
595 2333 748 2392 Unde
772 2340 830 2387 et
857 2346 981 2385 eum
1012 2327 1246 2398 Scythae,
1272 2323 1363 2393 qui
1395 2322 1569 2377 cidem
1597 2319 1764 2375 monti
1786 2318 2021 2389 jungun-

432 2442 555 2493 tur,
586 2423 897 2483 Croacasim
934 2421 1279 2474 vocaverunt.
1309 2411 1492 2468 Casim
1519 2408 1660 2482 apud
1697 2422 1791 2465 eos
1817 2405 2023 2462 candor

432 2517 551 2573 sive
583 2515 675 2569 nix
708 2512 927 2568 dicitur.
968 2507 1122 2561 Mons
1146 2506 1358 2559 Taurus
1386 2519 1417 2557 a
1455 2501 1728 2572 plerisque
1763 2498 1904 2553 idem
1928 2508 2026 2551 vo-

437 2615 594 2661 catur
629 2613 684 2658 et
718 2601 1013 2655 Caucasus.
1054 2595 1250 2649 Ararat
1283 2607 1440 2648 mons
1480 2590 1783 2655 Armeniae,
1820 2588 1875 2643 in
1916 2600 2021 2657 quo

443 2708 629 2749 arcam
650 2687 894 2745 historici
916 2693 1039 2757 post
1057 2683 1312 2740 diluvium
1335 2681 1539 2737 sedisse
1561 2686 1849 2735 testantur.
1872 2676 2028 2733 Unde

441 2795 498 2841 et
521 2797 692 2854 usque
721 2779 884 2835 hodie
921 2776 1121 2832 ibidem
1149 2774 1416 2846 lignorum
1443 2770 1668 2842 vestigia
1703 2767 1821 2837 ejus
1844 2766 2029 2822 viden-

447 2887 553 2932 tur.
577 2875 775 2929 Ararat
800 2872 1186 2940 interpretatur
1225 2863 1543 2919 descendens
1567 2878 1600 2916 a
1621 2858 1850 2931 specula.
1876 2857 2030 2913 Mons

445 2968 822 3031 Moabitarum,
840 2963 895 3017 in
918 2975 1080 3031 quem
1102 2957 1321 3014 adducit
1341 2955 1504 3010 Balac
1522 2952 1666 3008 ﬁlius
1690 2952 1900 3021 Sephor
1920 2949 2028 3005 Ba—

2106 1223 2380 1296 signiﬂcat
2414 1230 2594 1277 autem
2629 1219 2897 1276 idolorum
2926 1218 3194 1273 culturam
3227 1226 3282 1274 et
3318 1216 3588 1288 superbia:
3614 1216 3697 1270 fa-

2109 1325 2279 1380 stum,
2311 1314 2508 1383 quibus
2541 1310 2739 1366 merito
2765 1308 3054 1364 anathema
3093 1308 3327 1374 dicitur,
3354 1308 3481 1378 quia
3512 1322 3545 1360 a
3572 1321 3697 1361 san-

2108 1407 2211 1461 etis
2248 1414 2305 1460 et
2336 1402 2584 1458 ﬁdelibus
2621 1399 2756 1455 viris
2792 1399 2970 1454 omnis
3016 1398 3325 1454 communio
3364 1407 3419 1453 et
3462 1398 3701 1453 societas
3757 1392 3760 1395 ’

2108 1490 2634 1568 ρῇυέίιιῑενάἰείιιιτ,
2674 1492 2920 1563 quando,
2955 1490 3110 1559 juxta
3135 1489 3450 1561 Apostolum
3476 1528 3492 1553 ,
3529 1487 3702 1542 Nulla

2112 1591 2334 1646 societas
2367 1598 2443 1643 est
2481 1586 2614 1640 lucis
2649 1584 2718 1638 ad
2760 1583 3030 1645 tenebras,
3070 1597 3161 1636 nec
3188 1580 3301 1635 ulla
3326 1590 3403 1635 est
3430 1580 3704 1635 conventio

2041 1652 2086 1711 Β
2114 1678 2310 1734 Christi
2331 1677 2399 1731 ad
2423 1674 2594 1730 Beiial
2616 1671 2698 1745 (ιι
2721 1670 2846 1726 Cor.
2867 1670 2966 1744 Vl).
2990 1670 3395 1741 Catachryseia,
3425 1669 3479 1723 id
3500 1676 3612 1734 est,
3633 1666 3704 1723 ad

2115 1784 2267 1824 aura.
2294 1767 2437 1823 Sunt
2454 1774 2637 1821 autem
2659 1770 2868 1819 montes
2891 1762 3008 1815 auri
3029 1760 3234 1816 fertiles
3255 1761 3308 1816 in
3335 1761 3554 1816 deserto
3577 1773 3709 1830 prd»

2114 1860 2200 1915 cul
2228 1874 2296 1914 ex
2325 1856 2697 1913 mansionibus
2722 1869 2751 1908 a
2780 1852 2976 1918 Coreb,
2984 1851 3140 1921 juxta
3168 1867 3304 1922 quos
3330 1851 3541 1923 Moyses
3567 1853 3711 1906 Deu-

2118 1951 2482 2006 tcronomium
2509 1948 2791 2017 scripsisse
2819 1944 3165 2015 perhibetur,
3196 1946 3292 2000 sed
3335 1944 3559 1999 metallo
3580 1944 3710 2000 seris

2121 2041 2268 2107 fauo,
2297 2041 2441 2111 quod
2467 2046 2652 2094 nostro
2680 2047 2922 2108 tempore
2943 2036 3169 2100 corruit,
3199 2046 3413 2090 montes
3436 2050 3707 2090 venarum

2120 2132 2238 2186 auri
2265 2130 2452 2201 plenos
2478 2143 2600 2184 esse
2624 2128 2834 2183 vicinos
2859 2126 3149 2182 aestimant.
3175 2125 3390 2182 Choreb
3419 2140 3576 2180 mons
3614 2124 3710 2178 Dei

2120 2219 2176 2272 in
2203 2218 2421 2287 regione
2440 2215 2652 2271 Madiau
2667 2215 2821 2285 juxta
2845 2222 3083 2268 montem
3110 2212 3242 2268 Sina
3266 2227 3429 2282 super
3447 2212 3711 2267 Arabiam

2122 2310 2175 2364 in
2205 2310 2452 2375 deserto,
2485 2307 2572 2364 cui
2600 2307 2845 2379 jungitur
2868 2321 3024 2361 mons
3061 2313 3119 2361 et
3151 2305 3427 2361 desertum
3453 2305 3717 2362 Sarrace-

2124 2417 2317 2459 norum
2337 2443 2352 2468 ,
2382 2403 2524 2473 quod
2554 2408 2754 2457 vocant
2784 2399 2982 2454 Farau.
3011 2398 3140 2453 Mihi
3166 2398 3411 2463 videtur,
3439 2398 3586 2467 quod
3614 2400 3715 2452 du-

2123 2493 2251 2564 plici
2301 2493 2520 2548 nomine
2565 2492 2708 2548 idem
2748 2506 2904 2546 mons
2940 2505 3087 2545 nunc
3124 2489 3272 2545 Sinai
3314 2504 3459 2544 nunc
3496 2488 3720 2547 Chorcb

2124 2592 2367 2641 vocetur.
2391 2583 2786 2653 Interpretatur
2823 2588 3005 2636 autem
3030 2581 3243 2637 Choreh
3269 2579 3472 2645 calvus,
3500 2580 3590 2635 vel
3610 2581 3718 2635 sic-

2126 2680 2257 2732 citas
2274 2717 2290 2743 ,
2312 2676 2398 2733 vel
2425 2674 2682 2741 solitudo,
2720 2674 2805 2729 vel
2844 2672 2994 2729 Sinai
3023 2674 3239 2728 tentatio
3257 2714 3273 2741 ,
3296 2673 3382 2728 vel
3410 2673 3633 2726 rubrum
3663 2680 3723 2727 et

2128 2770 2381 2840 amphora
2405 2783 2521 2823 mea
2549 2782 2566 2819 :
2596 2767 2687 2822 ubi
2714 2766 2923 2838 Moyses
2950 2765 3124 2837 legem
3159 2765 3390 2836 accepit,
3412 2775 3471 2821 et
3496 2780 3722 2820 mensu-

2130 2874 2247 2915 ram
2275 2859 2490 2915 vivendi
2533 2874 2601 2915 ex
2645 2859 2857 2914 Domini
2893 2859 3151 2913 mandato
3191 2858 3309 2912 rudi
3347 2857 3545 2928 populo
3578 2856 3725 2912 seri-

2133 2954 2245 3023 psit
2292 2971 2306 3007 :
2346 2952 2440 3009 sed
2485 2952 2712 3008 tcutatio
2744 2951 3073 3023 perﬁdorum
3109 2951 3181 3006 ibi
3211 2964 3319 3006 non
3363 2949 3567 3013 defuit,
3618 2964 3725 3004 nec

444 3022 589 3113 iis...
617 3022 857 3112 divinum
892 3022 960 3107 ad
990 3046 1418 3105 maledicendum
1440 3043 1607 3099 Israel
1647 3041 1835 3114 (Nam.
1865 3039 2028 3111 XXII).
2058 3022 2104 3085 (ἶ
2137 3022 2416 3116 sanguinis
2451 3043 2643 3100 etl'usio
2680 3022 2895 3115 penitus
2929 3044 3185 3100 cessavit.
3220 3041 3423 3099 Galaad
3457 3057 3617 3097 mons
3652 3042 3726 3096 ad

448 3166 612 3222 super
655 3147 915 3204 verticem
963 3142 1055 3213 qui
1100 3148 1324 3213 propter
1369 3137 1662 3193 vehemens
1705 3140 2033 3205 praeruptum

2135 3152 2297 3207 quem
2325 3137 2556 3207 septimo
2582 3135 2672 3192 die
2704 3134 3050 3205 profectionis
3077 3134 3291 3191 echaris
3331 3133 3498 3189 Iacob
3539 3132 3730 3204 profu-

455 3248 681 3299 vocatur
709 3236 925 3293 excisus
942 3274 958 3301 ,
994 3240 1050 3287 et
1074 3230 1319 3286 imminet
1344 3226 1482 3282 mari
1508 3225 1718 3280 Mortuo
1743 3223 1886 3277 haud
1910 3235 2037 3292 pro-
2137 3242 2236 3298 grus
2258 3227 2423 3282 venit.
2454 3226 2550 3281 Est
2578 3235 2757 3281 autem
2795 3227 2861 3282 ad
2891 3234 3103 3297 tergum
3125 3226 3399 3282 thnieis
3424 3235 3478 3280 et
3506 3225 3729 3282 Arabiae

451 3334 543 3392 cul
563 3335 632 3388 ab
655 3332 895 3385 Arnone.
918 3326 1094 3394 Fogor
1116 3330 1172 3378 et
1187 3318 1477 3402 Betht‘ogor
1503 3330 1659 3372 mons
1684 3313 2037 3369 Moabitarum
2137 3317 2363 3373 collibus
2389 3316 2579 3372 Libani
2610 3316 2891 3388 copulatus
2907 3357 2922 3382 ,
2950 3317 3367 3386 extendam-que
3406 3331 3504 3387 ρετ
3530 3316 3726 3372 deget.

451 3425 521 3480 ad
546 3436 707 3492 quem
735 3418 932 3474 Balaac
970 3429 1064 3470 rex
1094 3410 1314 3468 adducit
1349 3407 1577 3463 Balaam
1605 3404 1834 3460 ariolum
1864 3403 1918 3456 in
1948 3418 2035 3492 sus

2142 3419 2254 3465 tum
2286 3429 2299 3464 :
2327 3425 2501 3481 usque
2524 3409 2592 3464 ad
2616 3424 2740 3465 eum
2763 3408 2941 3464 locum
2971 3417 3124 3464 trans
3139 3406 3428 3463 Iordanem
3453 3407 3729 3463 habitavit

456 3514 683 3587 percilio
707 3509 967 3566 Libiadis.
993 3504 1102 3562 Sed
1122 3511 1181 3559 et
1199 3502 1305 3557 alia
1331 3499 1454 3555 villa
1484 3498 1661 3553 Sodor
1681 3494 1823 3551 haud
1850 3491 2040 3563 procul
2140 3499 2411 3573 quondam
2437 3500 2580 3556 εροη
2607 3515 2705 3556 ,τι
2738 3499 3159 3555 Απωπωοηηη,
3184 3497 3391 3554 Cecidit
3417 3506 3601 3553 autem
3634 3513 3731 3552 ευ-

454 3585 489 3659 a
534 3600 809 3657 Bethleem
845 3595 1118 3660 cernitur,
1159 3605 1280 3662 qua:
1322 3603 1466 3644 nunc
1497 3587 1638 3642 Faor
1678 3590 2037 3653 nuncupatur.
2140 3592 2414 3665 ρηάίειυε
2437 3606 2595 3647 mons
2623 3592 2677 3646 ίη
2713 3598 2915 3647 sortem
2949 3589 3181 3645 quorum
3208 3588 3397 3643 Ruben
3434 3595 3491 3643 ει
3523 3585 3643 3642 θεά
3674 3596 3732 3642 οι

448 3695 682 3752 ‘Abarim
716 3704 902 3753 mons,
941 3688 998 3742 in
1025 3700 1133 3756 quo
1165 3689 1411 3738 mortuus
1448 3688 1534 3734 est
1568 3676 1795 3747 Moyses.
1837 3673 2035 3728 Dicitur

2142 3684 2378 3740 dimittite
2410 3682 2585 3737 tribus
2619 3679 2884 3736 Manasse.
2921 3678 3031 3734 Sed
3063 3686 3122 3734 et
3155 3672 3417 3734 Jeremias
3438 3676 3686 3746 loquitur
3716 3694 3730 3731 :

461 3795 644 3843 autem
670 3796 827 3838 mons
856 3794 978 3834 esse
1001 3777 1189 3832 Nabau
1220 3774 1273 3828 in
1303 3781 1446 3827 terra
1468 3769 1623 3824 Moab
1651 3776 1840 3823 contra
1864 3762 2035 3817 Hieri-

2144 3774 2351 3829 Gataad
2396 3783 2453 3828 tu
2485 3772 2615 3826 mihi
2655 3771 2863 3825 initium
2910 3769 3098 3823 Libani
3141 3763 3274 3842 (Jer.
3329 3767 3496 3838 xxii);
3546 3782 3576 3821 a
3620 3782 3736 3837 quo

461 3877 564 3932 cbo
593 3882 757 3945 super
778 3869 1068 3926 Jordanem
1094 3867 1146 3921 in
1182 3861 1471 3933 supercilio
1493 3859 1688 3929 Fasga‘,
1719 3853 2048 3911 ostenditur-
2146 3873 2329 3919 ιιοηιε
2351 3871 2407 3918 οι
2430 3862 2624 3918 civitas
2656 3863 2711 3916 in
2747 3875 2813 3916 eo
2836 3861 3053 3917 comma
3085 3860 3273 3916 δοτιίω
3298 3858 3624 3915 vocabulum
3649 3867 3740 3913 esi

460 3979 566 4036 que
602 3944 1023 4019 ascendentibus
1068 3956 1135 4012 de
1173 3953 1397 4010 Libiade
1440 3953 1493 4006 in
1544 3948 1779 4004 Herbum
1824 3944 2047 4036 antiquo
2147 3970 2311 4026 quam
2339 3954 2484 4023 cepi;
2510 3953 2578 4008 de
2608 3950 3005 4006 Amori-330mm
3030 3966 3193 4006 manu
3216 3948 3419 4005 δειεεά
3451 3948 3594 4003 mins
3622 3947 3736 4002 Ma-

464 4035 731 4126 hodieque
756 4050 1021 4109 Vocablﬂo
1050 4048 1203 4133 iuxta
1243 4052 1480 4099 montem
1508 4040 1684 4111 F080?
1718 4051 1913 4133 υθξηεη
1938 4035 2050 4106 Pri“
2147 4046 2291 4112 chir,
2318 4044 2409 4098 lilii
2440 4043 2709 4098 Manasse.
2734 4041 2945 4097 Galaad
2978 4049 3182 4106 autem,
3211 4040 3304 4109 qui
3345 4041 3741 4108 interpretatur

463 4149 665 4205 stinum
722 4144 1079 4206 retinentem,
1127 4127 1158 4192 a
1198 4151 1306 4207 quo
1351 4135 1495 4189 circa
1534 4146 1659 4187 eum
1698 4130 1847 4201 regio
1883 4141 2051 4198 usque
2149 4149 2364 4187 acervus
2386 4130 2666 4186 testimonii
2680 4139 2728 4184 et
2744 4130 3137 4201 transmigratio
3156 4126 3743 4198 testimonii,signilicat

465 4256 608 4299 nunc
636 4245 865 4295 vocatur
891 4235 1087 4305 Fasga.
1114 4228 1332 4286 Abarim
1362 4233 1539 4281 autem
1570 4225 1976 4293 interpretatur,
1996 4218 2052 4271 in
2151 4232 2394 4282 sanciam
2433 4221 2798 4291 scripturam,
2832 4222 2887 4275 in
2912 4235 3017 4291 qua
3053 4218 3228 4276 fmdus
3258 4228 3314 4274 et
3337 4227 3556 4289 pactum
3589 4219 3744 4274 inter

466 4332 714 4395 transitu,
734 4328 877 4399 quod
896 4323 1201 4395 signiﬁcare
1229 4326 1406 4389 potest
1428 4315 1587 4370 ﬁnem
1610 4314 1743 4385 legis
1767 4309 2052 4382 :quonium
2082 4366 2132 4399 η
2157 4319 2325 4372 Deum
2365 4323 2421 4369 et
2456 4314 2704 4369 homines
2742 4313 3090 4368 constitutum
3123 4310 3338 4382 legitur.
3381 4310 3458 4366 lbi
3492 4310 3662 4363 etiam
3684 4318 3745 4365 et

470 4425 602 4496 legis
629 4425 789 4478 datur
811 4415 1130 4493 [legislator]
1164 4414 1374 4485 Moyses
1402 4410 1474 4467 ibi
1506 4410 1559 4464 in
1584 4416 1765 4463 monte
1792 4405 2053 4460 virtutum
2079 4401 2131 4426 ν
2156 4405 2523 4464 reconciliatio
2542 4404 2763 4459 humani
2793 4403 3005 4475 generis
3031 4416 3130 4472 per
3154 4401 3426 4458 chi-istum
3461 4401 3605 4472 apud
3635 4403 3746 4459 no.

470 4515 764 4572 collocatus
795 4512 861 4566 de
889 4510 992 4563 hac
1019 4507 1131 4561 vita
1157 4502 1392 4559 transiit.
1432 4499 1542 4554 Nec
1561 4498 1704 4553 enim
1727 4502 1937 4565 poterat
1956 4506 2055 4561 per

474 4605 691 4676 Moysen
726 4599 956 4672 populus
993 4595 1324 4653 lsraeliticus
1361 4591 1596 4647 transire
1632 4586 1951 4649 Iordanem,
2001 4590 2056 4636 et

474 4696 679 4749 intrare
718 4691 773 4745 in
818 4697 1021 4743 terram
1063 4682 1525 4754 repromissionis,
1566 4678 1661 4734 sed
1684 4692 1781 4746 per
1802 4676 2054 4729 ducatum

474 4784 598 4839 Jesu
625 4782 730 4836 hoc
763 4778 967 4833 factum
993 4783 1098 4838 est,
1128 4776 1232 4829 hoc
1266 4779 1350 4826 est
1371 4809 1386 4834 ,
1414 4768 1710 4824 Salvatoris
1736 4763 1938 4827 nostri,
1965 4762 2057 4832 qui

476 4876 543 4931 de
569 4874 787 4928 deserto
825 4867 985 4923 istius
1021 4864 1204 4919 mundi
1239 4875 1337 4931 per
1373 4858 1632 4929 Baptismi
1662 4861 2056 4910 sacramentum

476 4965 665 5023 ﬁdeles
700 4977 828 5020 suos
866 4956 1159 5015 introducit
1197 4955 1252 5009 in
1290 4960 1493 5007 terram
1517 4947 1841 5008 viventium,
1869 4951 1925 4999 et
1949 4943 2060 5013 glo-

478 5058 613 5112 riam
653 5053 801 5126 regni
847 5048 1102 5105 cmlestis.
1153 5044 1389 5100 Hermon
1435 5052 1590 5093 mons
1629 5036 2063 5101 Amorraeorum,

482 5149 551 5203 de
575 5162 683 5217 quo
713 5145 913 5199 dictum
943 5146 1045 5205 est,
1060 5152 1220 5208 quem
1234 5131 1520 5189 thnices
1545 5135 1740 5184 vocant
1765 5125 1979 5191 Sanior,
2006 5131 2062 5178 et

484 5240 791 5293 Amorrzeus
819 5229 1105 5303 appellavit
1142 5226 1337 5290 Sanir,
1375 5223 1676 5289 diciturque
1702 5231 1827 5273 esse
1858 5217 1912 5271 in
1936 5230 2061 5271 vcr—

484 5330 591 5385 tiee
612 5326 730 5396 ejus
754 5325 965 5394 insigne
987 5319 1264 5391 templum,
1289 5314 1433 5385 quod
1453 5310 1683 5369 ethnicis
1708 5308 1875 5365 cultui
1906 5308 2066 5363 habe-

485 5428 593 5483 tur,
622 5433 651 5471 a
682 5416 900 5487 regione
924 5411 1188 5468 Paneadis
1215 5416 1273 5465 et
1305 5405 1518 5461 Libani.
1547 5402 1655 5458 Sed
1678 5411 1734 5457 et
1758 5410 1902 5456 terra
1929 5399 2064 5454 tilio-

490 5521 609 5560 rum
643 5504 808 5559 israel
840 5512 989 5558 trans
1013 5500 1301 5556 Iordanem
1338 5511 1370 5550 a
1413 5494 1542 5550 solis
1565 5500 1689 5546 ortu
1720 5505 1751 5544 a
1795 5498 2065 5559 praerupto

490 5595 722 5652 Arnonis
749 5610 921 5667 usque
955 5593 1023 5648 ad
1051 5600 1288 5647 montem
1312 5588 1549 5643 Harmon
1577 5583 1903 5640 extenditur.
1932 5580 2067 5635 lier-

493 5700 618 5744 tnon
658 5696 836 5741 autem
880 5685 1295 5753 interpretatur,
1330 5679 1641 5745 anathema,
1679 5674 1765 5730 vel
1804 5672 2017 5727 tristitia
2046 5688 2065 5728 :

2156 4498 2360 4552 miuum
2390 4495 2731 4565 praedicatur.
2758 4493 2962 4549 Galaad
2996 4509 3154 4549 mons
3179 4492 3233 4547 in
3261 4494 3498 4558 deserto,
3528 4492 3620 4548 ubi
3652 4508 3746 4550 ca-

2158 4596 2270 4640 stra
2300 4584 2487 4639 metati
2520 4590 2646 4638 sunt
2672 4581 2767 4637 tilii
2797 4582 2978 4637 Israel.
3003 4581 3169 4638 Gebal
3211 4596 3368 4638 mons
3393 4581 3447 4637 in
3472 4589 3619 4637 terra
3654 4599 3746 4638 re—

2157 4675 2548 4746 promissionis,
2571 4673 2662 4729 ubi
2688 4674 2756 4728 ad
2783 4672 3067 4743 imperium
3095 4672 3265 4743 Moysi
3295 4673 3466 4728 altare
3489 4682 3745 4729 onustm-

2157 4776 2303 4819 etum
2342 4772 2447 4819 est.
2493 4762 2634 4820 Sunt
2681 4771 2861 4817 autem
2891 4761 3048 4831 juxta
3090 4762 3344 4844 Hiericho
3376 4762 3484 4817 duo
3526 4775 3745 4819 montes

2158 4855 2321 4910 vieini
2347 4862 2537 4910 contra
2569 4869 2629 4908 se
2658 4854 2887 4909 invicem
2917 4853 3285 4922 respicientes,
3319 4866 3352 4907 e
3375 4854 3575 4923 quibus
3601 4869 3747 4909 unus

2158 4946 2416 5012 Garizim,
2447 4946 2583 5001 alter
2603 4944 2770 5001 Gehal
2799 4944 3013 5000 dicitur.
3043 4944 3212 5001 Porro
3235 4945 3561 5001 Samaritani
3589 4947 3744 5001 arbi-

2163 5044 2377 5089 trantur
2391 5037 2489 5090 hos
2505 5035 2641 5091 duos
2666 5043 2880 5091 montes
2896 5034 3049 5104 juxta
3063 5033 3341 5106 Neapolim
3362 5051 3504 5102 esse,
3528 5036 3627 5091 sed
3654 5050 3750 5091 ve-

2162 5128 2442 5182 hementer
2473 5134 2676 5181 errant.
2717 5124 3014 5179 Plurimqu
3053 5126 3197 5180 enim
3240 5126 3384 5181 inter
3420 5140 3479 5181 se
3514 5126 3747 5190 distant,

2162 5231 2262 5271 nec
2289 5224 2513 5286 possunt
2549 5215 2777 5270 invicem
2810 5212 3242 5269 benedicentium
3277 5215 3393 5271 sive
3417 5213 3753 5270 maledicen-

2165 5315 2299 5370 tium
2326 5314 2467 5369 inter
2497 5325 2558 5366 se
2583 5310 2759 5366 audiri
2785 5324 2947 5366 voces
2977 5326 2991 5363 :
3021 5308 3165 5378 quod
3190 5306 3472 5375 Scriptura
3505 5318 3753 5360 commc-

2165 5410 2359 5459 morat.
2397 5401 2567 5458 Gebal
2602 5401 3021 5470 interpretatur,
3049 5413 3242 5468 uorago
3277 5405 3419 5451 uetus
3458 5411 3478 5449 :
3502 5394 3750 5450 Garizim

2166 5507 2339 5555 mons,
2369 5503 2531 5560 super
2553 5503 2715 5559 quem
2758 5496 3023 5546 steterunt
3049 5486 3251 5557 iniqui;
3281 5484 3564 5539 maledicta
3596 5496 3755 5539 reso-

2165 5583 2372 5639 nabant
2404 5581 2555 5651 juxta
2589 5580 2961 5651 supradictum
2995 5587 3233 5635 montem
3273 5575 3462 5632 Gebal.
3504 5573 3754 5630 Garizim

2168 5673 2551 5743 interpretatur
2577 5671 2761 5727 divisio
2783 5672 2898 5729 sive
2920 5670 3179 5742 pra-cisio.
3202 5667 3303 5735 Qui
3332 5673 3457 5723 sunt
3482 5677 3614 5734 ergo
3632 5662 3752 5729 isti.
