3974 6188
283 321 391 377 361

1262 317 1351 373 DE
1391 315 1740 373 UNIYER‘SO
1775 312 1959 370 LIBRI
2000 310 2162 367 XXII.
2202 341 2273 351 -—
2309 310 2436 366 LIB.
2478 311 2612 367 XIII.

3473 317 3579 377 5G3

294 436 389 504 qui
413 426 1120 503 inecdunt'juxta‘moutem
1147 432 1412 499 Garizim.
1436 442 1493 489 et
1518 432 1613 503 qui
1639 430 1898 486 incedunt
1924 432 1975 494 Α
2002 423 2117 479 ret?
2156 422 2263 480 Sed
2300 424 2426 494 quia
2471 423 2673 480 Gelboe
2719 424 3105 495 interpretatur
3151 427 3446 497 decursus,
3483 448 3583 503 per

288 521 445 591 juxta
492 533 740 580 montem
774 521 979 579 Gebal?
1023 523 1104 577 llli
1151 523 1497 592 itaque,'qui
1535 523 1592 577 in
1626 522 1730 577 hoc
1772 519 1890 577 loco

294 617 446 678 iuxta
471 624 718 675 montem
746 611 987 669 Garizim
1019 612 1277 669 incedunt
1298 612 1459 667 electi
1481 612 1550 667 ad
1569 611 1892 667 benedicen—

296 713 447 776 dum,
478 725 579 765 eos
603 707 903 778 ﬁguraer
930 706 1201 771 indicant,
1239 707 1332 775 qui
1365 720 1472 761 non
1506 711 1653 758 metu
1691 716 1887 774 paenae,

299 801 394 857 sed
414 799 660 856 celestis
675 796 1053 869 promissionis
1073 811 1260 851 amore
1281 795 1551 859 succensi,
1575 795 1798 850 veniunt
1823 794 1891 849 ad

296 891 553 946 salutem.
595 889 676 944 Illi
705 902 836 945 vero
870 886 1113 953 dimidii,
1148 887 1244 957 qui
1267 884 1423 955 juxta
1457 896 1695 942 montem
1723 884 1893 941 Gehal

293 962 593 1044 incedunt,
636 980 691 1034 in
722 993 833 1049 quo
866 976 1276 1034 maledictiones
1315 977 1537 1048 prolatae
1577 983 1732 1041 sunt,
1773 976 1894 1033 illos

305 1071 571 1136 indicant,
596 1070 691 1139 qui
723 1085 834 1124 non
867 1084 1054 1125 amore
1088 1068 1525 1125 benedictionum
1551 1068 1634 1124 vel
1666 1068 1896 1138 promis-

303 1161 552 1227 sionum,
596 1161 694 1217 sed
734 1159 1043 1216 futurorum
1085 1159 1473 1230 suppliciorum
1512 1159 1707 1214 timore
1741 1174 1892 1214 com—

303 1258 450 1329 plent
492 1272 623 1328 quae
658 1256 715 1310 in
754 1256 873 1326 lege
915 1256 1119 1324 scripta
1158 1264 1321 1318 sunt,
1362 1263 1423 1309 ut
1457 1254 1775 1324 perveniant
1824 1253 1894 1309 ad

304 1348 553 1404 salutem.
584 1345 789 1403 Omnes
807 1354 993 1402 autem
1019 1347 1169 1403 circa
1192 1362 1378 1402 arcam
1406 1346 1684 1412 incedunt,
1711 1345 1804 1415 qui
1825 1347 1894 1401 ab

305 1439 564 1497 Ecclesiae
583 1439 707 1495 sinu
732 1454 840 1494 non
868 1438 1131 1495 recedunt
1160 1457 1173 1493 :
1200 1438 1295 1495 sed
1321 1424 1615 1493 nobiliores
1634 1451 1756 1493 esse
1778 1436 1894 1492 illos

306 1532 553 1586 novimus
569 1569 586 1595 ,
612 1530 710 1599 qui
731 1530 858 1585 boni
891 1530 1063 1600 ipsius
1088 1529 1389 1594 desiderio,
1416 1537 1642 1584 aeternae
1674 1528 1896 1584 benedi—

301 1622 502 1678 ctionis
535 1636 748 1686 antore,
770 1622 918 1690 quod
944 1622 1147 1679 bonum
1182 1627 1266 1677 est
1308 1627 1504 1691 agunt,
1537 1634 1702 1691 quam
1738 1619 1891 1685 illos,

282 1715 399 1784 alui
421 1727 523 1782 pro
556 1712 686 1767 mali
723 1719 867 1767 metu
897 1713 1100 1773 bonum
1129 1720 1428 1768 sectantur.
1454 1711 1608 1766 Mons
1620 1711 1895 1766 Olivarum

1995 514 2124 572 Saul
2154 524 2335 573 autem
2366 524 2585 571 unctum
2611 523 2666 570 et
2698 525 2968 572 mortuum
2999 534 3145 575 mors
3177 523 3348 577 nostri
3377 523 3580 582 Media-

1997 609 2129 665 toris
2155 609 2481 680 exprimitur
2516 629 2527 664 :
2558 625 2668 664 non
2700 610 2969 666 immerito
3011 627 3109 683 per
3142 611 3343 671 Gelboe
3370 626 3582 676 montes

1995 701 2228 771 superba
2256 698 2566 756 Iudaeorum
2598 701 2762 756 corda
2785 701 3084 772 signantur,
3109 719 3227 773 quae
3255 700 3464 761 dum'in
3491 708 3584 764 hu-

1987 786 2079 859 jus
2099 789 2283 844 mundi
2314 789 2596 844 desideriis
2617 789 2876 855 deﬂuunt,
2904 790 2956 845 in
2978 790 3198 859 Christi,
3226 793 3279 848 id
3306 805 3389 850 est
3410 799 3580 862 uncti,

1996 895 2055 935 se
2086 889 2260 936 morte
2289 880 2658 945 miscuerunt,
2687 888 2745 935 et
2768 881 2893 949 quia
2928 881 2983 936 in
3014 882 3094 937 eis
3115 892 3311 938 unctus
3344 901 3437 940 rex
3469 902 3587 942 cor-

1992 970 2255 1041 poraliter
2299 971 2559 1038 moritur,
2611 970 2715 1042 ipsi
2759 972 2827 1027 ab
2874 973 3023 1029 omni
3061 988 3267 1044 genere
3311 992 3435 1032 rore
3480 979 3589 1035 sic-

1998 1068 2211 1116 cantur.

2069 1152 2286 1208 Thabor
2312 1161 2366 1208 et
2394 1152 2630 1208 Hermon
2662 1161 2874 1209 montes
2908 1162 3034 1208 sunt
3073 1153 3243 1225 Syria:
3270 1158 3580 1227 provinciae,

1997 1260 2231 1315 quorum
2250 1245 2469 1300 nomina
2491 1244 2728 1316 ingentia
2746 1248 3424 1317 sacramentaparturiunt.
3445 1250 3487 1305 Τ
3492 1251 3587 1306 ha—

1996 1339 2097 1394 hor
2134 1337 2277 1392 enim
2332 1337 2532 1393 dicitur
2575 1337 2779 1392 veniens
2814 1337 2991 1392 lumen
3034 1354 3052 1391 :
3100 1341 3243 1410 quod
3281 1345 3590 1411 specialiter

1999 1425 2289 1480 adventum
2330 1425 2542 1480 Domini
2582 1424 2879 1482 Salvatoris
2919 1428 3219 1499 signiﬁcat,
3264 1431 3329 1487 de
3370 1449 3478 1504 quo
3515 1436 3590 1490 di-

1998 1526 2145 1572 ctum
2176 1525 2254 1573 est
2286 1536 2298 1571 :
2334 1517 2467 1572 Erat
2496 1518 2672 1573 lumen
2700 1536 2871 1574 verum
2891 1563 2905 1586 ,
2929 1522 3070 1591 quod
3097 1520 3360 1578 illuminat
3385 1543 3588 1582 omnem

1999 1607 2262 1662 hominem
2291 1609 2580 1663 venientem
2608 1609 2663 1662 in
2700 1610 2836 1664 hunc
2872 1611 3124 1666 mundum
3149 1612 3329 1683 (Joan.
3362 1613 3424 1685 ι).
3455 1614 3591 1672 Her-

1999 1716 2128 1757 mon
2183 1701 2454 1774 signiﬁcat
2481 1703 2762 1756 anathema
2792 1703 2927 1774 ejus,
2956 1702 3010 1758 id
3039 1713 3124 1759 est
3171 1704 3392 1773 diaboli,
3424 1725 3588 1780 quam

305 1805 372 1859 ad
395 1804 664 1859 orientem
694 1803 1199 1870 est.Jerusalem,in
1226 1819 1334 1874 quo
1360 1803 1655 1875 discipulos
1681 1803 1896 1859 erudie-
1922 1795 1971 1853 Β
2001 1794 2373 1852 aChristianis
2392 1795 2623 1851 Domino
2645 1796 2896 1851 veniente
2921 1797 3421 1870 suscepit.Dignum
3444 1804 3589 1859 enim

305 1894 397 1949 bat
419 1892 604 1949 Iesus.
635 1893 793 1950 Mons
817 1909 948 1966 ergo
967 1895 1069 1950 iste
1087 1893 1360 1965 signiﬁcat
1383 1893 1759 1950 celsitudinem
1777 1894 1895 1950 ,νίτ-

308 1993 483 2040 tutum
505 1994 568 2040 et
598 1986 904 2056 gratiarum
942 1984 1268 2056 spiritalium
1292 2026 1307 2051 ,
1333 2000 1454 2055 qua:
1489 1986 1631 2042 dono
1658 1985 1895 2056 Spiritus

306 2079 481 2134 sancti
508 2078 906 2134 distribuqu
932 2077 1203 2135 ﬁdelibus.-

376 2169 586 2235 Naban,
612 2170 758 2239 quod
804 2169 1061 2225 hebraice
1100 2168 1300 2227 dicitur
1328 2167 1500 2234 Nubo,
1534 2184 1690 2225 mons
1732 2184 1897 2240 super

306 2259 598 2317 Iordanem
626 2267 816 2316 contra
842 2259 1156 2316 Hicrichum
1178 2259 1234 2313 in
1262 2268 1406 2314 terra
1431 2259 1608 2326 Moab,
1636 2260 1727 2316 ubi
1753 2259 1897 2332 Moy-

307 2367 396 2406 ses
422 2360 676 2407 mortuus
703 2360 788 2407 est
805 2391 823 2417 ,
857 2359 916 2407 et
938 2366 1112 2421 usque
1138 2352 1299 2409 hodie
1326 2351 1712 2419 ostenditurin
1741 2363 1897 2409 sexto

310 2442 564 2499 milliaria
582 2443 742 2501 urbis
763 2443 937 2499 Esbus
963 2452 1153 2499 contra
1182 2444 1504 2500 orientalem
1528 2444 1763 2517 plagam.
1791 2445 1898 2501 Na-

303 2532 411 2588 han
442 2548 577 2605 ergo
607 2533 999 2604 interpretatur
1019 2574 1035 2600 ,
1061 2535 1117 2588 in
1145 2533 1507 2601 conclusione,
1538 2542 1593 2590 et
1626 2534 1899 2607 signiﬁcat

312 2623 602 2679 terminum
630 2623 788 2693 legis,
815 2624 953 2679 sicut
983 2634 1038 2679 et
1056 2639 1206 2681 mors
1232 2624 1425 2695 Moysi,
1444 2625 1570 2694 quia
1600 2626 1898 2682 secundum

305 2714 626 2784 Apostolum
661 2714 785 2784 ﬁnis
818 2714 947 2786 legis
989 2712 1226 2770 Christus
1262 2728 1335 2769 est
1368 2715 1437 2770 ad
1450 2714 1725 2786 justitiam
1754 2717 1898 2772 omni

306 2805 537 2860 credenti
573 2803 753 2878 (Rom.
783 2804 861 2877 x).

380 2896 456 2953 0r
483 2912 664 2964 mons,
691 2897 746 2953 in
776 2912 882 2968 quo
911 2908 1160 2955 mortuus
1189 2907 1274 2954 est
1295 2898 1500 2965 Aaron,
1523 2899 1678 2969 juxta
1709 2900 1900 2955 civita-

316 2997 420 3041 tein
444 2987 692 3052 Petram,
723 2988 813 3044 ubi
840 3003 1011 3059 usque
1035 2989 1104 3045 ad
1131 2999 1451 3058 praesentem
1479 2989 1779 3046 ostenditur
1808 3005 1899 3045 ru-

308 3090 405 3148 pes
452 3094 565 3147 qua
604 3093 863 3148 percussa
904 3079 1114 3151 Moyses
1152 3096 1324 3150 aquas
1382 3080 1578 3152 pepulo
1618 3080 1785 3137 dedit.
1822 3078 1899 3139 Or

314 3176 492 3224 autent
525 3168 916 3240 interpretatur
951 3172 1258 3236 iracundia,
1293 3182 1347 3227 et
1378 3173 1601 3239 merito,
1656 3173 1784 3244 quia
1826 3173 1900 3228 ibi

300 3269 532 3331 propter
556 3261 950 3321 dubitationem
983 3263 1147 3335 Moysi
1175 3272 1230 3319 et
1256 3264 1438 3320 Aaron
1469 3265 1524 3319 in
1542 3265 1902 3334 productione

314 3367 464 3420 aqua:
490 3352 560 3408 de
590 3362 745 3423 petra
773 3354 1116 3409 interdictum
1144 3362 1231 3411 est
1274 3356 1354 3411 eis
1396 3372 1466 3412 ne
1497 3356 1901 3412 introducerent

319 3442 452 3497 ﬁlios
475 3442 645 3498 Israel
669 3443 724 3497 in
755 3452 954 3499 terram
985 3445 1439 3514 repromissionis.
1862 3501 1892 3524 ν

380 3532 525 3589 Gaas
544 3549 704 3589 mons
726 3533 782 3589 in
806 3536 948 3591 tribu
971 3537 1248 3607 Ephraim,
1263 3539 1316 3593 in
1330 3538 1484 3609 cujus
1497 3540 1901 3611 septentrionali

307 3627 463 3698 plaga
495 3628 743 3697 sepultus
766 3636 850 3684 est
874 3628 1033 3685 Iesus
1066 3631 1210 3687 ﬁlius
1249 3632 1427 3699 Nave,
1456 3642 1512 3689 et
1538 3648 1707 3703 usque
1740 3634 1901 3690 hodie

308 3715 457 3795 juxta
484 3718 669 3772 vicum
695 3718 993 3775 Thamnam
1012 3722 1355 3791 sepulchrum
1377 3722 1493 3793 ejus
1514 3712 1901 3796 insigne‘mon-

316 3817 538 3862 stratur.

382 3898 507 3955 Scir
546 3916 706 3958 mons
745 3902 797 3956 in
838 3910 979 3959 terra
1008 3904 1214 3971 Edom,
1247 3906 1299 3960 in
1336 3921 1442 3975 quo
1468 3904 1730 3962 habitavit
1757 3908 1899 3965 Esau

316 3991 367 4044 in
396 3992 616 4063 regione
643 3992 913 4049 Gebalena
934 4036 949 4060 ,
987 4011 1130 4065 quae,
1161 4013 1226 4050 ex
1259 4012 1324 4052 eo
1360 3997 1502 4066 quod
1529 3998 1671 4053 Esau
1699 3999 1902 4071 pilosus

316 4093 456 4137 esset
484 4094 539 4139 et
568 4085 849 4155 hispidus,
878 4086 1000 4142 Seir
1018 4129 1034 4153 ,
1066 4088 1168 4144 hoc
1192 4100 1277 4144 est
1314 4090 1495 4161 pilosi,
1526 4107 1718 4147 nomen
1747 4105 1901 4148 acce-

312 4176 408 4244 pit.
440 4175 500 4230 ln
536 4178 736 4246 quibus
774 4177 907 4234 locis
945 4189 1071 4234 ante
1109 4180 1371 4237 habitavit
1411 4182 1712 4249 Chorreus,
1740 4198 1899 4254 quem

317 4262 585 4320 interiecit
626 4265 845 4343 Chodor
886 4267 1134 4325 Laomor.
1175 4271 1416 4327 Meminit
1452 4274 1652 4329 montis
1688 4273 1809 4329 Seir
1846 4281 1902 4329 et

316 4348 478 4406 Isaias
505 4353 561 4407 in
596 4353 805 4410 visione
828 4355 1094 4413 Idumam.
1126 4359 1264 4426 Quid
1300 4369 1484 4416 autem
1522 4361 1662 4429 Seir,
1694 4363 1784 4434 qui
1819 4362 1902 4417 in-

318 4447 647 4511 terpretatur
683 4446 881 4517 pilosus
932 4450 1013 4505 vel
1044 4451 1314 4521 hispidus,
1347 4454 1641 4525 signiﬁcet,
1683 4455 1770 4510 ille
1806 4455 1897 4524 qui

317 4530 599 4591 historiam
624 4536 794 4594 Iacob
821 4548 875 4596 et
902 4540 1043 4596 E.au
1073 4541 1203 4614 legit
1228 4554 1281 4599 et
1311 4544 1449 4600 bene
1468 4545 1711 4615 intelligit
1740 4545 1897 4601 facile

318 4624 634 4695 dignoscere
659 4640 868 4701 potest,
898 4636 1024 4705 quia
1042 4634 1205 4691 Iacob
1230 4637 1456 4708 simplex
1480 4639 1748 4709 signiﬁcat
1773 4639 1903 4694 sim-

316 4716 607 4786 plicitatem
634 4722 890 4781 Ecclesiae
931 4744 944 4779 :
984 4726 1127 4781 Esau
1168 4743 1297 4783 vero
1330 4727 1533 4798 pilosus
1565 4739 1620 4783 et
1656 4729 1900 4799 hispidus

314 4803 526 4865 Iudteos
561 4820 617 4866 et
652 4814 938 4871 haereticos
962 4818 1094 4872 setis
1133 4818 1389 4873 vitiorum
1422 4818 1667 4874 sordidos
1701 4827 1757 4873 et
1782 4817 1902 4874 feti-

318 4895 409 4951 dos
430 4902 710 4970 exprimit.

387 4985 516 5042 Baal
543 4989 779 5048 Ilermon
811 5011 964 5052 mons
993 4998 1136 5054 circa
1166 4998 1429 5054 Libanum
1460 5001 1513 5055 in
1544 5000 1741 5057 ﬁnibus
1764 5001 1897 5057 allo-

312 5079 619 5150 phylorum.
668 5083 870 5141 Gellioe
911 5096 1122 5144 montes
1169 5090 1588 5161 alienigenarum
1640 5092 1694 5146 in
1745 5100 1898 5147 sexto

318 5168 489 5239 lapide
512 5171 883 5243 Ascitopolim.
898 5176 955 5231 In
980 5178 1175 5247 quibus
1196 5188 1252 5234 et
1269 5181 1418 5234 vicus
1439 5189 1521 5235 est
1542 5182 1780 5250 grandis,
1804 5182 1894 5251 qui

317 5262 615 5331 appellatur
641 5264 862 5322 Gelbus.
890 5267 947 5323 In
978 5270 1062 5324 his
1087 5272 1342 5325 occubuit
1368 5270 1495 5326 Saul
1521 5284 1573 5327 ct
1600 5272 1892 5341 Jouathau,

317 5352 382 5407 ob
409 5356 551 5425 quod
583 5356 861 5412 maledixit
891 5358 970 5413 eis
996 5360 1164 5414 David
1188 5360 1374 5417 dicens
1407 5380 1418 5414 :
1454 5361 1657 5416 Montes
1686 5361 1893 5429 Celboe,

316 5459 405 5497 uec
428 5461 512 5498 ros
541 5462 634 5499 nec
656 5444 833 5516 pluvia
861 5448 1069 5502 veniant
1100 5466 1254 5520 super
1275 5467 1394 5515 vos,
1422 5459 1527 5505 etc.
1556 5450 1644 5518 (II
1674 5452 1803 5522 Reg.
1828 5452 1893 5524 ι.)

314 5536 449 5603 Quid
471 5553 605 5609 ergo
630 5549 845 5595 montes
864 5538 1066 5596 Gelhoe
1087 5539 1215 5596 Saul
1239 5543 1502 5597 moriente
1531 5543 1889 5612 deliquerunt,

314 5634 579 5692 quatenus
617 5629 670 5683 in
714 5628 795 5684 eis
835 5643 937 5684 nec
973 5646 1063 5686 ros
1092 5646 1191 5686 nec
1222 5632 1399 5701 pluvia
1437 5632 1656 5687 caderet
1695 5650 1707 5686 :
1747 5640 1800 5686 ct
1826 5633 1894 5687 ab

315 5717 455 5771 omni
484 5731 577 5773 eos
606 5718 892 5775 viriditatis
924 5721 1167 5790 germine
1195 5723 1478 5779 sententia:
1510 5739 1686 5779 sermo
1723 5725 1893 5780 sicca-

711 5813 988 5875 I’ATROL.
1035 5815 1200 5880 CXI.

1997 1887 2100 1943 fuit
2123 1897 2184 1943 ut
2215 1888 2471 1958 praesenti
2495 1887 2696 1943 lumine
2719 1888 3036 1946 tenebrosus
3070 1890 3317 1948 diabolus
3344 1893 3592 1952 vincere-

1996 1985 2104 2032 tur.
2124 1977 2213 2032 Isti
2233 1993 2362 2049 ergo
2377 1976 2726 2032 exsultabant
2745 1979 2798 2031 in
2816 1980 3036 2035 nomine
3046 1979 3286 2047 omini,
3300 1983 3440 2038 sicut
3461 1984 3588 2040 alibi

1998 2070 2185 2127 ﬁdeles
2209 2070 2393 2126 dicunt
2421 2089 2434 2123 :
2465 2069 2590 2123 Non
2617 2070 2785 2135 nobis,
2810 2070 3050 2138 Domine,
3069 2088 3173 2127 non
3195 2073 3362 2142 nodis,
3386 2077 3476 2130 sed
3498 2094 3591 2131 no-

1990 2164 2127 2216 mini
2175 2173 2266 2216 tuo
2310 2163 2380 2216 da
2416 2162 2639 2232 gloriam
2680 2160 2866 2234 (Psal.
2915 2164 3106 2229 cxm).
3151 2165 3388 2224 Libath
3433 2185 3591 2225 mons

1996 2252 2315 2307 Phoenicum
2346 2252 2643 2307 altissimus
2660 2293 2676 2317 ,
2701 2250 2856 2321 cujus
2895 2255 3260 2311 meminerunt
3286 2260 3587 2330 prophetae,

1999 2341 2176 2397 dictus
2213 2357 2244 2397 a
2284 2341 2475 2409 thure,
2516 2342 2644 2418 quia
2689 2343 2762 2398 ibi
2796 2343 3095 2416 colligitur.
3125 2347 3300 2419 Cujus
3336 2364 3401 2406 ea
3434 2365 3587 2421 pars,

1999 2446 2121 2500 quae
2150 2439 2237 2487 est
2261 2445 2427 2503 super
2447 2447 2572 2486 eum
2601 2432 2668 2487 ad
2688 2434 3011 2490 orientalem
3026 2436 3244 2509 (plagam
3271 2441 3585 2510 respiciens.

1998 2523 2339 2581 Auti‘libanus
2350 2524 2668 2596 appellatur,
2685 2524 2738 2581 id
2752 2533 3035 2583 estcontra
3047 2529 3333 2586 Libanum.
3350 2533 3590 2591 Libanus

1994 2621 2176 2684 potest
2212 2614 2521 2685 signiﬁcare
2565 2624 2808 2672 sanctam
2839 2617 3136 2675 Ecclesiam
3181 2637 3338 2680 sacro
3384 2625 3590 2696 baptis-

1999 2712 2144 2760 mate
2168 2720 2199 2760 a
2226 2706 2465 2776 peccatis
2501 2708 2810 2762 mundatam
2830 2750 2845 2774 ,
2875 2716 2927 2764 et
2952 2711 3190 2768 candore
3214 2713 3472 2770 virtutum
3498 2716 3591 2772 de-

1978 2795 2254 2857 albatam.
2285 2796 2440 2854 Unde
2467 2797 2664 2853 dicitur
2687 2799 2741 2853 in
2755 2799 2969 2868 psalmo
3003 2819 3015 2854 :
3045 2800 3396 2858 Satiabutuur
3413 2808 3591 2861 omnia

1997 2884 2142 2957 ligna
2169 2886 2421 2941 silvarum
2455 2897 2503 2942 et
2527 2888 2671 2942 cedri
2709 2888 2927 2956 Libani,
2951 2907 3088 2973 quas
3124 2891 3376 2963 innatasti
3412 2892 3585 2966 (Paul.

1998 2978 2137 3050 cm).
2168 2979 2337 3049 Ligna
2360 2980 2616 3036 silvarum
2641 2980 2827 3051 plebes
2850 2982 3157 3053 signiﬁcant
3172 2985 3471 3069 ingentium
3494 3004 3589 3059 po-

1999 3069 2273 3140 pulorum,
2305 3070 2397 3141 qui
2427 3071 2684 3127 Ecclesiae
2719 3072 2999 3139 catholicae
3043 3075 3110 3131 de
3151 3077 3392 3133 dumosis
3426 3087 3591 3148 atque

1928 3155 1972 3216 C
2002 3160 2222 3216 incultis
2260 3162 2570 3217 nationibus
2611 3163 2967 3221 advenerunt.
3002 3165 3129 3223 Haec
3166 3166 3308 3238 ligna
3346 3170 3590 3226 indicant

2003 3254 2253 3311 homines
2282 3256 2468 3326 utique
2507 3256 2838 3324 medioeres,
2882 3261 3032 3316 cedri
3062 3271 3242 3319 autem
3276 3264 3465 3321 Libani
3496 3267 3590 3323 de-

1998 3345 2213 3401 clarant
2246 3348 2455 3404 nobiles
2493 3363 2559 3404 ac
2586 3358 2865 3421 potentes,
2894 3355 2988 3424 qui
3026 3355 3082 3409 in
3118 3356 3357 3413 humano
3392 3370 3591 3430 genere

2004 3442 2260 3505 tanquam
2296 3437 2475 3503 cedri,
2515 3440 2756 3495 eminere
2794 3452 3114 3499 noscuntur.
3165 3445 3404 3502 Libanus
3440 3449 3588 3505 enim

2000 3526 2391 3597 interpretatur
2411 3530 2735 3587 candidatio.
2751 3532 2944 3590 Satculi
2958 3545 3147 3593 autem
3170 3537 3330 3607 hujus
3349 3549 3588 3611 potestas

1996 3619 2249 3690 quaedam
2274 3621 2490 3677 videtur
2517 3637 2638 3678 esse
2672 3622 2971 3693 festivitas,
2997 3629 3087 3685 ubi
3117 3630 3312 3686 divites
3339 3632 3588 3690 homines

2000 3716 2067 3764 ac
2105 3718 2357 3779 potentes
2389 3711 2587 3768 excelsi
2630 3723 2795 3785 atque
2830 3719 3041 3786 proceri
3081 3721 3237 3790 quasi
3278 3722 3333 3776 in
3381 3723 3587 3781 Libano

2001 3812 2185 3858 monte
2219 3802 2558 3868 nascuntur,
2584 3806 2674 3874 qui
2717 3815 2897 3862 tamen
2943 3811 3014 3866 ad
3047 3826 3230 3867 veram
3273 3812 3586 3885 religionem

2001 3892 2216 3948 Domini
2246 3908 2471 3950 munere
2503 3906 2880 3965 pervenerunt.
2901 3897 3124 3969 Sophim
3144 3918 3300 3959 mons
3329 3904 3587 3974 Ephraim

2003 3984 2055 4038 in
2087 3983 2207 4040 loco
2236 3985 2578 4041 Bamathem.
2609 3987 2833 4057 Sophim
2870 4005 2998 4044 vero
3047 3991 3436 4062 interpretatur
3469 4013 3588 4066 spe-

2000 4074 2142 4140 cula,
2170 4076 2285 4132 sive
2308 4077 2572 4147 scopulus,
2601 4086 2658 4132 et
2682 4078 2948 4149 signiﬁcat
2973 4079 3183 4137 culmen
3213 4082 3581 4152 perfectionis.

2004 4165 2155 4220 Unde
2183 4165 2379 4238 legitur
2406 4168 2462 4221 iu
2490 4167 2697 4239 Regum
2725 4170 2810 4223 vir
2831 4185 2970 4225 unus
3010 4170 3177 4226 fuisse
3211 4173 3278 4229 de
3315 4171 3583 4231 Ramatha

2004 4254 2226 4325 Sophim
2253 4258 2318 4311 de
2340 4267 2519 4313 monte
2541 4259 2817 4328 Ephraim,
2834 4260 2888 4314 in
2912 4260 3017 4314 alta
3033 4261 3239 4317 scilicet
3258 4267 3586 4336 contempt;-

2002 4348 2146 4404 tione
2173 4349 2432 4409 virtutum
2449 4391 2464 4415 ,
2484 4360 2549 4406 ut
2576 4367 2606 4405 a
2641 4351 2802 4407 nullis
2838 4351 3245 4421 suhjacentibus
3271 4364 3327 4412 et
3349 4356 3585 4413 circum-

1999 4440 2327 4496 latrantibus
2344 4443 2762 4514 cogitationibus
2796 4445 2992 4501 mentis
3023 4444 3141 4527 ejus
3163 4446 3467 4506 sublimitas
3487 4450 3584 4507 de-

1992 4531 2256 4601 jiceretur
2281 4533 2365 4588 vel
2394 4534 2573 4590 unitas
2597 4535 2951 4599 scinderetur.
3176 4592 3197 4617 ,ι

2073 4622 2202 4679 Sion
2245 4639 2399 4679 mons
2431 4633 2514 4679 est
2553 4625 2703 4681 urbis
2740 4624 3037 4684 Jerusalem
3074 4629 3130 4685 in
3168 4620 3391 4709 aliqth
3429 4643 3582 4703 parte

2000 4716 2326 4771 constitutus
2360 4718 2769 4788 supereminens
2808 4721 3033 4777 civitati.
3076 4722 3230 4781 Unde
3258 4724 3320 4780 et
3346 4725 3477 4782 Sion
3505 4728 3583 4781 in-

2001 4815 2328 4877 terpretatur
2350 4807 2657 4878 speculum,
2700 4810 2815 4867 sive
2849 4813 3134 4883 speculatio
3171 4828 3192 4867 :
3229 4823 3286 4869 et
3313 4816 3582 4886 signiﬁcat

2000 4906 2243 4954 sanctam
2268 4899 2600 4967 Ecclesium,
2626 4917 2749 4973 quae
2777 4906 2938 4960 corde
2969 4920 3107 4975 puro
3141 4915 3199 4963 et
3231 4908 3460 4978 simplici
3497 4909 3580 4962 in-

2001 4995 2241 5051 tentione
2267 5010 2516 5065 superna:
2546 4997 2698 5067 pacis
2734 4998 2942 5055 visione
2980 4999 3377 5070 contemplatur
3410 5010 3469 5054 et
3503 5000 3579 5071 ip-

1999 5103 2120 5143 sum
2150 5104 2311 5160 super
2333 5090 2514 5144 omnia
2543 5090 2912 5147 dominantem
2937 5100 2994 5147 et
3022 5099 3338 5163 regnantem
3359 5092 3578 5164 inspicit

1999 5179 2188 5235 Deum.
2214 5198 2219 5205 ο

2069 5271 2200 5326 Sina
2245 5286 2401 5327 mons
2435 5274 2491 5328 in
2525 5275 2744 5345 regione
2778 5274 2989 5331 Madian
3027 5291 3189 5346 super
3223 5276 3480 5333 Arabiam
3516 5280 3570 5335 in

1998 5365 2210 5419 deserto
2229 5405 2244 5429 ,
2269 5364 2335 5419 de
2363 5381 2469 5435 quo
2502 5367 2555 5421 in
2591 5365 2849 5435 Apostolo
2876 5367 3071 5439 legitur
3104 5386 3119 5423 :
3151 5367 3282 5423 Sina
3317 5386 3464 5425 mons
3496 5383 3571 5425 est

1996 5455 2049 5507 in
2079 5455 2290 5519 Arabia,
2319 5457 2406 5527 qui
2438 5458 2745 5526 conjunctus
2791 5468 2865 5512 est
2895 5458 2944 5512 ei
2979 5476 3095 5529 qua:
3122 5475 3259 5514 nunc
3292 5470 3369 5515 est
3415 5461 3573 5516 Jeru—

1994 5545 2189 5612 salem,
2228 5556 2276 5600 et
2305 5548 2457 5601 servit
2494 5564 2609 5601 cum
2644 5549 2769 5618 ﬁliis
2802 5550 2910 5604 suis
2948 5548 3103 5621 (Gal.
3140 5551 3249 5623 tv).
3294 5549 3573 5624 Signiﬁcat

1995 5646 2173 5690 autem
2201 5651 2525 5708 synagogam
2548 5635 2854 5693 Iudaeorum
2876 5640 3146 5695 camalem
3175 5642 3572 5697 observantiam

1994 5726 2126 5797 legis
2149 5736 2439 5795 tenentem,
2467 5743 2625 5798 quam
2655 5730 2942 5799 praedictus
2964 5729 3254 5801 Apostolus
3289 5747 3566 5803 compara-

3063 5828 3135 5888 12

2684 5995 2713 6029 ί
