1987 3094
170 160 225 188 365

656 160 702 187 DE
721 161 898 191 UNIVERSO
920 162 1010 190 LIBRI
1031 163 1112 192 XXII.
1133 180 1169 185 —
1189 165 1253 193 LIB.
1273 166 1340 195 XIII.

1766 172 1819 201 δερ

167 203 380 250 hmretieorum,
396 221 427 245 ut
442 217 470 244 in
488 216 622 251 Propheta
640 225 674 245 ex
690 225 805 253 persona
819 218 947 246 Ecclesia:
962 226 969 245 :
985 220 1011 251 Α
1024 219 1162 249 abundant
1177 220 1321 255 frumento,
1340 223 1368 250 id
1387 226 1439 257 est,
1459 223 1581 252 doctrina
1596 211 1712 261 spiritali
1726 232 1754 256 et
1767 236 1818 264 ope

169 264 205 291 In
221 263 339 292 Domino
359 264 480 298 conﬁdo,
504 263 634 299 quomodo
652 264 741 291 dicitis
763 265 859 292 animm
876 273 940 293 metu
961 272 971 291 :

170 309 345 345 Tramnsigra
354 309 381 337 in
392 313 504 338 montem
519 309 586 337 sicut
600 317 690 343 passer
701 307 787 345 (Psal.
799 309 827 345 ι)
835 310 846 337 ?
855 310 970 343 Montes,

168 355 310 382 daemones
320 354 364 382 vel
375 354 511 386 haeretici,
524 354 582 382 sive
595 353 750 383 Iudaeorum
762 355 869 383 scribae.
886 356 914 383 In
927 356 972 384 Je-

167 400 256 427 remia
276 408 284 426 :
307 399 376 427 Date
388 398 501 428 Domino
517 398 573 429 Deo
586 403 669 427 vostro
685 399 812 434 gloriam,
831 406 970 436 antequam

167 444 306 479 offendant
316 444 393 480 pedes
404 444 483 472 nostri
494 445 528 471 ad
539 450 640 473 montes
650 445 808 480 caliginoso:
819 446 886 482 (Jer.
899 448 969 482 xm).

167 490 201 517 Et
217 490 245 518 in
259 490 364 525 psalmo
379 499 386 517 :
402 489 489 524 Usque
499 490 535 518 ad
549 490 653 526 [Neque
671 490 699 526 a]
715 491 824 519 desertis
838 493 970 520 montibus

167 535 256 571 (Psal.
274 536 381 572 Lxxtv).
395 536 502 564 Montes
512 536 577 569 duo,
599 537 645 572 qui
659 537 687 564 in
699 537 831 565 Zacharia
846 538 910 566 terei
925 538 971 566 de-

167 582 326 610 scribuntur
335 581 429 618 (Zach.
445 582 494 618 vr),
511 583 565 610 duo
576 583 751 611 Testamenta
762 584 841 620 legis,
857 586 890 613 de
903 593 970 620 quo-

167 636 225 654 rum
238 629 331 655 medio
342 629 472 664 quadriga
489 630 606 661 Domini,
620 630 645 656 id
661 634 710 661 est,
727 636 843 664 quatuor
854 639 969 667 cvange-

165 673 262 700 liorum
272 674 431 708 praedicatio
442 675 573 709 procedit.
588 676 734 703 Ilmrcticos
744 678 969 712 crgosiguilicant

166 724 283 751 montes,
296 720 343 747 ubi
354 720 455 747 dicitur
472 730 478 747 :
495 720 642 756 Ncquando
655 722 788 756 o/fendant
801 724 876 757 pedes
890 725 967 750 vestri

165 765 199 791 ad
212 770 314 792 montes
326 766 482 801 caliginosos
491 766 558 801 (Jcr.
569 768 640 801 xm).
654 768 743 796 Monet
756 770 828 796 enim
845 778 894 797 nos
903 770 969 798 Pro-

165 810 255 844 pheta,
269 815 300 837 ut
314 818 471 844 caveamus,
487 819 518 839 ne
534 812 602 839 forte
615 821 724 848 gl'CSSllS
738 822 849 848 operum
863 821 968 843 DOSU'O'

166 863 222 881 rum
241 856 268 882 in
285 857 403 890 superba
416 857 538 884 doctrina
554 858 742 886 lucretieorum
755 859 924 888 ollendcutes
938 861 966 888 in

1024 265 1167 300 virtutum,
1183 267 1253 294 sicut
1264 267 1308 295 ille
1320 268 1490 304 publicanus,
1508 271 1553 306 qui
1566 279 1618 299 nec
1629 273 1722 302 oculos
1736 276 1819 303 audc-

1023 309 1071 337 bat
1092 311 1126 339 ad
1149 311 1248 339 ctelum
1269 313 1386 349 erigere,
1401 322 1453 342 nec
1471 315 1561 351 aliqua
1576 318 1735 347 meritorum
1749 328 1818 355 prte-

1024 356 1179 390 sumptione
1202 357 1339 386 conlidere
1367 358 1443 395 (Luc.
1471 361 1562 398 xvm),
1586 363 1734 392 abundavit
1758 365 1816 393 fru-

1023 405 1124 429 mento.
1141 400 1208 429 Nam
1223 403 1286 437 quia
1300 404 1410 432 humilis
1423 406 1552 434 convallis
1567 407 1626 440 fuit,
1643 414 1750 438 erectus
1763 415 1817 445 est,

1023 446 1095 480 quia,
1104 451 1250 481 praestante
1257 447 1382 482 Domino,
1389 450 1427 477 sei
1429 458 1506 485 psum
1514 451 1619 486 deiecit.
1629 454 1695 482 Item
1702 456 1728 483 in
1736 456 1816 485 aliam

1022 496 1126 527 partem
1142 493 1219 521 vallis
1231 495 1353 530 ponitur,
1374 501 1402 524 ut
1417 502 1459 525 est
1473 498 1537 526 illud
1555 501 1693 535 prophetze
1708 511 1714 530 :
1736 503 1817 534 Vallis

1021 536 1138 572 ﬁliorum
1160 538 1256 566 Ennon
1279 541 1349 575 (Jer.
1366 544 1435 578 xtx),
1458 544 1486 571 in
1507 552 1561 579 quo
1581 554 1662 581 poma
1687 549 1817 584 gehennae

1022 584 1193 618 exprimitur.
1219 584 1309 614 Valles
1329 587 1449 616 haeretici
1467 590 1509 617 vel
1522 589 1607 620 Judaei
1621 592 1677 621 sive
1691 600 1818 629 peccato-

1022 635 1067 655 res
1084 629 1117 656 de
1132 629 1260 658 Ecclesia:
1285 632 1451 662 sublimitate
1470 635 1608 670 cadentes,
1631 643 1660 665 ut
1677 638 1704 671 in
1725 639 1815 668 Isaia:

1028 674 1128 702 Vallem
1148 676 1212 710 ﬁlim
1229 677 1294 705 Sion
1309 679 1377 714 (lsa.
1393 680 1433 717 Χ).
1449 681 1482 709 Et
1496 683 1558 710 alibi
1572 693 1578 710 :
1593 684 1687 712 vallem
1697 686 1815 719 ﬁliorum

1022 719 1118 749 Ennon
1134 721 1201 757 (Jer.
1217 723 1284 759 xix).
1304 725 1386 753 Vallis
1401 727 1516 756 humiles
1527 729 1609 757 corde
1623 730 1768 766 signiﬁcat,
1782 733 1816 761 de

1022 772 1075 799 quo
1087 766 1115 793 in
1130 766 1243 796 Cantico
1262 770 1430 800 canticorum
1448 780 1498 801 vox
1519 773 1619 802 Christi
1639 776 1761 812 loquitur
1772 778 1814 805 di-

1020 819 1084 839 cens
1111 813 1121 848 (
1134 813 1212 847 Cant.
1227 814 1266 850 ιι)
1284 825 1292 844 :
1310 816 1367 852 Ego
1385 819 1437 852 μαι
1464 820 1567 855 campi,
1598 822 1628 850 id
1651 828 1707 856 est,
1733 825 1815 853 decus

1018 858 1133 885 mundi:
1149 864 1173 886 et
1194 860 1280 889 lilium
1303 864 1478 899 convallium,
1503 867 1588 902 gloria
1613 869 1739 902 videlicet
1763 871 1814 898 hu-

165 900 312 936 caligincm
329 909 454 929 errorum
470 903 578 929 cadant.
597 904 737 931 Diabolum
750 913 814 932 vero
833 906 967 940 signiﬁcat
982 900 1005 930 Β
1019 903 1134 931 Milium-

165 954 252 978 Iuous,
270 947 318 974 ubi
333 947 360 974 in
375 947 535 982 Apocalypsi
554 949 685 983 scriptum
705 954 745 976 cst
760 949 857 985 (Apoc.
876 951 940 985 Vm)
955 962 962 978 .-

165 993 234 1026 quod
250 1000 331 1020 mons
345 1000 460 1027 magnus
474 993 573 1020 missus
592 994 627 1020 sit
650 994 676 1021 in
693 1000 818 1029 stagnum
841 996 910 1030 ignis
924 1004 964 1023 ar-

165 1037 252 1064 dentis
269 1042 298 1064 et
310 1037 449 1072 sulphuris
463 1047 469 1064 2
486 1039 548 1073 quia
564 1040 733 1067 contumacia
751 1041 850 1068 diaboli
864 1046 965 1069 aeterna

164 1085 288 1118 gelienna
302 1084 457 1111 damnatur.
474 1085 662 1113 Fundamenta
680 1087 828 1119 montium,
844 1095 907 1122 spes
920 1096 965 1116 su-

164 1129 320 1163 perborum.
337 1129 366 1157 In
380 1130 483 1164 psalmo
500 1140 505 1157 :
520 1131 554 1157 Et
570 1131 742 1165 {initiamenta
761 1133 889 1160 montium
904 1142 965 1161 σοηρ

165 1175 268 1202 turbata
283 1180 346 1203 sunt
359 1175 445 1211 (Paul.
463 1177 540 1212 xvn).

481 1231 595 1260 CAPUT
613 1232 645 1260 ll.

473 1267 512 1294 De
530 1268 650 1295 collibus.

197 1311 289 1340 Colles
303 1316 374 1342 sunt
392 1313 631 1348 praeminentiora
644 1314 708 1349 juga
722 1314 868 1348 montium,
886 1315 964 1349 quasi

165 1357 243 1385 colla.
267 1357 338 1394 luga
360 1362 453 1386 autem
475 1359 608 1386 montium
629 1367 664 1387 ex
686 1366 719 1387 eo
734 1359 868 1394 appellata
889 1363 962 1391 sunt,

164 1403 235 1438 quod
254 1403 463 1438 propinquitate
487 1403 652 1438 junguntur.
678 1404 809 1432 Tumulus
828 1409 871 1432 est
886 1404 964 1440 quasi

164 1453 270 1476 tumens
283 1448 372 1476 tellus.
386 1449 669 1478 Itemtumulusterra
681 1454 822 1485 congesta,
835 1450 880 1477 ubi
890 1450 963 1479 nulla

164 1495 298 1523 memoria
307 1496 464 1524 est..Colles
479 1497 553 1524 enim
567 1497 726 1530 signiﬁcant
737 1498 825 1525 bonos
839 1497 964 1525 homines

163 1540 279 1568 minoris
296 1540 388 1568 meriti
402 1548 491 1576 quam
514 1545 630 1569 montes.
653 1541 724 1569 Sunt
743 1545 836 1569 autem
860 1541 963 1569 medio-

1326 954 1441 983 CAPUT
1455 956 1501 984 IV.

1333 1009 1373 1036 De
1392 1011 1500 1046 campis.

1052 1073 1169 1109 Campus
1178 1079 1220 1103 est
1231 1080 1363 1105 terrarum
1377 1078 1511 1112 planities.
1532 1079 1625 1108 Dictus
1637 1085 1726 1109 autem
1739 1090 1813 1111 cam-

1015 1126 1075 1153 pus,
1092 1120 1163 1153 quod
1174 1120 1264 1149 brevis
1280 1122 1315 1149 sit
1330 1123 1452 1157 pedibus,
1469 1132 1520 1152 nec
1533 1129 1640 1153 erectus
1655 1131 1685 1154 ut
1695 1132 1811 1160 montes,

1016 1163 1062 1191 sed
1075 1168 1171 1199 patens
1185 1169 1213 1193 et
1223 1166 1310 1201 spatio
1323 1175 1372 1196 suo
1383 1173 1525 1203 porrectus
1536 1175 1564 1198 et
1574 1171 1678 1206 jacens.
1697 1172 1773 1201 Unde
1785 1180 1814 1202 et

1015 1209 1110 1239 Grmce
1132 1212 1229 1247 pedion
1253 1213 1363 1243 dicitur.
1397 1215 1519 1252 Sumpsit
1536 1223 1626 1247 autem
1651 1228 1749 1249 nomen
1774 1230 1808 1250 ex

1015 1256 1110 1285 Graaca
1123 1257 1303 1295 etymologia.'
1312 1261 1405 1289 Camai
1417 1263 1488 1290 enim
1503 1264 1597 1293 Graece
1607 1266 1691 1294 breve
1704 1267 1809 1296 dicunt.

1015 1300 1108 1330 Solum
1128 1308 1169 1331 est
1188 1312 1269 1333 omne
1283 1307 1354 1341 quod
1371 1308 1495 1341 sus-tinet,
1523 1317 1538 1336 a
1551 1310 1687 1340 soliditate
1707 1313 1809 1344 dictum

1015 1347 1128 1376 scilicet.
1143 1348 1172 1376 In
1194 1357 1351 1385 camporum
1370 1360 1434 1389 ergo
1447 1354 1556 1383 nomine
1574 1356 1720 1392 aliquando
1732 1358 1808 1387 Scri-

1013 1397 1101 1427 ptura:
1116 1394 1215 1423 divina:
1236 1397 1437 1432 exprimuntur,
1462 1407 1495 1427 eo
1515 1402 1592 1435 quod
1616 1407 1726 1437 pactum
1752 1404 1812 1440 [pa-

1015 1440 1098 1476 stum]
1115 1447 1307 1477 congruentem
1326 1444 1451 1474 ﬁdelibus
1463 1447 1766 1485 animalwspuebeant,
1780 1457 1811 1481 ut

1011 1490 1055 1513 est
1068 1486 1133 1514 illud
1147 1487 1174 1514 in
1188 1487 1296 1516 Psalmo
1309 1496 1316 1515 :
1331 1489 1365 1516 Et
1381 1492 1467 1526 campi
1486 1492 1525 1519 ιιιὶ
1541 1493 1711 1528 replebtmlttr
1731 1496 1794 1524 uber

1014 1535 1068 1558 tate
1080 1531 1166 1568 (Psal.
1181 1533 1266 1570 ulv).
1276 1534 1429 1571 Aliquando
1445 1544 1508 1564 vero
1522 1538 1703 1572 aequalitatem
1714 1546 1742 1568 et
1752 1541 1810 1576 pla—
1863 1553 1867 1557 ί

163 1593 224 1614 ores
239 1593 276 1614 ex
289 1586 423 1621 qualitate
443 1590 610 1620 tractantes,
632 1588 678 1622 qui
703 1592 793 1615 tamen
815 1588 961 1616 Dominum
974 1578 998 1609 ε
1015 1576 1153 1605 “ditatem
1182 1586 1289 1607 morum
1319 1581 1462 1616 ἀεείειιειιι
1491 1586 1521 1610 υι
1545 1582 1610 1613 mild
1636 1584 1807 1616 Psalmisun:

163 1630 241 1659 bonis
253 1632 382 1666 operibus
394 1631 518 1665 laudant,
532 1637 562 1660 ut
572 1632 836 1668 Prophetateslatur
849 1633 959 1661 dicens:

164 1675 267 1704 Home
281 1681 306 1704 et
324 1676 402 1704 colles
423 1678 565 1705 cmuabant
583 1686 673 1705 coram
687 1678 742 1705 Deo
754 1677 859 1706 laudent
873 1678 959 1715 (Psal.

163 1721 286 1758 csum).
301 1722 369 1751 [tem
382 1723 409 1751 in
424 1723 504 1752 aliam
522 1728 628 1759 partem
645 1724 723 1752 collis
739 1725 862 1760 ponitur,
875 1729 906 1752 ut
919 1729 961 1753 est

163 1766 228 1797 illud
245 1767 272 1795 in
288 1768 454 1804 Evangelio:
470 1768 562 1798 Omnis
574 1778 650 1797 mons
669 1774 692 1797 et
709 1769 784 1798 collis
805 1770 958 1798 humiliatu-

164 1817 206 1840 tur
223 1812 300 1849 (Luc.
314 1814 366 1850 ιιι).
381 1814 448 1850 luga
466 1819 557 1844 autem
578 1816 711 1844 montium
733 1816 837 1844 sanctis
853 1816 959 1845 merito

164 1863 368 1894 comparantur,
382 1860 430 1894 qui
448 1860 569 1888 fraterna
586 1861 720 1888 charitate
736 1861 851 1894 invicem
870 1861 958 1896 juncti

163 1904 334 1938 copulantur,
358 1909 386 1932 et
410 1905 547 1936 socialiter
567 1906 689 1935 viventes
710 1913 791 1934 omne
812 1906 957 1936 divortium

163 1950 322 1979 schismatis
334 1955 477 1986 spernunt.

468 1997 582 2026 CAPUT
605 1997 648 2028 lll.

459 2044 506 2074 ,De
522 2044 643 2074 vallibus.

194 2089 286 2118 Valles
299 2094 364 2122 sunt
378 2090 490 2119 humilia
504 2090 573 2122 loca,
588 2090 665 2125 quasi
680 2091 754 2119 vulsa
768 2091 834 2119 hino
847 2090 953 2127 [humo]

161 2139 187 2162 et
197 2135 483 2170 convallesdepressa
502 2135 562 2165 loca
587 2139 721 2165 terrarum
742 2136 815 2165 inter
837 2140 952 2164 montes.

1012 1622 1169 1651 Gaudebant
1195 1626 1281 1661 campi
1299 1631 1325 1653 et
1349 1628 1439 1654 omnia
1458 1636 1518 1664 qua
1540 1629 1567 1656 in
1590 1630 1627 1657 eis
1642 1636 1702 1658 sunt
1718 1631 1806 1667 (Psal.

1010 1667 1084 1703 xcv).
1110 1669 1227 1705 Campos
1248 1672 1292 1699 hic
1314 1672 1439 1700 similiter
1461 1673 1489 1701 in
1508 1674 1579 1707 bono
1592 1675 1723 1704 debemus
1738 1679 1809 1707 acci-

1008 1721 1076 1750 pere
1096 1722 1103 1742 :
1128 1717 1193 1752 quia
1220 1717 1265 1745 illa
1291 1719 1370 1754 plena
1394 1719 1520 1752 dicimus.
1543 1730 1603 1757 quac
1624 1723 1806 1759 pulcherrima

1010 1761 1165 1795 aequalitate
1178 1763 1334 1792 tenduntur.
1349 1765 1465 1801 Campos
1479 1774 1545 1803 ergo
1562 1768 1628 1797 dicit
1642 1770 1715 1799 viros
1727 1770 1800 1805 justi-

1007 1805 1054 1836 ,tiae
1068 1806 1146 1834 laude
1159 1808 1300 1843 pollentes,
1314 1818 1368 1838 non
1381 1811 1508 1846 superbia
1522 1813 1649 1846 tumidos,
1666 1822 1718 1844 non
1729 1823 1807 1851 aspe-

1009 1859 1055 1879 ros
1077 1852 1228 1888 iracundia,
1251 1855 1297 1883 sed
1323 1861 1465 1890 mansueta
1488 1857 1600 1887 lenitate
1620 1859 1803 1894 plenissimos.

1008 1896 1126 1933 Campus
1143 1898 1303 1935 intelligitur
1317 1901 1444 1936 mundus,
1460 1909 1493 1930 eo
1510 1903 1581 1938 quod
1602 1905 1636 1932 sit
1651 1910 1756 1939 patens,
1772 1907 1806 1934 de

1008 1951 1061 1984 quo
1082 1944 1208 1974 [labacuc
1230 1947 1362 1982 propheta
1387 1947 1456 1976 dicit
1470 1949 1566 1980 :VExiit
1584 1951 1700 1985 verbum,
1713 1952 1740 1979 id
1750 1957 1804 1985 est,

1006 1990 1091 2021 Filius
1104 1991 1162 2024 Dei,
1175 1996 1200 2018 et
1214 1993 1284 2020 misit
1298 1993 1364 2020 sein
1381 2002 1513 2029 cannpmn.
1529 1995 1564 2022 Et
1577 1995 1604 2022 in
1617 1995 1724 2024 Psalmo
1737 1997 1805 2025 seri-

1005 2040 1083 2070 ptum
1098 2041 1140 2064 est
1153 2046 1159 2063 :
1175 2036 1249 2065 Sicut
1259 2038 1346 2073 posuit
1364 2039 1392 2066 in
1412 2038 1529 2074 Ᾱῖέινριο
1543 2041 1618 2075 signa
1633 2049 1691 2072 sua,
1705 2047 1728 2068 et
1740 2050 1802 2076 pro-

1005 2082 1078 2117 digia
1102 2083 1198 2110 suain
1224 2091 1318 2118 campo
1345 2083 1456 2113 Taneos.
1483 2085 1588 2113 Taneos
1612 2086 1683 2114 enim
1707 2087 1803 2116 civitas

1005 2132 1048 2154 cst
1060 2127 1182 2163 ngypti,
1196 2128 1242 2156 ubi
1258 2128 1329 2156 facta
1348 2133 1412 2161 sunt
1424 2129 1557 2165 prodigia,
1583 2138 1643 2165 qua:
1666 2131 1801 2166 leguntur.

161 2179 228 2208 sum
239 2181 350 2216 propria
365 2180 475 2213 nomina
491 2180 599 2209 mnium
613 2190 619 2208 ε
634 2186 665 2209 ut
677 2181 773 2210 Maian
783 2181 865 2210 “ms
873 2186 954 2217 atque
1003 2172 1088 2208 Signa
1102 2173 1196 2208 utique
1207 2172 1316 2201 fuerunt
1330 2173 1356 2200 in
1367 2173 1483 2210 Egypto
1497 2175 1572 2204 duris
1584 2175 1711 2205 cordibus
1723 2178 1800 2212 quasi

160 2231 336 2262 pmmpwm,
357 2234 439 2261 supra
454 2232 647 2261 quam’omme
662 2227 799 2262 quondam
813 2227 875 2256 Jesu
890 2228 952 2256 [una
969 2254 992 2262 ἢ
1005 2218 1174 2247 characteris
1189 2218 1321 2253 impressa
1343 2219 1467 2254 vestigia.
1492 2219 1619 2256 Prodigia
1642 2229 1706 2249 vero
1719 2223 1797 2257 quasi

160 2254 335 2307 stetit-juxta,
967 2254 993 2284 Β
1006 2272 1087 2299 Porro
1109 2265 1237 2298 dicentia,
1261 2264 1287 2292 id
1307 2269 1359 2299 est,
1386 2273 1447 2301 quin
1470 2254 1716 2302 prazﬁgurabuntur
1729 2254 1799 2296 esse

160 2322 252 2345 contra
268 2317 408 2348 Orientem
425 2318 554 2350 Betbelis,
569 2319 656 2346 tribus
670 2318 707 2346 ab
721 2327 754 2346 ea
776 2319 895 2348 millibus
912 2320 953 2347 (Ii-

160 2368 236 2391 stans
257 2363 353 2399 procul
371 2364 466 2399 Agaba
485 2368 514 2391 et
527 2364 613 2392 llama
629 2364 718 2392 Saulis
734 2365 856 2393 urbibus.
869 2365 953 2393 Porro

159 2409 263 2437 Hebrmi
275 2408 412 2437 allirmant
423 2409 519 2437 Aialon
540 2409 630 2437 vicum
640 2417 701 2437 esse
712 2409 791 2444 juxta
802 2409 952 2445 Nicopon

159 2457 184 2484 in
202 2457 322 2485 sewndo
336 2457 427 2492 lapide
444 2457 621 2492 pergentibus
633 2456 748 2484 Heliam.
760 2456 952 2485 leastitano-

159 2510 228 2534 rum,
246 2501 274 2530 id
294 2506 338 2531 est
352 2502 597 2537 vallisogigautum,
614 2502 744 2529 adversus
759 2509 827 2536 quos
846 2502 952 2536 praelia-

158 2552 200 2574 ‘us
220 2551 263 2575 est
282 2547 377 2575 David.
401 2547 499 2580 Cedas,
519 2547 546 2575 id
558 2551 601 2575 est
623 2547 701 2574 vallis
716 2547 855 2583 Josaphat,
881 2547 953 2575 inter

163 2591 307 2621 Ierusalem
325 2596 353 2621 et
373 2596 493 2620 montem
509 2591 606 2620 Oliveti
620 2592 697 2628 :lege
711 2592 871 2628 prophetam
881 2591 949 2620 Jocl.

161 2637 263 2666 Ralaim
284 2638 364 2667 vallis
375 2638 578 2674 Allopbylorum
592 2638 625 2665 ad
640 2637 878 2672 septentrionalem
893 2637 950 2672 pla-

157 2690 216 2718 gam
229 2683 391 2711 Jerusalem.
405 2682 487 2712 Vallis
498 2682 634 2718 signiﬁcat
644 2682 835 2710 contritionem
847 2683 948 2716 cordis,

157 2732 183 2754 et
209 2728 400 2761 humilitatem,
421 2732 453 2755 ut
471 2732 513 2755 est
531 2727 597 2756 illud
617 2727 645 2755 in
670 2727 797 2755 Psalmo:
813 2726 950 2756 Convalles

157 2773 326 2804 abundabunt
341 2774 472 2809 frumento
487 2773 573 2809 (Psal.
595 2773 681 2809 uiv).
703 2773 844 2806 Convalles
864 2781 949 2809 popu-

157 2818 196 2846 los
208 2819 363 2855 signilicant
374 2818 491 2849 humiles
504 2828 511 2846 :
525 2819 587 2854 quia
602 2818 671 2846 nihil
685 2819 727 2847 his
739 2818 878 2852 humilius,
887 2827 949 2854 quae

155 2869 183 2895 to
195 2866 311 2899 quadam
322 2865 493 2893 concavitale
504 2864 680 2892 descendunt.
695 2864 740 2892 Isti
753 2871 816 2901 ergo
832 2864 946 2893 humiles

1004 2315 1130 2339 ventura.
1145 2310 1246 2338 Omnes
1260 2311 1332 2338 enim
1347 2310 1400 2338 illae
1413 2311 1498 2347 plaga:
1514 2312 1548 2340 ad
1564 2312 1681 2347 aliquam
1697 2313 1801 2349 signiﬁ-

1004 2355 1124 2383 cautium
1139 2355 1236 2390 priscis
1252 2356 1418 2391 temporibus
1431 2358 1611 2393 contigerunt.
1627 2358 1723 2387 Merito
1734 2367 1800 2395 ergo

1004 2400 1080 2435 signa
1094 2404 1121 2428 et
1144 2400 1265 2436 prodigia
1289 2407 1352 2429 sunt
1374 2402 1519 2438 appellata,
1544 2411 1604 2438 qua:
1629 2404 1656 2432 in
1682 2404 1799 2440 {Egypto

1004 2444 1077 2472 facta
1098 2449 1295 2474 monstrantur.
1314 2447 1429 2481 Taneos,
1447 2448 1545 2475 humile
1558 2450 1712 2476 mandatum
1727 2451 1797 2478 dixi-

1005 2498 1066 2519 mus
1086 2491 1269 2526 iuterpretari,
1291 2493 1365 2527 quod
1381 2493 1409 2520 in
1423 2494 1478 2522 isto
1491 2494 1589 2521 saeculo
1611 2495 1795 2522 necessarium

1003 2535 1083 2564 nobis
1100 2544 1133 2564 ac
1148 2537 1266 2565 salutare
1282 2538 1455 2573 cognoscitur
1468 2548 1475 2565 :
1490 2539 1535 2566 ubi
1556 2538 1672 2566 humiles
1686 2546 1718 2567 ac
1730 2547 1795 2575 pro-

1004 2582 1081 2610 strati
1105 2590 1166 2610 esse
1192 2583 1331 2617 debemus,
1359 2584 1405 2619 qui
1430 2585 1515 2612 veniae
1537 2592 1645 2620 semper
1667 2585 1796 2623 suﬁ'regia

1002 2627 1179 2662 postulamus.
1198 2628 1227 2655 In
1244 2629 1410 2656 contrariam
1425 2637 1489 2656 vero
1504 2633 1609 2664 partem
1623 2638 1736 2667 campus
1749 2639 1795 2661 ac-

1002 2673 1121 2707 cipitur,
1152 2673 1259 2707 quando
1286 2673 1377 2700 luxum
1404 2673 1569 2709 voluptatum
1590 2680 1616 2702 et
1647 2676 1795 2713 disciplina

1002 2717 1184 2745 laxamentum
1201 2717 1335 2752 signiﬁcat
1353 2725 1360 2745 :
1376 2719 1438 2754 quia
1457 2723 1530 2745 arcta
1546 2719 1586 2746 via
1602 2725 1651 2755 est,
1669 2730 1727 2757 qua
1742 2723 1792 2750 du-

1001 2765 1037 2791 cit
1061 2764 1095 2790 ad
1115 2764 1219 2795 vitam;
1243 2763 1298 2790 lata
1322 2764 1363 2791 via
1381 2769 1406 2791 et
1433 2764 1561 2799 spatiosa,
1576 2774 1646 2802 tqua:
1665 2767 1738 2795 ducit
1758 2769 1793 2795 ad

1001 2815 1109 2841 mortem
1131 2809 1240 2846 (Matth.
1257 2808 1314 2846 vn).
