3974 6188
289 284 403 342 $87

920 381 1176 439 CAPUT-
1194 380 1257 435 Υ.

925 477 1000 532 De
1020 475 1279 551 saltilms-

370 575 555 633 Saltus
598 582 725 630 sunt
755 578 907 626 vasta
951 577 1008 623 et
1041 566 1309 622 silvestria
1356 564 1494 629 loca,
1532 562 1624 617 ubi
1659 560 1884 615 arbores

300 668 559 726 exsiliunt
578 665 632 719 in
658 663 847 718 altum.
878 659 1061 715 Saltus
1082 656 1167 712 vel
1200 656 1336 712 silva
1366 653 1593 725 mystice
1613 649 1884 722 signiﬁcat

293 759 646 817 sterilitatem
691 753 953 827 gentium.
1008 749 1172 806 {Inde
1216 756 1301 803 est
1353 745 1486 801 illud
1536 743 1880 799 Psalinistm:

305 849 452 903 Tunc
487 843 818 901 exsultabunt
857 840 1033 894 omnia
1074 838 1213 909 ligna
1249 837 1499 891 silvarum
1543 843 1664 887 ante
1698 832 1883 902 {aciem

295 939 538 1001 Domini,
566 934 824 1007 quomodo
852 932 988 987 venit
1021 927 1193 1002 (Prol.
1244 926 1397 1000 vxcv).
1418 927 1595 998 Ligna
1622 924 1883 980 silvarum

298 1045 401 1100 per
430 1043 488 1083 se
515 1040 729 1081 amaros
757 1021 1051 1079 et-‘steriles
1084 1019 1321 1075 inferunt
1355 1018 1605 1072 fructus:
1636 1016 1729 1071 sed
1752 1029 1884 1069 cum

294 1121 503 1175 iuerint
540 1119 723 1183 insita,
762 1114 1075 1171 dulcissima
1106 1112 1354 1168 ubertate
1374 1112 1756 1183 pinguescunt.
1794 1107 1886 1164 Sic

302 1223 515 1283 gentes,
545 1225 664 1281 qua:
688 1209 843 1280 prius
895 1206 1110 1262 fuerant
1141 1206 1288 1261 velut
1321 1205 1465 1276 ligna
1496 1202 1886 1268 silvarum,~ad

208 1290 223 1301 ’
299 1305 569 1359 culturam
602 1300 939 1356 l'ructiferam
969 1296 1263 1369 productm,
1291 1305 1418 1351 ante
1443 1296 1638 1351 l‘aciem
1671 1294 1885 1349 Domini

295 1409 501 1467 magno
528 1400 654 1447 sunt
679 1390 872 1463 gaudlo
911 1389 1190 1444 laetatum.
1225 1385 1339 1443 Sed
1359 1402 1494 1443 cum
1521 1386 1676 1453 dicit,
1710 1386 1887 1440 omnia

306 1487 471 1556 ligna,
494 1484 649 1539 illam
678 1492 890 1552 partem
917 1481 1034 1536 vult
1069 1479 1316 1552 intelligi,
1354 1494 1477 1550 quae
1520 1477 1688 1534 inseri
1719 1477 1888 1533 'bonis

294 1575 577 1644 operibus.
599 1572 774 1642 potuit
806 1585 870 1626 ac
905 1568 1141 1625 mutari:
1160 1567 1341 1623 Saltus
1360 1565 1886 1639 populuercclesiae,

308 1673 385 1719 ut
412 1664 464 1718 in
501 1663 801 1733 propheta:
830 1660 934 1726 Qui
977 1659 1214 1713 habitant
1238 1659 1294 1713 iu
1316 1658 1540 1723 deserto,
1570 1655 1740 1712 securi
1765 1655 1890 1710 dor-

933 280 993 333 n.
1035 268 1290 332 MBAN!
1328 258 1547 328 unum
1583 260 1901 323 ARCHIEP.

2005 257 2254 321 OGUNT.
2295 258 2581 321 OPEllUll
2623 260 2799 318 PARS
2837 260 2899 316 ll.

1905 383 1954 444 Α
1983 391 2098 429 rum
2145 376 2281 430 viam
2328 373 2669 445 interpretati
2723 382 2867 439 sunt,
2908 371 2997 426 ubi
3038 376 3324 426 adversum
3347 369 3563 425 Chana-

3452 255 3554 313 5’68

1986 481 2157 521 meum
2187 464 2278 535 qui
2308 466 2376 520 ab
2404 473 2591 520 austro
2614 470 2804 519 contra
2834 460 3000 519 Israel
3022 468 3296 532 eruperat,
3344 459 3397 514 in
3441 458 3544 514 wli

1987 557 2171 611 tudine
2223 556 2532 612 dimicatur.
2560 553 2909 624 Areopoleos,
2941 554 2995 607 in
3022 566 3133 622 quo
3155 559 3212 607 et
3238 549 3563 605 militum:

1985 646 2131 701 omni
2164 653 2317 715 parte
2343 644 2595 715 praesidia
2632 643 2918 700 distributa
2949 641 3168 713 plenum
3211 641 3490 713 sanguinis
3510 646 3564 696 et

1984 734 2291 791 formidinis
2327 741 2593 790 testantur
2634 735 2955 803 ingressum.
2997 716 3396 802 Hic'quondam
3423 728 3571 785 lion-

1986 828 2220 883 bitarnm
2249 826 2370 892 fuit,
2397 834 2454 881 et
2476 834 2665 896 postea
2693 824 2836 880 Seon
2866 839 2964 878 rex
2991 821 3433 879 Amorrbaaorum
3447 819 3576 891 jure

1983 917 2112 972 belli
2157 929 2280 971 eum
2335 914 2569 971 obtinuit
2610 933 2624 969 :
2671 915 2768 971 sed
2813 923 2871 969 et
2917 922 3062 971 terra
3117 912 3351 968 ﬁliorum
3405 910 3575 968 Israel

1982 1013 2141 1059 trans
2166 1004 2459 1059 Iordanem
2485 1001 2750 1074 incipiens
2782 1001 2857 1056 ab
2878 1002 3098 1056 Arnene
3125 1015 3298 1069 usque
3323 999 3391 1054 ad
3420 1014 3573 1055 mon-

1987 1105 2097 1152 tem
2142 1095 2380 1151 Hermon
2419 1104 2476 1150 et
2508 1094 2789 1149 Libanum
2831 1094 3161 1148 extenditur.
3188 1091 3267 1146 Ar
3311 1092 3463 1148 locus
3491 1090 3579 1147 vel

1986 1188 2241 1259 oppidum
2298 1187 2507 1252 Arnen,
2556 1186 2700 1255 quod
2735 1199 2767 1239 a
2808 1184 2876 1239 70
2904 1182 3299 1253 lnterpretibus
3340 1198 3440 1253 per
3479 1197 3582 1237 ex-

1989 1290 2198 1335 tensam
2225 1276 2461 1333 vocalem
2478 1277 2552 1332 Er
2570 1275 2885 1331 dicitur.Ar
2909 1288 3038 1330 vero
3066 1273 3264 1328 dicitur
3283 1272 3580 1338 suscitavit,

1986 1368 2074 1425 vel
2096 1367 2293 1440 vigilia.
2316 1366 2567 1422 Aisinion
2584 1366 2750 1439 locus
2779 1365 3016 1431 deserti,
3046 1364 3279 1435 denique
3300 1374 3366 1419 et
3402 1364 3583 1433 ipsum

1987 1460 2309 1518 vocabulum
2342 1446 2602 1515 incultam
2648 1468 2850 1515 terram
2881 1458 3259 1527 desertamque
3285 1457 3581 1529 signiﬁcat.

1986 1550 2228 1606 Araboth
2255 1550 2428 1613 Moab,
2460 1548 2552 1603 ubi
2575 1547 2775 1605 stmulo
2794 1545 2867 1619 [ιε’
2869 1557 3001 1613 orte,
3033 1545 3241 1619 sedulo]
3252 1554 3584 1601 numeratus

1988 1650 2073 1701 est
2093 1641 2344 1714 populus,
2366 1640 2509 1712 quod
2540 1638 2736 1710 Aquila
2773 1639 3163 1708 interpretatur
3197 1636 3419 1691 humilia
3466 1636 3584 1693 sive

314 1754 473 1807 mient
502 1728 563 1805 in
597 1728 816 1806 saltibus
857 1748 1076 1820 (Ezech.
1113 1746 1322 1819 xxxrv).
1362 1746 1543 1802 Saltus
1573 1745 1689 1817 agri
1723 1744 1889 1800 meri—
1922 1753 1970 1813 Β
1996 1735 2222 1805 mqualia
2247 1732 2426 1788 Moab.
2458 1731 2794 1787 Abelsathim
2815 1730 2968 1786 locus
3004 1729 3067 1820 in
3084 1728 3300 1785 deserto
3324 1728 3392 1782 ad
3418 1728 3583 1820 meri-

322 1842 466 1896 diani
500 1839 728 1911 populus
773 1817 1099 1904 Juda‘orum,
1141 1847 1203 1893 ut
1241 1817 1294 1893 in
1342 1837 1589 1892 Ezechiel
1632 1835 1892 1906 propheta
1998 1828 2141 1884 diem
2166 1825 2542 1891 Moabitarum,
2568 1831 2625 1879 et
2643 1823 3032 1892 interpretatur
3052 1819 3224 1875 luctus
3242 1820 3475 1911 liuorum
3494 1817 3583 1911 vel

319 1934 518 1989 dicitur
550 1933 618 1986 ad
649 1932 845 1986 saltum
885 1930 1000 2001 agri
1042 1928 1328 1984 meridiani
1355 1948 1366 1959 ·
1395 1927 1530 1982 Ecce
1557 1944 1651 1999 ego
1683 1942 1897 1980 succen-

316 2027 436 2079 dunt
466 2026 634 2096 ignem
665 2024 780 2078 vine
807 2020 885 2095 [in
913 2020 1008 2095 te],
1033 2031 1080 2076 et
1106 2021 1369 2075 devorabit
1405 2036 1555 2075 omne
1592 2019 1789 2090 lignum
1824 2018 1897 2073 vi-

312 2118 444 2182 ride,
473 2125 520 2170 et
549 2132 699 2170 omne
727 2114 925 2187 lignum
950 2114 1158 2169 aridum
1183 2112 1399 2185 (Ezech.
1428 2112 1544 2167 xxi.

915 2247 1145 2306 CAPUT
1185 2249 1272 2305 Vl.

975 2361 1056 2417 De
1085 2360 1232 2416 locis:

379 2474 754 2544 “aperiuntur
800 2472 861 2527 in
916 2471 1115 2527 divinis
1163 2472 1317 2528 libris
1368 2474 1585 2528 nomina
1634 2473 1896 2539 locorum,

314 2584 446 2637 quae
472 2566 637 2620 etiam
664 2564 785 2619 sine
807 2561 1206 2635 signiﬁcatione
1234 2564 1461 2635 mystica
1489 2580 1595 2620 non
1621 2574 1743 2621 sunt
1768 2583 1781 2618 :
1806 2564 1903 2621 sed

317 2673 423 2712 nos
449 2656 516 2711 de
544 2654 631 2710 his
665 2653 934 2719 omnibus,
982 2653 1111 2724 quid
1158 2653 1336 2725 typice
1380 2654 1702 2726 signiﬁcent,
1743 2669 1905 2710 enar-

314 2762 448 2803 rare
475 2746 693 2817 longum
729 2758 852 2800 esse
885 2743 1256 2799 arbitramur:
1283 2744 1405 2800 ideo
1426 2745 1642 2800 nomina
1666 2744 1903 2815 ipsorum

313 2835 703 2893 tantummodo
747 2842 1010 2906 ponentes
1032 2849 1175 2891 --cum
1222 2835 1556 2906 expositione
1611 2835 1901 2900 historica,

325 2936 580 2983 caeterum
621 2925 940 2997 mysterium
978 2925 1288 2981 earumdem
1322 2926 1575 2997 prudenti
1619 2925 1807 2981 lectori
1836 2924 1905 2979 ad

325 3016 757 3087 investigandum
787 3014 1162 3086 relinquimus.
1189 3014 1389 3071 Enam
1421 3017 1672 3071 euntibus
1701 3015 1905 3071 Tham-

1998 1921 2255 1991 riparum.
2288 1916 2641 1975 Beniacanin
2682 1915 2899 1971 deserto
2925 1922 3107 1969 castra
3126 1911 3360 1968 ﬁliorum
3380 1910 3578 1966 .lsrael.

1995 2009 2300 2066 Benacham
2329 2008 2476 2064 enim
2512 2008 2901 2077 interpretatur
2918 2005 3072 2076 .ﬁlius
3109 2005 3445 2059 necessitatis.
3480 2002 3585 2059 Be-

2001 2104 2121 2161 roth
2146 2103 2378 2159 ﬁliorum
2414 2099 2623 2157 Jachim
2662 2100 2719 2155 in
2757 2100 2972 2155 deserto
3014 2098 3184 2162 locus,
3235 2096 3290 2151 in
3311 2110 3421 2167 quo
3445 2095 3583 2151 obiit

2004 2195 2181 2255 Aaron
2219 2202 2277 2250 et
2315 2192 2621 2249 ostenditur
2649 2204 2820 2260 usque
2853 2189 3015 2245 hodie
3058 2188 3117 2243 in
3155 2187 3366 2243 decimo
3402 2185 3582 2257 lapide

2002 2286 2153 2342 urbis
2197 2284 2372 2341 Petrae
2419 2282 2618 2338 montis
2648 2280 2849 2337 Urtice.
2874 2279 3085 2336 Beroch
3115 2289 3295 2335 autem
3315 2278 3575 2349 interpre-

2005 2385 2169 2443 tatur,
2196 2375 2356 2447 putei.
2389 2374 2587 2440 Bonos,
2610 2373 2714 2429 hoc
2733 2380 2818 2429 est
2838 2370 2989 2426 collis
3005 2370 3411 2441 praiputiorum,
3430 2369 3584 2425 locus

2002 2468 2057 2524 in
2087 2466 2347 2538 Galgalis,
2378 2464 2470 2520 ubi
2498 2462 3030 2520 circumeiditJesus
3058 2460 3314 2532 populum
3333 2459 3501 2517 Israel
3526 2461 3581 2515 in

1998 2558 2242 2615 secundo
2286 2556 2355 2612 ab
2392 2555 2613 2612 iericho
2655 2554 2854 2627 lapide,
2905 2563 2963 2610 et
3005 2554 3367 2610 ostenduntur
3409 2566 3588 2624 usque

1999 2650 2164 2707 hodie
2189 2663 2340 2715 saxa,
2370 2663 2491 2718 quae
2517 2648 2584 2703 de
2600 2646 2841 2704 Jordaoe
2864 2645 2991 2702 illuc
3020 2644 3280 2701 translata
3304 2644 3589 2716 Scriptura

2003 2747 2412 2796 commemorat.
2436 2737 2733 2808 Bethdago,
2759 2736 2910 2793 locus
2923 2736 2992 2793 in
3011 2752 3122 2808 quo
3148 2736 3266 2792 duae
3288 2735 3461 2790 tribus
3479 2734 3587 2791 Za-

2000 2832 2169 2889 bulon
2198 2840 2256 2889 et
2294 2830 2545 2886 lssachar
2586 2829 2789 2886 habent
2826 2827 3081 2884 conﬁnia.
3102 2825 3353 2898 Bethago
3372 2838 3591 2897 quoque

2007 2924 2398 2994 interpretatur
2426 2920 2611 2975 domus
2650 2918 2947 2990 festivitatis
2989 2933 3190 2972 eorum
3245 2916 3466 2989 Chaspi,
3495 2914 3592 2972 ubi

2011 3012 2259 3085 geminos
2294 3010 2445 3067 Iuda:
2478 3009 2621 3065 ﬁlios
2650 3009 2889 3065 Thamar
2916 3007 3121 3064 edidit:
3144 3007 3451 3065 ostenditur
3486 3022 3584 3062 au-

329 3121 455 3162 nam
482 3120 627 3162 nunc
657 3107 907 3162 desertus
940 3114 1025 3162 est
1049 3106 1221 3173 locus,
1251 3115 1307 3163 et
1333 3107 1613 3179 proximus
1650 3108 1909 3164 Thamnze
1934 3104 1979 3167 Ο
2010 3115 2118 3161 tem
2154 3118 2297 3160 nunc
2331 3102 2483 3159 locus
2502 3102 2769 3158 .desertus
2803 3100 2956 3171 juxta
2997 3100 3242 3157 Adollam
3291 3102 3346 3157 in
3384 3099 3593 3157 ﬁnibus

325 3200 449 3255 vico
478 3199 689 3271 grandi,
732 3199 824 3268 qui
862 3198 1000 3255 situs
1027 3209 1112 3255 est
1145 3200 1289 3254 inter
1314 3200 1546 3266 Heliam,
1572 3209 1628 3256 ct
1652 3201 1707 3256 in
1734 3198 1908 3274 Ospo-

330 3288 423 3344 lim
467 3297 570 3344 est.
620 3288 688 3344 Et
730 3288 850 3345 fons
891 3289 945 3344 in
993 3305 1156 3360 supra
1191 3289 1334 3346 dicto
1364 3291 1475 3346 Ena
1501 3290 1638 3347 loco.
1668 3291 1824 3348 Unde
1854 3300 1912 3347 et

327 3379 467 3445 Eua,
497 3378 548 3434 id
573 3387 676 3445 est,
708 3377 828 3435 fons
863 3394 1061 3436 nomen
1102 3381 1331 3452 accepit,
1375 3381 1427 3435 in
1463 3397 1570 3451 quo
1598 3389 1748 3437 stans
1791 3382 1907 3437 ido-

253 3530 258 3539 _
327 3472 443 3526 lum
504 3472 738 3527 maxima
802 3471 946 3529 illius
1002 3472 1244 3546 regionis
1294 3473 1640 3529 veneratione
1694 3474 1906 3529 colitur.

325 3564 740 3621 Porro‘llebrtei
766 3563 1036 3620 afﬁrmant
1060 3566 1229 3621 Enam
1257 3581 1364 3622 non
1399 3566 1576 3622 locum
1607 3565 1913 3639 signiﬁcare

333 3657 428 3712 sed
470 3655 699 3721 bivium,
747 3655 840 3710 ubi
878 3664 1029 3712 certo
1071 3657 1270 3712 intuitu
1315 3658 1682 3713 necessarium
1730 3657 1802 3713 sit
1843 3658 1913 3713 ad

336 3759 497 3799 unam
527 3757 560 3798 e
585 3743 795 3798 duabus
830 3743 1278 3817 viiseligendam.
1328 3745 1499 3800 Enam
1534 3746 1699 3800 etiam
1750 3747 1913 3801 inter—

336 3843 581 3906 pmtatur
622 3849 713 3888 cor
754 3850 951 3888 eorum.
992 3834 1217 3891 Areatat
1252 3836 1402 3891 locus
1425 3844 1574 3891 trans
1598 3835 1908 3905 Jordanem,

328 3926 392 3979 in
433 3939 542 3994 quo
584 3923 906 3995 planxerunt
954 3926 1226 3995 quondam
1264 3926 1453 3995 ὅποι),
1492 3928 1652 3984 tertio
1678 3929 1747 3984 ab
1775 3928 1912 3985 Jeri-

337 4018 442 4072 oho
466 4016 659 4087 lapide,
699 4015 909 4072 duobus
944 4015 1184 4072 millibus
1224 4017 1290 4073 ab
1326 4016 1601 4082 Iordane,
1633 4018 1724 4089 qui
1771 4033 1914 4074 nunc

336 4116 564 4164 vocatur
593 4106 872 4179 Bethagla,
895 4108 1055 4178 quod
1095 4108 1497 4179 interpretatur,
1527 4108 1642 4163 loco
1664 4110 1819 4180 gyri:
1848 4123 1914 4165 eo

337 4199 484 4268 quod
512 4198 586 4253 ibi
617 4212 767 4254 more
803 4198 1179 4270 plangentium
1218 4199 1588 4256 circumierim
1626 4200 1682 4254 in
1728 4199 1916 4255 funere

335 4287 524 4347 Iacob.
565 4286 730 4343 Elim
767 4297 946 4344 castra
989 4288 1221 4344 ﬁliorum
1265 4290 1450 4354 Israel,
1490 4298 1546 4345 et
1569 4289 1719 4346 locus
1745 4290 1799 4345 in
1824 4290 1917 4346 de-

338 4387 511 4442 serto,
542 4379 595 4433 in
620 4393 733 4449 quo
755 4379 1005 4435 undecim
1020 4378 1227 4447 fontes,
1260 4389 1315 4437 et
1328 4381 1721 4452 70mlmarum
1753 4384 1912 4438 arbo-

2010 3193 2506 3266 Eleutheropoleos.
2554 3193 2751 3264 Chaspi
2798 3193 2943 3249 enim
3010 3193 3395 3263 interpretatur
3447 3193 3594 3247 calix

2006 3287 2266 3350 immensi,
2292 3286 2408 3342 sive
2441 3285 2658 3341 immola
2705 3285 2853 3339 mihi.
2898 3285 2975 3341 De
3000 3285 3106 3341 hoc
3129 3286 3330 3357 quippe
3354 3286 3411 3341 in
3426 3285 3594 3344 libris

2009 3378 2389 3434 hebraicarum
2434 3378 2791 3448 quaestionum
2839 3376 3053 3448 plenius
3105 3377 3436 3448 disputatum
3482 3387 3591 3434 est.

2007 3468 2406 3537 Emechachor,
2455 3469 2601 3539 quod
2646 3468 3055 3540 interpretatur,
3105 3467 3256 3523 vallis
3303 3469 3500 3533 Arbor,
3536 3467 3598 3525 id

2006 3572 2116 3630 est,
2146 3561 2379 3617 tumulus
2411 3571 2564 3633 atque
2609 3561 2902 3625 turbarum,
2940 3561 3045 3616 tubi
3078 3560 3277 3622 Achar)
3319 3562 3594 3633 lapidibus

2013 3668 2305 3726 oppressus
2338 3661 2443 3721 est,
2468 3669 2534 3709 eo
2545 3652 2703 3725 quod
2731 3654 2977 3723 quaedam
3005 3653 3074 3708 de
3096 3653 3442 3710 anathemate
3465 3669 3594 3710 sus-

2012 3747 2242 3802 tulisset.
2268 3744 2377 3802 ~Est
2418 3754 2600 3801 autem
2636 3744 2790 3801 locus
2810 3744 2967 3814 juxta
2994 3744 3236 3813 Jericho,
3262 3746 3416 3802 haud
3457 3762 3595 3818 pro-

2014 3839 2103 3894 cul
2160 3854 2193 3894 a
2237 3837 2495 3909 Galgalis.
2546 3838 2684 3895 Male
2726 3854 2857 3908 ergo
2901 3840 3120 3910 quidam
3164 3849 3356 3912 putant
3390 3840 3590 3897 vallem

2012 3931 2215 3987 Achior
2242 3945 2274 3986 a
2301 3931 2518 3988 nomine
2557 3932 2691 4003 ejus,
2742 3933 2835 4003 qui
2875 3932 3144 4004 lapidatus
3180 3942 3284 4000 est,
3315 3950 3598 4004 nuncupa-

2016 4029 2125 4076 tam
2153 4039 2168 4075 :
2197 4036 2320 4077 cum
2342 4021 2433 4077 ille
2458 4021 2677 4099 Acheon
2712 4022 2890 4079 dictus
2918 4024 3007 4089 sit,
3040 4032 3096 4079 et
3119 4039 3227 4081 non
3253 4024 3458 4080 Achior
3479 4025 3597 4083 sive

2013 4110 2212 4166 Achar.
2256 4110 2458 4166 Fanuel
2495 4111 2663 4179 locus,
2708 4113 2761 4168 in
2789 4129 2897 4184 quo
2937 4113 3104 4171 Jacob
3132 4123 3243 4170 tota
3264 4123 3435 4171 nocte
3474 4119 3593 4172 col-

2016 4200 2227 4257 luctans
2247 4202 2462 4258 lsraelis
2499 4204 2822 4260 vocabulum
2867 4206 3090 4272 meruit,
3112 4205 3266 4277 juxta
3297 4217 3594 4264 torrentem

2015 4289 2431 4348 Jacob.Fanuel
2477 4302 2655 4349 autem
2701 4295 3109 4365 interpretatur,
3152 4296 3316 4367 facies
3353 4296 3477 4364 Dei,
3525 4300 3600 4357 ab

2017 4395 2083 4436 eo
2131 4381 2273 4451 quod
2306 4381 2379 4438 ibi
2410 4383 2698 4438 Dominum
2726 4384 2941 4441 viderit.
2980 4384 3277 4458 Golgolque
3296 4394 3358 4443 et
3381 4386 3598 4459 Galgal,

339 4481 428 4522 res
448 4467 657 4539 Moyses
677 4468 745 4523 de
776 4470 912 4523 mari
942 4467 1128 4525 Rubro
1147 4470 1580 4542 exiensreperit.
1608 4469 1741 4525 Nam
1768 4471 1903 4526 Elim
1935 4456 1989 4516 D
2008 4470 2161 4541 juxta
2195 4486 2357 4541 quem
2394 4482 2611 4529 montes
2646 4489 2768 4530 esse
2811 4456 3124 4532 scribuntur
3149 4456 3384 4533 Garizim
3414 4486 3470 4533 et
3491 4456 3600 4534 Ce-

340 4556 731 4624 interpretatur
751 4557 938 4611 arietes
974 4558 1158 4626 fortes,
1188 4568 1248 4613 ut
1283 4560 1338 4615 in
1365 4560 1551 4616 Exodo
1580 4560 1775 4630 legitur
1800 4577 1813 4613 :
1839 4558 1909 4613 Et

335 4654 585 4699 venerunt
616 4644 714 4713 ﬁlii
742 4644 936 4711 Israel,
960 4647 1049 4701 ubi
1069 4661 1215 4702 erant
1237 4650 1510 4705 duodecim
1534 4648 1910 4722 fontes(E:cod.

336 4735 452 4807 xv),
486 4732 537 4788 id
561 4743 644 4789 est
668 4734 1030 4803 apostolorum
1071 4736 1333 4793 doctrina.
1376 4738 1532 4795 Ailns
1572 4741 1626 4795 in
1677 4740 1910 4804 deserto,

335 4826 427 4880 ubi
476 4825 572 4880 ﬁlii
622 4823 787 4881 Israel
851 4828 1219 4883 castrametati
1282 4837 1425 4883 sunt.
1486 4828 1643 4886 Elus
1700 4845 1914 4899 quoque

334 4913 723 4985 interpretatur
787 4913 1043 4983 [emneatu
1066 4955 1080 4981 ,
1155 4916 1270 4971 sive
1331 4918 1624 4972 commisce.
1680 4918 1913 4975 Aseroth

330 5020 462 5073 pars
514 5004 715 5068 eremi,
759 5004 850 5058 ubi
903 5004 1071 5059 Maria
1121 5013 1176 5061 et
1220 5007 1401 5062 Aaron
1453 5016 1645 5062 contra
1694 5006 1912 5079 Moysen

334 5093 501 5152 locuti
523 5103 650 5151 sunt
668 5095 857 5169 (Nam.
878 5096 997 5169 xii).
1023 5097 1414 5154 Habitavcrunt
1440 5100 1709 5170 quondam
1731 5099 1912 5157 [levari

265 5244 271 5249 ,
335 5187 570 5244 Aseroth
611 5203 781 5259 usque
828 5188 895 5243 ad
944 5191 1129 5247 urbem
1176 5188 1398 5245 Gazam.
1432 5192 1629 5246 Verum
1660 5192 1773 5247 haec
1794 5191 1911 5248 loca

259 5272 262 5279 ’
338 5292 444 5333 non
456 5278 687 5335 Aseroth
708 5280 801 5335 sed
814 5280 1024 5336 Aserim
1046 5281 1302 5352 appellari
1320 5280 1529 5337 Hebraei
1552 5291 1759 5353 putant.
1778 5282 1913 5341 Ase-

337 5371 460 5424 roth
496 5371 647 5426 enim
681 5372 1069 5444 interpretatur
1113 5375 1286 5441 atria,
1329 5375 1413 5430 vel
1456 5375 1726 5431 vestibula.
1776 5376 1911 5433 Ase-

338 5472 500 5513 tnona
541 5468 719 5516 castra
758 5461 990 5518 ﬁliorum
1020 5463 1194 5527 lsrael
1233 5464 1290 5521 in
1334 5466 1571 5521 deserto.
1614 5463 1747 5521 Nam
1777 5467 1912 5524 Ase-

342 5561 499 5601 niona
541 5549 926 5621 interpretatur
950 5571 1007 5609 os
1057 5554 1190 5623 ejus,
1230 5555 1300 5611 ab
1314 5570 1447 5612 osse
1471 5566 1529 5612 et
1559 5570 1666 5612 non
1697 5558 1766 5613 ab
1791 5572 1907 5615 ore.

342 5638 635 5708 Atheraim,
666 5656 764 5712 pro
792 5658 898 5712 quo
925 5644 1117 5716 Aquila
1140 5656 1193 5699 et
1225 5645 1584 5717 Symmachus
1614 5648 1911 5722 exp/orato-

2016 4562 2124 4617 bal.
2173 4562 2361 4634 Galgal
2404 4574 2584 4621 autem
2622 4566 2776 4622 locus
2814 4576 2902 4623 est
2933 4566 3091 4636 juxta
3112 4569 3358 4626 Jericho.
3397 4570 3598 4626 Errant

2018 4654 2183 4726 igitur
2226 4654 2577 4724 Samaritani,
2616 4659 2709 4728 qui
2744 4657 2901 4727 juxta
2948 4659 3220 4731 Neapolim
3264 4660 3505 4717 Garizim
3538 4670 3596 4718 tt

2016 4745 2186 4801 Gebal
2229 4755 2442 4803 montes
2462 4750 2748 4804 ostendere
2771 4749 2976 4815 volunt,
2997 4765 3126 4806 cum
3152 4750 3272 4807 illos
3291 4751 3444 4822 juxta
3467 4751 3599 4807 Gal-

2017 4836 2105 4906 gal
2147 4851 2268 4892 esse
2308 4836 2589 4908 Scriptura
2634 4847 2879 4896 testetur.
2911 4841 3097 4913 Galgal
3124 4851 3303 4899 autem
3329 4844 3598 4914 interpre-

2024 4936 2188 4993 tatur,
2234 4929 2500 4985 revelatio.
2541 4930 2901 4988 Golatbmaim
2932 4934 3099 5000 locus,
3142 4935 3234 5005 qui
3273 4935 3600 5007 interpreta-

2016 5029 2129 5086 tur,
2159 5024 2412 5092 possessio
2436 5040 2605 5094 aqmr.
2630 5025 2843 5082 Goliath
2873 5027 3022 5084 locus
3038 5027 3192 5098 juxta
3216 5029 3504 5087 Jordanem
3536 5033 3596 5088 in

2019 5111 2163 5165 tribu
2219 5111 2517 5182 Beniamin,
2562 5114 2652 5168 ubi
2706 5116 2879 5172 altare
2923 5118 3151 5173 Domino
3194 5121 3598 5181 constituerunt

2019 5200 2113 5255 lilii
2154 5201 2343 5259 Ruben
2379 5202 2516 5275 (los.
2561 5204 2714 5278 χιιι).
2763 5206 2974 5263 Goliath
3021 5209 3166 5264 enim
3206 5211 3597 5282 interpretatur

2018 5289 2263 5346 revelatio
2303 5293 2417 5349 sive
2458 5297 2864 5366 transmigratio.
2913 5297 3056 5353 [roth
3084 5298 3235 5354 locus
3263 5301 3484 5366 deserti,
3520 5303 3592 5361 ad

2014 5398 2174 5453 quem
2198 5393 2463 5440 venerunt
2486 5386 2579 5441 ﬁlii
2607 5387 2767 5442 Israel
2792 5403 2940 5444 mare
2960 5389 3202 5445 Rubrum
3232 5391 3595 5449 transfretan-

2014 5473 2269 5531 tes.lmth
2280 5490 2410 5549 ergo
2422 5476 2808 5547 interpretatur
2819 5478 3110 5551 longitudo.
3126 5481 3425 5539 Letabutba
3439 5485 3596 5542 locus

2015 5562 2070 5616 in
2110 5562 2356 5628 deserto,
2397 5567 2488 5621 ubi
2520 5576 2787 5625 torrentes
2824 5585 3086 5642 aquarum
3125 5573 3592 5634 demonstrantur.

2086 5651 2268 5711 Lobon
2320 5656 2470 5715 locus
2513 5658 2813 5717 solitudinis
2857 5670 3007 5720 trans
3034 5662 3346 5736 Iordanem,
3378 5668 3430 5721 in
3482 5685 3592 5741 quo
