3974 6188
286 404 383 464 res
1244 388 1333 445 na
1370 346 1717 445 uulvsnso
1750 382 1929 441 unm
1968 381 2128 437 xxu.
2172 412 2242 421 .-
2280 381 2409 436 ua.
2452 381 2587 436 XIII.

3443 379 3551 437 370

289 525 498 593 Moyses
542 511 892 592 [scripsisse]
918 507 1394 567 Deuteronominm
1433 505 1649 578 legitur.
1678 502 1866 559 Lohon
1896 508 1946 565 Α
1973 492 2969 593 interpretatur,gmisericordiuupei.
3028 493 3136 593 Eet-
3181 495 3546 593 mpninahnoni,

287 623 466 670 autem
488 610 883 676 interpretatur
910 603 1174 672 ingressus
1203 598 1318 653 sive
1342 598 1631 651 inveniens.

354 700 523 758 Mirra
549 696 636 751 vel
680 694 851 758 Mara,
878 689 1020 761 quod
1046 689 1437 758 interpretatur
1462 683 1783 749 amaritudo,
1815 681 1869 736 id

282 801 390 855 est,
421 789 605 844 littera
643 785 819 853 legis:
846 789 932 836 est
972 788 1153 836 autem
1199 778 1367 841 locus,
1421 776 1474 830 in
1521 791 1630 846 quo
1676 770 1873 845 aquas,

284 886 429 937 tacto
475 878 641 950 ligno,
667 873 880 945 Moyses
907 871 962 926 in
986 870 1199 926 dulcem
1223 867 1385 922 vertit
1411 881 1683 937 saporem.
1719 864 1870 920 Unde

290 973 483 1043 legitur
527 969 584 1023 in
625 965 852 1023 Exodo:
889 960 1148 1017 Venerunt
1195 958 1296 1031 filii
1337 957 1507 1013 Israel
1549 957 1607 1010 in
1649 955 1870 1027 Myrrha

284 1063 363 1118 rel
393 1061 576 1125 Hora,
601 1068 651 1115 et
680 1074 788 1114 non
816 1063 1055 1129 paterent
1100 1053 1271 1108 bibere
1307 1068 1499 1123 aquam
1541 1050 1608 1105 de
1651 1048 1871 1121 Myrrha

288 1153 365 1207 rel
396 1151 575 1217 Hora,
604 1149 731 1222 quia
754 1161 940 1203 amara
964 1154 1076 1200 erat
1100 1142 1299 1215 (Exod.
1323 1142 1436 1214 xv).
1466 1141 1698 1196 Ralidim
1720 1140 1873 1195 locus

290 1245 342 1297 in
387 1242 607 1296 deserto
646 1239 802 1311 juxta
847 1243 1088 1293 montem
1130 1233 1365 1299 Choreh,
1411 1232 1465 1286 in
1496 1246 1603 1302 quo
1625 1231 1692 1286 de
1716 1240 1871 1300 petra

290 1334 491 1388 ﬂuxere
519 1344 696 1401 aquae,
737 1325 1253 1399 cognominatusque
1291 1332 1377 1378 est
1422 1322 1684 1377 tentatio:
1718 1320 1791 1376 ibi
1817 1327 1873 1376 et

287 1423 444 1481 Iesus
463 1424 723 1480 adversus
739 1418 961 1475 Amalec
981 1416 1208 1472 dimicat
1225 1429 1392 1486 prope
1414 1414 1610 1468 Faran.
1637 1411 1873 1467 Raﬁdim

286 1519 483 1588 quippe
502 1517 910 1584 interpretatur,
931 1509 1069 1565 laete
1096 1523 1306 1571 manus,
1335 1504 1417 1559 vel
1435 1504 1635 1558 sanitas
1654 1502 1868 1573 judicii,

291 1616 377 1663 aut
406 1606 539 1662 visio
564 1605 712 1659 auris
737 1601 996 1672 sit/ﬁciens
1024 1599 1118 1655 eis.

357 1695 554 1761 Scene,
609 1693 662 1749 id
688 1701 774 1749 est
797 1690 1166 1755 tabernacula,
1198 1689 1351 1745 locus
1381 1690 1434 1743 in
1476 1702 1584 1758 quo
1611 1685 1874 1742 habitavit

290 1788 453 1843 Iacob
483 1798 766 1856 regressus
784 1783 852 1839 de
873 1780 1285 1853 Mesopotamia,
1299 1779 1390 1850 qui
1415 1779 1594 1852 lingua
1608 1779 1871 1835 Hebraica

291 1878 587 1950 appellatur
612 1874 880 1932 Sochoch.

357 1971 484 2028 Sior
526 1970 678 2024 locus
714 1975 907 2023 contra
938 1963 1134 2021 faciem
1167 1963 1404 2035 Egypti.
1456 1961 1562 2019 Sed
1605 1972 1663 2017 et
1708 1961 1869 2017 hodie

291 2063 596 2119 ostenditur
621 2060 769 2125 villa,
790 2060 1010 2115 nomine
1051 2057 1198 2124 Sior,
1236 2059 1380 2113 inter
1404 2057 1612 2113 Heliam
1636 2066 1690 2113 et
1714 2056 1877 2111 Eleus

292 2152 616 2224 theropolim
643 2152 698 2207 in
730 2151 874 2206 tribu
915 2148 1073 2207 Iuda.
1119 2150 1293 2221 Supra
1337 2151 1442 2205 hoc
1486 2149 1540 2204 in
1576 2149 1730 2206 libris
1760 2148 1871 2204 Ile-

293 2245 600 2300 braicarum
622 2241 980 2312 qumstionum
1008 2241 1219 2311 plenius
1246 2241 1462 2296 dicitur.
1489 2239 1613 2296 Sior
1644 2254 1771 2297 vero
1798 2242 1885 2300 in-.

292 2342 620 2405 terpretatur
649 2332 919 2404 parvulus,
948 2333 1063 2389 sive
1095 2331 1445 2388 turbulentus.
1492 2332 1617 2389 Seio
1646 2334 1699 2389 in
1729 2334 1871 2390 tribu

294 2426 533 2492 l-Jll'raim,
565 2425 622 2480 in
651 2439 762 2495 quo
792 2424 912 2480 loco
949 2438 1074 2479 arca
1116 2424 1429 2479 testamenti
1460 2424 1681 2490 mansit,
1706 2432 1763 2480 et
1786 2430 1870 2478 ta-

293 2519 643 2576 bernaculum
665 2520 877 2575 Domini
910 2535 1085 2590 usque
1109 2519 1177 2574 ad
1199 2527 1437 2588 tempora
1467 2517 1758 2582 Samuelis,
1788 2525 1874 2571 est

294 2621 473 2668 autem
526 2612 817 2667 undecimo
861 2611 1114 2666 milliario
1163 2610 1495 2681 Neapoleos,
1551 2610 1604 2665 in
1652 2610 1875 2681 regione

295 2704 632 2774 Mrapitena.
670 2703 779 2759 Sed
800 2711 857 2758 et
879 2703 1004 2758 inde
1028 2703 1353 2773 patriarchae
1385 2701 1553 2757 lilium
1591 2701 1750 2758 Selon
1781 2716 1876 2771 ap-

293 2794 545 2867 pellatum
592 2794 839 2864 legimus.
877 2794 1001 2851 Seio
1035 2805 1216 2850 autem
1245 2794 1636 2866 interpretatur
1666 2795 1751 2850 vel
1790 2794 1873 2848 di-

292 2886 475 2941 missio
496 2874 618 2955 ejus
649 2893 744 2940 aut
770 2886 969 2956 petitio.
1011 2885 1347 2952 Abennezer,
1376 2885 1520 2955 quod
1551 2885 1875 2956 interpreta-

293 2985 402 3042 tur,
428 2976 566 3047 lapis
594 2976 869 3047 adjutorii,
908 2977 1023 3032 sive
1061 2976 1196 3046 lapis
1232 2978 1632 3032 auxiliatorum.
1662 2977 1759 3032 Est
1779 2992 1875 3031 au-

293 3074 401 3122 tein
448 3066 622 3131 locus,
672 3067 816 3121 unde
869 3067 1105 3122 tulerunt
1150 3058 1419 3123 Philistim
1473 3082 1654 3123 arcam
1710 3076 1872 3123 testa-

294 3156 462 3212 menti
492 3156 636 3211 inter
667 3154 874 3212 Heliam
911 3165 966 3212 et
992 3156 1310 3212 Ascalonem
1329 3155 1485 3226 juxta
1510 3157 1690 3211 villam
1715 3157 1874 3213 Beth-

291 3247 481 3301 sainis.
529 3245 905 3316 Asiongaber:
939 3246 995 3301 in
1037 3247 1141 3302 hoc
1166 3245 1286 3303 loco
1312 3246 1505 3302 classis
1531 3246 1790 3317 Iosapbat
1817 3247 1870 3301 vi

294 3336 633 3408 tempestatis
666 3338 852 3392 attrita
881 3346 985 3393 est.
1025 3337 1221 3393 Fertur
1248 3347 1429 3394 autem
1454 3339 1571 3408 ipsa
1598 3353 1717 3394 esse
1742 3338 1873 3395 lssia

293 3428 435 3483 haud
476 3428 665 3497 procul
686 3429 756 3484 ab
781 3427 902 3483 Ailo
929 3429 984 3484 in
1008 3429 1192 3485 Rubro
1220 3430 1376 3484 mari.
1419 3428 1556 3484 Ahia
1594 3430 1648 3483 in
1694 3428 1879 3484 asino-

292 3536 413 3576 rum
440 3522 663 3588 regione
683 3520 854 3576 locus.
884 3520 1023 3576 Ahia
1050 3521 1248 3592 quippe
1268 3522 1656 3590 interpretatur
1674 3519 1869 3587 vultur,

293 3611 379 3666 vel
406 3619 513 3666 tus.
552 3610 691 3666 Elim
721 3618 914 3682 puteus
937 3611 1142 3666 dimon.
1174 3611 1242 3665 Et
1264 3611 1425 3682 hujus
1450 3610 1552 3665 loci
1581 3610 1768 3665 eadem
1795 3610 1875 3664 vi-

292 3704 447 3759 sione
481 3704 651 3759 Isaias
678 3703 1008 3759 recordatur.
1036 3703 1456 3768 Acheldemach,
1486 3704 1589 3759 hoc
1614 3712 1718 3768 est,
1746 3717 1875 3773 ager

292 3794 593 3866 sanguinis,
621 3794 715 3865 qui
746 3795 1013 3865 hodieque
1049 3803 1384 3851 monstratur
1414 3794 1468 3850 in
1508 3792 1659 3850 Belia
1683 3795 1750 3850 ad
1776 3809 1874 3849 au.

290 3895 517 3941 stt-axem
542 3888 756 3955 plagam
782 3887 982 3942 montis
1010 3886 1161 3942 Sion.
1342 3940 1351 3959 κ

274 4016 289 4043 ,
363 3980 554 4035 Ennon
573 3981 726 4051 juxta
755 3979 945 4047 Salim,
975 3980 1067 4036 ubi
1092 3981 1399 4051 baptizabat
1422 3980 1658 4036 Joannes
1686 3980 1867 4053 (Joan.

291 4072 400 4143 in),
432 4072 571 4126 sicut
603 4072 656 4125 in
686 4071 976 4142 Evangelio
999 4072 1295 4126 secundum
1324 4070 1586 4127 Joannem
1608 4070 1870 4141 scriptum

284 4174 399 4229 est,
427 4173 485 4219 et
512 4164 816 4220 ostenditur
851 4179 996 4220 nunc
1028 4178 1199 4234 usque
1230 4164 1380 4221 locus
1405 4166 1459 4220 in
1481 4173 1671 4219 octavo
1696 4163 1875 4233 lapide

287 4255 683 4326 Scythopoleos
705 4256 774 4310 ad
797 4254 1076 4311 meridiem
1091 4252 1245 4323 juxta
1271 4254 1452 4311 Salem
1474 4262 1530 4310 et
1553 4252 1867 4309 Iordanem.

262 4345 480 4423 ⁸Ιιὶιιιιοη
524 4354 705 4401 autem
748 4346 1155 4416 interpretatur,
1195 4344 1407 4400 donavit
1435 4343 1588 4399 mihi.
1622 4342 1871 4398 Baaltha-

258 4455 412 4493 :mar
455 4437 609 4507 juxta
660 4436 832 4503 Gaba,
881 4437 970 4493 ubi
1007 4437 1102 4493 lilii
1146 4436 1313 4491 Israel
1360 4436 1622 4491 adversus
1666 4433 1870 4490 tribum

1968 589 2111 659 quod
2148 588 2340 658 Aquila
2371 584 2782 655 interpretatur,
2820 584 2971 637 illum
2996 585 3075 639 vel
3109 585 3268 638 istud.
3304 585 3555 659 Symma-

1969 680 2102 734 chus
2125 692 2256 733 vero
2276 677 2479 743 nescio,
2497 677 2564 731 ad
2577 688 2736 746 quem
2760 676 2934 730 locum
2959 676 3349 732 transtulerunt
3368 694 3552 735 arcam

1969 768 2276 826 testamenti
2317 767 2385 823 de
2423 767 2616 822 Azoto.
2662 766 2814 821 Nunc
2854 767 3008 821 vicus
3050 769 3271 840 grandis
3308 779 3551 825 vocatur.

1970 860 2199 915 Getham
2236 859 2623 928 interpretatur
2658 859 3007 927 antipatriam
3033 869 3089 915 et
3119 860 3384 930 jamniam
3416 881 3429 916 ε
3461 865 3555 918 sed

1969 958 2023 1005 et
2043 950 2146 1004 alia
2170 950 2293 1004 villa
2320 949 2620 1020 appellatur
2641 949 2877 1004 Getbim.
2918 949 3061 1007 Nam
3081 950 3254 1006 Getha
3295 952 3558 1022 interpre-

1975 1050 2117 1097 tatur
2140 1040 2376 1095 torcular
2397 1040 2531 1110 ejus,
2568 1039 2781 1094 humilis
2825 1040 3006 1110 fossio.
3031 1041 3248 1110 Gallim,
3282 1045 3423 1099 unde
3454 1043 3558 1100 fuit

1969 1133 2129 1197 Falti,
2158 1133 2400 1203 qui'post
2429 1132 2611 1203 fugam
2639 1133 2806 1188 David
2844 1134 3041 1190 Michol
3071 1151 3294 1191 uxorem
3320 1137 3437 1207 ejus
3464 1158 3557 1195 ac—

1970 1232 2207 1293 ceperat.
2235 1221 2479 1277 Meminit
2502 1221 2661 1291 hujus
2689 1223 2791 1278 loci
2820 1231 2876 1279 et
2904 1226 3091 1280 Isaias.
3130 1225 3340 1282 Dicitur
3372 1238 3556 1285 autem
3670 1264 3679 1271 ν

1971 1329 2091 1369 esse
2128 1322 2185 1369 et
2223 1313 2448 1383 quidam
2486 1313 2698 1368 Acaron
2739 1313 2908 1378 vicus,
2935 1315 3029 1385 qui
3071 1324 3296 1371 vocatur
3339 1318 3555 1373 Gallim.

1971 1404 2166 1461 Gallim
2199 1405 2396 1476 quippe
2442 1404 2854 1475 interpretatur,
2893 1405 3311 1478 loca‘palustria
3359 1412 3553 1465 acervi.

1971 1494 2068 1553 Gel
2096 1495 2268 1562 locus,
2292 1495 2347 1550 in
2367 1509 2476 1564 quo
2517 1497 2787 1566 percussit
2811 1495 2981 1563 Iehu,
3010 1513 3104 1553 rex
3148 1499 3333 1566 Israel,
3380 1502 3559 1558 Ocho-

1972 1588 2135 1652 ziam,
2169 1602 2349 1659 regem
2376 1585 2594 1653 Iudaeae,
2622 1587 2778 1657 juxta
2822 1588 3085 1644 Jeblaam.
3109 1590 3207 1646 Gel
3244 1602 3425 1648 autem
3475 1596 3557 1648 in-

1972 1688 2320 1752 terpretatur,
2365 1681 2556 1736 divisio
2588 1666 2686 1738 vel.
2710 1683 2967 1752 prazcisio.
3017 1683 3344 1740 Gersemane
3383 1685 3553 1751 locus,

1971 1769 2027 1824 in
2053 1784 2161 1839 quo
2181 1777 2308 1824 ante
2328 1769 2636 1840 passionem
2667 1770 2916 1827 Salvator
2941 1772 3132 1827 oravit.
3159 1773 3256 1828 Est
3279 1783 3456 1829 autem
3488 1775 3558 1829 ad

1899 1864 1948 1924 B
1975 1861 2187 1917 radices
2219 1863 2419 1917 montis
2439 1862 2657 1929 Oliveti,
2679 1880 2824 1919 nunc
2855 1865 3085 1921 ecclesia
3129 1866 3359 1937 desuper
3384 1867 3558 1923 :edili-

1974 1960 2116 2008 cata.
2153 1951 2290 2007 Nam
2334 1951 2648 2009 Getsemani
2695 1955 3105 2025 interpretatur,
3156 1957 3306 2013 vallis
3339 1959 3559 2030 pingue-

1974 2044 2177 2098 diuum.

2044 2155 2330 2227 Golgotha,
2362 2157 2513 2214 locus
2534 2158 2804 2225 cal-variae,
2846 2160 2901 2215 in
2931 2175 3038 2231 quo
3067 2156 3316 2216 Salvator
3340 2176 3441 2232 pro
3472 2177 3560 2216 sa-

1975 2247 2086 2304 lute
2110 2250 2351 2306 omnium
2382 2250 2677 2306 cruciﬁxus
2700 2260 2805 2318 est,
2838 2259 2894 2307 et
2924 2267 3095 2323 usque
3126 2252 3286 2309 hodie
3322 2252 3561 2308 ostendi-

1978 2346 2063 2393 tur
2090 2339 2145 2393 in
2175 2337 2327 2394 Helia
2355 2339 2923 2409 adseptentrionalem
2940 2340 3152 2411 plagam
3179 2343 3380 2398 montis
3403 2343 3555 2399 Sion.

1974 2427 2183 2484 Navoth
2208 2429 2358 2484 locus
2379 2429 2435 2484 in
2463 2428 2660 2495 Dama,
2680 2429 2773 2485 ubi
2802 2429 2972 2485 David
2995 2431 3136 2487 sedit
3161 2445 3176 2485 :
3206 2441 3262 2487 et
3283 2433 3351 2488 de
3376 2434 3479 2512 hoc
3503 2433 3557 2488 in

1975 2517 2130 2575 libris
2151 2518 2539 2575 Hebraicarum
2568 2521 2924 2589 quaestionum
2944 2521 3199 2577 diximus.
3232 2521 3443 2578 Navoth
3463 2536 3561 2578 an-

1975 2614 2082 2664 tem
2112 2609 2521 2679 interpretatur,
2558 2610 2889 2681 conspicuus,
2917 2610 3002 2666 vel
3032 2613 3279 2667 sessionis
3299 2612 3553 2668 exclusio.

1976 2699 2149 2754 Rama
2184 2716 2281 2771 pro
2332 2716 2438 2771 qua
2483 2700 2679 2772 Aquila
2733 2702 3120 2773 interpretatur
3160 2704 3434 2772 exultatio,
3474 2706 3567 2762 vel

1973 2794 2517 2867 exdtabitur,'quod
2559 2796 2819 2865 scriptum
2872 2806 2958 2852 est
3019 2797 3073 2853 in
3122 2796 3366 2854 Ieremia~
3412 2800 3556 2870 (λετ.

1974 2885 2149 2957 xxxi).
2198 2885 2297 2941 Est
2341 2894 2521 2941 autem
2550 2893 2604 2941 et
2646 2885 2786 2941 alius
2827 2885 2983 2942 locus
3009 2887 3063 2941 in
3092 2887 3236 2942 tribu
3278 2886 3560 2957 Benjamin

1967 2974 2123 3045 juxta
2148 2974 2443 3041 Bethleem,
2472 2976 2539 3031 de
2564 2990 2672 3045 quo
2697 2975 2933 3032 dicitur:
2970 2973 3080 3030 Vox
3103 2976 3159 3030 in
3186 2975 3355 3031 Roma
3374 2977 3560 3033 audita

1973 3074 2047 3119 est
2070 3063 2284 3137 (Matth.
2317 3063 2405 3135 ιι).
2452 3064 2622 3120 ﬂama
2670 3065 2869 3137 quippe
2909 3065 3306 3136 interpretatur
3330 3066 3560 3122 excelsa.

1974 3153 2257 3211 Solamoth
2279 3172 2292 3208 :
2318 3155 2384 3211 ad
2427 3169 2605 3226 quem.
2631 3155 2810 3211 locum
2856 3156 3006 3211 misit
3046 3156 3236 3212 David.
3277 3155 3558 3215 Sofamoth

1977 3248 2364 3318 interpretatur
2406 3246 2604 3303 labium
2632 3250 2832 3305 mortis.

2045 3363 2373 3434 Thelamage
2396 3361 2568 3429 locus,
2600 3377 2708 3433 quo
2732 3362 2917 3420 Abner
2953 3363 3103 3420 misit
3132 3364 3200 3419 ad
3219 3364 3389 3421 David
3414 3380 3437 3419 τ
3456 3365 3551 3421 sed

1976 3451 2274 3516 sciendum,
2299 3451 2443 3520 quod
2471 3464 2572 3521 pro
2608 3452 2711 3507 hoc
2735 3453 2911 3507 verbo
2938 3452 3134 3524 Aquila
3165 3454 3565 3524 interpretatur

1974 3540 2279 3596 Extemhle.
2324 3539 2686 3610 Symmachus
2727 3556 2828 3611 pro
2875 3543 3188 3614 semetipso.
3219 3542 3548 3610 Saforvaim,

1974 3634 2042 3689 de
2068 3633 2266 3705 quibus
2293 3632 2427 3688 locis
2449 3632 2658 3704 Assyrii
2694 3633 3149 3706 trausmigrantes
3178 3634 3559 3692 habitaverunt

1975 3726 2029 3781 in
2071 3724 2339 3792 Samaria,
2370 3727 2522 3781 etab
2573 3725 2704 3798 ipsis
2745 3725 3215 3783 Samaritanorum
3232 3744 3374 3798 gens
3410 3744 3558 3784 sum-

1972 3816 2079 3886 psit
2107 3800 2411 3872 exordiunf.
2458 3815 2704 3872 Meminit
2740 3817 2930 3871 horum
2973 3825 3029 3871 et
3061 3816 3249 3872 Isaias.
3278 3816 3508 3872 Thaleth
3538 3826 3573 3872 :-'

1973 3907 2203 3978 legimus
2241 3908 2296 3962 in
2336 3905 2614 3962 Ieremia:
2645 3907 2811 3962 Aram
2852 3908 3107 3963 Thaleth.
3137 3908 3234 3964 Est
3278 3916 3456 3964 autem
3500 3911 3553 3966 in

1974 3996 2299 4052 suburbanis
2344 3996 2510 4053 Heliae
2535 4012 2707 4067 usque
2736 3998 2895 4053 hodie
2930 3998 3104 4065 locus,
3147 3999 3249 4069 qui
3276 4000 3355 4054 sic
3387 4015 3553 4055 voca-

1975 4095 2082 4155 tur,
2108 4087 2263 4157 juxta
2289 4089 2553 4158 piscinam
2579 4088 2799 4144 fullonis
2826 4097 2882 4145 et
2908 4106 3118 4161 agrum.
3155 4089 3549 4148 Acheldemach

1972 4198 2103 4254 ergo
2150 4181 2558 4252 interpretatur,
2599 4181 2847 4253 parvulus
2888 4183 3045 4237 venit.
3076 4182 3304 4250 Thabar,
3333 4185 3423 4241 ubi
3456 4201 3550 4255 pu-

1971 4281 2191 4343 gnatum
2213 4280 2299 4328 est
2327 4272 2586 4328 adversus
2605 4271 2839 4327 Madian.
2866 4272 3001 4329 Nam
3031 4275 3253 4331 thahath
3281 4277 3550 4348 interpre-

1970 4370 2120 4417 tatur
2140 4359 2300 4416 loma.
2332 4361 2577 4432 Thopeth
2622 4361 2678 4416 in
2714 4360 2849 4417 valle
2873 4361 3105 4419 ﬁliorum
3131 4364 3296 4421 Israel
3324 4366 3544 4433 Ennou,

1971 4452 2062 4507 ubi
2086 4451 2313 4524 populus
2336 4451 2621 4507 simulacra
2647 4459 2958 4510 veneratur.
2985 4454 3083 4509 Est
3104 4463 3286 4511 autem
3316 4456 3477 4514 locus.
3493 4458 3547 4513 in

284 4527 569 4597 Benjamin
609 4528 779 4584 iniere
821 4536 1119 4593 certamen,
1177 4536 1232 4584 et
1275 4542 1448 4599 usque
1485 4526 1645 4583 hodie
1669 4524 1870 4581 Betha-

1977 4539 2316 4597 suburbanis.
2368 4540 2612 4612 Thopeth
2655 4554 2785 4612 ergo
2830 4540 3223 4612 interpretatur
3245 4586 3265 4612 ,
3298 4548 3550 4617 protectio

282 4620 429 4674 mari
463 4621 518 4675 in
542 4634 705 4690 supra
743 4618 904 4677 dictis
949 4619 1085 4676 locis
1122 4618 1331 4676 viculus
1360 4618 1678 4689 appellatur.
1700 4617 1864 4675 Baal—

280 4713 504 4767 tlnruar
527 4719 708 4767 autem
730 4712 1118 4782 interpretatur
1144 4712 1337 4766 habens
1363 4710 1618 4781 palmam.

358 4801 669 4857 Beebacar:
703 4818 874 4873 usque
901 4802 966 4858 ad
994 4806 1137 4860 hunc
1172 4802 1348 4859 locum
1380 4802 1606 4873 populus
1647 4800 1867 4859 Israelis

277 4892 557 4963 fugientes
590 4891 921 4964 alienigenas
953 4904 1273 4963 persecutus
1298 4900 1403 4957 est,
1432 4892 1711 4963 appellans
1737 4906 1864 4947 eum

275 4986 519 5056 lapidem
566 4986 841 5057 adjutorii.
867 4986 1000 5042 Nam
1041 4987 1305 5042 Betachar
1340 4987 1728 5057 interpretatur
1758 4987 1862 5041 do-

272 5094 404 5132 nius
425 5077 736 5149 negotii,vel
762 5077 907 5148 agni.
924 5076 1185 5144 Berasan,
1212 5079 1282 5133 ad
1306 5092 1465 5148 quem
1490 5076 1666 5132 locum
1692 5074 1865 5131 David

269 5167 483 5238 prada
500 5175 716 5238 partem
739 5167 905 5223 misit.

355 5255 575 5313 Bauritn
609 5257 780 5323 locus,
817 5258 886 5313 ad
917 5272 1080 5330 quem
1114 5273 1285 5329 usque
1311 5266 1629 5330 prosecutus
1648 5265 1732 5314 est
1766 5257 1860 5313 Mi-

264 5347 407 5403 cliol
432 5348 595 5403 tiliam
622 5347 800 5404 Saulis
823 5349 906 5404 vir
926 5364 1057 5405 suus
1079 5349 1402 5421 lacrymans.
1418 5349 1636 5405 Baurim
1666 5349 1864 5421 quippe

262 5442 676 5510 interpretatur
701 5440 849 5495 electi
877 5440 960 5497 vel
976 5442 1216 5511 juvenes.

354 5529 536 5599 Erga!)
560 5547 576 5584 :
604 5530 674 5584 ad
694 5544 857 5600 quem
888 5529 1066 5585 locum
1089 5529 1359 5586 Ionathan
1386 5530 1530 5586 illius
1559 5528 1689 5586 Saul
1726 5545 1860 5601 pue-

262 5634 409 5675 rum
435 5608 640 5692 dirigit,
663 5620 986 5676 militaribus
1004 5621 1201 5692 jaculis
1224 5636 1283 5678 se
1311 5635 1572 5678 exercens
1596 5640 1610 5677 :
1636 5636 1739 5693 pro
1754 5637 1862 5692 quo

252 5709 477 5779 Aquila
492 5720 551 5767 et
577 5710 936 5783 Symmachus
962 5712 1298 5784 interpretati
1330 5723 1456 5770 sunt
1478 5714 1724 5785 lapidem.

352 5800 616 5859 Estbama
644 5820 659 5857 :
683 5802 751 5859 ad
781 5819 941 5875 quem
971 5806 1148 5861 locum
1192 5806 1340 5862 misit
1380 5807 1567 5862 David.
1606 5807 1858 5863 Estbama

1974 4634 2082 4687 oris
2098 4672 2115 4699 ,
2153 4631 2266 4687 sive
2288 4632 2551 4705 gehennae.

2561 4744 2790 4803 CAPUT
2829 4747 2940 4804 VII.

2448 4834 2527 4890 De
2558 4836 2882 4908 confragosis
2905 4838 3052 4894 locis.

2042 4944 2337 5016 Confrages
2362 4946 2502 5012 loca,
2546 4946 2600 5001 in
2637 4961 2757 5017 quae
2780 4949 3020 5018 undique
3048 4951 3193 5005 venti
3219 4960 3442 5005 currunt
3481 4967 3545 5006 ac

1972 5051 2093 5091 sese
2119 5035 2408 5107 frangunt:
2438 5044 2499 5091 ut
2520 5035 2730 5093 Naevius
2757 5039 2865 5093 ait:
2897 5059 2914 5090 ι
2948 5039 3008 5094 In
3038 5048 3269 5105 montes,
3293 5041 3381 5098 ubi
3400 5044 3544 5098 venti

1971 5124 2293 5197 frangebant
2312 5127 2508 5182 locum.
2538 5147 2555 5181 ι

2558 5237 2784 5295 CAPUT
2821 5240 2950 5296 VIII.

2476 5326 2549 5381 De
2574 5326 2752 5381 lustris
2779 5328 3027 5398 ferarum.

2043 5436 2238 5490 Lustra
2269 5436 2499 5490 obscura
2545 5435 2763 5490 latibula
2808 5437 3041 5494 ferarum
3079 5449 3134 5496 et
3164 5442 3410 5512 luporum
3443 5461 3537 5501 cu-

1966 5529 2101 5585 bilia
2139 5537 2283 5584 sunt.
2330 5527 2485 5583 Unde
2527 5537 2581 5582 et
2624 5529 2902 5600 lupanaria
2940 5531 3111 5588 lustra
3156 5534 3412 5590 dicuntur
3448 5552 3545 5607 per

1967 5620 2407 5676 contrarietatem
2455 5618 2724 5681 videlicet,
2783 5619 2907 5688 quia
2946 5636 3136 5691 parum
3185 5623 3541 5681 illustrantur.

1951 5692 2153 5783 hupes
2173 5711 2476 5782 signiﬁcant
2501 5709 2831 5779 superbiam,
2863 5720 2920 5766 ut
2950 5714 3001 5766 in
3033 5712 3266 5771 Ieremia
3294 5734 3307 5771 :
3342 5717 3547 5787 Onogri

1966 5813 2219 5859 steterunt
2272 5804 2327 5857 in
2391 5802 2607 5872 rupibus
2648 5799 2781 5872 (Jcr.
2836 5804 2963 5873 λιν).
3009 5805 3235 5862 Antrum
3276 5809 3541 5879 signiﬁcat
