3974 6188
370 350 471 404 371

1006 351 1069 408 Β.
1110 348 1363 406 RABANI
1402 349 1621 409 MAURI
1659 352 1979 410 ARCHIEP.
2008 353 2319 412 MOGUNT.
2355 356 2643 415 OPERUM
2682 359 2864 417 PARS
2905 360 2968 416 ll.

3536 364 3655 419 '57?

369 463 641 520 hominem
659 447 1031 535 peccator-em,
1057 464 1196 520 sicut
1218 464 1271 518 in
1292 464 1394 520 .lob
1419 454 1519 536 pro
1545 465 1739 522 zabttlo
1763 480 1777 519 :
1800 463 1960 520 Com-
1986 470 2033 529 Α
2062 467 2206 524 unde
2247 467 2425 524 nullus
2471 467 2682 527 fructus
2728 470 3050 527 exsolvitur.
3090 469 3251 527 Unde
3290 471 3457 528 etiam
3506 469 3643 529 nihil

370 554 660 609 morabitur
683 555 843 610 bestia
865 556 920 610 in
950 564 1103 611 antro
1125 555 1367 627 suo_(Job
1389 555 1620 627 xxxvtt).

989 667 1216 724 CAPUT
1250 666 1341 722 IX.

1026 760 1103 813 De
1132 760 1285 813 lueis.

440 852 615 909 Lucus
642 860 725 908 est
755 852 909 908 locus
945 850 1127 906 densis
1167 850 1452 906 arboribus
1478 861 1683 920 septas,
1725 852 1841 907 solo
1868 852 1951 906 lu-

371 959 488 998 cem
514 943 824 997 detrahens.
857 941 1043 996 Potest
1074 948 1130 996 et
1156 956 1186 995 a
1217 941 1534 997 collucendo
1560 942 1768 997 crebris
1791 942 1952 997 lumi-

369 1036 530 1091 nibus
566 1035 692 1089 dici.
729 1031 903 1106 [Quae]
944 1041 999 1088 et
1044 1032 1116 1087 ibi
1164 1039 1385 1103 propter
1427 1033 1742 1106 religionem
1765 1033 1952 1104 genti-

370 1127 498 1179 lium
530 1124 841 1193 cultumque
880 1118 1100 1178 ﬁebant.
1142 1121 1273 1177 Luci
1320 1122 1413 1177 ubi
1457 1123 1514 1178 in
1555 1123 1754 1180 divinis
1796 1124 1952 1178 libris

364 1220 649 1287 leguntur,
702 1229 946 1271 errorem
981 1214 1261 1284 gentilium
1301 1211 1798 1285 signiﬁcantzquia
1844 1228 1950 1270 sa:-

364 1323 488 1379 ptus
518 1307 717 1363 ibidem
763 1305 923 1363 idolis
951 1305 1323 1372 immolabant,
1365 1314 1426 1359 ut
1462 1312 1547 1360 est
1576 1305 1705 1361 illud
1736 1307 1790 1361 in
1820 1306 1951 1363 Pro-

324 1434 328 1443 .
365 1398 526 1469 pheta
556 1396 743 1452 :lucus
782 1397 1025 1462 dazinus,
1065 1396 1168 1451 hoc
1203 1404 1308 1461 est,
1346 1393 1627 1462 Adonidis,
1664 1398 1754 1467 qui
1792 1411 1946 1453 ama-

364 1491 480 1546 sius
503 1499 623 1547 erat
645 1489 890 1555 Veneris,
928 1490 1019 1546 ubi
1055 1489 1170 1562 ipse
1198 1487 1268 1544 ab
1294 1488 1610 1546 errantibus
1625 1491 1782 1561 quasi
1803 1505 1947 1547 mor-

366 1592 489 1637 tuus
524 1578 899 1654 plangebatur.

980 1672 1208 1729 CAPUT
1247 1662 1313 1726 Χ.

896 1762 973 1817 De
1012 1762 1226 1817 desertis
1258 1764 1407 1818 locis.

2051 564 2377 626 praestantes
2413 557 2684 616 immunes
2712 569 2996 615 vocantur.

2645 671 2875 729 CAPUT
2915 670 3052 728 XIII.

2611 741 2689 796 De
2717 743 2912 813 apricis
2933 742 3085 798 locis.

2117 830 2316 902 Aprica
2336 831 2612 902 ioca,qu:e
2640 833 2753 889 sole
2780 834 3035 904 gaudent,
3066 833 3222 903 quasi
3243 849 3382 890 aneu
3403 834 3643 906 phriees,

2052 920 2107 977 id
2128 929 2230 988 est,
2252 921 2373 978 sine
2395 922 2616 995 frigore,
2640 925 2755 981 sive
2778 924 2922 994 quod
2946 926 3052 981 sint
3075 933 3269 994 aperto
3281 925 3440 980 coelo.
3462 924 3643 996 Opaca

2048 1025 2181 1069 vero
2202 1010 2343 1080 loca,
2378 1015 2532 1085 quasi
2558 1025 2753 1086 operta
2772 1016 2937 1083 creto,
2966 1016 3152 1086 aprico
3179 1017 3475 1074 contraria.

2646 1126 2880 1187 CAPUT
2917 1129 3057 1185 XIV.

2588 1200 2668 1256 De
2699 1201 2916 1257 lubricis
2954 1201 3103 1261 locis.

2118 1287 2409 1347 Lubrieum
2435 1290 2541 1348 dici
2570 1299 2786 1349 constat
2812 1293 3024 1360 locum,
3045 1308 3113 1349 eo
3132 1293 3279 1363 quod
3304 1292 3378 1369 ibi
3406 1292 3530 1362 quis
3564 1292 3644 1347 la-

2046 1381 2234 1450 bitur;
2256 1392 2314 1439 ot
2334 1383 2601 1441 lubricum
2624 1384 2859 1452 dicitur,
2888 1398 2995 1442 non
3027 1386 3172 1456 quod
3198 1384 3433 1451 labitur,
3467 1384 3562 1441 sed
3586 1385 3640 1438 in

2047 1482 2156 1544 quo
2185 1472 2407 1531 labitur.

2644 1565 2874 1623 CAPUT
2923 1565 3038 1622 XV.

2595 1656 2676 1713 De
2699 1656 2892 1713 trutinis
2923 1656 3072 1717 locis.

2115 1749 2326 1807 Estiva
2360 1756 2490 1806 sunt
2537 1747 2655 1805 loea
2695 1749 2981 1815 umbrosa,
3019 1749 3221 1819 quibus
3252 1763 3353 1820 per
3394 1757 3641 1806 aetatem

436 1854 658 1911 Deserta
680 1861 892 1920 vocata,
931 1854 1057 1924 quia
1103 1868 1207 1909 ηοη
1234 1862 1512 1921 εει-ωηατ,
1550 1864 1608 1911 ει
1634 1856 1755 1913 ideo
1779 1859 1935 1928 quasi
1963 1845 2012 1905 Β
2038 1842 2210 1898 vitant
2230 1856 2425 1913 pecora
2448 1839 2577 1896 solis
2602 1839 2873 1896 ardorem.
2900 1840 3107 1901 Statius
3138 1859 3151 1897 :
3182 1840 3253 1896 Et
3282 1842 3517 1898 umbrosi
3542 1858 3644 1913 pa-

364 1950 707 2013 dcseruntur,
738 1956 798 2001 ut
817 1954 944 2001 sunt
981 1946 1097 2002 loca
1124 1945 1381 2002 silvarum
1404 1954 1459 2003 et
1499 1948 1783 2015 montium,
1812 1964 1942 2005 cou-

365 2040 532 2094 traria
575 2038 972 2094 uberrimarum
1023 2047 1311 2103 terrarum,
1344 2039 1437 2093 ubi
1483 2048 1610 2095 sunt
1653 2041 1942 2097 uberrima:

362 2130 549 2200 glebte.
597 2129 824 2187 Ponitur
848 2131 1125 2187 desertum
1169 2131 1460 2202 aliquando
1495 2138 1594 2202 pro
1639 2132 1901 2190 Paradi'so
1924 2176 1939 2201 ,

361 2239 522 2293 quem
556 2224 740 2289 homo,
761 2225 979 2295 quando
1004 2227 1270 2296 peccavit,
1303 2226 1561 2286 deseruit,
1594 2236 1656 2283 ut
1683 2239 1771 2285 est
1810 2229 1943 2285 illud

366 2316 424 2371 in
453 2314 746 2385 Evangelia
769 2314 921 2387 (an.
948 2315 1073 2389 xv):
1101 2317 1248 2385 quod
1269 2318 1454 2384 homo,
1484 2319 1578 2388 qui
1598 2319 1791 2375 habuit
1815 2334 1944 2377 cen—

360 2415 478 2461 tum
507 2420 656 2472 oves,
687 2406 907 2475 reliquit
930 2408 1217 2478 nonaginta
1240 2423 1434 2466 novem
1461 2410 1515 2464 in
1547 2410 1782 2479 deserto,
1805 2412 1945 2468 abiit

361 2510 606 2565 quaerere
628 2508 791 2550 unam
809 2504 983 2558 ovem,
1008 2511 1128 2565 quae
1150 2498 1408 2566 perierat.
1433 2499 1736 2570 Aliquando
1759 2511 1940 2559 autem

363 2585 639 2641 desertum
671 2586 941 2657 signiﬁcat
990 2586 1347 2658 indigentiam
1378 2590 1667 2659 praesentis
1706 2591 1851 2658 vitae,
1884 2601 1945 2648 ut

362 2684 448 2733 est
488 2675 622 2732 illud
667 2675 970 2733 Psalmistte
1005 2696 1018 2732 :
1058 2676 1129 2733 In
1172 2679 1376 2733 deserto
1427 2680 1559 2735 etin
1598 2682 1739 2736 inuia
1776 2693 1824 2737 et
1862 2684 1947 2737 in-

360 2780 585 2839 aquoto,
605 2768 680 2823 sic
708 2770 766 2823 in
791 2778 972 2825 sancto
993 2770 1216 2841 apparui
1241 2769 1334 2824 tibi
1362 2766 1538 2841 (Psal.
1568 2772 1723 2843 mi).
1746 2772 1815 2828 In
1851 2774 1943 2830 de-

357 2867 520 2922 serto,
565 2858 719 2926 dicit,
750 2860 855 2916 hoc
892 2869 996 2929 est,
1030 2862 1088 2917 in
1129 2863 1318 2918 mundi
1359 2863 1518 2920 istius
1548 2864 1849 2938 indigentia
1886 2876 1944 2923 et

360 2952 647 3009 sterilitate
664 2950 870 3023 jejuna.
894 2953 1172 3025 Sequitur,
1201 2966 1248 3011 et
1280 2957 1336 3011 in
1357 2957 1497 3012 invio
1518 2973 1538 3011 :
1559 2958 1687 3028 quia
1710 2961 1942 3018 mundus

359 3043 415 3099 in
444 3060 507 3100 se
543 3060 652 3101 non
695 3046 861 3103 habet
906 3046 1069 3114 viam,
1108 3048 1213 3105 nisi
1249 3049 1537 3106 Dominum
1581 3051 1939 3122 Salvatorem,

359 3134 451 3205 qui
480 3135 585 3191 iter
609 3145 695 3194 est
718 3140 1006 3202 caecorum,
1033 3148 1090 3193 et
1110 3141 1407 3195 errantium
1435 3141 1705 3200 rectitudo
1740 3145 1942 3201 saluta-

2043 1950 2187 1994 tuere
2206 1937 2383 1992 rustica
2404 1933 2600 2006 Lyaei.
2622 1933 2849 1989 Atticene
2876 1942 3055 1990 autem
3076 1942 3135 1993 et
3161 1934 3346 2005 aprica
3368 1933 3487 1990 loca
3515 1949 3640 2004 spe-

2043 2030 2154 2085 cies
2199 2028 2460 2083 virtutum
2503 2034 2729 2096 possunt
2775 2025 3082 2097 designare,
3136 2024 3228 2080 ubi
3279 2025 3361 2082 sol
3408 2023 3641 2094 iustitia:

2043 2118 2307 2189 splendet,
2352 2123 2409 2172 et
2456 2122 2942 2186 temperamentum
2989 2115 3145 2171 bonae
3192 2114 3319 2170 vitae
3358 2115 3637 2181 consistit,

2042 2208 2362 2266 Econtrario
2387 2206 2530 2264 velut
2551 2205 2759 2262 lubrica
2794 2204 2912 2261 loca
2937 2204 3071 2261 vitia
3098 2204 3275 2261 valent
3307 2204 3632 2276 signiﬁcari,

2042 2301 2135 2359 ubi
2171 2311 2395 2372 gressus
2423 2306 2586 2354 recte
2619 2297 3049 2354 conversationis
3081 2310 3189 2353 non
3231 2304 3414 2366 potest
3454 2297 3638 2354 consi-

2044 2400 2189 2447 stere
2215 2409 2227 2445 :
2254 2390 2463 2447 lubrica
2500 2388 2646 2445 enim
2682 2387 2882 2459 pergit,
2911 2387 3002 2457 qui
3036 2386 3198 2446 iustis
3223 2387 3406 2444 seculi
3450 2387 3637 2458 sequi-

2045 2491 2152 2549 tur,
2197 2488 2254 2537 et
2282 2480 2503 2537 delicias
2531 2479 2693 2552 hujus
2742 2479 2927 2534 mundi
2974 2487 3139 2549 atque
3183 2480 3402 2536 divitias
3426 2481 3641 2539 habere

2044 2573 2315 2630 inbianter
2333 2572 2578 2643 appetit:
2602 2572 2657 2627 in
2685 2572 2882 2643 quibus
2909 2572 3162 2629 omnibus
3189 2587 3349 2630 casus
3375 2573 3502 2628 vitae
3531 2572 3637 2629 bu-

2044 2677 2219 2718 tnanat
2256 2663 2541 2733 proximus
2588 2669 2694 2730 est,
2743 2671 2800 2718 et
2825 2663 3071 2734 deceptio
3106 2662 3413 2719 animarum
3436 2662 3634 2720 certis-

2044 2770 2204 2811 sana.

2622 2846 2851 2904 CAPUT
2899 2846 3046 2902 XVI.

2631 2936 2711 2993 De
2736 2936 3027 2993 naualibus.

2114 3028 2336 3085 Navalia
2365 3037 2492 3086 sunt
2528 3028 2666 3095 loca,
2692 3028 2786 3083 ubi
2833 3043 3002 3084 naves
3026 3027 3400 3087 fabricantur:
3427 3028 3547 3087 hac
3572 3037 3639 3086 et

2044 3120 2339 3176 textrinum
2367 3128 2651 3177 vocantur.
2694 3119 2870 3177 Statio
2895 3128 2999 3187 est,
3024 3119 3117 3179 ubi
3142 3120 3211 3176 ad
3240 3129 3453 3191 tempus
3480 3128 3640 3179 stant

358 3227 459 3283 ris.
484 3226 742 3284 Addidit:
772 3228 843 3282 Et
871 3231 1143 3298 inaquoso,
1168 3230 1221 3285 id
1243 3240 1348 3297 est,
1376 3230 1543 3287 sterili
1577 3241 1742 3303 atque
1770 3235 1942 3291 infru-
1968 3221 2013 3284 C
2045 3225 2211 3266 ηεινθε
2245 3229 2258 3265 τ
2282 3220 2494 3281 νοτωεν
2519 3211 2613 3303 PM
2640 3210 2921 3303 ⁸³⁵³³⁸⁸δεῖ
2949 3211 3318 3303 importunum
3341 3219 3548 3303 πίθων
3575 3213 3641 3271 δα

361 3327 570 3377 etuoso.
596 3321 872 3391 Aquosum
893 3322 1037 3378 enim
1053 3322 1303 3389 dicimus,
1326 3326 1470 3394 quod
1489 3326 1646 3395 aquis
1664 3326 1942 3385 abundan-

359 3410 505 3466 tibus
547 3411 809 3482 irrigatur
846 3430 861 3466 :
907 3412 1229 3482 inaquosum
1254 3428 1403 3480 vero,
1427 3414 1638 3470 aridum
1670 3424 1833 3486 atque
1863 3418 1944 3472 in-

357 3504 556 3571 fertile,
603 3513 665 3561 ut
709 3506 906 3561 merito
932 3503 1048 3575 eius
1082 3508 1262 3562 anima
1304 3506 1473 3563 nimia
1503 3506 1750 3565 siccitate
1775 3508 1939 3565 dure-

356 3604 491 3651 scat.
528 3596 681 3652 Unde
705 3612 803 3667 per
827 3598 944 3654 haec
971 3597 1074 3652 tria
1093 3597 1311 3653 nomina
1347 3599 1529 3655 mundi
1574 3599 1731 3657 istius
1755 3611 1942 3659 neces-

357 3687 493 3742 sitas
516 3687 807 3742 indicatur.
841 3685 1146 3757 Aliquando
1171 3685 1369 3743 Judtnae
1388 3688 1663 3744 desertum
1685 3690 1938 3756 dicimus,

355 3787 577 3851 propter
625 3779 995 3836 inﬁdelitatem
1043 3779 1293 3837 videlicet
1346 3797 1378 3836 a
1428 3781 1659 3838 Domino
1702 3791 1939 3852 spretam

355 3879 521 3942 atque
564 3871 830 3927 relictam.
874 3871 1181 3942 Aliquando
1221 3872 1520 3945 gentilitas,
1566 3873 1632 3929 de
1661 3886 1769 3944 qua
1811 3875 1941 3931 scri-

355 3973 507 4034 ptum
533 3972 651 4020 est:
677 3961 968 4018 Lwtabitur
992 3974 1043 4018 et
1074 3965 1127 4019 in
1158 3966 1241 4020 via
1264 3964 1545 4021 exsultabit
1568 3963 1702 4036 (Ita.
1729 3965 1894 4036 xXxv)
1920 3983 1935 4031 ;

356 4068 459 4110 nec
492 4069 602 4110 non
647 4062 733 4111 est
779 4054 947 4119 illud:
973 4053 1162 4110 Plures
1195 4054 1295 4124 ﬁlii
1342 4064 1465 4110 sunt
1506 4055 1722 4110 deserta:
1770 4056 1940 4126 inagis

354 4161 512 4214 quam
536 4145 652 4216 ejus
680 4161 798 4216 qua:
827 4145 979 4201 habet
1006 4145 1179 4200 uirum
1202 4144 1337 4218 (Ita.
1377 4146 1507 4216 LIV).

958 4256 1189 4319 CAPUT
1241 4262 1332 4317 XI.

916 4364 992 4427 De
1032 4373 1195 4427 deviis
1237 4373 1386 4427 locis.

424 4464 588 4521 Devia
632 4472 760 4522 sunt
809 4465 928 4521 loca
982 4473 1192 4520 secreta
1234 4472 1290 4519 ct
1338 4465 1552 4533 abdita,
1583 4468 1735 4537 quasi
1782 4476 1937 4523 extra

2043 3315 2151 3372 quo
2192 3303 2397 3359 nullum
2445 3301 2736 3373 refugium,
2761 3302 2917 3373 quasi
2962 3302 3143 3359 nullus
3178 3311 3387 3374 portus.
3429 3302 3640 3361 Portus

2045 3401 2227 3451 autem
2263 3394 2415 3451 locus
2447 3402 2530 3450 est
2566 3393 2636 3449 ab
2672 3408 2899 3453 accessu
2930 3403 3213 3453 ventorum
3239 3402 3507 3460 remotus,
3536 3393 3639 3453 ubi

2041 3491 2267 3565 hiberna
2308 3500 2580 3559 opponere
2623 3486 2819 3543 solent.
2850 3487 2922 3545 Et
2945 3494 3137 3557 portus
3159 3487 3337 3543 dionis
3365 3499 3399 3542 a
3432 3487 3641 3558 depor-

2040 3580 2222 3635 tandis
2238 3579 2604 3636 commerciis.
2636 3577 2790 3635 Hanc
2820 3586 3033 3634 veteres
3055 3593 3088 3632 a
3108 3576 3413 3647 baiulanda's
3434 3579 3643 3634 merci-

2039 3670 2143 3726 bus
2176 3667 2328 3738 bajas
2349 3669 2635 3734 vocabant,
2681 3668 2770 3724 illa
2796 3668 3160 3727 declinatione
3200 3681 3235 3721 a
3283 3664 3404 3735 baia
3447 3664 3635 3736 bajas,

2041 3759 2244 3819 familia
2277 3760 2532 3818 familias.
2578 3758 2635 3815 Si
2673 3769 2857 3816 autem
2904 3774 3072 3818 naves
3106 3758 3424 3828 spiritaliter
3449 3758 3637 3815 eccle-

2040 3849 2150 3904 sias
2191 3856 2419 3920 possunt
2457 3848 2784 3920 signiﬁcare,
2822 3862 2943 3917 quae
2989 3847 3047 3902 in
3094 3847 3209 3903 salo
3245 3847 3400 3903 istius
3439 3847 3635 3903 mundi

2039 3949 2328 3999 versantur
2367 3950 2424 3998 et
2469 3940 2722 3997 ﬂuctibus
2767 3939 3128 3997 tentationum
3176 3947 3341 4010 atque
3367 3953 3638 4009 persecu-

2040 4032 2246 4097 tionum
2295 4032 2707 4101 tempestatibus
2749 4038 3102 4101 quassantur,
3156 4044 3267 4084 non
3328 4030 3643 4101 incongrue

2039 4124 2202 4181 statio
2225 4122 2306 4179 vel
2334 4130 2522 4192 portus
2548 4122 2790 4188 navium,
2817 4121 2942 4177 ﬁdei
2968 4120 3199 4176 ﬁrmitas
3227 4128 3407 4191 potest
3430 4120 3635 4191 accipi,

2040 4214 2131 4279 ubi
2173 4212 2615 4284 tranquillitatem
2639 4213 2841 4283 quietis
2887 4220 3201 4268 sanctorum
3237 4211 3433 4267 animae
3469 4210 3637 4266 inve«
3716 4252 3721 4255 .

2036 4309 2155 4365 nire
2193 4309 2520 4367 desiderant.
2568 4308 2727 4367 Unde
2770 4310 2826 4369 in
2850 4309 3057 4379 psalmo
3102 4308 3363 4377 scriptum
3404 4315 3492 4363 est
3516 4325 3532 4361 :
3558 4305 3639 4362 Et

2036 4401 2215 4457 eduxit
2228 4415 2317 4455 eos
2337 4400 2393 4455 in
2405 4409 2611 4472 portum
2626 4399 2906 4459 voluntatis
2932 4414 3134 4466 eorum,
3159 4407 3207 4453 et
3225 4398 3289 4453 de
3305 4398 3638 4455 necessitati-

2037 4491 2132 4549 bus
2158 4504 2341 4549 eorum
2368 4490 2606 4547 liberavit
2634 4507 2723 4549 eos
2752 4488 2926 4561 (Paul.
2971 4488 3107 4561 ενι).
3149 4488 3403 4547 Ostendit
3434 4488 3637 4545 Domi-

358 4556 521 4652 viam.
563 4556 682 4652 Ipsa
730 4564 855 4609 stmt
895 4562 949 4610 et
995 4554 1161 4608 invia.
1215 4554 1684 4652 littlcetuaviaria
1723 4565 1933 4652 secreta
1960 4560 2014 4629 ι)
2039 4595 2167 4637 num
2216 4582 2588 4643 laboranubus
2638 4554 2892 4641 solain
3252 4581 3432 4639 mm
3477 4581 3635 4636 enim

355 4647 495 4712 loca,
518 4654 614 4701 eta
628 4646 715 4700 via
735 4655 941 4701 remota
966 4654 1059 4700 aut
1083 4654 1288 4703 tantum
1310 4647 1525 4704 adibiiia
1547 4650 1757 4706 avibus.
1788 4648 1938 4706 Unde

353 4745 440 4795 est
462 4735 626 4792 illud:
653 4734 865 4790 Inculta
901 4736 1083 4791 rubent
1121 4738 1321 4792 aviaria
1363 4739 1556 4794 buccis.
1600 4739 1763 4795 Devia
1790 4740 1935 4796 enim

354 4842 570 4884 errores
598 4826 978 4883 haereticorum
1023 4827 1251 4897 mystice
1276 4826 1583 4900 signiﬁcant
1608 4848 1621 4882 :
1650 4831 1743 4900 qui
1788 4832 1933 4888 viam

354 4918 607 4975 veritatis
624 4932 847 4975 servare
870 4918 1170 4990 negligant,
1193 4927 1250 4973 et
1268 4918 1386 4988 ejus
1407 4920 1633 4992 vestigia
1655 4923 1810 4992 sequi
1838 4938 1934 4980 no-

354 5008 492 5074 lunt,
515 5009 608 5080 qui
653 5007 828 5064 dixit:
860 5007 972 5080 Ego
996 5024 1113 5065 sum
1144 5007 1248 5074 uia,
1295 5010 1488 5065 veﬁtas
1533 5020 1582 5065 et
1613 5012 1723 5066 uita
1746 5011 1928 5085 (quit.

354 5101 488 5173 xiv).
518 5102 707 5160 Omnis
734 5101 898 5168 enim,
928 5102 1019 5172 qui
1041 5101 1267 5173 iustitiae
1292 5103 1567 5159 tramitem
1592 5119 1700 5160 non
1730 5115 1929 5175 servat,

355 5204 500 5251 recte
522 5209 619 5267 per
645 5193 801 5250 devia
825 5192 1057 5248 transire
1083 5192 1298 5249 dicitur.

922 5304 1150 5362 CAPUT
1189 5304 1302 5361 XII.

886 5399 963 5454 De
987 5400 1203 5456 amomis
1225 5398 1375 5456 locis.

422 5489 648 5547 Alumna
670 5490 790 5547 loca
813 5491 1036 5548 Verrius
1060 5491 1257 5548 Flacns
1279 5492 1423 5548 dicta
1451 5494 1551 5560 ait,
1581 5509 1646 5551 eo
1673 5494 1817 5565 quod
1843 5509 1933 5551 so-

352 5578 463 5633 lum
493 5595 732 5637 antorem
773 5590 1059 5652 prmstant,
1101 5592 1156 5641 et
1199 5583 1268 5639 ad
1309 5599 1368 5640 se
1397 5587 1629 5641 amanda
1667 5586 1927 5642 alliciant.

349 5667 552 5734 Varro,
573 5671 716 5740 quod
746 5672 863 5725 sine
893 5687 1115 5728 munere
1144 5674 1275 5739 sint,
1304 5690 1406 5732 nec
1431 5675 1727 5745 quidquam
1757 5677 1812 5732 in
1845 5678 1932 5733 his

355 5757 514 5816 cilicii
546 5769 767 5832 agatur,
808 5761 960 5829 quasi
991 5764 1206 5818 amunia
1234 5803 1251 5831 ,
1281 5764 1383 5820 hoc
1418 5772 1539 5834 est,
1567 5766 1682 5823 sine
1709 5766 1887 5826 fructu
1912 5808 1927 5838 ,

2042 4680 2165 4740 post
2187 4671 2427 4741 pericula
2471 4672 2656 4728 labore
2679 4672 2809 4729 fessi
2837 4688 3138 4744 emergere,
3182 4682 3244 4729 ut
3272 4686 3333 4728 se
3355 4671 3639 4743 gaudeant

2041 4763 2242 4834 ingenti
2266 4762 2421 4820 clade
2442 4763 2719 4831 liberatos,
2750 4764 2968 4834 quando
2995 4764 3064 4823 ad
3094 4774 3317 4836 portum
3338 4772 3637 4834 caperent

2039 4854 2224 4910 venire
2249 4855 2599 4913 tutissimum.
2631 4856 2827 4913 Portus
2848 4859 2995 4913 enim
3020 4873 3052 4915 a
3086 4856 3365 4928 portandis
3391 4855 3639 4912 navibus

2039 4944 2216 5001 dictus
2237 4953 2340 5001 est.
2392 4944 2748 5018 Subiungitur
2776 4948 3005 5017 repetita
3032 4948 3269 5018 quidem,
3315 4945 3410 5003 sed
3459 4946 3635 5003 nimis

2039 5045 2189 5108 grata
2242 5038 2517 5097 concludit
2569 5038 2937 5113 [conclusio]:
2982 5049 3041 5101 ut
3101 5041 3168 5097 de
3204 5038 3636 5099 necessitatibus

2038 5132 2251 5190 cunctis
2275 5132 2601 5189 liberaretur
2625 5135 2846 5189 animus
2864 5135 3173 5193 mstuantis.

2614 5246 2844 5303 CAPUT
2881 5245 3043 5303 XVII.

2666 5317 2745 5374 De
2781 5317 2974 5375 littore.

2105 5406 2281 5463 Littus
2321 5416 2406 5464 est
2444 5419 2586 5463 terra
2631 5423 2786 5477 aqua;
2816 5416 2873 5463 et
2906 5410 3045 5465 mari
3074 5408 3287 5472 vietna,_
3312 5414 3371 5463 et
3411 5406 3631 5462 dictum

2036 5500 2209 5567 littus,
2248 5501 2373 5571 quis
2410 5500 2572 5558 ilqu
2604 5501 2847 5567 eliditur,
2884 5502 2975 5557 vel
2998 5502 3142 5572 Quod
3188 5509 3329 5571 aqua
3370 5498 3627 5555 alluitur.

2032 5590 2222 5648 Cicero
2273 5592 2344 5658 in
2379 5591 2594 5662 Topicis
2650 5609 2664 5645 :
2709 5591 2879 5647 Ιιὶειιω
2912 5600 2990 5647 est
3038 5609 3149 5663 qua
3203 5593 3397 5658 ﬂuctus
3445 5590 3628 5645 elidit.

2032 5680 2219 5738 Littus.
2256 5683 2402 5741 enim
2455 5682 2580 5740 ﬁnis
2624 5682 2847 5752 saeculi,
2901 5694 2965 5739 ut
3012 5692 3097 5741 est
3146 5682 3277 5740 illud
3325 5682 3637 5753 Evangeﬁ-

2034 5789 2186 5842 cum,
2233 5775 2321 5830 ubi
2376 5774 2571 5832 dicitur
2624 5776 2854 5851 (Matth.
2912 5778 3048 5852 sui)
3122 5792 3321 5853 sageua
3380 5777 3626 5836 Domini
