3974 6188
417 327 522 389 575
934 313 966 340 "

1063 335 1124 388 Β.
1165 329 1418 386 RABANI
1460 329 1680 388 MAURl
1722 331 2040 390 ARCHIEP‘.
2085 333 2394 393 MOCUNT.
2435 335 2720 393 OPERUM
2758 336 2938 393 PARS
2975 336 3040 392 ll.

3573 338 3693 402 579'

417 427 539 502 csse
554 447 851 518 gehennam
877 447 1016 520 ignis
1037 455 1092 503 et
1115 447 1331 520 frigoris
1349 448 1568 520 legitur.
1594 449 1804 508 lnferus
1826 452 2008 523 appel-
2033 459 2086 517 Α
2111 453 2326 518 habeat,
2369 469 2627 510 resonare
2659 455 2992 525 perhibetur.
3039 453 3192 512 Sicut
3219 470 3397 514 autem
3440 477 3539 520 cor
3563 459 3687 514 aui-

413 538 575 603 latur,
604 554 670 594 eo
704 539 846 610 quod
874 539 1012 594 intra
1045 540 1136 595 sit.
1171 541 1323 596 Sicut
1345 549 1526 596 autem
1555 545 1848 600 secundum
1876 559 1996 600 cor-

411 645 536 701 pus,
577 631 620 684 si
662 630 916 700 ponderis
955 631 1037 685 sui
1080 633 1324 688 ordinem
1357 641 1555 700 teneat,
1585 633 1843 690 inferiora
1871 643 1998 690 sunt

412 719 591 774 omnia
617 719 886 791 graviora,
911 721 983 775 ita
1010 723 1304 777 secundum
1323 723 1568 794 spiritum
1594 723 1850 782 inferiora
1873 735 1998 781 sunt

412 809 594 864 omnia
629 810 885 864 tristiora.
921 809 1074 867 Unde
1105 821 1160 866 et
1189 813 1242 866 in
1275 812 1461 868 Graeca
1491 814 1671 884 lingua
1704 815 1858 885 origo
1897 830 1998 870 no-

411 899 596 966 minis,
627 915 735 970 quo
757 901 1059 972 appellatur
1086 901 1290 959 inferos
1313 919 1382 959 ex-
1409 920 1477 960 eo
1509 906 1653 975 quod
1679 905 1999 961 nihilisuave

2101 541 2258 595 malis
2295 541 2349 596 in
2381 543 2559 596 medio
2599 551 2702 608 est,
2748 543 2820 598 ita
2859 553 2914 598 et
2955 543 3196 598 infernus
3239 545 3294 599 in
3325 547 3502 602 medio
3526 555 3688 603 terrae

2103 645 2226 687 esse
2263 632 2598 701 perhibetur.
2629 633 2784 690 Unde
2810 645 2866 689 et
2910 636 2963 690 in
3006 636 3293 708 Evangelio
3329 637 3595 709 legimus:
3620 639 3689 695 In

2104 721 2259 776 corde
2297 731 2452 777 terrae
2477 723 2690 795 (Matth.
2727 725 2849 797 xu).
2899 725 3210 797 Philosophi
3258 737 3438 784 autem
3479 731 3688 798 dicunt,

2105 815 2253 884 quod
2273 814 2430 870 inferi
2457 831 2556 886 pro
2579 831 2646 872 eo
2689 818 2962 886 dicuntur,
2998 819 3142 890 quod
3179 820 3374 876 animae
3403 821 3531 879 hinc
3563 823 3690 878 illnc

2107 905 2432 961 inferantur.

1331 1153 1628 1230 LIBER
1681 1152 2180 1247 QUARTUS
2239 1155 2727 1234 DECIMUS.

936 1431 1162 1522 CAPUT
1215 1467 1483 1524 punwn

902 1553 980 1610 De
1015 1556 1256 1626 aediﬁciis
1281 1555 1523 1626 publicis.

481 1646 686 1703 Civitas
747 1654 836 1701 est
890 1645 1169 1700 hominum
1208 1644 1514 1711 multitudo,
1570 1645 1845 1702 societatis
1873 1646 1994 1701 vin—

2104 1456 2288 1513 tatem,
2318 1463 2438 1518 qua:
2465 1449 2623 1503 hodie
2645 1455 2868 1504 vocatur
2904 1449 3099 1514 Nisibi,
3122 1464 3152 1504 a
3186 1447 3411 1506 Lucullo
3451 1451 3689 1522 quodam

2099 1537 2320 1592 consule
2347 1537 2623 1592 obsessam
2653 1545 2994 1608 captamque,
3025 1547 3081 1593 et
3113 1545 3239 1594 ante
3277 1551 3480 1610 paucos
3515 1557 3693 1599 annos

2095 1643 2126 1683 a
2178 1629 2460 1684 Joviniano
2511 1630 2834 1699 imperatore
2901 1630 3084 1686 Persis
3147 1632 3425 1688 traditam.
3473 1633 3686 1690 Achatli

409 1739 534 1794 culo
573 1736 838 1794 adunata:
867 1735 1009 1792 dicta
1037 1752 1066 1791 a
1094 1735 1324 1802 civibus,
1340 1735 1391 1790 id
1413 1745 1520 1802 est,
1545 1736 1613 1790 ab
1641 1736 1771 1806 ipsis
1798 1736 1990 1793 incolis

2096 1720 2290 1790 quippe
2311 1719 2712 1789 interpretatur,
2730 1719 3110 1774 umbraculum.

407 1831 579 1887 urbis.
623 1829 756 1884 Nam
789 1828 920 1884 urbs
969 1829 1086 1899 ipsa
1133 1829 1333 1884 moenia
1374 1836 1528 1895 sunt;
1576 1830 1768 1885 civitas
1811 1838 1991 1885 autem

407 1936 514 1976 non
564 1934 734 1992 saxa‘
778 1918 873 1974 sed
917 1917 1249 1974 habitatores
1298 1927 1579 1974 vocantur.
1639 1919 1771 1976 Tres
1810 1927 1993 1975 autem

405 2018 534 2064 sunt
559 2009 878 2064 societates:
911 2006 1259 2075 thmiliarum,
1291 2009 1548 2078 gentium,
1573 2009 1810 2066 urbium.
1856 2010 1996 2067 Urbs

403 2109 596 2157 vocata
642 2100 710 2154 ab
743 2099 893 2164 orbe,
941 2099 1084 2169 quod
1135 2100 1372 2170 antiqua:
1414 2100 1664 2156 civitates
1725 2101 1778 2155 in
1805 2101 1994 2156 orbem

405 2189 634 2255 ﬁebant;
670 2188 756 2242 vel
781 2189 850 2243 ah
877 2189 1012 2244 urbo
1037 2197 1192 2260 parte
1216 2191 1408 2256 aratri,
1435 2205 1544 2261 quo
1585 2189 1724 2245 muri
1777 2190 1996 2262 signau-

405 2288 515 2346 tur,
541 2279 682 2336 unde
705 2285 790 2334 est
817 2277 976 2334 illud:

535 2370 835 2434 Optavitque
860 2368 1016 2420 locum
1040 2381 1214 2432 regno,
1241 2375 1294 2419 et
1317 2367 1612 2420 concludere
1637 2370 1788 2420 sulco.

401 2477 581 2534 Locus
600 2479 744 2534 enim
765 2476 957 2532 futura:
974 2477 1210 2534 civitatis
1233 2476 1383 2532 sulco
1405 2477 1804 2548 designabatur,
1823 2477 1874 2532 id
1887 2485 1994 2542 est,

405 2579 610 2627 aratro.
654 2569 824 2626 Cato:
862 2588 880 2621 ς
913 2569 1014 2638 Qui
1046 2571 1267 2635 urbem,
1302 2569 1503 2638 inquit,
1547 2585 1742 2625 novam
1777 2569 1993 2636 condet,

408 2674 561 2720 tauro
585 2669 641 2718 et
661 2677 823 2717 vacca
848 2660 1033 2734 [aret],
1066 2671 1122 2717 et
1149 2661 1240 2717 ubi
1269 2661 1525 2728 araverit,
1555 2677 1770 2716 murum
1793 2659 1991 2717 faciet:

404 2753 496 2810 ubi
527 2761 737 2822 portam
757 2751 872 2806 vult
893 2765 1046 2817 esse,
1074 2759 1318 2806 aratrum
1343 2749 1600 2806 sublollat
1625 2758 1680 2806 et
1711 2757 1913 2820 portet,
1943 2758 1998 2806 et

402 2850 616 2913 portam
637 2849 812 2897 vocet.
835 2859 854 2893 ι
874 2839 999 2895 ldeo
1017 2847 1196 2894 autem
1217 2839 1350 2896 urbs
1362 2847 1545 2894 aratro
1559 2839 1997 2895 circumdabatur

405 2931 605 3003 dispari
628 2929 1208 3004 generejumeutorum
1228 2939 1451 3001 propter
1467 2930 1894 2987 mmmistiouem
1919 2931 1997 2986 fa-

405 3024 700 3092 miliarum,
723 3031 780 3078 et
799 3023 1084 3094 imaginem
1113 3021 1381 3088 serentis,
1403 3021 1743 3094 fructumque
1771 3022 1996 3078 redden-

2165 1833 2330 1906 Aggai
2361 1833 2429 1888 ad
2451 1833 2838 1889 occidentalem
2865 1833 3076 1906 plagam
3105 1834 3267 1889 vertit
3289 1834 3549 1902 Bethelis,
3572 1852 3691 1892 non

2096 1928 2324 1984 multum
2351 1928 2419 1982 ab
2445 1942 2507 1982 ea
2531 1927 2760 1982 distans.
2809 1925 2926 1982 Sita
2955 1935 3040 1982 est
3086 1936 3268 1982 autem
3317 1926 3506 1982 Bethel
3551 1943 3692 1984 eun-

2097 2019 2240 2075 tibus
2270 2019 2446 2074 Eliam
2472 2017 2539 2073 de
2584 2015 2802 2088 Neapoli
2831 2017 2882 2072 in
2913 2016 3043 2073 laeva
3084 2026 3241 2087 parte
3275 2017 3480 2072 vim-xtl
3525 2019 3693 2074 circi-

2098 2111 2469 2180 ter,milliario
2507 2111 2577 2166 ab
2625 2110 2760 2176 Elia,
2787 2119 2844 2165 et
2888 2125 3058 2181 usque
3095 2108 3276 2175 hodie,
3300 2125 3502 2180 parvus
3536 2110 3690 2178 licet,

2096 2204 2248 2260 vicus
2296 2204 2622 2260 ostenditur.
2653 2201 2762 2258 Sed
2800 2211 2856 2258 et
2889 2203 3118 2258 ecclesia
3145 2201 3410 2270 zediiicap
3455 2213 3562 2270 est,
3594 2207 3694 2262 ubi

2097 2295 2350 2352 dormivit
2373 2293 2542 2351 Jacob
2562 2308 2795 2366 pergens
2831 2293 3292 2364 Mesopotamiam.
3323 2291 3479 2349 Unde
3501 2303 3560 2349 et
3587 2295 3694 2364 ipsi

2095 2385 2218 2444 loco
2249 2385 2456 2451 Bethel,
2485 2383 2539 2440 id
2568 2393 2654 2440 est
2673 2384 2865 2440 domus
2892 2383 3010 2450 Dei,
3042 2397 3242 2440 nomen
3267 2383 3544 2454 imposuit.
3577 2384 3696 2456 Ago

2095 2477 2185 2549 gai
2207 2476 2354 2532 enim
2379 2475 2766 2544 interpretatur
2793 2475 3012 2544 quis-uio
3033 2472 3116 2528 vel
3139 2472 3420 2542 festivitas.

2089 2602 2094 2606 '
2165 2590 2388 2646 Arbohc
2415 2596 2670 2659 corrupte
2692 2589 2744 2643 in
2771 2588 2974 2644 nostris
3003 2585 3279 2642 codicibus
3301 2586 3470 2642 arboc
3485 2586 3692 2642 scribi-

2099 2691 2208 2748 tur,
2238 2697 2361 2738 cum
2383 2682 2438 2735 in
2467 2679 2708 2736 Hebrmis
2729 2679 2942 2751 legatur
2959 2677 3108 2740 arbe,
3134 2678 3188 2732 id
3219 2685 3304 2733 est
3338 2684 3598 2748 quatuor,
3619 2691 3693 2732 ex

2095 2789 2161 2830 eo
2185 2773 2329 2844 quod
2363 2771 2434 2828 ibi
2474 2780 2584 2827 tres
2621 2770 2963 2841 patriarchae,
2995 2768 3292 2834 Abraham,
3321 2767 3473 2824 Isaac
3499 2777 3559 2823 et
3592 2766 3692 2824 Ja-

2095 2863 2198 2920 eob
2225 2861 2419 2934 sepulti
2445 2869 2592 2928 sunt,
2629 2869 2685 2917 et
2716 2861 2888 2916 Adam
2927 2874 3176 2931 mag-nus,
3203 2859 3344 2914 utin
3377 2857 3505 2914 Jesu
3549 2855 3699 2918 libro

2097 2957 2358 3026 scriptum
2403 2964 2519 3012 est:
2553 2955 2681 3012 licet
2712 2971 2838 3012 eum
2883 2955 3102 3024 quidam
3155 2954 3441 3010 conditum
3471 2953 3527 3008 iu
3569 2951 3698 3010 loco

2099 3047 2362 3104 Calvarize
2399 3048 2759 3118 suspicentur.
2799 3047 2928 3102 Hmc
2972 3054 3058 3102 est
3097 3054 3279 3102 autem
3319 3045 3507 3101 eadem
3549 3043 3696 3100 Celi-

407 3114 690 3208 tis._U_rbs
718 3121 898 3208 autem
947 3120 1130 3168 aratro
1163 3112 1443 3179 conditur,
1485 3121 1671 3168 aratro.
1710 3115 1992 3168 evertitur.
2024 3109 2069 3172 C
2100 3139 2237 3194 1mm
2285 3137 2412 3194 olim
2469 3109 2788 3208 n'letmpolis
2834 3136 3271 3203 phmsunomm,
3313 3142 3370 3192 ει
3405 3133 3697 3190 δώωοῷ

407 3203 559 3262 Unde
588 3204 843 3260 Horatius
875 3221 890 3258 :

527 3297 938 3360 lmprimeretque
973 3295 1126 3344 muris
1144 3293 1325 3345 hostile
1357 3301 1597 3345 aratrum.

475 3382 738 3454 Oppidum
770 3380 990 3452 quidam
1039 3381 1108 3436 ab
1150 3379 1486 3450 oppositione
1531 3393 1810 3434 murorum
1840 3379 1992 3434 dixe-

406 3481 560 3528 runt:
607 3471 698 3526 alii
727 3473 796 3527 ab
819 3469 1011 3541 opibus
1053 3467 1430 3534 recondendis,
1457 3483 1522 3523 eo
1549 3467 1692 3538 quod
1719 3467 1994 3526 sit.muni—

407 3573 552 3618 tum:
580 3561 722 3632 quod
749 3561 820 3617 sit
841 3569 1140 3616 conventus
1173 3558 1228 3612 in
1250 3572 1316 3614 eo
1341 3557 1721 3625 habitantium,
1750 3566 1805 3614 et
1833 3573 1992 3628 opem

406 3655 548 3709 [erat
579 3663 822 3708 mutuam
857 3660 1046 3706 contra
1089 3651 1320 3706 hostem.
1364 3647 1496 3704 Nam
1533 3650 1765 3720 primum
1821 3651 1994 3706 homi-

404 3761 524 3810 nes,
555 3755 812 3816 tanquam
866 3743 992 3799 nudi
1029 3751 1084 3797 et
1113 3743 1370 3808 inermes,
1401 3757 1501 3798 nec
1547 3750 1736 3796 contra
1789 3743 1993 3798 belluas

401 3835 653 3908 pra:sidia
677 3835 968 3899 habebant,
993 3849 1094 3889 nec
1108 3832 1447 3902 receptacula
1464 3831 1680 3903 frigoris
1695 3841 1752 3886 et
1774 3831 1991 3895 caloris,

401 3941 504 3984 nec
529 3925 630 3997 ipsi
655 3925 794 3980 inter
831 3940 891 3982 se
933 3923 1182 3980 homines
1221 3923 1288 3978 ab
1319 3922 1626 3978 hominibus
1675 3922 1808 3977 satis
1837 3933 1994 3978 erant

353 4085 369 4100 ’
403 4019 526 4074 tuti.
577 4017 822 4074 Tandem
865 4015 1098 4072 naturali
1154 4014 1374 4070 solertia
1417 4013 1688 4084 speluncis
1730 4013 1992 4068 silvestri-

401 4114 610 4182 hasque
639 4107 968 4182 tegumentis
993 4106 1205 4178 tuguria
1233 4105 1334 4161 sibi
1363 4116 1418 4160 et
1445 4119 1602 4160 casas
1655 4103 1900 4176 virgultis
1932 4119 1992 4158 a-

399 4203 827 4274 rundinibusque
859 4207 1392 4269 contexuerunt,quo
1414 4205 1556 4253 esset
1580 4197 1688 4252 vita
1715 4197 1900 4264 tutior,
1924 4211 1991 4252 ne

399 4296 508 4361 his,
534 4296 624 4366 qui
647 4308 842 4350 nocere
871 4297 1116 4364 possent,
1137 4290 1314 4345 aditus
1347 4297 1508 4344 esset.
1547 4287 1674 4342 llaec
1709 4295 1794 4343 est
1837 4287 1990 4356 origo

401 4385 740 4456 oppidorum,
768 4398 911 4454 qum,
943 4397 1009 4438 eo
1037 4380 1180 4452 quod
1207 4395 1363 4450 opem
1411 4379 1629 4444 darent,
1647 4375 1850 4433 idcirco
1887 4392 1986 4448 θρι-

399 4478 526 4550 pida
572 4477 850 4533 nominata
878 4475 1147 4531 dixerunt.
1201 4472 1466 4542 Oppidum
1493 4481 1674 4526 autem
1713 4472 1982 4540 magnitu-

401 4573 526 4628 dine
566 4579 624 4626 et
655 4567 927 4626 omnibus
941 4565 1220 4636 discrepat
1247 4581 1276 4619 a
1313 4563 1434 4619 vico
1469 4572 1526 4618 et
1572 4562 1792 4618 castello
1817 4570 1872 4618 et
1893 4577 1988 4632 pa-

400 4677 490 4734 go.
525 4660 784 4716 Civitates
823 4665 1004 4712 autem
1043 4664 1136 4710 aut
1172 4655 1396 4712 coloniae
1425 4661 1518 4710 aut
1559 4654 1852 4725 municipia
1893 4661 1988 4708 aut

399 4751 508 4807 vici
530 4757 625 4806 aut
659 4745 884 4804 castella
908 4752 1006 4800 aut
1048 4743 1171 4814 pagi
1219 4742 1574 4814 appellantur.
1616 4741 1820 4798 Civitas
1861 4757 1986 4812 pro-

397 4844 519 4916 prie
565 4839 796 4904 dicitur,
811 4849 974 4908 quam
1021 4847 1128 4888 non
1178 4833 1414 4900 advenae,
1443 4832 1536 4888 sed
1581 4832 1771 4886 eodem
1816 4831 1985 4886 innati

399 4939 517 4996 solo
554 4933 944 4993 condiderunt:
986 4928 1214 4998 ideoque
1253 4927 1416 4982 urbes
1446 4943 1477 4982 a
1508 4925 1743 4996 propriis
1779 4924 1986 4980 civibus

399 5027 653 5093 conditae,
703 5023 978 5088 civitates,
1011 5033 1119 5075 non
1167 5017 1411 5082 colonias,
1446 5026 1840 5086 nuncupantur.
1881 5015 1984 5073 Co-

401 5121 542 5178 lonia
564 5132 697 5175 vero
720 5123 826 5182 est,
847 5127 972 5184 qua:
1023 5109 1236 5166 defectu
1284 5107 1655 5182 indigenarum
1689 5107 1843 5163 novis
1871 5107 1986 5164 cul-

400 5213 610 5269 toribus
659 5205 1004 5277 adimpletur.
1061 5200 1213 5257 Unde
1254 5207 1311 5256 et
1351 5198 1561 5256 colonia
1609 5214 1640 5252 a
1677 5197 1824 5254 cultu
1867 5200 1984 5269 agri

399 5314 485 5362 est
520 5304 682 5362 dicta.
733 5298 872 5355 Sunt
893 5309 1026 5368 ergo
1073 5284 1294 5364 propria
1333 5290 1551 5346 nomina
1589 5289 1874 5346 civitatum
1898 5300 1983 5344 at-

2097 3233 2207 3290 lum
2237 3234 2556 3305 gigantium,
2606 3247 2942 3305 regnumque
2981 3243 3170 3303 postea
3223 3229 3393 3285 David
3439 3229 3496 3308 in
3543 3228 3697 3285 tribu

2095 3321 2232 3380 Iuda
2261 3325 2454 3380 civitas
2505 3323 2860 3380 sacerdotalis
2894 3332 2952 3379 et
2991 3321 3370 3394 fugitivorum:
3408 3321 3580 3376 distat
3621 3322 3698 3376 ad

2096 3415 2452 3471 meridianam
2503 3414 2718 3487 plagam
2763 3413 2894 3470 Elia!
2930 3413 3171 3469 millibus
3225 3412 3448 3469 circiter
3488 3411 3690 3484 viginu'

2094 3507 2325 3573 duobus,
2341 3514 2397 3562 et
2420 3521 2659 3576 quercus
2672 3505 2963 3571 Abraham,
2985 3519 3106 3575 quae
3129 3512 3186 3559 et
3211 3503 3340 3569 ilex,
3355 3495 3584 3558 manhre
3600 3516 3700 3558 us-

2095 3613 2202 3668 que
2253 3599 2322 3654 ad
2370 3597 2670 3655 Constantii
2709 3597 2853 3668 regis
2904 3595 3187 3666 imperium
3245 3595 3693 3662 monstrabatur,

2096 3695 2320 3742 truncus
2356 3694 2538 3742 autem
2567 3685 2689 3755 ejus
2712 3685 2768 3741 in
2797 3685 3206 3757 praesentiarum
3228 3683 3487 3740 cernitur.
3516 3683 3691 3740 Cum-

2093 3791 2200 3847 que
2228 3793 2258 3832 a
2285 3776 2488 3834 nostris
2519 3777 2719 3833 ibidem
2759 3776 2986 3833 ecclesia
3019 3775 3134 3846 jam
3175 3781 3455 3831 exstructa
3503 3774 3598 3839 sit,
3631 3775 3696 3830 in

2092 3867 2319 3924 circuitu
2349 3883 2381 3924 a
2419 3868 2630 3924 cunctis
2673 3867 2924 3940 gentibus
2967 3865 3260 3924 terebinthi
3303 3865 3456 3922 locus
3493 3881 3695 3938 super-

2093 3959 2304 4016 stitiose
2343 3959 2560 4026 colitur,
2605 3975 2672 4016 eo
2719 3959 2864 4031 quod
2913 3959 3014 4015 sub
3045 3973 3110 4015 ea
3145 3959 3419 4016 Abraham
3460 3959 3693 4031 angelos

2091 4051 2362 4124 quondam
2414 4050 2648 4122 hospitio
2700 4051 3017 4122 susceperit.
3073 4049 3201 4105 llaec
3249 4064 3379 4122 ergo
3440 4051 3687 4120 primum

2087 4144 2251 4209 Arbe,
2303 4149 2490 4214 postea
2515 4158 2548 4197 a
2593 4141 2768 4199 Cebro
2820 4157 2930 4197 uno
2985 4139 3219 4196 ﬁliorum
3278 4140 3442 4212 Calep
3487 4143 3690 4198 sorti-ta

2089 4232 2406 4290 vocabulum
2433 4239 2534 4288 est.
2563 4230 2707 4300 Lege
2739 4229 2916 4286 Verba
2955 4231 3187 4286 dierum.
3237 4229 3448 4286 Cehron
3487 4240 3684 4288 autem

2089 4325 2471 4394 interpretatur
2499 4320 2820 4392 conjugium,
2847 4320 2962 4376 sive
2984 4320 3112 4376 visio
3140 4319 3473 4391 sentpitcrna.

2013 4455 2064 4516 ι)
2157 4432 2365 4492 Adama
2413 4444 2500 4492 est
2529 4449 2636 4490 una
2673 4435 2748 4490 de
2787 4433 3027 4505 quinque
3058 4433 3366 4490 civitatibus
3412 4431 3696 4492 Sodomo-

2089 4543 2210 4582 rum
2247 4543 2405 4584 versa
2430 4541 2553 4582 cum
2595 4523 2832 4581 caeteris.
2855 4523 3062 4580 Adamn
3112 4537 3242 4579 vero
3290 4523 3698 4594 intemretatur

2087 4616 2297 4682 humus,
2325 4614 2441 4670 sive
2487 4622 2648 4679 terra,
2665 4612 2801 4668 sive
2826 4620 3054 4666 terrena.

2089 4735 2096 4741 ‘
2158 4729 2413 4784 Astaroth
2453 4727 2674 4798 antiqua
2720 4725 2914 4782 civitas
2955 4722 3037 4796 0g
3075 4722 3222 4795 regis
3247 4722 3445 4789 Basan,
3477 4723 3533 4778 in
3569 4739 3696 4796 qua

2086 4820 2465 4876 habitaverunt
2505 4819 2768 4889 gigantes,
2798 4830 2916 4886 quae
2943 4821 3132 4885 postea
3155 4814 3350 4870 cecidit
3385 4813 3440 4868 in
3458 4825 3703 4870 sortem

2087 4909 2259 4964 tribus
2288 4907 2535 4963 Manasse
2575 4905 2812 4978 regionis
2843 4904 3078 4969 Patanaa,
3106 4911 3161 4960 et
3186 4918 3283 4958 sex
3313 4902 3562 4959 millibus
3610 4907 3702 4962 ab

2085 5000 2230 5054 Abra
2254 4999 2386 5054 urbe
2410 4997 2624 5052 Arabiae
2661 5003 2907 5065 separata
2935 5003 3038 5050 est.
3071 4992 3206 5050 Nam
3226 4992 3482 5050 Astaroth
3509 4995 3702 5052 inter

2083 5100 2330 5164 pretatur
2354 5090 2535 5157 ovilia,
2558 5089 2662 5155 vel,
2693 5086 2893 5158 faciunt
2918 5087 3322 5158 exploratorem.

2153 5205 2358 5262 Arabbi
2414 5205 2677 5261 terminus
2723 5201 2874 5258 Iuda:
2925 5201 3215 5272 provincia:
3273 5200 3342 5256 ad
3407 5201 3702 5260 orientem

2083 5298 2376 5369 respiciens
2407 5295 2578 5351 tribus
2613 5293 2783 5350 Iudae.
2813 5292 2909 5348 Est
2935 5299 3113 5348 autem
3134 5299 3190 5348 et
3219 5292 3372 5348 vicus
3406 5307 3554 5349 nunc
3579 5311 3694 5352 us-

2078 5404 2187 5460 que
2212 5386 2432 5460 grandis
2463 5399 2655 5441 novem
2685 5381 2920 5438 millibus
2943 5398 2974 5437 a
3000 5379 3223 5452 Neapoli
3255 5390 3442 5437 contra
3485 5381 3694 5440 orien-

2085 5493 2192 5538 tem
2219 5478 2668 5535 descendentibus
2697 5477 2764 5532 ad
2802 5475 3090 5532 Iordanem
3119 5483 3175 5533 ct
3202 5475 3536 5542 Hierichum,
3577 5491 3707 5546 per

2083 5587 2310 5642 eamque
2345 5569 2644 5641 appellatur
2668 5585 2700 5623 a
2727 5567 3032 5640 Crapitene,
3059 5569 3153 5625 sed
3175 5577 3234 5624 et
3264 5567 3450 5623 finium
3475 5567 3706 5624 Amor.

2084 5659 2352 5714 rhaeorum
2409 5673 2438 5711 a
2479 5655 2698 5712 Crabim
2760 5656 2975 5722 dicitur,
3033 5658 3099 5712 de
3122 5672 3230 5726 quo
3291 5655 3410 5711 loco
3433 5670 3541 5710 non
3583 5672 3710 5713 ex—

2087 5748 2396 5806 terminavit
2429 5745 2758 5816 alicnigenas
2786 5745 2956 5802 tribus
2986 5735 3308 5816 Hepthalim,
3341 5752 3408 5820 ut.
3433 5744 3486 5799 in
3521 5742 3700 5805 Iudi-

399 5413 506 5467 que
549 5393 893 5466 oppidorum,
933 5401 1034 5443 nec
1075 5401 1183 5440 non
1237 5392 1295 5439 et
1331 5382 1609 5437 villarum:
1656 5381 1752 5437 sed
1797 5396 1861 5436 ex
1906 5381 1985 5436 eis

399 5486 667 5558 qumdam,
710 5498 831 5553 qua:
875 5478 1168 5551 insigniora
1197 5481 1346 5542 sunt,
1376 5473 1464 5530 hic
1494 5474 1546 5527 in
1582 5473 1686 5528 hoc
1725 5471 1984 5543 opusculo

329 5575 338 5582 ’
401 5586 588 5634 nostro
611 5588 811 5646 ponere
859 5587 1161 5628 censemus.

473 5665 684 5722 Achati:
729 5672 814 5721 est
861 5663 990 5718 urbs
1031 5659 1330 5716 Nembroht
1379 5657 1526 5728 regni
1578 5657 1634 5711 in
1690 5655 1978 5728 Babylone.

403 5760 575 5816 l'orro
600 5755 809 5812 Hebraei
857 5751 998 5806 hanc
1028 5765 1147 5806 esse
1187 5749 1372 5803 dicunt
1418 5747 1810 5818 Mesopotamiae
1851 5747 1980 5802 civi-
