3974 6188
285 2026 290 2081 ἰ

284 2104 292 2160 l

319 313 428 370 ΞΠ

1318 309 1408 364 DE
1447 308 1792 367 UNlVERSO
1830 309 2010 365 LIBRI
2049 311 2212 369 XXII.
2249 345 2318 354 ——
2357 314 2484 370 LIB.
2531 317 2667 373 ΧΠ.

3491 318 3607 378 573³

317 443 436 484 cum
475 425 618 482 libro
675 423 937 495 scriptum
991 431 1093 479 est.
1141 421 1346 480 Arabbi
1393 423 1539 481 enim
1585 426 1907 496 interpreta—
1931 433 1984 492 Α
2009 427 2194 497 gnitur
2223 427 2545 489 balsamum,
2569 437 2626 482 et
2658 442 2816 497 poma
2836 428 3137 498 palmarum
3164 433 3394 502 antiqua:
3438 436 3612 488 uber-r

320 530 425 585 tur,
461 517 786 588 scorpiones.

385 609 564 663 Achar
610 606 878 662 Hebraice
921 605 1122 661 dicitur
1148 605 1536 671 emechachur,
1566 606 1710 674 quod
1747 607 1913 660 inter-

320 707 562 769 pretatur
594 697 745 752 vallis
773 695 1049 762 tumultus,
1081 696 1196 752 sive
1241 695 1534 761 turbarum,
1558 710 1623 750 eo
1653 697 1797 764 quod
1837 695 1910 749 ibi

321 788 678 844 tumultuatus
705 797 759 844 et
783 787 1032 842 turbatus
1077 787 1150 841 sit
1177 786 1361 853 Israel,
1401 786 1454 840 in
1501 801 1604 856 qua
1645 785 1912 856 lapidave-

322 887 442 934 runt
491 879 769 950 quondam
821 876 1008 931 Ach‘an
1035 885 1259 946 prepter
1279 875 1481 930 furtum
1529 875 1906 930 anathematis.

319 969 410 1023 list
441 978 629 1024 autem
667 968 735 1023 ad
761 967 1184 1037 septentrionem
1225 967 1513 1031 Herichus,
1538 973 1596 1021 et
1616 981 1786 1035 usque
1824 966 1914 1020 bo—

318 1059 402 1113 die
443 1059 514 1114 ah
537 1057 772 1128 regionis
798 1056 944 1112 illius
965 1055 1164 1111 accolis
1190 1056 1268 1110 sic
1292 1063 1536 1110 vocatur.
1570 1053 1706 1109 Nam
1733 1055 1914 1108 Achar

320 1149 713 1219 interpretatur
741 1146 968 1200 turbatio
1005 1146 1098 1200 vel
1121 1144 1396 1200 tumultus.

389 1240 638 1296 Accaron
684 1239 738 1294 in
767 1238 914 1294 tribu
972 1239 1103 1301 Dan,
1137 1249 1198 1292 ut
1250 1252 1350 1308 ego
1391 1235 1648 1302 arbitror,
1699 1235 1811 1291 sive
1856 1238 1912 1290 in

319 1331 458 1386 tribu
489 1329 628 1387 Iuda
663 1329 732 1384 ad
773 1330 981 1385 laevam.
1011 1329 1438 1385 Chananzeorum
1478 1329 1719 1383 urbsest
1775 1328 1914 1383 anti-

321 1439 445 1494 qua,
477 1437 602 1492 qua:
643 1421 773 1476 olim
827 1429 1072 1490 satrapes
1124 1418 1439 1474 Palestinaa:
1481 1427 1536 1472 et
1565 1418 1782 1472 decreta
1829 1425 1915 1472 est

317 1514 537 1585 quidem
587 1512 750 1568 tribui
795 1510 966 1579 ludas,
1019 1525 1120 1566 nec
1170 1519 1347 1566 tamen
1378 1517 1534 1565 tenta
1573 1510 1640 1563 ab
1666 1523 1750 1573 ea,
1788 1509 1914 1578 quia

318 1605 656 1660 habitatores
682 1602 942 1672 pristinos
975 1602 1218 1671 nequivit
1270 1600 1559 1669 expellere.
1605 1598 1711 1654 Sed
1742 1605 1796 1653 et
1823 1613 1914 1653 us;-

317 1709 419 1765 que
475 1695 638 1750 hodie
676 1694 899 1765 grandis
939 1693 1090 1747 vicus
1146 1691 1344 1747 civium
1392 1690 1697 1745 Iudaeorum
1741 1688 1914 1744 Acca-

2020 519 2148 574 tatis
2192 519 2408 573 indicia.
2459 517 2675 572 Nullum
2727 529 2905 572 autem
2950 530 3184 584 moveat,
3223 521 3364 590 quod
3431 520 3616 591 Segor

2014 607 2205 661 eadem
2242 605 2415 661 Zoara
2437 607 2652 671 dicitur,
2684 621 2806 661 cum
2837 607 2977 660 idem
3010 623 3203 661 nomen
3242 609 3313 660 sit
3339 611 3596 678 parvulae,

2013 696 2098 750 vel
2121 697 2376 751 minoris:
2406 698 2498 753 sed
2523 697 2692 768 Segor
2718 698 3001 763 Hebraice,
3027 698 3199 753 Zoara
3231 699 3366 772 Syre
3397 717 3606 756 nuncu—

2012 797 2190 859 patur.
2217 788 2344 844 Bala
2373 798 2553 844 autem
2593 791 2999 860 interpretatur,
3030 792 3302 860 absorpta.

2086 878 2382 934 Damascus
2425 881 2556 935 urbs
2613 881 2807 936 nobilis
2847 881 3142 935 Pluenicis:
3186 881 3375 936 eodem
3427 890 3616 937 autem

2014 970 2274 1025 vocabulo
2296 983 2350 1026 et
2401 971 2616 1026 Masech
2647 971 2855 1026 ancillae
2889 972 3161 1026 Abraham
3193 971 3332 1028 ﬁlius
3372 974 3612 1044 appella-

2013 1066 2101 1114 tus
2139 1068 2240 1114 est.
2280 1061 2600 1116 Damascum
2629 1061 2801 1132 Syria:
2836 1062 3107 1116 conditam
3132 1072 3343 1118 constat
3371 1074 3425 1118 et
3454 1081 3598 1120 nun-
3673 1049 3692 1062 ’

2012 1158 2262 1220 cupatam
2296 1167 2327 1205 a
2378 1151 2641 1207 Damasco
2683 1151 3074 1221 dispensatoris
3113 1154 3272 1208 Ahra:
3315 1154 3443 1210 ﬁlio.
3501 1155 3608 1210 Da—

2011 1257 2226 1296 mascus
2261 1257 2475 1313 quoque
2527 1243 2928 1312 interpretatur,
2978 1245 3252 1318 sanguinis
3300 1245 3476 1314 potus,
3523 1248 3622 1304 vei‘

2011 1332 2284 1401 sanguinis
2319 1330 2573 1386 osculum.

2083 1424 2198 1478 Dan
2235 1423 2445 1479 viculus
2471 1433 2665 1495 quarto
2692 1425 2758 1480 de
2780 1425 3030 1481 Paneade
3071 1426 3322 1483 milliario
3351 1429 3604 1485 euntibus

2013 1511 2236 1582 Tyrum,
2276 1514 2368 1582 qui
2393 1529 2566 1584 usque
2607 1514 2769 1569 hodie
2807 1515 2887 1570 sic
2919 1524 3165 1582 vocatur,
3205 1519 3468 1574 terminus
3513 1518 3610 1575 Ju-

2013 1603 2142 1656 dcem
2171 1601 2468 1657 Provinciae
2489 1613 2676 1658 contra
2706 1606 3163 1675 septentrionem:
3195 1608 3261 1662 dc
3283 1624 3390 1679 quo
3415 1617 3468 1664 et
3489 1607 3612 1665 Jor-

2011 1690 2166 1746 danis
2191 1690 2386 1748 ﬁumen
2431 1707 2719 1764 erumpens
2751 1710 2781 1748 a
2821 1695 2938 1751 loco
2998 1697 3222 1752 sortitus
3257 1706 3338 1753 est
3388 1713 3606 1753 nomen.

319 1803 412 1843 ron
457 1787 662 1844 dicitur
708 1788 850 1842 inter
900 1786 1127 1842 Azotum
1179 1794 1233 1841 et
1285 1784 1553 1840 Iamniam
1598 1803 1612 1839 :
1666 1785 1909 1840 Accaron
1940 1796 1984 1855 Β
2011 1779 2105 1836 Jor
2126 1784 2321 1853 quippe
2355 1783 2594 1850 richron,
2644 1786 2676 1840 d
2702 1794 2783 1840 est
2813 1785 3032 1842 ﬂuvium
3062 1789 3175 1843 sive
3198 1789 3371 1844 rivum
3400 1789 3610 1844 Hebraei

319 1878 484 1933 turris
544 1876 816 1934 Stratonis
875 1885 1065 1948 postea
1124 1875 1372 1932 Ciesarea
1428 1884 1754 1945 nuncupata.
1807 1875 1914 1929 Ac-

317 1983 480 2024 camn
507 1969 706 2040 quippe
734 1969 1122 2040 interpretatur
1161 1967 1409 2034 eruditio,
1433 1969 1666 2033 tristitia,
1696 1967 1784 2023 vel
1810 1977 1916 2022 ste-

317 2063 509 2118 rilitas.
929 2111 944 2122 κ

384 2155 591 2208 Azotus
646 2166 817 2222 usque
844 2151 1004 2206 hodie
1034 2165 1138 2204 non
1164 2149 1765 2221 ignobile‘municipium
1806 2149 1913 2204 Pa-

320 2246 545 2308 lestina,
574 2253 630 2299 et
657 2258 764 2297 una
799 2249 881 2297 est
909 2243 974 2297 de
1004 2243 1240 2311 quinque
1270 2241 1578 2296 civitatibus
1603 2241 1911 2313 Allophylo-
1949 2309 1954 2312 h

323 2354 469 2393 rum:
508 2337 728 2392 decreta
759 2335 974 2405 quidem
1017 2334 1177 2388 tribui
1215 2333 1382 2398 Judae,
1414 2335 1509 2389 scd
1546 2350 1652 2389 non
1696 2343 1908 2390 retenta

323 2431 386 2485 ab
407 2445 504 2484 ea:
542 2428 671 2500 quia
721 2440 1058 2497 nequaquam
1088 2433 1297 2480 veteres
1345 2427 1518 2495 potuit
1561 2427 1780 2481 colonos
1819 2443 1912 2481 ex-

323 2521 536 2592 pellere.
585 2518 790 2574 Azotus
843 2517 1058 2585 quidem
1100 2516 1508 2585 interpretatur,
1570 2517 1732 2570 ardor
1776 2517 1910 2586 ignis

323 2610 492 2680 patrui
535 2609 660 2662 mei.

390 2701 622 2756 Ascalon
663 2699 796 2756 urbs
829 2698 1024 2756 nobilis
1070 2699 1378 2766 Palestinae,
1409 2714 1528 2769 quae
1557 2707 1613 2755 et
1653 2699 1771 2770 ipsa
1815 2715 1913 2754 an-

327 2793 546 2862 tiquitus
573 2809 686 2848 una
714 2793 814 2847 fuit
838 2793 904 2848 de
945 2793 1183 2864 quinque
1231 2791 1462 2862 satrapis
1484 2791 1907 2864 Allophylorum,

324 2893 564 2954 separata
615 2883 830 2954 quidem
883 2899 982 2953 per
1034 2891 1234 2938 sortem
1273 2881 1436 2936 tribui
1481 2879 1654 2950 Judae,
1699 2897 1798 2938 nec
1831 2891 1913 2936 ta—

327 2988 442 3036 men
474 2983 688 3029 retenta
714 2975 782 3029 ab
811 2988 874 3029 ea
894 3014 910 3040 ,
943 2973 1071 3044 quia
1108 2972 1443 3028 habitatores
1481 2971 1601 3041 ejus
1653 2987 1912 3043 superare

326 3079 426 3118 non
472 3065 668 3134 potuit.
725 3064 896 3120 Porro
941 3063 1174 3120 Ascalon
1226 3063 1615 3134 interpretatur
1657 3079 1907 3134 appensa,

326 3155 402 3208 vel
432 3155 568 3226 ignis
597 3155 684 3210 vel
713 3155 948 3225 infamis.

392 3244 597 3299 Emach
637 3244 786 3310 urbs,
827 3261 947 3314 qua:
993 3243 1190 3300 cecidit
1212 3249 1273 3299 in
1304 3253 1504 3300 sortem
1550 3242 1767 3297 Ruben:
1817 3243 1913 3323 sed

326 3344 377 3390 et
417 3351 563 3390 nunc
591 3335 854 3391 Amathus
893 3336 1018 3392 villa
1065 3335 1267 3392 dicitur
1303 3344 1455 3390 trans
1498 3332 1809 3400 Iordanem,
1859 3337 1914 3389 et

331 3428 585 3483 vicesimo
613 3428 790 3498 primo
826 3428 1078 3484 milliario
1102 3444 1239 3499 pene
1263 3429 1328 3484 ad
1359 3427 1661 3484 meridiem.
1679 3426 1792 3499 Ego
1814 3443 1911 3482 au-

330 3527 432 3590 tem
461 3519 797 3590 investigans
825 3521 1002 3590 reperi
1030 3521 1222 3575 Emath
1266 3523 1454 3577 urbem
1485 3520 1796 3591 Coelesyrite
1822 3536 1914 3590 ap-

327 3609 531 3680 pellari,
567 3624 687 3679 qua:
711 3626 854 3666 nunc
879 3609 1070 3666 Grieco
1109 3626 1360 3668 sermone
1424 3610 1724 3682 Epiphania
1768 3628 1910 3666 nun-

327 3708 570 3770 cupatur.
599 3697 799 3754 Emach
829 3701 1024 3770 quippe
1051 3701 1452 3771 interpretatur,
1476 3701 1696 3773 populus
1718 3703 1909 3756 adhuc.

391 3787 709 3843 Bethlehem
731 3789 921 3844 civitas
961 3789 1130 3844 David
1159 3790 1214 3844 in
1246 3800 1392 3846 sorte
1420 3791 1594 3846 tribus
1639 3788 1808 3855 ludat,
1857 3793 1913 3845 in

329 3895 428 3948 qua
479 3878 743 3934 Dominus
787 3886 971 3935 noster
1014 3888 1176 3950 atque
1217 3879 1470 3936 Salvator
1518 3889 1678 3938 natus
1707 3888 1811 3948 est,
1858 3882 1913 3935 in

329 3982 476 4030 sexto
511 3974 582 4029 ab
617 3973 732 4028 Elia
772 3973 1032 4029 milliaria
1053 3983 1242 4029 contra
1273 3975 1624 4031 meridianam
1679 3973 1910 4048 plagam,

323 4063 471 4133 juxta
520 4063 687 4124 viam,
731 4077 852 4132 qua:
877 4063 1027 4119 ducit
1079 4063 1326 4120 Hebron:
1365 4065 1438 4120 ibi
1469 4074 1524 4122 et
1570 4066 1914 4136 sepulchrum

325 4150 473 4207 Jesse
499 4151 674 4222 patris
697 4151 865 4207 David
890 4152 1225 4208 ostenditur:
1251 4162 1306 4208 et
1333 4154 1478 4210 mille
1509 4155 1725 4210 circiter
1751 4155 1919 4224 passi-

328 4239 426 4296 bus
460 4241 652 4312 procul
682 4242 852 4297 turris
878 4243 1059 4314 gregis
1101 4243 1332 4312 quodam
1367 4245 1620 4300 vaticinia
1666 4253 1912 4316 pastores

331 4331 637 4389 Nativitatis
671 4334 965 4390 Dominicaa
1000 4336 1249 4392 conscios
1277 4345 1402 4393 ante
1431 4337 1764 4407 signiﬁcans.
1811 4338 1917 4394 Sed

331 4430 381 4475 et
414 4429 637 4492 propter
661 4424 910 4477 eamdem
928 4432 983 4478 et
1018 4423 1328 4480 Bethlehem
1352 4427 1494 4496 regis
1523 4428 1792 4497 quondam
1819 4429 1915 4484 Ju-

2017 1882 2233 1929 vocant.
2294 1876 2406 1930 Dan
2473 1877 2640 1944 enim,
2700 1879 2988 1949 judicium,
3064 1882 3450 1952 interpretatur
3526 1882 3608 1939 vel

2006 1964 2279 2034 judicans.

2089 2055 2337 2120 Dothain,
2377 2055 2468 2110 ubi
2501 2056 2705 2111 invenit
2745 2055 2944 2128 Ioseph
2997 2059 3200 2115 fratres
3238 2077 3364 2116 suos
3414 2077 3610 2130 pecora

2014 2153 2321 2214 pascentes,
2351 2147 2442 2214 qui
2477 2155 2530 2201 et
2557 2161 2726 2215 usque
2764 2147 2922 2201 hodie
2945 2148 2998 2200 in
3031 2147 3239 2203 decimo
3282 2164 3313 2202 a
3360 2149 3608 2205 Sebastia

2015 2234 2276 2289 milliario
2312 2243 2498 2290 contra
2527 2235 2795 2304 aquilonis
2837 2237 3052 2307 plagam
3101 2240 3424 2293 ostenditur.
3480 2239 3610 2294 Dot-

2015 2325 2159 2380 baim
2189 2341 2318 2397 ergo
2355 2327 2741 2396 interpretatur
2789 2327 3060 2398 pabulum,
3090 2328 3176 2382 vel
3223 2330 3387 2384 viride
3433 2346 3622 2384 eorum-

2016 2423 2105 2470 aut
2145 2417 2475 2487 suﬁicientem
2506 2418 2867 2487 defectionem.
2926 2418 3221 2489 Dehonque
3258 2429 3314 2476 et
3347 2421 3521 2476 Dibon
3560 2423 3614 2477 in

2015 2506 2303 2562 solitudine
2376 2516 2556 2563 castra
2623 2507 2858 2563 ﬁliorum
2917 2509 3100 2566 Israel.
3160 2512 3258 2566 Est
3315 2520 3495 2567 autem
3561 2522 3617 2569 et

2015 2597 2119 2652 alia
2150 2599 2324 2654 Dibon
2360 2600 2484 2654 villa
2515 2603 2833 2672 pergrandis
2856 2600 3010 2671 juxta
3060 2603 3449 2672 Pararnonem,
3495 2623 3615 2676 qum

2015 2693 2141 2748 dum
2198 2693 2350 2763 prius
2379 2693 2570 2749 fuisset
2620 2694 2852 2750 ﬁliorum
2918 2696 3099 2762 Moab,
3140 2706 3195 2753 et
3253 2708 3438 2768 postea
3492 2715 3615 2755 eam

2016 2783 2159 2839 Seon
2212 2799 2307 2839 rex
2354 2785 2740 2840 Amorreorum
2770 2785 2894 2840 belli
2919 2785 3044 2855 jure
3099 2789 3382 2853 tenuisset,
3419 2805 3447 2842 a
3486 2789 3614 2846 ﬁliis

2011 2874 2217 2930 lsrahel
2241 2883 2397 2946 capta
2425 2885 2587 2946 atque
2621 2891 2890 2945 possessa,
2931 2877 2986 2931 in
3017 2887 3228 2947 partem
3260 2881 3404 2934 venit
3434 2881 3614 2936 tribus

2014 2963 2148 3019 Gad.
2207 2963 2344 3020 Nam
2399 2967 2583 3023 Debon
2637 2966 3041 3036 interpretatur,
3099 2968 3448 3036 abundanter,
3517 2971 3610 3027 vel

2013 3056 2142 3110 satis
2172 3055 2486 3127 intelligens.

1939 3182 1986 3244 ρ
2085 3153 2296 3209 Esebon
2348 3154 2542 3210 civitas
2588 3153 2732 3211 Seou
2762 3154 2906 3227 regis
2934 3153 3334 3208 Amorrteorum
3366 3154 3418 3208 in
3456 3160 3606 3208 terra

2015 3245 2238 3302 Galaad.
2280 3245 2412 3313 Qua:
2440 3261 2562 3302 cum
2591 3245 2783 3302 luisset
2811 3245 3187 3309 Mos-hilarum,
3221 3244 3289 3299 ab
3316 3245 3613 3300 Amorrzeis

2013 3334 2282 3404 bellijure
2337 3351 2586 3406 possessa
2623 3345 2726 3392 est.
2772 3335 2980 3391 Esebon
3009 3349 3159 3390 vero
3202 3334 3472 3402 cogitatio,
3520 3333 3610 3389 vel.

2014 3424 2280 3496 cingulum
2335 3427 2567 3482 maeroris
2642 3427 3046 3496 interpretatur.
3084 3425 3329 3494 Engaddi
3379 3424 3433 3478 iu
3467 3425 3608 3480 tribu

2013 3515 2168 3582 Juda,
2208 3516 2296 3571 ubi
2331 3517 2680 3572 absconditus
2706 3523 2790 3571 est
2833 3516 3003 3570 David
3031 3516 3083 3570 in
3121 3514 3429 3577 solitudine,
3487 3530 3610 3584 qua!

2013 3617 2098 3664 est
2126 3609 2181 3662 in
2205 3609 2413 3664 Aulone
2439 3609 2724 3674 lherichis,
2752 3609 2856 3664 hoc
2879 3616 2981 3672 est,
3014 3607 3068 3661 in
3099 3607 3319 3677 regione
3346 3606 3609 3668 illa-cam—

2012 3702 2206 3773 pestri.
2261 3701 2500 3758 Vocatur
2527 3697 2706 3759 autem
2743 3717 2914 3773 usque
2955 3701 3113 3757 hodie
3151 3683 3302 3756 vicus
3345 3713 3607 3772 pergran-

2014 3794 2097 3849 dis
2135 3793 2440 3850 Iudaeorum
2476 3793 2728 3864 Engadda
2769 3793 2924 3863 juxta
2954 3807 3103 3846 mare
3146 3790 3431 3855 Mortuum,
3459 3791 3606 3845 unde

2013 3891 2070 3936 et
2097 3882 2394 3938 balsamum
2437 3883 2605 3949 venit,
2638 3897 2841 3952 ...quas
2867 3881 3053 3935 vineas
3084 3880 3322 3951 Engaddi
3354 3880 3607 3934 Salomon

2015 3982 2305 4043 nuncupat.
2339 3973 2576 4044 Engaddi
2630 3987 2763 4026 vero
2800 3973 3208 4041 interpretatur,
3277 3970 3395 4039 fons
3439 3971 3599 4025 hmdi.

2086 4063 2268 4117 Endor
2305 4063 2365 4117 in
2401 4063 2546 4118 tribu
2593 4062 2860 4126 Manasse,
2884 4061 2972 4115 ubi
3019 4060 3334 4130 pythonissa
3365 4075 3394 4112 a
3433 4058 3598 4114 Saule

2014 4153 2212 4210 Iudaeae
2259 4170 2386 4226 rege
2427 4155 2746 4210 consulitur.
2775 4153 2956 4207 Endor
2984 4160 3169 4207 autem
3207 4152 3597 4220 interpretatur

2018 4247 2140 4301 fons
2177 4246 2558 4318 generationis.

2086 4335 2233 4390 Gaza
2285 4336 2478 4391 civitas
2531 4336 2837 4391 Enehorum
2865 4335 2918 4390 in
2961 4350 3066 4406 qua
3104 4335 3416 4390 habitavere
3465 4339 3607 4405 Cap-

2016 4428 2268 4497 padoces,
2308 4426 2552 4497 pristinis
2576 4426 2873 4481 cultoribus
2900 4425 3212 4482 interfectis.
3268 4425 3421 4493 Apud
3451 4435 3602 4481 vete-

330 4511 408 4566 (ιω
436 4510 691 4567 Archelai
716 4512 952 4568 tumulus
981 4515 1283 4570 ostenditur
1308 4516 1401 4585 qui
1430 4517 1635 4572 semita:
1659 4517 1728 4571 ad
1752 4517 1914 4573 cellu-
1941 4529 2103 4590 pres
2125 4523 2244 4571 erat
2259 4515 2504 4570 cominus
2526 4513 2643 4586 (sic)
2662 4513 3260 4583 Chananmorumjuxta
3282 4511 3604 4583 Egyptum,

331 4601 407 4656 las
435 4612 648 4659 nostras
672 4619 702 4658 a
727 4605 810 4688 via
837 4606 1052 4676 publica
1079 4607 1395 4664 divertentis
1446 4610 1770 4682 principium
1808 4618 1910 4666 est.

336 4693 636 4749 Vocabatur
660 4703 839 4751 autem
866 4695 1139 4753 Bethleem
1179 4705 1235 4752 et
1261 4697 1404 4753 ﬁlius
1426 4697 1686 4766 Elratbte,
1724 4699 1786 4755 id‘
1803 4707 1911 4767 est,

331 4783 528 4852 Marize,
570 4794 629 4842 ut
656 4787 710 4840 in
746 4786 1190 4858 Paralipomenon
1221 4789 1432 4860 legitur.
1460 4788 1584 4844 Haec
1606 4790 1736 4845 urbs
1758 4788 1914 4857 juxta

331 4877 586 4944 quosdam
613 4892 645 4931 a
695 4875 955 4933 Iebusaeis
1011 4879 1221 4934 condita
1253 4878 1446 4942 fertur,
1498 4886 1554 4932 et
1582 4886 1769 4934 vocata
1806 4879 1917 4948 pri-

332 4980 476 5019 mum
520 4965 724 5020 Errata.
775 4966 998 5033 Quando
1037 4977 1217 5023 autem
1249 4967 1323 5024 ibi
1371 4966 1538 5023 Iacob
1578 4983 1773 5039 pecora
1817 4985 1913 5024 sua

332 5057 493 5126 pavit,
525 5057 701 5112 eidem
723 5057 844 5114 loco
870 5057 1151 5114 Bethleem
1170 5073 1366 5113 nomen
1391 5058 1624 5127 quodam
1653 5057 1912 5114 vaticinio

334 5147 510 5203 Futuro
559 5148 834 5218 imposuit,
863 5164 1004 5219 quae,
1047 5150 1233 5204 domus
1281 5151 1452 5219 panis,
1503 5149 1906 5220 interpretatur,

334 5245 551 5308 propter
573 5253 698 5293 eum
722 5253 936 5308 panem,
972 5239 1063 5309 qui
1095 5238 1168 5293 ibi
1190 5239 1256 5294 de
1283 5239 1422 5294 ccelo
1449 5239 1750 5295 descendit.

403 5329 547 5398 Baia,
589 5346 714 5400 quae
741 5330 930 5401 Segor,
957 5346 1100 5386 nunc
1137 5330 1348 5386 Gozara
1375 5332 1733 5401 nuncupatur.
1786 5329 1911 5386 Sola

333 5423 564 5495 denique
605 5422 964 5480 Sodomorum
997 5423 1220 5478 urbibus
1259 5422 1396 5478 Loth
1447 5423 1698 5493 precibus
1738 5439 1914 5479 reser-

332 5525 455 5570 vata
475 5525 558 5572 est
582 5527 598 5571 :
621 5515 868 5571 imminet
889 5522 1068 5569 autem
1091 5515 1226 5568 mari
1254 5513 1482 5579 Mortuo,
1516 5521 1572 5569 et
1600 5515 1910 5583 praesidium

332 5608 392 5660 in
412 5619 471 5659 ea
499 5605 734 5678 positum
765 5615 850 5661 est
876 5605 1103 5660 militum
1145 5605 1528 5671 Romanorum,
1587 5605 1909 5661 habitatori-

336 5697 434 5753 bus
459 5711 672 5770 quoque
697 5697 931 5768 propriis
970 5695 1363 5766 l'reqiienuitur,
1409 5705 1464 5751 et
1487 5696 1626 5766 apud
1659 5711 1778 5752 eam
1831 5695 1913 5767 gi—

2018 4607 2316 4676 eeciditque
2353 4605 2407 4659 in
2438 4613 2638 4661 sortem
2681 4604 2858 4659 tribus
2911 4603 3088 4659 ludat:
3133 4603 3226 4659 sed
3255 4618 3376 4658 eam
3419 4611 3609 4658 tenere

2018 4712 2124 4752 non
2153 4697 2345 4768 potuit,
2367 4697 2493 4767 quia
2518 4696 2803 4762 Enachim,
2829 4696 2882 4750 id
2909 4705 3009 4761 est,
3035 4695 3280 4766 gigantes
3294 4695 3604 4767 Allophylo-

2016 4805 2138 4844 rum
2171 4788 2466 4845 fortissime
2522 4788 2870 4844 restiterunt:
2909 4796 2964 4843 et
3005 4795 3088 4843 est
3116 4801 3286 4857 usque
3316 4786 3474 4841 hodie
3517 4785 3601 4838 im-

2017 4882 2184 4952 signis
2210 4881 2400 4938 civitas
2428 4881 2729 4948 Palestinae,
2756 4888 2948 4938 vocata
2969 4888 3148 4934 autem
3177 4877 3342 4943 Gaza,
3372 4892 3437 4932 eo
3457 4877 3602 4945 quod

2018 4971 2090 5026 ibi
2128 4971 2424 5043 Cambyses
2451 4985 2547 5026 rex
2594 4969 2881 5026 Persarum
2918 4969 3201 5022 thesauros
3233 4980 3358 5020 suos
3400 4965 3596 5034 posuit,

2012 5076 2134 5115 cum
2182 5061 2382 5116 bellum
2451 5059 2721 5130 Egyptiis
2771 5058 3060 5113 intulisset.
3106 5056 3395 5110 Persarum
3453 5054 3600 5108 enim

2011 5150 2192 5221 lingua
2228 5151 2515 5205 thesaurus
2545 5163 2677 5218 gaza
2718 5149 3050 5203 nominatur.
3100 5145 3244 5200 Gaza
3281 5145 3478 5214 quippe
3518 5145 3600 5199 in-

2011 5247 2338 5310 terpretatur
2367 5239 2620 5308 fortitudo
2650 5239 2788 5308 ejus.

2079 5329 2324 5385 Gabaath
2361 5327 2414 5381 in
2437 5327 2578 5382 tribu
2604 5325 2882 5394 Benjamin
2907 5327 3036 5380 urbs
3055 5323 3289 5379 Phinees
3318 5321 3414 5378 lilii
3441 5321 3599 5376 Elea—

2016 5437 2128 5487 zar,
2161 5421 2250 5476 ubi
2279 5419 2518 5489 sepultus
2541 5426 2624 5473 est
2653 5418 2974 5472 Eleazarus:
3013 5425 3096 5471 est
3125 5425 3304 5470 autem
3351 5413 3599 5471 Gabatha

2012 5512 2136 5567 villa
2165 5512 2219 5565 in
2249 5509 2566 5565 duodecimo
2596 5509 2773 5578 lapide
2805 5506 3296 5577 Eleutheropoleos.
3328 5504 3463 5561 Nam
3492 5505 3600 5560 Ga—

2013 5603 2175 5659 baath
2226 5601 2630 5670 interpretatur,
2683 5599 2810 5654 co'is
2848 5599 3118 5670 patruelis.
3143 5596 3361 5654 Jericho
3412 5597 3600 5652 urbsa

2015 5693 2274 5752 Jebusznis
2316 5690 2532 5748 condita
2563 5691 2814 5758 traditur,
2853 5706 2882 5745 a
2909 5691 3104 5761 quibus
3129 5690 3358 5746 traxisse
3403 5699 3596 5742 nomen
