3974 6188
287 380 391 439 381

1281 369 1372 426 DE
1410 362 1761 427 UNIVERSO
1796 360 1977 420 LIBRI
2012 361 2179 420 XXII.
2217 394 2287 407 —
2324 360 2454 420 LIB.
2492 361 2633 419 XIV.

3464 356 3574 422 '55-‘2

286 496 614 560 orientalem
662 492 899 567 plagam.
947 487 1255 547 Bcthsamis
1287 501 1421 544 vero
1452 486 1843 557 interpretatur
1868 521 1884 549 ,
1915 482 1965 543 A
1991 487 2195 537 stratur
2218 480 2273 536 in
2317 480 2434 536 Elia
2482 480 2551 535 ad
2597 477 2905 535 Austraiem
2930 477 3142 551 plagam
3170 475 3373 535 montis
3393 449 3526 538 Sion
3560 501 3575 539 ;

287 591 478 646 domu
502 586 656 643 solis.

361 678 659 735 Bethsaida
709 674 905 732 civitas
947 673 1005 728 in
1053 670 1275 728 Gaiilaea
1302 669 1536 726 Andreae
1561 677 1617 724 et
1643 665 1794 723 Petri
1839 672 1897 720 et

290 770 526 842 Philippi
554 782 730 840 prope
755 774 1010 836 stagnum
1038 761 1397 819 Genesareth.
1427 760 1563 817 Nam
1599 754 1892 813 Bethsaida

292 864 707 932 interpretatur,
744 856 933 911 domus
983 853 1255 925 fructuum
1278 892 1295 920 ,
1335 848 1422 906 Vel
1463 850 1649 904 domus
1683 854 1893 902 venato-

292 968 635 1112 ﬂ"igtitlit‘age
667 1035 847 1093 villula
900 1036 955 1092 in
979 1041 1166 1089 monte
1196 1031 1404 1097 oliveti,
1444 1030 1511 1085 ad
1542 1044 1707 1100 quam
1742 1026 1893 1083 venit

296 1134 561 1190 notitinus
588 1128 768 1187 Iesus.
796 1128 970 1183 Porro
993 1122 1251 1196 Bethfage
1279 1122 1670 1193 interpretatur
1703 1119 1892 1174 domus

294 1224 403 1282 oris
428 1221 654 1278 vallium
678 1219 763 1275 vel
787 1218 970 1272 bacca.

363 1312 635 1369 Bethania
675 1309 803 1366 villa
833 1307 1069 1363 secundo
1108 1306 1176 1360 ab
1210 1303 1329 1359 Elia
1364 1301 1616 1359 milliario
1641 1302 1697 1358 in
1722 1300 1895 1355 latere

292 1407 496 1464 montis
525 1404 747 1468 Oliveti,
796 1401 891 1457 ubi
933 1390 1201 1455 Salvator
1243 1396 1511 1452 Lazarum
1563 1390 1848 1450 suscitavit
1873 1433 1889 1460 ,

290 1501 448 1570 cujus
491 1503 908 1553 monumentum
949 1492 1183 1549 ecclesia
1223 1506 1369 1546 nunc
1410 1489 1608 1544 ibidem
1643 1493 1891 1543 constru-

290 1601 376 1645 cta
407 1590 773 1645 demonstrat.
813 1583 1076 1640 Bethania
1106 1595 1322 1653 quoque
1364 1580 1553 1634 domus
1575 1577 1890 1650 aﬂlietiouis,

291 1684 374 1739 vel
406 1683 600 1738 domus
624 1678 950 1735 obedientiaz.

357 1775 659 1830 Bethsaida
693 1772 901 1843 piscina
924 1771 979 1826 in
1009 1767 1331 1832 Jerusalem,
1368 1779 1488 1836 quae
1515 1771 1740 1821 vocatur
1766 1761 1895 1825 Pro-

1994 581 2050 628 et
2100 573 2367 629 hactenus
2407 571 2564 643 juxta
2623 570 2935 627 Iudaeorum
2985 570 3273 626 consilium
3335 582 3583 630 mortuos

1994 655 2255 734 ignobiles
2280 662 2417 719 alios
2438 671 2583 718 terra
2613 662 2768 733 tegit,
2797 660 2935 716 alios
2958 659 3061 716 sub
3091 660 3179 715 dio
3205 659 3518 731 putrefacit.

2062 754 2352 811 Antiochia
2388 754 2579 811 civitas
2620 752 2950 824 Caelesyrite,
2992 752 3046 807 in
3084 768 3191 823 qua
3224 751 3504 808 Barnabas
3527 761 3585 809 et

1993 848 2190 905 Paulus
2212 847 2437 918 apostoli
2462 854 2588 903 sunt
2614 845 2897 903 ordinati:
2928 852 3013 901 est
3045 852 3102 900 et
3147 843 3252 898 alia
3293 844 3349 898 in
3380 843 3585 899 Pisidia
3660 910 3663 915 η

1992 940 2267 1012 provincia
2299 939 2479 1006 Asize,
2529 938 2583 993 in
2618 953 2726 1008 qua
2771 937 2933 991 iidem
2983 935 3340 1006 praedicantes
3383 932 3593 989 ludatis

1994 1034 2247 1089 dixerunt
2274 1048 2288 1086 :
2320 1028 2477 1086 Vobis
2506 1029 2775 1101 oportebat
2794 1030 3022 1100 prirnum
3050 1026 3191 1099 loqui
3214 1027 3421 1082 rerbum
3442 1026 3544 1080 Dei
3563 1042 3593 1082 τ

1992 1123 2084 1180 sed
2113 1124 2364 1197 quoniam
2389 1120 2653 1194 repulistis
2676 1119 2830 1183 illud,
2855 1128 2962 1174 etc.
2995 1117 3134 1189 (Act.
3166 1116 3311 1189 κω).

2061 1215 2391 1272 Alexandria
2417 1212 2608 1269 civitas
2638 1211 2856 1283 Egypti
2888 1252 2899 1275 ,
2930 1210 2984 1265 in
3016 1224 3125 1280 qua
3171 1207 3315 1263 beati
3353 1222 3589 1280 evange-
3648 1207 3663 1221 ‘

1992 1311 2134 1366 listae
2161 1308 2329 1363 Marci
2367 1305 2609 1361 tumulus
2644 1310 2952 1360 veneratur.
2978 1301 3375 1371 interpretatur
3400 1307 3588 1355 autem

1992 1400 2319 1457 Alexandria
2341 1440 2357 1465 ,
2386 1397 2631 1469 auferens
2652 1394 2953 1465 angustiam
2982 1391 3336 1447 tenebrarum.

2064 1494 2262 1550 Attalia
2315 1492 2509 1549 civitas
2542 1496 2628 1546 est
2671 1485 3002 1558 Pamphyliae
3039 1483 3345 1539 maritimae.
3382 1481 3588 1538 Attalis

1993 1589 2141 1644 enim
2179 1586 2595 1656 interpretatur,
2630 1591 2834 1652 teinpus
2863 1579 3003 1649 ejus,
3041 1574 3127 1632 vel
3146 1575 3377 1642 melius,
3427 1574 3590 1629 decli-

1995 1682 2140 1737 natio
2170 1678 2408 1734 Domini.

2066 1766 2405 1838 Amphipolis
2433 1764 2630 1821 civitas
2678 1768 2762 1817 est
2806 1758 3157 1815 Macedoniae.
3194 1752 3290 1811 Est
3324 1761 3380 1811 et
3415 1753 3609 1809 altera

292 1865 495 1931 halica,
522 1871 576 1920 et
605 1878 638 1918 a
667 1826 826 1917 n‘obis
855 1858 1201 1930 interpretari
1233 1865 1408 1928 potest
1434 1897 1449 1921 ,
1482 1854 1736 1927 pecualis.
1766 1854 1893 1909 llaec
1920 1826 1975 1889 Β
1997 1826 2241 1932 ρίιιειιέηι
2267 1826 2503 1914 hominis
2538 1856 2593 1911 in
2622 1852 2802 1926 syria,
2831 1850 3379 1921 Amphipolisauwm
3411 1846 3583 1901 inter.

291 1958 622 2029 quandoque
662 1954 936 2027 quondam
978 1952 1223 2024 porticus
1270 1949 1493 2014 habuit;
1532 1948 1895 2005 ostenduntur

291 2067 511 2122 quoque
535 2047 735 2122 gemini
770 2046 938 2109 lacus,
963 2058 1194 2116 quorum
1215 2056 1358 2098 unus
1398 2039 1643 2096 hibernis
1690 2037 1893 2110 pluviis

291 2140 580 2212 adimpleri
629 2138 808 2206 solet,
860 2136 997 2193 alter
1047 2135 1249 2190 mirum
1311 2134 1366 2194 in
1426 2131 1643 2186 modum
1687 2130 1893 2185 rubens

291 2234 449 2305 quasi
491 2230 739 2288 cruentis
776 2227 935 2299 aquis
978 2224 1186 2296 antiqui
1227 2223 1279 2279 in
1308 2238 1367 2279 se
1394 2222 1575 2292 operis
1618 2220 1771 2288 signa
1812 2227 1894 2275 te-

291 2335 489 2382 statur.
529 2321 667 2377 Nam
714 2319 927 2376 hostias
953 2316 1010 2373 in
1053 2332 1120 2373 eo
1153 2315 1323 2370 lavari
1348 2328 1380 2368 a
1408 2310 1781 2369 sacerdotibus
1804 2324 1893 2366 so-

290 2418 419 2473 litas
463 2415 650 2471 ferunt
678 2454 694 2479 ,
733 2412 876 2467 unde
914 2418 970 2466 et
1004 2423 1204 2465 nomen
1251 2413 1557 2475 acceperat.

360 2505 747 2578 Capharnaum
767 2503 921 2574 juxta
948 2511 1199 2573 stagnum
1231 2498 1492 2562 Genesar,
1523 2509 1696 2566 usque
1732 2494 1895 2553 hodie

289 2600 550 2671 oppidum
591 2598 647 2653 in
672 2596 895 2653 Galilaea
926 2595 1168 2664 gentium
1193 2592 1376 2657 situm,
1406 2592 1461 2646 iu
1485 2588 1684 2645 finibus
1709 2587 1888 2644 Zabu-

290 2693 385 2748 lon
426 2701 482 2748 et
522 2688 855 2760 Nephtalim.
901 2687 1284 2758 Capharnaum
1333 2693 1515 2740 autem
1567 2683 1891 2755 interpreta—

290 2792 385 2839 tur
400 2799 547 2854 ager,
567 2779 653 2837 vel
679 2778 807 2836 villa
840 2778 1236 2834 consolationis.

366 2875 654 2941 Emmaus,
683 2873 753 2929 de
794 2882 902 2943 quo
929 2871 1051 2927 loco
1074 2869 1177 2926 tun
1198 2868 1467 2941 Cleophas
1486 2910 1502 2935 ,
1527 2865 1682 2939 cujus
1715 2866 1893 2924 Lucas

288 2962 628 3033 evangelista
672 2960 920 3017 meminit
960 2973 976 3014 :
1019 2961 1139 3015 haec
1183 2966 1270 3016 est
1305 2973 1452 3014 nunc
1487 2957 1762 3029 Nicopolis
1803 2957 1889 3011 in-

289 3057 465 3130 signis
495 3056 689 3112 civitas
714 3053 1023 3112 Palestinte.
1050 3054 1311 3109 Emmaus
1334 3053 1478 3108 enim
1503 3053 1892 3124 interpretatur

288 3152 517 3223 populus
540 3149 796 3222 abjectus.

1912 3182 1963 3246 C

1994 1962 2262 2025 pretatur,
2284 1949 2507 2024 populus
2535 1965 2623 2003 ore
2650 1962 2920 2001 corruens.

2066 2043 2367 2116 Appolonia
2393 2040 2586 2097 civitas
2609 2046 2666 2094 et
2684 2036 2797 2108 ipsa
2826 2034 3175 2089 Macedoniae.
3203 2028 3500 2086 Est'alttera
3531 2028 3586 2081 in

1994 2137 2215 2205 Africa,
2269 2150 2391 2205 quae
2424 2132 2625 2189 dicitur
2661 2126 2991 2198 Pentapolis.
3050 2122 3375 2194 Appolonia.»
3405 2128 3585 2175 autem

1995 2230 2409 2300 interpretatur,
2437 2222 2715 2294 disciplina
2734 2219 2820 2276 vel
2844 2233 3111 2289 synagoga
3142 2230 3345 2271 eorum.

2064 2318 2293 2376 Athenae
2320 2315 2514 2371 civitas
2546 2321 2631 2369 est
2659 2311 2713 2367 in
2736 2310 2962 2366 Achaia.
2999 2306 3358 2362 Athenienses
3402 2311 3607 2360 autem.

1996 2413 2453 2482 interpretantur,
2480 2402 2836 2473 exploratores
2859 2406 2954 2455 aut
2981 2394 3347 2469 respondentes
3371 2394 3459 2451 vel
3481 2394 3607 2449 Itum

1995 2504 2144 2560 miles
2171 2503 2287 2559 sive
2314 2509 2543 2571 tempore
2568 2494 2830 2565 dissipati.

2065 2593 2371 2664 Ariopagus
2420 2588 2759 2643 Athenarum
2803 2583 2958 2639 curia
2984 2622 3000 2649 ,
3045 2595 3170 2652 qua
3197 2580 3615 2649 interpretatur

1993 2684 2123 2743 uilla
2155 2683 2381 2740 Martis:
2410 2679 2539 2752 quia
2562 2678 2679 2749 ipse
2699 2676 2774 2732 ibi
2806 2674 3079 2746 quondam
3105 2688 3137 2728 a
3172 2666 3457 2727 duodecim
3480 2666 3617 2723 diis.

1989 2778 2266 2851 judicatus
2293 2773 2383 2830 sit.
2409 2771 2712 2849 Ariopagus
2731 2782 2947 2838 quoque
2968 2763 3232 2837 primitivis
3263 2763 3613 2831 interpreta—-

1994 2878 2085 2926 tur
2126 2864 2213 2924 vel
2258 2862 2559 2921 soletnnitas
2588 2873 2608 2912 :
2651 2859 2745 2915 sed
2804 2864 2860 2911 et
2921 2855 3025 2911 hoc
3076 2852 3369 2909 violentum
3393 2887 3410 2917 ,
3460 2863 3609 2907 enitr

1992 2956 2341 3016 Atheniensis
2364 2952 2534 3011 curiis
2577 2964 2776 3007 nomen
2802 2949 2906 3015 sit,
2937 2961 3059 3020 qua:
3098 2960 3132 3002 a
3172 2943 3346 3000 Marte
3384 2956 3586 2999 nomen

1993 3052 2226 3123 accepit.

2063 3141 2363 3216 Antipatris
2406 3140 2597 3196 civitas
2624 3139 2933 3202 Palestina,
2984 3148 3137 3191 nune
3172 3131 3587 3201 diruta,‘quatn

367 3242 593 3299 Ell‘raim
613 3242 770 3314 juxta
795 3244 1092 3310 desertum,
1143 3241 1209 3299 ad
1241 3256 1403 3312 quam
1428 3239 1577 3295 venit
1627 3238 1892 3296 Dominus
1916 3224 1963 3246 υ
1993 3237 2236 3297 Herodes
2265 3251 2362 3291 rex
2387 3230 2585 3290 Judaeze
2610 3247 2679 3288 ex
2705 3230 2881 3302 patris
2910 3229 2993 3285 sui
3025 3226 3244 3283 nomine
3269 3224 3580 3281 vocaverat.

289 3338 455 3393 Jesus
478 3351 606 3392 cum
637 3335 914 3407 discipulis
944 3335 1078 3391 suis.
1129 3333 1355 3389 Eti‘raim
1389 3347 1520 3405 ergo
1568 3331 1894 3403 interpreta-

290 3442 405 3496 tur,
433 3429 625 3501 fertilis
668 3427 914 3501 p0pulus,
960 3428 1076 3483 sive
1115 3436 1302 3481 acutus
1332 3438 1351 3478 :
1381 3440 1544 3496 quem
1572 3439 1674 3481 nos
1700 3439 1892 3495 possu-

293 3538 420 3577 mus
447 3522 652 3589 dicere,
677 3521 746 3577 ab
767 3521 1035 3593 augendo,
1061 3519 1392 3591 augentium.

367 3611 573 3670 Fanuel
597 3614 811 3681 civitas,
847 3629 1011 3685 quam
1038 3612 1327 3669 aediﬁcavit
1350 3609 1659 3668 Jeroboam.
1688 3610 1893 3669 Fanuel

174 3692 195 3710 ⁸
291 3706 442 3763 enim
478 3708 887 3778 interpretatur,
911 3700 1074 3778 facies
1103 3703 1220 3760 Dei.

368 3798 550 3854 Modin
581 3799 732 3854 vicus
746 3799 903 3871 juxta
926 3796 1258 3869 Diosopolim
1290 3839 1305 3865 ,
1336 3798 1478 3854 unde
1510 3796 1727 3853 luerunt
1774 3795 1890 3853 Ma-

291 3887 526 3955 chabaei,
566 3903 800 3961 quorum
842 3889 1115 3961 hodieque
1180 3884 1382 3944 ibidem
1434 3888 1681 3959 Sepulcra
1740 3902 1881 3945 mon-

292 3988 563 4035 strantur.

370 4069 534 4127 Mello
560 4070 777 4135 civitas,
803 4085 966 4142 quam
994 4069 1281 4126 :edilicavit
1304 4069 1584 4127 Salomon.

367 4159 665 4227 Nazaretb,
696 4160 839 4216 unde
873 4166 928 4216 et
970 4154 1231 4216 Dominus
1273 4166 1462 4216 noster
1498 4165 1663 4230 atque
1701 4154 1891 4214 Salva-

295 4260 405 4316 tor,
442 4248 734 4309 Nazaraeus
776 4257 1004 4306 vocatus
1045 4258 1148 4306 est.
1181 4241 1277 4306 Est
1307 4258 1486 4307 autem
1516 4264 1691 4320 usque
1729 4248 1891 4305 hodie

293 4342 352 4397 iu
381 4340 606 4397 Galilaea
655 4341 863 4397 viculus
900 4349 1093 4397 contra
1138 4341 1408 4411 legionem
1460 4341 1515 4397 in
1547 4341 1892 4412 quindecimo

293 4431 556 4489 milliario
582 4432 653 4489 ad
677 4432 995 4489 orientalem
1035 4433 1266 4506 plagam,
1298 4432 1451 4504 juxta
1478 4442 1719 4491 montem
1741 4433 1885 4489 Tha-

1990 3332 2390 3401 Interpretatur
2417 3333 2599 3382 autem
2616 3322 2939 3393 Antipatris,
2969 3321 3174 3375 donans
3202 3316 3585 3373 laudationem.

2062 3424 2324 3481 Caesarem
2352 3418 2601 3475 civitates
2631 3414 2832 3471 Judaete
2870 3420 2998 3469 sunt
3040 3411 3097 3467 in
3127 3420 3273 3466 terra
3297 3407 3588 3480 repromis-

1991 3517 2184 3585 sionis,
2209 3515 2301 3571 ubi
2327 3512 2574 3570 Caesarea
2610 3508 2899 3565 Palestina;
2926 3506 2982 3561 in
3006 3502 3204 3561 littore
3229 3501 3397 3559 maris
3433 3500 3537 3556 sita
3568 3515 3583 3553 :

1993 3610 2165 3667 altera
2194 3621 2326 3663 vero
2349 3603 2599 3661 Caesarea
2626 3598 2861 3669 Philippi
2898 3638 2915 3663 ,
2945 3596 3100 3666 cujus
3131 3592 3411 3666 Evangelii
3457 3592 3590 3649 seri»

1990 3711 2151 3776 plura
2175 3697 2441 3757 meminit.
2472 3695 2720 3753 Casarea
2745 3699 2928 3747 autem
2948 3689 3354 3759 interpretatur,
3383 3699 3588 3756 posses.-

1992 3794 2071 3849 sio
2113 3790 2384 3864 principis.

2065 3881 2361 3940 Corinthus
2388 3879 2580 3937 civitas
2615 3875 2837 3933 Atiniae
2866 3872 3161 3931 maritima.
3184 3869 3478 3928 Corinthus
3504 3868 3588 3922 in-

1991 3979 2346 4045 terpretatur,
2377 3966 2700 4024 conversatio
2735 3979 2939 4019 eorum.

2063 4061 2232 4117 Lidda
2280 4060 2474 4115 civitas
2514 4055 2806 4113 Palestina:
2848 4054 2902 4108 in
2953 4051 3136 4107 littore
3178 4049 3355 4105 maris
3400 4048 3587 4118 magni

1992 4154 2120 4211 sita.
2152 4149 2323 4208 Lidda
2362 4151 2508 4206 enim
2546 4148 2951 4218 interpretatur,
2986 4143 3210 4198 utilitas.

2065 4237 2311 4295 Seleucia
2335 4234 2529 4292 civitas
2548 4233 2722 4305 Syriae
2746 4231 2979 4296 novella,
3004 4243 3169 4300 quam
3202 4224 3443 4285 condidit
3491 4226 3590 4284 Se-

1992 4332 2212 4395 lentius,
2240 4329 2332 4399 qui
2367 4335 2422 4385 et
2468 4324 2836 4381 Antiochiam.
2877 4322 3121 4378 Selentia
3159 4334 3376 4392 quoque
3416 4319 3587 4375 inter-

1991 4429 2272 4494 pretatur,
2325 4417 2515 4474 tollens
2574 4417 2941 4487 semetipsum,
2996 4413 3111 4469 sive
3174 4412 3586 4484 experimentum

290 4527 398 4583 bor
427 4526 649 4583 nomine
687 4524 920 4582 Nazara.
948 4521 1222 4582 Nazareth
1253 4535 1434 4581 autem
1460 4526 1848 4597 interpretatur
1873 4566 1888 4590 ,
1908 4514 2217 4600 έῃὶἅηενὲδ,
2244 4511 2334 4568 τοι
2364 4519 2636 4568 exeuntem
2665 4507 2734 4563 σά
2760 4509 3106 4563 vocationem-

294 4618 397 4692 ﬂos
429 4630 522 4676 aut
549 4620 832 4692 virgultum
867 4620 1017 4692 ejus,
1055 4618 1145 4676 vel
1190 4619 1453 4674 munditia
1497 4627 1593 4674 aut
1629 4618 1889 4690 separatio

295 4713 384 4770 vel
414 4714 681 4769 custodia.

373 4801 515 4859 Saba
544 4804 736 4860 civitas
765 4802 961 4876 regalis
986 4796 1282 4876 Ethiopiae
1306 4845 1322 4872 ,
1352 4817 1516 4875 quam
1556 4800 1825 4873 Iosephus
1856 4814 1889 4857 a

297 4891 551 4963 Campise
574 4902 715 4965 "rege
750 4892 986 4950 Meroem
1020 4894 1452 4965 cognominatam
1482 4906 1547 4947 ex
1570 4892 1773 4948 sororis
1796 4898 1891 4947 Vo-

296 4983 493 5039 cabulo
520 4982 706 5039 refert.
738 4982 885 5040 Saba
916 4992 1132 5057 quoque
1157 4984 1568 5056 interpretatur,
1601 4983 1820 5054 captiva.

371 5074 641 5149 Sareptha
690 5077 948 5150 oppidum
998 5075 1345 5133 Sidoniorum
1383 5076 1438 5133 in
1460 5075 1548 5131 via
1572 5074 1787 5145 publica
1817 5074 1893 5130 si—

301 5177 436 5235 tum,
462 5170 555 5226 ubi
600 5168 870 5227 habitavit
911 5169 1183 5242 quondam
1223 5166 1391 5223 Elias.
1422 5166 1690 5238 Sareptha
1719 5165 1892 5223 inter-

297 5268 549 5335 pretatur
576 5260 902 5328 incendium,
934 5259 1050 5317 sive
1078 5258 1349 5314 tribulatio
1371 5256 1547 5328 panis.

368 5351 619 5420 Tharsis,
644 5351 791 5407 unde
814 5362 1007 5407 aurum
1034 5349 1317 5408 Salomon]
1344 5347 1711 5405 deferebatur.
1742 5342 1894 5404 lianc

299 5452 449 5514 putat
476 5441 745 5514 Iosepbt‘m
769 5442 1037 5499 Tharsum
1064 5444 1253 5500 urbem
1277 5450 1397 5498 esse
1420 5438 1644 5497 Ciliciae.
1668 5438 1893 5495 That-sis

300 5535 444 5590 enim
469 5536 881 5607 interpretatur,
905 5534 1195 5607 exploratio
1224 5532 1428 5604 gaudii.

371 5622 581 5682 Thersa
611 5666 628 5693 ,
658 5626 749 5681 ubi
785 5624 893 5682 Asa
917 5624 1083 5681 Israel
1112 5636 1206 5680 rex
1243 5622 1364 5679 fuit.
1396 5623 1605 5679 Thersa
1636 5634 1768 5679 vero
1810 5622 1891 5677 in-

304 5724 634 5786 terpretatur
660 5714 1064 5788 contemplatio.

373 5804 773 5867 Acheldemach
806 5822 935 5880 ager
964 5817 1048 5865 est
1073 5807 1370 5880 sanguinis,
1397 5808 1488 5878 qui
1532 5807 1695 5865 hodie
1742 5823 1946 5891 meno“

2067 4607 2311 4665 Salamis
2324 4605 2519 4662 civitas
2558 4603 2618 4659 in
2644 4602 2822 4675 Cypro
2852 4600 3052 4657 insula.
3098 4597 3228 4657 Haec
3251 4599 3399 4656 enim
3422 4599 3587 4655 inter.

1994 4708 2259 4773 pretatur,
2285 4698 2498 4753 missus.

2068 4790 2243 4867 Tyrus
2300 4791 2619 4863 metropolis
2654 4784 2932 4846 Phaanicis
2959 4788 3015 4843 in
3041 4787 3187 4843 tribu
3211 4784 3582 4858 Nephthalim.

1996 4880 2174 4961 Tyrus
2215 4898 2427 4959 quoque
2479 4887 2869 4956 interpretatur
2899 4924 2915 4951 ,
2960 4882 3209 4954 angustia
3238 4917 3256 4945 ,
3303 4888 3368 4935 ut
3420 4890 3587 4948 supra

1995 4980 2251 5038 diximus.

2030 5134 2035 5139 ,
2065 5069 2237 5125 Troas
2269 5066 2466 5126 civitas
2506 5065 2651 5124 Asiae
2695 5064 2996 5121 maritima.
3044 5058 3218 5118 Troas
3253 5073 3385 5117 vero
3415 5056 3599 5113 inter;

1993 5169 2258 5233 pretatur,
2282 5160 2504 5230 requies.

2067 5246 2453 5308 Thessalonica
2495 5244 2687 5304 civitas
2740 5244 3087 5303 Macedoniae.
3137 5241 3277 5299 Nam
3305 5240 3587 5298 Thessalo-

1998 5346 2119 5402 nica
2151 5345 2563 5416 interpretatur,
2602 5340 2858 5412 festinam
2900 5338 3140 5393 nmbram
3178 5336 3430 5391 roborare
3466 5332 3587 5389 sive

1998 5436 2250 5507 formare.
2885 5474 2897 5487 .

2066 5523 2269 5582 Civitas
2293 5523 2376 5580 vel
2402 5521 2535 5580 urbs
2561 5518 2777 5587 quando
2807 5516 2867 5575 in
2896 5519 3095 5574 bonam
3124 5525 3332 5589 partem
3374 5512 3588 5583 accipi-

1998 5630 2108 5686 tur,
2144 5626 2238 5675 aut
2276 5624 2521 5675 sanctam
2566 5612 2868 5671 Ecclesiam
2906 5611 3215 5684 signiﬁcat,
3246 5616 3340 5666 aut
3368 5606 3582 5665 ﬁdelem

1997 5714 2251 5768 animam.
2281 5709 2433 5767 Unde
2460 5710 2513 5764 in
2539 5706 2747 5779 psalmo
2775 5704 3040 5777 scriptum
3062 5711 3148 5760 est
3178 5721 3192 5757 :
3217 5701 3442 5774 Magnus
3476 5701 3585 5755 Do-

1999 5807 2171 5861 minus
2219 5812 2267 5858 ct
2304 5800 2587 5859 laudabilis
2622 5798 2779 5855 nimis
2817 5797 2875 5855 in
2920 5797 3127 5854 eiritatc
3173 5795 3271 5854 Det
3306 5791 3497 5857 nostri,
3528 5787 3583 5842 in
