3974 6188
897 188 921 227 β

305 304 403 361 58$

304 417 688 473 existimantur
734 437 746 472 :

310 506 608 561 mulaerum
659 523 762 577 per
809 508 1024 580 longum
1100 509 1241 563 aeris
1301 513 1535 580 spatium
1615 511 1886 566 evanescit

308 607 469 668 atque
511 602 859 656 consumitur
883 642 898 668 ,
946 610 1001 656 et
1033 603 1318 658 rotundum
1345 603 1574 658 videtur.
1615 602 1672 658 In
1724 603 1886 659 turris

302 692 702 763 signiﬁcatione
730 693 846 763 ipse
873 692 1122 748 Salvator
1150 694 1487 765 intelligitur,
1517 703 1574 748 ut
1606 704 1691 750 est
1717 695 1879 750 illud:

308 783 487 838 Turris
519 785 810 853 fortissima
841 803 1027 842 nomen
1054 787 1267 841 Domini
1301 785 1485 859 (Prov.
1541 787 1716 858 xvm).
1751 787 1882 843 Item

305 873 469 927 turris
520 873 804 945 Scriptura
836 875 1016 931 divina
1046 916 1061 942 ,
1095 885 1156 931 ut
1193 877 1247 932 in
1283 878 1618 932 canticorum
1647 877 1886 934 Cauticis

300 962 498 1018 dicitur
527 978 544 1017 :
570 962 778 1018 Collum
819 974 968 1019 tuum
996 967 1130 1019 sicut
1167 967 1328 1020 turris
1373 966 1542 1021 David
1579 963 1754 1036 (Cant.
1785 965 1881 1039 tv).

301 1051 392 1106 Vel
426 1052 809 1108 excellentiam
845 1053 1105 1108 virtutum
1157 1054 1463 1125 signiﬁcat,
1516 1055 1601 1110 vel
1648 1057 1886 1111 eminen-

297 1140 427 1196 tiam
473 1143 795 1209 doctorum,
846 1145 938 1214 qui
983 1145 1216 1216 primum
1249 1145 1425 1200 locum
1453 1156 1638 1202 tenent
1682 1148 1734 1202 in
1783 1147 1884 1203 Ec-

293 1231 481 1287 clesia.
516 1233 673 1288 Unde
705 1235 757 1288 in
795 1234 1020 1292 Cantica
1061 1238 1400 1293 canticorum
1431 1239 1626 1293 dicitur
1657 1257 1670 1293 :
1701 1237 1882 1294 Nasus

293 1334 414 1377 tuus
465 1326 602 1378 sicut
641 1327 804 1380 turris
862 1325 1051 1381 Libani
1095 1327 1270 1399 (Cant.
1304 1328 1421 1401 vn).
1474 1329 1531 1384 In
1568 1345 1700 1386 naso
1749 1347 1880 1385 vero

292 1417 440 1470 verbi
471 1417 569 1471 Dei
598 1417 1002 1488 dispensatores
1029 1434 1188 1474 causa
1227 1419 1572 1476 discretionis
1599 1421 1881 1493 designan-

292 1515 400 1571 tur,
433 1507 681 1577 turrique
731 1508 1120 1575 assim'ilantur,
1161 1511 1252 1580 qui
1285 1511 1771 1569 eminentissimum
1804 1513 1879 1568 Io-

289 1613 412 1652 eum
445 1605 631 1654 tenent
665 1599 718 1653 in
747 1600 1011 1656 Ecclesia.
1065 1601 1342 1658 Invenitur
1387 1603 1676 1674 aliquando
1710 1606 1876 1661 turris

289 1688 340 1741 in
379 1690 719 1744 contrariam
749 1700 958 1762 partem
998 1693 1217 1763 posita:
1253 1694 1356 1748 hoc
1390 1702 1493 1759 est,
1531 1694 1870 1750 altitudinem

1273 311 1359 364 DE
1400 308 1746 366 UNIVERSO
1785 309 1962 364 LIBRI
2005 309 2165 366 XXII.
2205 341 2278 354 -—-
2315 311 2441 368 LIB.
2485 314 2616 369 XIV.

803 420 940 485 idco,
974 421 1097 489 quia
1126 435 1285 474 omne
1314 421 1575 492 cujusque
1611 422 1788 493 anguli
1813 423 1885 477 si-
1911 428 1960 486 Α
1989 440 2116 479 vero
2159 427 2348 482 mortis
2378 436 2460 482 est
2489 427 2732 484 diabolus
2770 428 2854 484 vel
2892 431 3073 486 omnis
3118 431 3364 489 illecebra
3408 452 3572 493 smon-

3466 323 3574 388 583

1986 513 2138 569 laris.
2163 515 2426 582 Quoniam
2458 533 2555 588 per
2585 519 2723 574 hanc
2758 520 3117 578 adaeternum
3143 524 3365 578 exitium
3391 526 3569 582 infeli-

1987 605 2123 660 citer
2145 606 2416 662 introitur.
2463 608 2747 664 Liberatus
2771 625 2900 678 ergo
2921 626 2986 666 ex
3015 613 3119 667 illis
3139 616 3309 682 portis
3335 619 3567 674 mortali-

1985 695 2107 761 bus,
2136 695 2188 750 in
2221 697 2339 751 istis
2386 698 2559 767 portis
2588 698 2861 763 Ecclesim,
2892 716 3010 770 quae
3055 703 3438 760 beatitudinem
3469 709 3562 762 tri-

1984 782 2156 839 buunt
2186 786 2590 855 sempiternam,
2635 790 3105 858 pronuntiaturum
3137 808 3196 848 se
3242 793 3426 850 laudes
3458 796 3567 851 De-

1985 873 2116 928 miui
2148 874 2449 944 pollicetur,
2479 892 2578 948 per
2597 893 2733 948 quas
2779 895 2974 936 nomen
3006 881 3120 951 ejus
3167 884 3424 940 eximium
3457 895 3570 944 toto

1983 963 2114 1020 orbe
2140 964 2468 1021 celebratur.
3041 985 3047 992 '

2586 1055 2812 1112 CAPUT
2847 1057 2931 1114 III.

2657 1146 2731 1201 De
2777 1149 2892 1203 viis.

2055 1237 2185 1300 Visa,
2214 1241 2330 1308 ipsa
2369 1238 2542 1310 spatia
2587 1249 2837 1312 angusta,
2879 1257 2998 1312 quae
3031 1243 3173 1299 inter
3221 1246 3370 1301 vicos
3419 1259 3562 1305 sunt.

1979 1328 2076 1384 Via
2103 1332 2152 1383 in
2178 1331 2375 1386 bonam
2403 1331 2484 1385 vel
2533 1331 2728 1385 malam
2749 1341 2956 1401 partem
2987 1335 3161 1403 posita
3189 1338 3478 1405 reperitur.
3506 1340 3565 1394 In

1977 1422 2193 1487 bonam,
2221 1423 2310 1476 ubi
2342 1421 2599 1478 Dominus
2647 1423 2766 1477 ait:
2804 1423 2917 1494 Ego
2959 1443 3074 1480 sum
3121 1429 3237 1494 via,
3282 1431 3469 1487 veritas
3515 1444 3563 1488 ct

1976 1512 2078 1568 vita
2101 1511 2282 1584 (Joan.
2312 1513 2445 1583 xiv).
2471 1513 2537 1567 Et
2572 1513 2857 1570 Psalmista
2886 1535 2897 1569 :
2951 1515 3121 1583 Viam,
3155 1519 3351 1591 inquit,
3374 1524 3560 1577 verita-

1975 1604 2041 1657 tis
2075 1603 2202 1670 elegi
2233 1601 2404 1673 (Psal.
2440 1604 2646 1676 cxvm),
2674 1607 2775 1662 hoc
2804 1616 2908 1670 est,
2956 1608 3257 1664 doctrinam
3288 1613 3554 1666 veritatis.

1974 1693 2017 1747 E
2045 1696 2321 1749 contrario
2350 1704 2432 1749 est
2469 1695 2571 1751 alia
2599 1699 2684 1751 via
2704 1738 2718 1763 ,
2764 1697 2830 1752 de
2861 1714 2965 1769 qua
3002 1699 3140 1754 idem
3178 1703 3439 1772 propheta
3472 1704 3564 1758 (Io-

285 1781 552 1850 superbia:
582 1782 872 1853 signiﬁcat.
912 1784 1050 1840 Hinc
1086 1792 1171 1840 est
1217 1783 1370 1850 illud,
1408 1785 1551 1854 quod
1580 1785 1672 1839 lilii
1700 1785 1871 1840 Adam
1903 1786 1948 1844 B
1974 1800 2202 1854 precans
2217 1787 2503 1841 Dominum
2531 1787 2642 1841 ait:
2684 1785 2835 1841 Viam
2873 1789 3165 1858 iniquitatis
3191 1807 3370 1846 amove
3395 1809 3428 1845 a
3456 1809 3559 1856 me,

285 1872 337 1925 in
371 1872 571 1926 Genesi
618 1873 872 1946 leguntur
921 1875 1114 1930 turrim
1160 1876 1430 1932 excelsam
1463 1875 1751 1940 aedificare,
1778 1876 1868 1931 ubi

282 1963 505 2018 confusa
556 1973 642 2018 est
690 1967 873 2035 lingua
927 1981 1115 2021 eorum
1157 1964 1313 2039 (Gen.
1357 1966 1454 2038 xi).
1506 1965 1639 2020 Item
1701 1965 1867 2021 turris

282 2054 549 2116 Ecclesia,
573 2057 711 2111 utin
736 2055 942 2112 Michca
970 2075 983 2112 :
1015 2056 1085 2112 Et
1115 2067 1193 2123 tu,
1218 2059 1380 2112 turris
1409 2059 1596 2128 gregis,
1621 2056 1866 2112 nebulosa

273 2147 390 2215 ﬁlia
452 2146 584 2202 Sion
638 2149 824 2222 (Micb.
865 2149 940 2223 iv)
967 2191 981 2214 ,
1019 2150 1072 2204 id
1109 2159 1224 2216 est,
1265 2150 1462 2205 divinis
1497 2149 1865 2206 Sacramcntis

277 2240 624 2295 obumbrata.
666 2241 896 2308 Quidam
947 2251 1126 2298 autem
1182 2245 1320 2299 hanc
1370 2245 1562 2298 turrim
1593 2241 1862 2314 Virginem

277 2331 503 2388 Mariam
552 2333 878 2406 intelligunt.
923 2335 1055 2390 Item
1099 2344 1279 2390 turres
1315 2336 1475 2390 corda
1511 2335 1863 2406 reproborum

276 2422 614 2494 duplicitatis
650 2425 871 2480 malitia
919 2435 1283 2492 constructa},
1336 2434 1394 2479 ut
1444 2426 1496 2480 in
1541 2424 1859 2496 Sophonia:

276 2513 445 2586 Super
471 2535 677 2571 onmem
703 2535 915 2572 murum
947 2520 1231 2585 munitum,
1262 2529 1309 2572 et
1341 2533 1496 2588 super
1519 2533 1720 2572 omnem
1750 2527 1863 2570 tur-

276 2607 374 2659 rim
405 2607 668 2663 excelsam
696 2607 884 2670 (Sapit.
917 2609 977 2681 ι).

897 2722 1124 2781 CAPUT
1160 2723 1224 2778 II.

913 2792 993 2847 De
1019 2796 1202 2865 portis.

338 2880 504 2938 Porta
536 2883 754 2948 dicitur,
785 2899 888 2954 qua
915 2893 1090 2956 potest
1117 2885 1200 2940 vel
1247 2883 1530 2954 importari
1557 2882 1640 2938 vel
1667 2897 1862 2954 expor-

272 2973 375 3027 tari
403 2974 626 3044 aliquid.
657 2973 882 3044 Proprie
925 2984 1104 3031 autem
1144 2984 1300 3046 porta
1330 2984 1423 3030 aut
1445 2976 1593 3031 urbis
1635 2983 1728 3030 aut
1767 2989 1860 3030 ca-

268 3075 508 3117 strorum
556 3074 804 3128 vocatur,
830 3063 969 3119 sicut
1021 3065 1268 3134 superius
1319 3066 1518 3121 dictum
1561 3071 1661 3118 est.
1693 3061 1857 3118 Porta

265 3153 560 3222 aliquando
585 3155 636 3207 in
669 3153 862 3208 bonam
886 3162 1095 3223 partem
1119 3155 1404 3224 accipitur,
1420 3154 1706 3223 aliquando
1727 3168 1856 3208 vero

264 3240 318 3296 iu
345 3240 565 3294 malam.
605 3240 663 3293 In
695 3242 891 3295 bonam
921 3257 1050 3312 ergo
1079 3250 1288 3310 partem
1319 3242 1601 3311 accipitur,
1637 3240 1856 3310 quando

261 3331 442 3400 ipsum
499 3331 786 3384 Dominum
835 3331 1138 3402 significat,
1188 3346 1287 3401 per
1310 3346 1468 3400 quem
1521 3332 1680 3385 nobis
1733 3331 1858 3384 vita:

262 3432 483 3475 aeternae
514 3421 694 3475 aditus
724 3429 890 3490 patet.
919 3421 1070 3477 Unde
1100 3421 1212 3494 ipse
1231 3422 1467 3492 ait:Ego
1495 3439 1611 3475 sum
1627 3422 1854 3474 ostium:

260 3528 356 3578 per
386 3527 470 3564 me
498 3511 545 3564 si
577 3512 694 3581 quis
720 3511 1016 3574 introierit,
1051 3511 1340 3565 salvabitur
1369 3522 1417 3565 et
1451 3511 1772 3581 ingredietur
1807 3519 1857 3563 et

259 3604 560 3672 egredietur
589 3614 635 3656 et
671 3620 870 3673 pascua
919 3605 1138 3658 inveniet
1171 3603 1352 3675 (Joan.
1394 3606 1469 3677 x).
1524 3603 1655 3658 Item
1699 3611 1855 3673 porta

264 3693 426 3746 ﬁdem
464 3691 668 3747 Christi
727 3693 1015 3763 signiﬁcat.
1076 3693 1226 3749 Unde
1281 3693 1540 3763 scriptum
1580 3703 1708 3749 est:
1749 3691 1858 3749 Per

260 3793 470 3852 portam
521 3783 891 3853 ingrediuntur
938 3785 993 3839 in
1041 3785 1298 3838 civitatem
1345 3801 1364 3837 :
1393 3785 1517 3854 quia
1565 3801 1661 3854 per
1694 3785 1854 3840 ﬁdem

263 3884 473 3929 rectam
529 3875 911 3930 introeundum
958 3884 1042 3930 est
1097 3875 1150 3929 in
1199 3875 1496 3930 Ecclesium
1539 3875 1652 3930 Dei.
1693 3875 1854 3930 Porta

262 3966 470 4021 Christi
499 3967 582 4022 vel
613 3969 744 4023 Iides
773 3976 832 4021 ut
871 3968 924 4022 in
961 3967 1176 4022 Psalmo
1207 3985 1218 4020 :
1255 3967 1390 4021 Ecce
1419 3977 1568 4037 porta
1596 3967 1806 4021 Domini
1834 3981 1853 4020 :

251 4057 395 4122 justi
439 4060 708 4114 intrabunt
739 4078 831 4130 per
852 4077 966 4115 eam
1002 4058 1175 4132 (Psal.
1223 4058 1414 4130 cxvn).
1464 4057 1625 4114 Porta
1668 4068 1856 4116 uterus

251 4149 494 4221 Virginis
525 4151 727 4215 Mariae,
747 4153 860 4208 sive
889 4169 1062 4209 canon
1095 4152 1305 4208 Veteris
1330 4151 1683 4219 Testamenti,
1711 4161 1771 4207 ut
1799 4153 1854 4209 iu

261 4243 600 4298 Ezechiele:
646 4243 768 4297 Vidi
812 4254 1018 4313 portam
1069 4245 1125 4297 in
1170 4243 1325 4298 domo
1375 4243 1586 4298 Domini
1620 4244 1854 4298 clausam

262 4334 484 4404 (Ezech.
518 4334 688 4403 xuv).
719 4334 918 4401 Portae,
947 4334 1240 4406 Scriptura:
1264 4345 1486 4402 sanctae,
1517 4337 1743 4406 apostoli
1769 4336 1855 4392 vel

260 4440 430 4494 Opera
475 4427 615 4481 bona
635 4467 650 4490 ,
679 4436 738 4480 ut
773 4427 826 4481 in
856 4427 1066 4496 psalmo
1111 4446 1124 4481 :
1171 4427 1484 4492 Elevamini,
1505 4438 1669 4498 porta:
1696 4437 1852 4483 ceter-

264 4518 430 4579 nales,
464 4527 512 4570 et
535 4517 767 4571 introibit
792 4534 883 4571 rex
912 4518 1098 4588 gloria:
1126 4515 1295 4589 (Psal.
1327 4523 1508 4591 xxnt).
1533 4519 1707 4575 Porta:
1731 4537 1854 4577 cor-

261 4609 330 4662 da
369 4610 670 4675 hominum,
697 4611 812 4666 sive
860 4611 1038 4667 aditus
1085 4612 1281 4666 mentis
1327 4628 1358 4666 a
1403 4612 1617 4668 diabolo
1653 4613 1849 4668 dudum

259 4705 502 4758 obsessa:
529 4743 544 4766 ,
600 4713 786 4772 postea
818 4701 1036 4758 Christo
1068 4717 1328 4774 possessas
1353 4743 1368 4770 ,
1417 4713 1474 4758 ut
1527 4704 1580 4758 in
1607 4703 1802 4760 Genesi
1834 4721 1848 4758 :

262 4791 562 4846 Possidebit
593 4809 766 4847 semen
796 4802 967 4858 tuum,
1015 4793 1069 4848 id
1097 4802 1200 4858 est,
1228 4794 1499 4859 Christus,
1523 4803 1700 4864 portas
1744 4793 1848 4848 ini-

259 4886 520 4939 micorum
555 4901 772 4939 suorum
824 4883 978 4954 (Gen.
1028 4883 1203 4957 xxiv).
1235 4883 1366 4940 Item
1409 4893 1577 4954 porta:
1605 4885 1852 4940 doctores

261 4977 442 5032 sancti
472 4977 868 5047 intelliguntur,
895 4976 986 5048 qui
1040 4975 1196 5032 nobis
1221 4977 1467 5047 aperiunt
1517 4977 1854 5048 dogmatibus

255 5071 379 5123 suis
414 5069 696 5124 introitum
722 5069 872 5139 regni
899 5069 1153 5125 caelestis.
1173 5069 1214 5123 E
1236 5069 1510 5124 contrario
1529 5084 1658 5123 vero
1685 5077 1854 5139 portas

259 5160 484 5214 nomine
509 5158 750 5214 haeretici
783 5168 837 5212 et
876 5156 995 5214 falsi
1035 5159 1283 5214 doctores
1320 5160 1713 5228 exprimuntur,
1757 5174 1854 5229 per

258 5266 401 5320 quas
432 5250 632 5320 perditi
660 5250 714 5304 in
735 5250 1051 5306 Gebennam
1081 5250 1304 5304 intrant.
1334 5248 1410 5305 De
1446 5249 1643 5319 quibus
1672 5249 1853 5304 Domi-

259 5355 368 5393 nus
387 5340 454 5394 ad
479 5339 702 5395 Petrum
734 5341 806 5395 ait
834 5359 846 5394 :
890 5339 969 5395 Tu
1003 5358 1056 5396 es
1093 5338 1308 5407 Petrus,
1335 5349 1383 5394 et
1422 5356 1580 5410 super
1599 5341 1733 5394 hanc
1757 5338 1852 5394 Pe-

255 5441 399 5482 tram
422 5430 698 5500 (edi/icabo
727 5430 1020 5486 Ecclesium
1051 5449 1242 5488 meam.
1276 5432 1344 5486 Et
1371 5442 1536 5503 porta:
1562 5432 1718 5502 inferi
1749 5450 1851 5488 non

255 5520 618 5588 pravalebunt
649 5521 899 5576 adversus
938 5539 1053 5576 eam
1090 5522 1305 5593 (Matth.
1335 5523 1469 5594 xw).
1518 5524 1586 5578 Et
1625 5523 1852 5579 Psalmi-

255 5617 346 5662 sta
373 5627 386 5662 :
422 5609 648 5664 Ewltas
678 5628 760 5665 me
784 5613 848 5667 de
885 5613 1047 5683 portis
1070 5615 1274 5679 mortis,
1310 5625 1365 5668 ut
1395 5616 1701 5669 annnntiem
1741 5633 1852 5670 om-

255 5717 354 5757 nes
382 5703 566 5759 Iasides
602 5714 722 5760 tuas
749 5705 798 5759 in
820 5708 981 5778 portis
1015 5707 1142 5775 ﬁlim
1178 5707 1304 5762 Sion
1333 5706 1503 5779 (Psal.
1545 5709 1641 5780 Ix).
1688 5709 1848 5767 Porta

1968 1887 2017 1932 et
2049 1878 2100 1932 in
2133 1878 2241 1948 lege
2288 1888 2379 1932 tua
2408 1880 2653 1933 miserere
2679 1879 2778 1933 mei
2827 1878 2991 1950 (Ibid.
3019 1879 3060 1952 ).
3087 1881 3152 1936 Et
3189 1882 3241 1936 in
3273 1881 3562 1937 Salomone

1968 1969 2034 2024 de
2064 1970 2349 2024 meretrice
2379 1971 2642 2040 scriptum
2697 1979 2819 2026 est:
2861 1969 2959 2024 Via
2979 2011 2994 2036 ,
3051 1973 3246 2043 inquit,
3279 1974 3438 2044 inferi
3467 1975 3562 2027 do—

1965 2077 2081 2115 mus
2138 2061 2252 2130 ejus
2283 2057 2464 2131 (Prov.
2504 2058 2624 2128 vn).
2685 2059 2820 2116 Item
2853 2061 3061 2115 viarum
3107 2063 3326 2116 nomine
3378 2065 3560 2133 expri-

1966 2156 2226 2214 muntur,
2276 2148 2343 2203 de
2394 2148 2588 2217 quibus
2624 2147 2884 2204 Dominus
2917 2165 3014 2219 per
3067 2153 3390 2220 prophetam
3437 2153 3553 2206 ait:

1968 2239 2391 2312 Unumquemque
2410 2241 2571 2311 juxta
2599 2241 2709 2295 vias
2745 2257 2870 2294 suas
2905 2241 3173 2308 iudicabo,
3214 2241 3340 2297 dicit
3373 2242 3558 2295 Domi-

1964 2347 2062 2385 nus
2084 2331 2227 2386 Deus
2252 2331 2466 2402 (Ezcch.
2484 2331 2700 2402 xxxm).
2725 2331 2931 2387 Dicitur
2950 2342 3100 2388 arcta
3122 2342 3176 2388 et
3197 2342 3420 2405 angusta
3445 2333 3551 2397 via,

1964 2436 2082 2491 qua:
2107 2422 2255 2477 ducit
2293 2421 2359 2476 ad
2391 2423 2594 2477 vitam:
2634 2422 2742 2477 lata
2777 2431 2832 2477 et
2869 2423 3126 2492 spatiosa,
3162 2438 3281 2492 qua:
3310 2422 3460 2478 ducit
3482 2424 3548 2478 ad

1963 2521 2193 2568 mortem
2223 2512 2440 2584 (Matth.
2469 2513 2587 2585 vn).
2618 2513 2717 2568 Via
2745 2513 2855 2568 vita
2904 2528 3164 2584 praesens,
3194 2523 3250 2568 ut
3296 2515 3350 2568 in
3378 2515 3557 2568 Evan-

1963 2604 2104 2674 gelio
2135 2622 2148 2657 :
2186 2603 2314 2657 Esto
2343 2604 2663 2659 consentiens
2711 2604 3015 2658 adversario
3046 2615 3137 2658 tuo
3165 2604 3299 2671 cito,
3344 2604 3470 2657 dum
3496 2621 3551 2658 es

1961 2712 2080 2749 cum
2110 2712 2169 2750 eo
2204 2695 2258 2750 in
2286 2697 2370 2749 via
2400 2695 2615 2768 (Matth.
2643 2694 2721 2767 v).
2763 2694 2881 2760 Via,
2907 2695 3029 2750 libri
3060 2695 3193 2767 legis
3225 2704 3281 2752 et
3316 2698 3550 2766 prophe-

1962 2794 2163 2852 tarum,
2185 2794 2242 2841 ut
2268 2787 2322 2840 in
2349 2785 2583 2842 Jeremia
2610 2784 2807 2857 :Super
2835 2787 2942 2842 vias
2969 2796 3102 2841 state
3132 2796 3181 2840 et
3207 2788 3372 2842 videte
3399 2797 3447 2842 et
3470 2789 3549 2842 in»

1962 2887 2222 2948 terrogate
2249 2877 2314 2932 de
2348 2878 2546 2932 semitis
2590 2877 2843 2948 antiquis,
2868 2894 2984 2948 qua:
3023 2879 3090 2932 sit
3115 2877 3194 2932 via
3227 2877 3361 2931 bona
3412 2877 3550 2949 (Jer.

1960 2965 2059 3039 vi).
2089 2967 2326 3035 Semita,
2355 2974 2621 3038 praecepta
2649 2967 2848 3033 divina,
2885 2975 2945 3022 ut
2989 2967 3042 3022 in
3079 2965 3333 3038 psalmo:
3369 2965 3553 3021 Dedit:

1960 3075 2044 3116 me
2060 3059 2114 3114 in
2151 3061 2335 3115 semita
2355 3060 2725 3114 mandatorum
2755 3070 2964 3114 tuorum
2996 3057 3166 3133 (Psal.
3195 3059 3412 3131 cxvnt).

2575 3173 2802 3230 CAPUT
2840 3172 2930 3229 IV.

2595 3245 2672 3299 De
2697 3244 2900 3314 plateis.

2027 3337 2226 3393 Plateze
2272 3345 2546 3409 perpetua:
2574 3319 2638 3392 ac
2676 3337 2896 3393 latiores
2937 3337 3216 3392 civitatum
3270 3336 3371 3390 viae
3403 3343 3550 3400 sunt,

1952 3427 2104 3497 juxta
2157 3429 2541 3498 proprietatem
2569 3429 2764 3499 lingua:
2791 3427 2994 3484 Grates:
3025 3445 3051 3481 a
3085 3427 3367 3482 latitudine
3403 3442 3543 3480 nun-

1958 3518 2408 3588 cupatm.Plateae
2447 3534 2576 3574 vero
2617 3519 2868 3574 similiter
2915 3519 3203 3589 aliquando
3253 3518 3304 3572 in
3354 3519 3548 3572 bonam

1955 3619 2186 3676 partem,
2218 3609 2508 3680 aliquando
2537 3609 2589 3663 iu
2613 3609 2810 3663 malam
2852 3609 3042 3679 posita:
3068 3608 3433 3678 reperiuntur.
3479 3607 3536 3662 In

1956 3701 2175 3766 bonam,
2198 3701 2415 3772 quando
2452 3699 2861 3770 amplitudinem
2905 3698 3244 3755 credentium
3293 3699 3345 3752 in
3376 3698 3550 3769 genti-

1957 3793 2057 3847 bus
2079 3792 2406 3863 signiﬁcant.
2443 3792 2596 3848 Unde
2653 3792 2915 3862 scriptum
2948 3799 3070 3846 est:
3104 3789 3375 3861 Sapientia
3416 3788 3550 3858 [oris
3593 3799 3600 3806 ‘

1954 3881 2228 3951 prirdicat,
2261 3892 2308 3936 et
2327 3883 2381 3936 in
2411 3881 2600 3952 plateis
2629 3881 2720 3934 dat
2742 3897 2915 3934 vocem
2934 3896 3086 3933 suam
3115 3878 3301 3950 (Prov.
3338 3877 3398 3945 1).
3428 3877 3547 3931 Ali-

1955 3972 2170 4040 quando
2214 3971 2481 4043 signiﬁcat
2533 3978 2790 4026 aeternam
2833 3968 3218 4024 beatitudinem
3267 3967 3546 4022 dilatatam

1955 4071 2282 4126 sanctorum,
2305 4071 2361 4116 ut
2386 4063 2438 4116 in
2464 4061 2782 4132 Apocalypsi
2811 4079 2823 4113 :
2852 4059 3052 4113 Platetr
3081 4069 3208 4123 tute,
3225 4055 3542 4119 Jerusalem,

1952 4165 2252 4211 sternentur
2278 4171 2410 4208 auro
2438 4155 2655 4220 mundo,
2685 4163 2734 4208 et
2759 4169 2850 4222 per
2874 4169 3051 4206 omnes
3086 4151 3224 4205 vicos
3257 4161 3375 4204 tuos
3414 4149 3545 4204 alle-

1954 4244 2064 4299 luia
2101 4243 2386 4298 cantabunt
2418 4244 2601 4316 (Apoc.
2631 4241 2769 4313 ιιι).
2826 4241 2884 4294 In
2935 4238 3133 4294 malam
3170 4253 3299 4293 vero
3327 4248 3542 4308 partem

1952 4334 2131 4404 platea
2170 4333 2408 4403 ponitur,
2441 4331 2657 4404 quando
2694 4329 3101 4402 amplitudinem
3133 4327 3400 4399 signiﬁcat
3445 4343 3545 4382 sa:-

1957 4423 2220 4478 cularium
2247 4421 2621 4493 voluptatum:
2658 4419 2784 4492 quia
2825 4419 2908 4491 (ut
2936 4433 3098 4489 supra
3145 4416 3401 4488 diximus)
3433 4415 3542 4472 lata

1955 4525 2003 4569 et
2030 4517 2264 4586 spatiosa
2287 4516 2374 4571 via
2411 4523 2509 4582 est,
2525 4530 2642 4586 qua:
2668 4514 2811 4568 ducit
2841 4513 2910 4566 ad
2933 4521 3150 4567 mortem
3179 4509 3396 4584 (Matth.
3417 4509 3542 4582 vn).

2583 4619 2810 4680 CAPUT
2849 4620 2915 4676 V.

2584 4693 2664 4748 De
2701 4693 2915 4748 cloacis.

2022 4791 2231 4847 Cloacte
2251 4791 2428 4856 dieue,
2459 4789 2602 4860 quod
2629 4789 2715 4844 his
2734 4787 3080 4858 percolantur
3101 4803 3274 4857 aqum.
3305 4785 3415 4842 llas
3439 4787 3546 4857 prio

1953 4898 2098 4937 mum
2123 4881 2312 4938 Romae
2352 4881 2545 4937 fecisse
2582 4881 2768 4936 dicunt
2798 4879 3151 4950 Tarquinium
3188 4877 3453 4940 Priscum,
3485 4886 3544 4930 ut

1953 4973 2165 5041 quoties
2186 4972 2488 5044 pluviarum
2519 4970 2799 5025 inundatio
2819 4971 3105 5033 existeret,
3137 4984 3235 5037 per
3263 4983 3356 5022 eas
3385 4976 3539 5022 extra

1954 5063 2229 5120 civitatem
2280 5065 2676 5129 emitterentur,
2731 5080 2800 5118 ne
2852 5062 3104 5117 maximis
3157 5063 3543 5129 pcrpetuisque

1953 5156 2366 5226 tempestatibus
2433 5155 2710 5224 planitiem
2772 5153 3265 5208 vel-fundamenta
3328 5151 3539 5206 urbium

1949 5256 2162 5322 strages
2187 5263 2450 5317 aquarum
2474 5249 2828 5304 subverteret.

2580 5359 2805 5414 CAPUT
2844 5359 2927 5414 Vl.

2643 5429 2723 5484 De
2759 5428 2896 5498 foro.

2024 5522 2198 5579 Forus
2217 5530 2299 5578 est
2327 5521 2751 5576 exercendarum
2780 5521 2956 5575 litium
2984 5519 3156 5586 locus,
3189 5536 3218 5575 a
3251 5519 3417 5576 fando
3452 5521 3538 5576 di-

1954 5625 2096 5674 ctus.
2144 5615 2270 5671 [late
2334 5614 2449 5670 loca
2501 5622 2557 5668 et
2611 5621 2888 5682 prorostra
2951 5621 3255 5668 vocantur:
3287 5614 3535 5684 ideoque,

1953 5709 2094 5778 quod
2127 5723 2191 5763 ex
2241 5705 2380 5761 bello
2427 5705 2636 5761 Punico
2681 5705 2854 5776 captis
2890 5705 3116 5762 navibus
3146 5703 3537 5778 Carthaginian-
