3974 6188
377 304 470 359 591

997 296 1060 350 Β.
1101 295 1350 350 ΒᾹΒΑΝΙ
1385 294 1609 350 MAUR]
1645 291 1963 349 AllClllEP.
2010 289 2320 346 MOGUNT.
2362 287 2648 344 OPE‘RUM
2689 288 2871 343 PARS
2909 288 2970 344 ll.

3547 291 3660 347 392

371 424 587 468 vantem
615 409 826 481 aspexit
854 417 911 462 et
941 405 1238 460 adamavit.
1281 404 1447 474 Cujus
1504 404 1821 475 mysterium
1870 417 1970 472 pa-
1999 409 2050 466 Α
2077 399 2401 465 cationibus,
2432 415 2568 468 quas
2595 399 2767 454 Graeci
2797 414 2921 452 aras
2950 399 3152 452 dicunt.
3200 398 3494 470 Pulpitum,
3519 399 3668 472 quod

371 515 449 560 tet
476 520 488 555 :
523 501 647 570 quia
676 499 924 556 Christus
953 497 1144 552 videns
1171 495 1468 550 Ecclesiam
1506 493 1572 548 de
1596 494 1869 565 gentibus,
1910 507 1969 546 se

374 609 403 647 α
431 592 673 662 peccatis
701 604 801 659 per
844 587 1176 658 poenitentia:
1203 586 1472 656 lacrymas
1522 593 1687 652 atque
1714 582 1969 651 baptismi

370 692 772 742 sacramentum
797 680 1200 751 puriticantem,
1230 679 1349 748 ejus
1369 678 1606 746 Speciem
1639 675 1971 744 concupivit,

372 787 429 832 et
454 776 555 831 sibi
585 788 839 843 sponsam
869 771 1143 825 associare
1173 768 1522 825 desideravit.
1564 764 1973 820 Xenodochium

379 885 506 923 vero
535 875 616 920 est
646 862 1012 920 habitaculum
1063 859 1263 915 factum
1293 861 1360 914 ad
1408 857 1781 928 suscipiendos
1829 870 1977 926 pere-

373 957 584 1029 grinos.
634 954 820 1024 itaque
850 968 972 1008 cum
1009 951 1441 1022 Hierosolymam
1481 949 1785 1004 Antiochus
1817 945 1976 1002 obsi-

379 1051 555 1113 deret,
584 1047 852 1101 llircanus
871 1045 1123 1114 princeps
1149 1042 1456 1098 Iudaeorum
1481 1081 1498 1108 ,
1539 1049 1782 1096 reserato
1808 1040 1980 1095 David

374 1141 652 1210 sepulcro,
687 1139 789 1193 tria
825 1137 990 1190 millia
1036 1136 1154 1189 auri
1196 1135 1396 1189 talenta
1429 1135 1555 1189 inde
1597 1134 1882 1198 abstraxit,
1913 1147 1981 1186 ex

376 1230 584 1299 quibus
615 1235 854 1282 trecenta
883 1225 1153 1280 Antiocho
1184 1225 1427 1287 dedit,ut
1452 1224 1788 1279 obsidionem
1821 1223 1983 1278 relin-

375 1329 596 1390 queret.
643 1321 819 1389 Atque
853 1327 910 1372 ut
949 1316 1075 1370 facti
1133 1316 1386 1370 invidiam
1417 1315 1678 1379 demeret,
1717 1314 1888 1369 fertur
1917 1328 1983 1367 ex

382 1412 593 1480 reliqua
625 1409 852 1480 pecunia
898 1407 1195 1462 instituisse
1248 1406 1455 1475 primus
1485 1405 1842 1466 xenodochia,
1871 1402 1985 1472 qui-

390 1500 492 1554 bus
519 1500 807 1553 adventum
864 1497 1162 1566 susciperet
1207 1511 1503 1565 pauperum
1565 1502 1619 1549 et
1663 1495 1983 1564 peregrino-

385 1607 513 1643 .rum
543 1608 554 1643 :
592 1589 732 1643 unde
764 1598 818 1642 et
841 1587 1159 1641 vocabulum
1187 1586 1435 1656 sumpSit.
1469 1583 1605 1639 Nam
1626 1600 1690 1640 ex
1719 1584 1909 1639 Graeco
1932 1585 1983 1637 in

389 1681 646 1734 Latinum
678 1679 1106 1743 xeuodoeheion,
1131 1679 1522 1748 peregrinorum
1544 1678 1823 1746 susceptio,
1849 1693 1985 1730 nun-

2074 493 2128 547 in
2150 507 2214 548 eo
2237 491 2406 547 lector
2427 491 2506 546 vel
2528 491 2801 561 psalmista
2827 491 2882 546 in
2901 491 3114 559 publico
3138 491 3347 560 positus
3368 493 3610 562 conspici
3631 510 3662 549 a

2073 583 2269 654 populo
2294 584 2497 653 possit,
2531 591 2638 652 quo
2662 583 2888 638 liberius
2923 583 3193 637 audiatur.
3224 582 3548 655 Ana-legium
3585 588 3668 642 di-

2073 685 2243 740 ctum,
2294 677 2440 744 quod
2500 689 2679 730 sermo
2744 675 2867 729 inde
2917 674 3259 744 prmrlieetur,
3324 691 3451 730 nam
3514 677 3666 749 logos

2075 767 2263 823 Gmce
2293 783 2474 823 sermo
2505 767 2724 832 dicitur,
2779 767 2920 836 quod
2947 767 3122 837 ipsum
3154 767 3318 822 altius
3365 769 3530 822 situm
3561 779 3665 824 est.

2079 858 2357 924 Tribunal,
2396 874 2462 913 eo
2482 859 2633 930 quod
2672 859 2796 913 inde
2824 873 2853 912 a
2884 856 3164 912 sacerdote
3197 858 3502 913 tribuantur
3529 875 3673 928 pra:—

2079 957 2231 1020 eepta
2260 949 2496 1004 vivendi.
2536 948 2634 1003 Est
2677 949 2821 1002 enim
2862 947 3018 1001 locus
3056 947 3108 1000 in
3149 948 3366 1002 sublimi
3395 950 3670 1004 constitu-

2083 1047 2187 1105 tus,
2219 1039 2362 1094 unde
2382 1039 2619 1094 universi
2644 1053 2767 1093 eum
2791 1038 2977 1093 audire
2992 1038 3220 1108 possint.
3251 1038 3400 1093 Alias
3431 1041 3671 1095 tribunal

2082 1146 2112 1184 a
2128 1131 2266 1186 tribu
2281 1130 2703 1196 denominatum,
2721 1129 2862 1199 quod
2883 1129 2951 1182 ad
2967 1127 3113 1182 illum
3131 1128 3305 1183 tribus
3315 1139 3670 1186 convocetur.

2082 1221 2342 1275 Tribunal
2379 1221 2666 1290 aliquando
2693 1221 2748 1274 in
2785 1218 3082 1290 Scripturis
3134 1221 3339 1276 sanctis
3370 1223 3670 1290 potentiam

2082 1311 2381 1381 majestatis
2411 1311 2625 1374 divinre,
2653 1311 2778 1379 quia
2813 1308 3153 1377 iudicaturus
3178 1319 3261 1366 est
3292 1312 3574 1376 unmdum,
3613 1322 3678 1368 ut

2082 1412 2168 1458 est
2198 1402 2326 1458 illud
2347 1403 2404 1457 in
2436 1403 2759 1474 Evangelio:
2790 1402 2928 1455 Dum
2957 1404 3148 1456 venerit
3169 1401 3219 1454 F
3222 1401 3346 1457 ilius
3358 1403 3588 1458 hominis
3616 1410 3678 1458 in

2084 1493 2204 1549 sede
2229 1493 2518 1564 majestatis
2550 1509 2681 1558 stur,
2713 1501 2838 1546 tunc
2863 1491 3322 1562 congregabantur
3345 1508 3524 1548 omnes
3545 1511 3676 1564 gen-

2086 1595 2160 1639 tes
2212 1571 2428 1657 (Matth.
2484 1584 2612 1644 xxvi
2641 1602 2654 1650 ;
2706 1593 2762 1638 et
2791 1584 2843 1637 in
2870 1583 3169 1654 Apostolo:
3205 1583 3420 1651 Omnes,
3471 1586 3673 1655 inquit,

2086 1675 2340 1730 stabimus
2361 1685 2482 1730 ante
2505 1674 2737 1729 tribunal
2763 1673 2982 1740 Christi,
3036 1683 3090 1728 ut
3121 1675 3338 1744 recipiat
3385 1679 3678 1748 unusquis-

395 1781 640 1841 eupatur.
673 1772 769 1826 Ubi
789 1780 968 1825 autem
992 1779 1315 1842 mgrotantes
1336 1771 1400 1825 de
1419 1770 1613 1838 plateis
1636 1769 1981 1838 colliguntur,
2017 1761 2062 1819 B
2088 1785 2187 1838 que
2214 1768 2427 1838 propria
2463 1767 2693 1828 corporis
2727 1767 2835 1832 sui,
2861 1775 3013 1836 prout
3037 1768 3217 1836 gessit,
3239 1769 3346 1821 sive
3367 1768 3584 1832 bonum,
3602 1773 3679 1824 si-

399 1863 779 1917 nosocomeion
817 1861 1014 1916 dicitur
1049 1860 1259 1926 Graece,
1307 1861 1361 1914 in
1393 1875 1499 1929 quo
1527 1869 1848 1928 consumpta
1871 1859 1984 1912 lan-

398 1953 655 2023 guoribus
683 1962 845 2023 atque
873 1953 1067 2008 inediis
1103 1953 1424 2007 miserorum
1454 1951 1696 2006 membra
1717 1950 1983 2007 foveatur.

992 2061 1222 2118 CAPUT
1262 2062 1402 2117 XXI.

1005 2132 1080 2186 De
1103 2133 1364 2202 (adiﬁciis.

474 2222 785 2280 Sacrarium
826 2224 1040 2294 proprie
1066 2233 1150 2279 est
1171 2224 1320 2279 locus
1378 2227 1582 2296 templi,
1617 2227 1670 2280 in
1696 2241 1806 2295 quo
1832 2241 1987 2280 saera

397 2325 779 2383 reponuntur:
813 2316 955 2368 sicut
993 2314 1276 2368 donarium
1327 2325 1434 2379 est,
1489 2331 1596 2385 quo
1655 2317 1992 2371 collocantur

397 2405 584 2460 oblata
610 2419 624 2457 :
655 2405 796 2458 sicut
821 2404 1154 2458 lectisternia
1185 2405 1461 2470 dicuntur,
1485 2407 1578 2460 ubi
1609 2407 1857 2460 homines
1898 2419 1987 2458 se-

408 2498 538 2552 dere
563 2503 980 2551 consueverunt.
1011 2495 1095 2549 Ab
1143 2495 1436 2551 inferendis
1462 2512 1591 2567 ergo
1615 2506 1670 2550 et
1692 2497 1988 2565 deportan-

410 2588 494 2643 dis
516 2588 687 2642 sacris
707 2586 1003 2642 sacrarium
1033 2595 1407 2655 nuncupatur;
1439 2587 1722 2640 donarium
1749 2601 1878 2640 vero
1925 2600 1992 2640 eo

399 2680 554 2748 .quod
577 2679 656 2732 ibi
691 2679 890 2733 donata
946 2687 1220 2746 ponantur
1271 2693 1392 2746 quae
1438 2677 1500 2731 in
1557 2677 1771 2746 templis
1798 2675 1993 2739 offerte

413 2779 827 2824 consueverunt.
855 2768 1164 2824 Oratorium
1191 2767 1420 2822 orationi
1457 2775 1670 2822 tantum
1696 2777 1780 2822 est
1803 2783 1993 2824 conse-

402 2868 642 2925 cratum,
679 2859 868 2928 inquo
901 2874 1062 2914 nemo
1111 2857 1315 2927 aliquid
1368 2872 1532 2928 agere
1561 2858 1745 2924 debet,
1780 2858 1885 2914 nisi
1920 2859 1990 2914 ad

413 2951 552 3020 quod
575 2960 660 3006 est
691 2950 892 3006 factum
921 2968 934 3004 :
965 2935 1108 3006 unde
1151 2961 1207 3005 et
1249 2966 1444 3006 nomen
1470 2951 1698 3022 accepit.
1738 2950 1993 3007 Penetra-

403 3039 482 3096 lia
540 3051 749 3096 secreta
794 3050 921 3096 sunt
973 3041 1356 3107 oraculorum;
1389 3043 1789 3112 et.penetralia
1848 3043 1991 3099 dicta

2087 1875 2145 1912 oe
2166 1856 2364 1911 malum
2393 1856 2477 1928 (Il
2501 1855 2624 1911 Cor.
2648 1857 2725 1929 ν).
2757 1856 2922 1912 Sacra
2953 1868 3076 1912 sunt
3132 1858 3248 1912 loca
3278 1859 3476 1914 divinis
3511 1861 3682 1916 culti-

2087 1951 2190 2004 bus
2215 1948 2535 2012 constituta,
2566 1956 2626 2002 ut
2658 1955 2784 2018 pote
2809 1963 2872 2003 ea
2893 1989 2906 2014 ,
2940 1949 2989 2002 in
3017 1948 3214 2018 quibus
3244 1949 3440 2005 altaria
3469 1952 3682 2007 litanti-

2091 2039 2190 2093 bus
2214 2040 2277 2094 de
2295 2054 2449 2093 more
2472 2054 2501 2091 a
2515 2037 2862 2107 pontificibus
2876 2049 3281 2093 consecrantur.
3300 2039 3498 2096 Sancta
3517 2043 3679 2113 juxta

2089 2138 2300 2185 veteres
2329 2129 2600 2184 exteriora
2637 2128 2819 2199 templi
2848 2139 3005 2194 sunt;
3045 2139 3231 2184 sancta
3254 2139 3436 2184 autem
3459 2143 3679 2187 sancto-

2091 2235 2209 2274 rum
2238 2220 2388 2274 locus
2415 2219 2592 2290 templi
2616 2220 2894 2283 secretior,
2914 2221 2982 2275 ad
3005 2235 3166 2290 quem
3189 2220 3318 2275 nulli
3339 2230 3459 2275 erat
3490 2239 3680 2278 acces-

2093 2326 2218 2376 sus,
2259 2313 2361 2366 nisi
2400 2320 2608 2366 tantum
2646 2310 3037 2366 sacerdotibus.
3078 2312 3230 2366 Dicta
3265 2323 3448 2368 autem
3485 2328 3678 2371 sancta

2093 2413 2425 2469 sanctorum,
2451 2404 2574 2473 quia
2596 2403 3092 2458 exteriort’oraculo
3120 2406 3393 2460 sanctiora
3420 2418 3572 2474 sunt,
3590 2411 3680 2464 vel

2086 2497 2219 2565 quia
2267 2505 2576 2550 sanctorum
2629 2494 3030 2563 comparatione
3072 2495 3344 2550 sanctiora
3385 2505 3543 2561 sunt,
3573 2501 3677 2555 sie-

2094 2596 2154 2642 ut
2182 2587 2401 2644 Cantica
2439 2589 2798 2650 canticorum,
2837 2587 2964 2656 quia
3007 2587 3216 2642 cantica
3257 2589 3509 2645 universa
3537 2606 3674 2662 pnn-

2090 2678 2318 2735 cellunt.
2358 2678 2616 2734 Sanctum
2645 2687 2823 2733 autem
2855 2694 2884 2732 a
2915 2679 3179 2750 sanguine
3208 2680 3510 2736 hostiarum
3539 2699 3675 2738 nun-

2095 2778 2366 2841 cupatum.
2402 2767 2542 2823 Nihil
2575 2768 2719 2823 enim
2747 2777 2994 2822 sanctum
3040 2769 3180 2839 apud
3215 2779 3427 2826 veteres
3452 2771 3673 2828 diceba-

2099 2872 2204 2928 tur,
2235 2861 2339 2916 nisi
2392 2861 2536 2931 quod
2587 2860 2777 2914 hostiae
2822 2860 3084 2927 sanguine
3121 2868 3266 2915 esset
3295 2871 3672 2926 consecratum

2097 2961 2189 3007 aut
2214 2967 2585 3022 conspersum.
2607 2949 2739 3004 Item
2766 2960 3013 3004 sanetum
3035 2951 3178 3019 quod
3201 2959 3376 3006 exstat
3394 2966 3516 3007 esse
3547 2969 3673 3007 san-

2095 3045 2283 3098 citum.
2316 3041 2540 3097 Sancire
2567 3049 2746 3096 autem
2781 3050 2865 3096 est
2894 3039 3238 3105 confirmare,
3269 3050 3323 3097 et
3347 3042 3676 3114 irrogatione

405 3141 539 3187 sunt
559 3133 627 3187 ab
656 3147 720 3187 eo
745 3133 888 3202 quod
914 3140 997 3186 est
1019 3132 1253 3202 penitus.
1287 3131 1669 3187 Monasterium
1695 3134 1856 3188 unius
1878 3149 1993 3189 mo-
2019 3115 2063 3177 (ἶ
2091 3143 2271 3206 pmnm
2298 3135 2366 3190 ab
2414 3132 2610 3202 injuria
2665 3132 2974 3187 defendere.
3015 3131 3105 3187 Sic
3134 3140 3189 3186 et
3216 3131 3363 3203 leges
3389 3144 3592 3189 sanetze
3624 3145 3680 3190 et

409 3224 568 3278 naehi
601 3224 866 3278 habitatio
893 3233 995 3278 est.
1030 3224 1266 3277 Sterium
1295 3209 1474 3286 statio,
1520 3225 1573 3278 id
1610 3232 1714 3290 est,
1764 3226 1992 3281 solitarii

411 3314 694 3368 habitatio.
727 3313 1046 3368 Cmnobium
1095 3329 1159 3368 ex
1217 3312 1406 3369 Grazco
1456 3325 1511 3368 et
1537 3314 1734 3371 Latino
1780 3317 1994 3372 videtur

405 3419 532 3458 esse
584 3404 941 3474 compositum
973 3421 986 3458 :
1019 3412 1104 3458 est
1133 3403 1278 3458 enim
1331 3405 1697 3459 habitaculum
1728 3404 1996 3475 plurimo-

414 3511 536 3548 rum
587 3494 642 3548 iu
687 3507 977 3548 comtutme
1011 3493 1326 3547 viventium.
1380 3492 1586 3548 Ceinon
1621 3493 1764 3551 enim
1807 3495 1993 3552 Gnece

413 3598 699 3640 commune
731 3583 950 3638 dicitur.
970 3581 1120 3636 .Fana
1150 3582 1293 3637 dicta
1317 3598 1347 3637 a
1375 3582 1610 3650 funibus,
1644 3585 1838 3654 quibus
1866 3594 2007 3648 tem-_

409 3678 498 3748 pla
527 3691 680 3730 error
709 3673 989 3746 gentilium
1023 3675 1405 3729 construebat:
1438 3676 1580 3730 unde
1604 3676 1854 3732 consules
1881 3677 1993 3732 da:-

417 3783 638 3823 monum
674 3782 930 3836 responsa
983 3766 1252 3820 audirent.
1295 3765 1533 3820 Delubra
1587 3777 1800 3823 veteres
1850 3768 1993 3824 diee-

409 3860 546 3913 bant
574 3857 770 3927 templa
799 3855 977 3913 fontes
1009 3855 1280 3921 habentia,
1311 3855 1508 3924 quibus
1538 3865 1664 3911 ante
1692 3856 1993 3928 ingressum

417 3949 779 4014 diluebantur,
817 3957 872 4002 et
891 3948 1229 4018 appellantur
1263 3947 1484 4003 delubra
1509 3963 1540 4001 a
1569 3947 1841 4003 diluendo.
1874 3949 1992 4018 Ipsa

415 4050 543 4094 sunt
570 4056 712 4096 nunc
736 4039 879 4095 aedes
904 4055 1027 4096 eum
1071 4040 1242 4094 sacris
1273 4039 1527 4105 fontibus;
1556 4041 1610 4094 in
1639 4041 1834 4111 quibus
1862 4042 1992 4098 lide-

412 4129 496 4184 les
528 4129 831 4202 regenerati
859 4129 1238 4199 puriﬁeantur,
1270 4137 1325 4184 et
1372 4131 1509 4184 bene
1535 4131 1766 4199 quodam
1794 4145 1994 4200 praesa-

410 4221 504 4294 gio
529 4221 749 4276 delubra
769 4229 894 4275 sunt
924 4221 1222 4290 appellata;
1253 4229 1380 4275 sunt
1405 4221 1550 4275 enim
1573 4221 1628 4274 in
1661 4221 1991 4277 ablutionem

415 4321 784 4382 peccatorum.
841 4311 984 4366 Fons
1013 4319 1194 4366 autem
1232 4311 1286 4366 in
1315 4311 1555 4368 delubris
1591 4311 1742 4367 locus
1771 4327 1993 4383 regene-

417 4409 660 4456 ratorum
689 4409 788 4464 est,
815 4400 868 4454 in
896 4416 1001 4470 quo
1024 4409 1227 4470 septem
1250 4401 1448 4470 gradus
1477 4401 1530 4454 in
1563 4400 1798 4471 Spiritus
1821 4403 1989 4457 sancti

2095 3240 2276 3280 mores
2308 3223 2481 3279 sancti
2519 3237 2638 3278 esse
2669 3223 2941 3278 dicuntur.
3000 3221 3466 3293 Propitiatorium,
3517 3226 3678 3295 quasi

2094 3314 2492 3385 propitiationis
2520 3312 2837 3367 oratorium.
2893 3311 3216 3384 Propitiatio
3249 3315 3391 3369 enim
3438 3317 3682 3386 placatio

2093 3416 2194 3460 est.
2233 3404 2466 3471 Oraeula
2510 3404 2654 3458 dicta
2710 3419 2776 3459 eo
2805 3403 2946 3473 quod
2986 3404 3110 3460 inde
3159 3421 3417 3476 responsa
3443 3409 3685 3464 reddun-

2097 3506 2203 3561 tur,
2235 3505 2290 3550 et
2315 3494 2533 3550 oracula
2581 3496 2650 3550 ab
2703 3510 2814 3549 ore.
2851 3493 3020 3560 Quam
3071 3505 3252 3551 autem
3283 3500 3573 3554 materiam
3608 3503 3682 3555 ad

2095 3575 2508 3642 instructionem
2541 3586 2873 3640 tabernaculi
2919 3586 3177 3642 Dominus
3226 3590 3527 3658 quasierit,
3559 3593 3681 3662 ipsc.

2094 3681 2148 3734 in
2177 3679 2360 3734 Exodo
2388 3677 2720 3743 manifestat,
2745 3677 2930 3731 dicens
2954 3677 3021 3730 ad
3047 3676 3264 3749 Moysen
3295 3697 3307 3732 :
3343 3679 3578 3750 Loquere
3614 3683 3653 3742 ﬁ

2094 3770 2178 3824 liis
2203 3769 2395 3835 Israel,
2424 3779 2482 3823 ut
2503 3767 2690 3822 tollant
2715 3768 2842 3822 mihi
2865 3768 3121 3837 primitias
3148 3781 3166 3819 :
3193 3769 3256 3822 ab
3279 3772 3419 3824 omni
3441 3773 3676 3838 homine,

2092 3863 2182 3933 qui
2211 3863 2390 3931 θίγεν-ει
2418 3861 2708 3924 ultroneus,
2736 3859 2997 3928 accipietis
3024 3860 3284 3930 primitias
3319 3861 3444 3914 mihi
3474 3861 3678 3931 (Exod.

2094 3953 2243 4024 xxv).
2276 3952 2343 4006 Et
2375 3966 2473 4006 nos
2493 3949 2763 4021 primitias
2791 3949 3054 4004 bonorum
3081 3960 3388 4009 nostrorum
3441 3951 3680 4007 Domino

2095 4044 2354 4107 tollimus,
2386 4043 2602 4112 quando
2629 4041 2673 4096 si
2697 4041 2824 4111 quid
2849 4041 2974 4096 boni
3005 4041 3231 4113 agimus,
3261 4050 3434 4096 totum
3461 4043 3565 4098 hoc
3595 4043 3681 4097 di-

2095 4135 2234 4189 vina:
2258 4133 2445 4202 gratim
2477 4131 2782 4187 tribuimus.
2816 4130 2947 4184 Ha’c
2968 4141 3088 4185 sunt
3119 4141 3314 4197 autem,
3364 4148 3482 4201 qua:
3536 4135 3680 4187 acci-

2092 4243 2210 4297 pere
2237 4226 2470 4280 debetis:
2500 4241 2712 4290 aurum,
2748 4233 3018 4294 argentum
3045 4233 3092 4278 et
3129 4241 3218 4290 tes,
3245 4225 3581 4295 hyacinthum
3613 4243 3680 4280 at

2093 4331 2401 4386 purpuram,
2437 4328 2746 4384 caecumque
2794 4313 2870 4365 bis
2901 4313 3139 4374 tinctum,
3177 4323 3222 4366 et
3279 4313 3507 4382 byssum,
3539 4314 3681 4382 pilos

2097 4423 2395 4476 caprarum,
2431 4415 2479 4459 et
2508 4404 2666 4475 pelles
2716 4405 2938 4457 arietum
2991 4404 3304 4469 rubricatas,
3351 4404 3507 4474 pelles
3537 4407 3680 4474 hya-

415 4492 678 4562 mysterio
739 4491 1061 4558 formantur,
1115 4502 1223 4548 tres
1266 4492 1321 4546 in
1373 4494 1654 4559 descensu,
1686 4503 1740 4547 et
1789 4504 1898 4548 tres
1939 4495 1990 4548 in
2020 4473 2070 4530 D
2095 4499 2353 4552 cinthinas
2409 4508 2455 4552 et
2482 4497 2624 4567 ligna
2673 4497 2878 4562 set/tim,
2915 4495 3085 4550 oleum
3116 4495 3184 4549 ad
3240 4496 3522 4549 luminaria
3555 4513 3678 4550 cou-

416 4596 648 4635 ascensu
680 4599 694 4634 :
733 4583 995 4650 septimus
1046 4596 1176 4637 vero
1206 4583 1250 4637 is
1293 4592 1396 4649 est,
1455 4585 1545 4653 qui
1573 4593 1629 4638 et
1663 4595 1908 4653 quartus,
1943 4587 1994 4641 id

415 4682 524 4736 est,
555 4673 744 4728 similis
768 4675 875 4729 lilio
901 4677 1133 4732 hominis
1159 4679 1509 4748 exstingueus
1532 4679 1804 4734 fornacem
1832 4681 1990 4751 ignis,

415 4764 842 4819 stabilimentum
873 4767 1089 4835 pedum,
1127 4769 1539 4823 fundamentum
1595 4785 1770 4839 aqum,
1805 4771 1856 4823 in
1887 4787 1993 4840 quo

413 4855 692 4928 plenitudo
717 4855 1018 4911 divinitatis
1057 4859 1264 4913 habitat
1315 4861 1689 4930 corporaliter.
1749 4863 1992 4918 Basilica:

412 4950 567 5022 prius
593 4949 923 5004 vocabantur
955 4966 1142 5020 regum
1180 4953 1504 5018 habitacula,
1540 4955 1681 5010 unde
1711 4964 1764 5009 et
1791 4972 1987 5011 nomen

416 5039 636 5094 habent.
677 5039 811 5096 Nam
837 5039 1071 5095 basileus
1097 5056 1212 5107 rex,
1268 5050 1323 5096 et
1359 5042 1596 5098 basilica:
1630 5045 1792 5114 regite
1829 5046 1987 5100 habi-

416 5133 662 5187 tationes.
693 5131 848 5188 Nunc
899 5141 1078 5188 autem
1133 5135 1253 5188 ideo
1295 5133 1474 5206 divina
1531 5135 1724 5204 templa
1756 5136 1988 5191 basilicae

414 5226 783 5292 nominantur,
811 5227 936 5296 quia
967 5225 1041 5280 ibi
1067 5227 1179 5296 regi
1207 5227 1446 5280 omnium
1472 5227 1584 5281 Deo
1607 5226 1780 5282 cultus
1811 5236 1862 5282 ct
1897 5243 1986 5281 sa-

413 5317 617 5371 criﬁcia
643 5315 962 5372 oll'eruntur.
995 5316 1314 5388 Martyrium
1343 5317 1495 5372 locus
1524 5317 1770 5386 martyrii
1799 5317 1986 5372 Graeca

415 5408 750 5464 derivatione
774 5425 840 5464 eo
867 5409 1009 5479 quod
1043 5409 1098 5463 in
1136 5411 1450 5464 memoriam
1483 5411 1738 5479 martyris
1766 5410 1836 5466 sit
1860 5426 1989 5465 con-

415 5509 702 5566 structum,
761 5501 848 5556 vel
905 5503 1048 5573 quod
1099 5504 1344 5573 sepulcra
1397 5511 1707 5558 sanctorum
1759 5504 1832 5557 ibi
1881 5505 1990 5558 sint

419 5598 738 5660 martyrum.
763 5593 928 5646 Aram
965 5594 1184 5662 quidam
1239 5605 1485 5650 vocatam
1541 5595 1816 5660 dixerunt,
1846 5594 1988 5662 quod

419 5678 494 5733 ibi
525 5681 757 5738 incensae
781 5683 1010 5740 victima:
1043 5686 1301 5758 ardeant;
1328 5686 1416 5742 alii
1449 5703 1572 5742 aras
1599 5687 1781 5742 dicunt
1809 5702 1836 5740 a
1865 5700 1987 5755 pre-

2093 4588 2379 4651 cinnamla,
2413 4596 2650 4641 aromata
2694 4588 2749 4640 in
2778 4596 3119 4656 unguentum,
3146 4596 3194 4639 et
3234 4587 3520 4655 thymiama
3552 4586 3677 4642 boui

2093 4679 2290 4744 odoris,
2333 4679 2533 4748 lapides
2581 4679 2867 4749 onycltinos
2917 4689 2964 4732 et
2995 4695 3225 4748 gemmas
3275 4679 3344 4732 ad
3371 4680 3673 4733 ornandum

2091 4773 2258 4842 ephod
2309 4789 2371 4826 ac
2419 4771 2720 4825 rationale:
2769 4770 3061 4840 faciemque
3097 4771 3224 4824 mihi
3265 4771 3675 4824 sanctuarium.’

2089 4875 2134 4916 et
2159 4862 2405 4916 habitabo
2436 4864 2488 4915 in
2513 4863 2686 4915 medio
2715 4879 2892 4916 eorum
2922 4861 3130 4932 (Ibid).
3157 4862 3361 4916 Cuncta
3388 4861 3525 4925 lucc,
3550 4878 3675 4931 qua:

2095 4955 2352 5010 Dominus
2379 4955 2482 5009 sibi
2505 4970 2532 5008 a
2565 4955 2744 5024 priore
2769 4954 2963 5024 populo
2997 4954 3065 5008 ad
3096 4953 3395 5009 faciendum
3424 4964 3676 5008 sanctua-

2097 5048 2235 5101 rium
2274 5047 2628 5102 materialiter
2653 5045 2833 5101 offerri
2860 5047 3133 5116 prmeepit,
3174 5061 3274 5101 nos
3308 5060 3547 5116 quoque,
3576 5048 3672 5116 qui

2095 5135 2367 5206 spiritales
2409 5135 2502 5190 filii
2545 5135 2728 5200 Israel,
2761 5135 2812 5188 id
2849 5144 2950 5200 est,
3001 5135 3303 5190 imitatores
3350 5133 3563 5189 Domini
3591 5136 3675 5190 vi-

2101 5234 2288 5287 dentes
2316 5230 2492 5300 populi
2527 5246 2646 5284 esse
2689 5229 3077 5291 desideramus,
3107 5227 3334 5296 spiritali
3367 5227 3675 5298 intelligen-

2099 5323 2172 5376 tia
2211 5323 2467 5377 debemus
2499 5320 2713 5374 ollerre.
2750 5321 2846 5376 Cui
2876 5321 3121 5374 videlicet
3150 5337 3339 5373 aurum
3363 5319 3670 5389 offerimus,

2090 5429 2213 5470 cum
2239 5413 2488 5468 claritate
2511 5420 2650 5467 vera:
2671 5412 2971 5482 sapientue,
3002 5427 3120 5481 qum
3156 5420 3240 5466 est
3276 5411 3328 5465 in
3358 5410 3460 5465 fide
3487 5422 3668 5480 recta,

2091 5501 2536 5573 resplendemus;
2569 5513 2864 5570 argentum,
2897 5517 3017 5556 cum
3066 5511 3124 5557 et
3171 5516 3267 5557 ore
3315 5509 3503 5557 nostro
3529 5519 3671 5559 eon-

2091 5589 2254 5646 fessio
2306 5590 2360 5644 fit
2392 5589 2458 5643 ad
2513 5590 2772 5655 salutem;
2810 5607 2901 5655 trs,
2953 5607 3077 5646 eum
3103 5591 3346 5646 eamdem
3376 5591 3541 5648 fidem
3567 5608 3670 5664 puo

2093 5682 2243 5738 blica'
2282 5681 2664 5752 przedicatione
2717 5682 2992 5754 divulgare
3043 5683 3334 5755 gaudemus
3375 5698 3390 5748 ;
3447 5682 3672 5754 hyacin-
