3974 6188
244 267 350 323 393

1208 257 1295 311 DE
1335 253 1683 311 UNIVERSO
1718 249 1897 306 LIBRI
1939 247 2100 302 XXII.
2144 278 2213 335 -—.
2248 246 2373 301 LIB.
2414 245 2550 301 XIV.

3399 245 3500 300 ειμι

244 382 418 445 thum,
446 392 575 432 cum
600 390 817 437 sursum
843 374 1007 431 corda
1055 372 1339 436 levamus;
1371 384 1681 441 purpuram,
1705 381 1826 420 cum
1857 374 1901 430 Α
1935 362 2093 414 istius
2144 360 2330 414 mundi
2364 366 2648 422 versatur;
2679 364 2924 412 sanctum
2971 367 3150 414 autem
3197 368 3506 417 sanctorum

243 485 444 540 corpus
473 466 709 538 passioni
739 464 1083 534 subiicimus;
1109 478 1317 517 coccum
1343 461 1417 514 bis
1442 460 1681 522 tinctum,
1706 472 1828 509 cum

1933 451 2099 515 illam,
2150 465 2270 520 quae
2320 450 2373 503 in
2426 449 2581 504 caelis
2623 456 2751 503 est:
2817 449 2942 517 quia
3003 450 3117 518 ipsa
3169 461 3356 507 sancta
3405 452 3504 507 Ec.

247 538 486 636 gemina.
516 561 570 616 id
592 568 698 625 est,
722 559 816 613 Dei
848 569 900 613 et
924 555 1157 628 proximi
1186 553 1474 608 dilectione
1500 550 1789 621 flagramus
1813 538 2113 611 ;®clesia,
2173 558 2293 612 quae
2332 557 2397 594 ex
2431 540 2636 595 sanctis
2661 541 2865 611 angelis
2916 549 2970 595 et
3020 542 3325 598 heminibus
3377 559 3503 598 con-

248 656 485 724 byssnm,
499 667 624 706 cum
637 649 817 704 carnis
835 648 1142 703 castitatem
1167 644 1465 706 sentimus;
1488 640 1621 711 pilos
1638 654 1829 708 capra-

250 759 390 806 rum,
449 755 573 795 cum
601 738 846 794 habitum
868 735 1203 806 poenitentia:
1230 749 1293 788 ac
1324 733 1500 785 luctus
1524 729 1826 812 induimus;

244 832 403 903 pelles
443 832 669 885 arietum
696 828 1011 891 rubricatas,
1041 841 1163 880 cum
1200 825 1344 894 ipsos
1375 820 1627 876 dominici
1652 817 1831 889 gregis

246 926 503 978 ductores
541 936 640 977 suo
697 918 960 990 sanguine
1012 916 1317 986 baptizatos
1354 913 1643 974 videmus;
1673 907 1829 980 pelles

247 1013 637 1085 hyacinthinus,
664 1027 786 1065 cum
820 1024 919 1063 nos
942 1017 1066 1078 post
1090 1014 1318 1060 mortem
1345 1001 1608 1071 spiritalia
1642 993 1692 1053 in
1722 1015 1825 1051 cm-

248 1105 315 1159 lis
343 1118 578 1174 corpora
633 1100 910 1155 habituros
936 1113 1056 1153 esse
1086 1110 1398 1168 speramus;
1431 1092 1574 1161 ligna
1621 1089 1827 1151 set/tim,

248 1209 393 1258 cum,
424 1191 738 1262 expurgatis
767 1195 1111 1258 peccatorum
1163 1186 1406 1256 spinetis,
1439 1182 1636 1237 munda
1666 1192 1830 1233 carne

251 1295 304 1340 et
328 1284 509 1337 anima
539 1281 768 1335 Domino
797 1279 894 1334 soli
928 1279 1234 1345 servimus;
1300 1275 1470 1330 oleum
1502 1273 1571 1327 ad
1597 1271 1826 1326 lumina-

253 1376 329 1429 ria
349 1373 743 1438 concinnanda,
772 1388 894 1427 cum
928 1370 1196 1426 fructibus
1234 1367 1517 1424 eharitatis
1541 1374 1594 1420 et
1622 1362 1830 1418 miseri-

253 1468 447 1521 cordim
476 1464 844 1535 refulgcmns;
885 1471 1127 1516 aromata
1175 1462 1229 1514 in
1279 1468 1619 1529 unguentum,
1647 1464 1694 1507 et
1717 1460 1830 1524 thy-

253 1558 445 1609 miama
494 1554 616 1609 boni
653 1554 850 1617 odoris,
903 1568 1025 1605 cum
1071 1551 1376 1620 opinionem
1425 1548 1579 1601 bona:
1629 1551 1831 1598 nostra:

255 1641 480 1696 actionis
506 1639 690 1694 multis
733 1637 797 1691 ad
824 1640 1129 1707 exemplum
1155 1636 1292 1690 bene
1320 1632 1533 1688 vivendi
1561 1630 1717 1701 longe
1746 1629 1829 1683 la-

256 1742 410 1801 teque
446 1728 828 1792 diffundimus;
878 1726 1079 1797 lapides
1111 1724 1392 1795 onycliinos
1432 1730 1478 1775 et
1505 1735 1733 1791 gemmas
1761 1718 1831 1771 ad
1860 1710 1905 1768 Β

257 1821 555 1875 ornandum
592 1818 760 1890 ephod
790 1835 851 1871 ac
876 1815 1154 1880 rationale,
1184 1829 1304 1868 cum
1338 1810 1596 1866 miracula
1624 1817 1833 1864 sancto—

256 1928 396 1974 rum,
427 1910 629 1980 quibus
671 1907 1026 1979 COgitationes
1052 1904 1164 1960 Deo
1215 1904 1436 1958 devotas
1457 1909 1512 1955 et
1544 1914 1707 1969 opera
1734 1899 1837 1952 vir-

258 2011 424 2056 tutum
453 2013 748 2063 ornavere,
777 1996 937 2066 digna
961 1994 1116 2049 laude
1138 1993 1516 2065 przedicamus,
1536 1998 1696 2059 atque
1719 1989 1835 2043 hzcc

258 2089 665 2159 iuadjutorium
714 2095 912 2141 nostra)
963 2084 1108 2148 ﬁdei,
1161 2083 1252 2171 ubi
1282 2097 1419 2153 Opus
1448 2080 1629 2146 fuerit,
1686 2093 1837 2132 assu-

259 2182 473 2235 mimus.
506 2179 644 2247 Quia
670 2178 815 2233 euiin
850 2178 903 2231 in
946 2175 1191 2231 humeris
1212 2170 1401 2229 ionera
1450 2181 1662 2244 gestare
1692 2170 1834 2226 sole—

259 2287 396 2331 mus.
429 2280 580 2325 recte
612 2268 809 2339 ephod,
842 2267 894 2321 id
919 2275 1022 2333 est,
1083 2264 1525 2337 superhumerale
1566 2278 1727 2334 opera
1749 2261 1837 2332 ju-

260 2371 484 2427 storum,
516 2368 574 2415 et
600 2359 675 2429 pii
701 2374 800 2430 pro
821 2358 1047 2412 Domino
1077 2358 1290 2411 labores
1315 2356 1676 2411 insinuantur.
1701 2352 1835 2420 Quia

268 2468 389 2506 vero
426 2453 483 2506 in
520 2461 744 2522 pectore
772 2448 1341 2521 cogitationum'sedes
1362 2455 1476 2510 est,
1500 2457 1645 2501 recte
1674 2444 1727 2500 iu
1752 2460 1838 2499 ra-

262 2545 469 2609 tionali,
497 2544 588 2611 qui
620 2552 705 2598 est
726 2544 940 2597 habitus
961 2542 1222 2611 pectoris,
1260 2540 1551 2596 rationales
1591 2547 1646 2595 et
1683 2555 1839 2594 mun-

262 2634 337 2689 da:
355 2636 656 2689 electorum
686 2634 1041 2704 cogitationes
1072 2634 1490 2702 exprimuntur;
1527 2632 1840 2712 lapidewue

264 2724 516 2794 onycbiui
541 2731 599 2777 et
624 2736 850 2793 gemmae
877 2729 1075 2776 ornant
1101 2721 1278 2792 ephod
1308 2736 1372 2776 ac
1401 2719 1686 2786 rationale,
1717 2736 1839 2776 cum

266 2814 479 2868 eximiis
526 2827 861 2867 summorum
890 2810 1111 2866 Patrum
1165 2811 1378 2866 actibus
1424 2819 1477 2866 et
1507 2810 1842 2882 cogitationi-

264 2906 362 2961 bus
385 2905 554 2959 etiam
580 2903 964 2959 miraculorum
997 2903 1229 2974 insignia
1275 2901 1592 2974 junguntur.
1620 2900 1844 2972 Legitur

267 3011 390 3064 ergo
421 2997 476 3049 in
510 2994 689 3049 Veteri
723 2993 1070 3048 Testamento
1126 2994 1191 3049 de
1216 2992 1549 3047 tabernaculi
1592 2999 1842 3047 constru-

269 3089 465 3151 ctione,
518 3085 666 3155 quod
714 3084 924 3156 Moyses
978 3082 1264 3140 fabricavit
1302 3084 1356 3137 in
1414 3083 1649 3145 deserto,
1696 3089 1752 3135 et
1777 3080 1843 3136 de

272 3177 447 3246 templi
499 3174 887 3239 aediﬁcatione,
940 3174 1083 3244 quod
1137 3172 1425 3229 mdiﬁcavit
1490 3169 1743 3226 Salomon
1792 3169 1844 3222 in

271 3280 411 3323 terra
442 3265 905 3337 repromissionis,
946 3265 1038 3319 ubi
1067 3265 1119 3318 in
1153 3270 1381 3333 utroque
1407 3260 1634 3317 aediﬁcio
1662 3268 1847 3315 sancta

273 3371 323 3414 et
349 3370 540 3414 sancta
593 3364 907 3412 sanctorum
933 3364 1446 3419 commemorantur,
1477 3369 1709 3427 quorum
1734 3367 1849 3422 my-

273 3452 432 3506 steria
484 3450 590 3504 rite
630 3448 1059 3518 intelligentibus
1106 3446 1264 3503 facile
1294 3454 1482 3517 patent
1511 3464 1523 3499 :
1551 3446 1679 3515 quia
1702 3454 1881 3500 utra--

280 3558 380 3611 que
430 3543 625 3596 domus
677 3547 923 3594 sanctam
980 3538 1276 3593 Ecelesiam
1326 3539 1589 3607 designat.
1650 3536 1848 3591 Verum

276 3633 394 3702 quia
418 3631 574 3701 prior
599 3630 795 3684 domus
842 3628 893 3681 in
921 3628 1135 3693 itinere,
1183 3644 1291 3698 quo
1327 3628 1393 3682 ad
1433 3636 1632 3682 terram
1664 3642 1851 3697 repro-

278 3721 549 3778 missionis
591 3720 949 3785 veniebatur;
999 3720 1114 3774 haec
1145 3729 1323 3774 autem
1380 3716 1749 3773 :ediﬁcabatur
1797 3717 1852 3772 in

280 3814 388 3883 ipsa
419 3822 568 3867 terra
599 3809 1057 3880 repromissionis,
1099 3818 1154 3864 et
1183 3809 1236 3863 in
1264 3809 1481 3865 civitate
1508 3807 1805 3864 Jerusalem
1835 3825 1849 3874 ;

280 3904 386 3970 illa,
411 3912 475 3957 ut
502 3902 571 3957 de
597 3900 718 3956 loco
744 3903 813 3955 ad
847 3899 1023 3955 locum
1055 3901 1246 3954 crebro
1274 3898 1583 3953 Levitarum
1606 3899 1853 3953 ministe-

282 3997 357 4049 rio
381 4000 622 4066 portata,
661 3992 876 4047 tandem
910 3991 964 4045 in
1002 3999 1200 4046 terram
1244 3991 1524 4061 promissa:
1568 3990 1853 4045 ha‘redita-

282 4086 347 4139 tis
382 4086 736 4141 induceretur
762 4100 777 4149 ;
813 4083 947 4146 haec.
975 4090 1035 4136 ut
1062 4097 1188 4136 mox
1217 4082 1270 4136 in
1298 4082 1470 4153 patria
1498 4083 1611 4152 ipsa
1645 4090 1701 4137 et
1726 4082 1857 4137 civi-

285 4186 386 4232 tate
416 4178 563 4247 regia
587 4182 900 4229 constructa
928 4171 1225 4227 inviolabili
1263 4186 1477 4243 semper
1506 4172 1856 4228 fundamento

284 4269 622 4330 consisteret,
654 4268 827 4319 donec
850 4263 1078 4318 inditum
1110 4263 1212 4317 sibi
1238 4264 1531 4332 ﬁgurarum
1556 4262 1854 4319 cwlestium

1931 640 2100 695 stans,
2148 631 2343 701 partim
2401 630 2572 683 adhuc
2603 629 2977 700 peregrinatur
3008 630 3061 684 in
3100 630 3327 694 inlimis,
3378 647 3504 701 par-

1932 721 2024 773 tim
2061 729 2241 773 autem
2273 719 2325 773 in
2379 734 2611 787 superna
2656 720 2831 788 patria
2882 730 3073 790 regnat
3128 720 3179 774 in
3230 724 3502 791 supernis,

1932 810 2106 864 adhuc
2164 809 2310 863 cives
2359 824 2526 871 suos,
2593 808 2878 862 dirimente
2943 808 3058 863 velo
3118 808 3284 874 coeli,
3349 810 3511 866 habet

1930 898 1996 951 ad
2063 898 2291 952 invicem
2349 906 2675 968 segregatos.
2744 897 2817 950 De
2871 913 2974 967 qua
3038 897 3237 953 Paulus
3291 912 3510 970 aposto-

1933 991 2016 1044 lus
2047 990 2113 1043 ad
2143 989 2396 1045 Hebraeos
2445 989 2689 1043 scribens
2740 989 3054 1058 plenissime
3085 999 3333 1056 testatur,
3389 1008 3512 1048 cum

1932 1082 2209 1135 Christum
2246 1096 2434 1136 verum
2479 1080 2790 1150 pontiﬁcem
2845 1082 3040 1136 asserit
3067 1098 3170 1136 non
3195 1098 3292 1152 per
3325 1083 3512 1140 hirco-

1934 1190 2052 1228 rum
2083 1181 2139 1228 ct
2169 1174 2478 1241 vitulorum,
2515 1174 2609 1229 sed
2658 1190 2755 1243 per
2776 1175 3054 1246 proprium
3080 1176 3397 1248 sanguinem
3431 1177 3510 1231 in-

1934 1267 2128 1322 troisse
2153 1267 2318 1321 semel
2342 1267 2394 1322 in
2426 1275 2632 1331 sancta,
2657 1275 2858 1321 :cterna
2887 1267 3254 1337 redemptione
3271 1267 3508 1325 inventa.

1935 1357 2177 1426 Denique
2207 1357 2262 1410 in
2296 1355 2592 1426 Scripturis
2624 1357 2829 1412 sanctis
2854 1357 3145 1428 aliquando
3192 1359 3506 1416 tabernacu-

1933 1450 2043 1504 lum
2079 1464 2277 1519 corpus
2308 1451 2520 1506 Domini
2570 1450 2865 1508 Salvatoris
2887 1453 3176 1523 signiﬁcat,
3208 1470 3265 1509 ut
3292 1455 3345 1509 in
3369 1455 3509 1511 Psal—

1934 1555 2023 1594 mo
2051 1557 2063 1593 :
2099 1538 2167 1593 In
2194 1538 2302 1593 sole
2328 1541 2500 1610 posuit
2531 1540 2927 1595 tabernaculum
2949 1560 3103 1597 suum
3127 1541 3300 1615 (Psat.
3334 1544 3508 1615 xviii).

1933 1632 2066 1687 ltem
2125 1631 2530 1687 tabernaculum
2569 1632 2664 1688 Dei
2721 1643 2906 1688 sancta
2946 1643 3030 1689 est
3085 1635 3346 1703 Ecclesia,
3400 1638 3512 1693 sive

1935 1725 2114 1779 anima
2142 1725 2313 1780 ﬁdelis
2342 1725 2395 1779 iu
2422 1725 2857 1795 peregrinatione
2888 1727 3071 1782 mundi
3108 1728 3329 1798 degens.
3367 1727 3519 1783 L’nde

1937 1815 2130 1886 legitur
2153 1815 2207 1869 in
2235 1814 2487 1870 Psalmo:
2524 1813 2786 1880 Quoniam
2836 1816 3104 1888 ingrediar
3142 1819 3196 1871 in
3240 1817 3413 1872 locum
3436 1828 3519 1872 ta-

1937 1907 2205 1962 bernaculi
2246 1907 2575 1962 admirabilis
2633 1924 2793 1979 usque
2830 1910 2901 1962 ad
2949 1910 3160 1965 domum
3209 1910 3308 1965 Dei
3341 1907 3515 1982 (Psal.

1937 1998 2048 2070 xu)
2075 2015 2090 2064 ;
2123 2006 2177 2053 et
2206 1997 2263 2051 in
2287 1996 2578 2067 Apostolo:
2606 1996 3025 2051 Tabernacnlum
3052 2004 3188 2070 quod
3213 1998 3331 2069 ﬁxit
3352 1999 3515 2061 Deus,

1935 2098 2118 2143 etnon
2159 2088 2315 2142 homo
2353 2086 2539 2160 (Hebr.
2599 2085 2741 2157 vni).
2794 2087 2872 2143 De
2921 2089 3023 2143 hoc
3084 2089 3436 2144 tabernaculo
3462 2090 3515 2145 in

1936 2178 2122 2233 Exodo
2144 2178 2431 2234 Dominum
2459 2178 2627 2249 Moysi
2653 2178 2724 2233 ita
2753 2178 2993 2233 locutum
3022 2179 3187 2233 fuisse
3212 2189 3471 2237 narratur
3496 2199 3510 2236 :

1938 2267 2128 2325 Facies
2155 2270 2281 2324 mihi
2335 2254 2828 2338 sanctiﬁcationem,
2855 2280 2903 2323 et
2932 2270 3051 2324 inde
3077 2270 3289 2325 videbor
3321 2288 3353 2326 a
3379 2272 3516 2326 vobis

1939 2358 2139 2432 (Exod.
2193 2368 2344 2430 xxv).
2394 2360 2670 2415 Columna:
2701 2361 3033 2416 tabernaculi
3094 2362 3344 2417 doctores
3393 2372 3521 2418 sunt

1938 2450 2215 2517 Ecclesiae,
2247 2460 2307 2505 ut
2341 2451 2396 2505 iu
2422 2451 2682 2521 Apostolo
2733 2449 2926 2522 legitur
2957 2469 2968 2504 :
2998 2450 3248 2519 Iacobus,
3270 2463 3318 2508 et
3347 2453 3518 2509 Joan—

1941 2563 2055 2613 nes,
2089 2555 2136 2600 et
2166 2542 2389 2615 Cephas,
2438 2545 2530 2615 qui
2566 2543 2871 2598 videbantur
2922 2543 3178 2599 columnae
3225 2561 3335 2600 esse
3375 2542 3518 2617 (Gal.

1941 2639 2025 2707 ιι).
2076 2636 2225 2693 Serae
2276 2636 2392 2692 sive
2444 2645 2649 2702 vectes,
2690 2652 2810 2706 quae
2841 2635 3048 2692 tabulas
3103 2637 3215 2693 sive
3245 2637 3524 2693 columnas

1940 2727 2314 2788 continebant,
2382 2725 2720 2795 Scripturam
2777 2740 2986 2780 sacram
3045 2725 3130 2780 vel
3173 2726 3520 2782 concordiam

1944 2825 2255 2869 sanctorum
2297 2812 2709 2883 praedicatorum
2738 2812 3066 2884 signiﬁcant.
3101 2812 3254 2869 Unde
3278 2813 3443 2870 robur
3467 2824 3524 2869 et

1946 2903 2177 2958 ﬁrmitas
2203 2918 2392 2958 eorum
2434 2903 2858 2958 demonstratur.
2892 2903 3057 2960 Bases
3091 2913 3217 2960 sunt
3252 2901 3526 2960 columna-

1947 3012 2065 3052 rum
2090 2995 2209 3050 libri
2237 2995 2395 3066 chis
2415 3006 2469 3049 et
2490 2994 2880 3064 Prophetarum
2907 3013 2920 3060 ;
2951 3005 3112 3065 caput
3129 2995 3524 3063 columnarum,

1948 3087 2220 3143 Christus.
2250 3084 2308 3140 In
2341 3085 2600 3157 Apostolo
2632 3103 2644 3138 :
2678 3083 2845 3155 Caput
2887 3085 2984 3138 viri
3036 3083 3275 3139 Christus
3315 3083 3367 3156 (1
3396 3084 3522 3139 Cor.

1951 3175 2049 3247 xi).
2094 3175 2334 3231 Cortina:
2382 3173 2736 3239 tabernaculi,
2789 3173 3076 3229 multitudo
3111 3173 3370 3240 ﬁdelium,
3404 3173 3527 3229 ﬁdei

1949 3267 2166 3323 funibus
2220 3274 2384 3336 atque
2431 3265 2831 3336 Scripturarum
2875 3264 3161 3335 praeceptis
3216 3279 3524 3334 suspensa:
3596 3306 3600 3310 Α

1949 3358 2154 3414 ansulae
2173 3359 2504 3414 cortiuarum
2533 3357 2918 3430 hyacinthinae,
2954 3358 3191 3414 coelestia
3216 3367 3483 3430 prmcepta
3511 3376 3526 3425 ;

1951 3465 2077 3520 saga
2102 3449 2315 3504 cllicina
2341 3448 2591 3503 undecim
2621 3448 2722 3504 sub
2768 3459 3114 3519 peccatorum
3148 3449 3320 3505 forma
3343 3452 3526 3523 expri-

1952 3551 2210 3615 muntur;
2251 3540 2642 3614 quinquaginta
2690 3541 2879 3597 circuli
2912 3556 3062 3612 spem
3113 3542 3305 3597 futurte
3330 3543 3532 3612 quietis

1953 3622 2298 3702 signiﬁcant;
2338 3641 2525 3687 sancta
2570 3640 2877 3687 sanctorum
2902 3632 3139 3690 crelestis
3192 3633 3281 3688 illa
3327 3633 3528 3702 patria,

1953 3730 2009 3775 et
2062 3730 2261 3775 acterna
2317 3721 2513 3791 gaudia
2570 3720 2722 3791 regni
2779 3720 3076 3786 malorum;
3110 3721 3215 3777 duo
3243 3722 3528 3785 cherubin,

1955 3813 2061 3867 duo
2108 3821 2430 3869 testamenta
2478 3812 2674 3883 chis;
2704 3828 2830 3867 arca
2883 3812 3216 3867 Testamenti
3266 3813 3529 3870 Ecclesia.

1956 3903 2110 3965 Unde
2141 3903 2338 3975 legitur
2387 3904 2441 3958 in
2480 3903 2696 3958 Psalmo
2724 3921 2737 3957 :
2769 3902 3031 3973 Exsurge,
3086 3902 3329 3970 Domine,
3368 3905 3423 3959 in
3454 3921 3536 3958 re-

1952 3996 2125 4066 quiem
2177 4004 2348 4060 tuam,
2383 4004 2437 4047 tu
2473 4003 2521 4048 et
2567 4011 2694 4048 arca
2745 3993 3177 4062 sanctiﬁcationis
3219 4004 3325 4048 tua:
3357 3992 3532 4066 (Psal.

1954 4083 2160 4154 cxxxr).
2194 4083 2633 4154 Propitiatorium
2681 4098 2843 4154 super
2871 4099 3053 4137 arcam
3083 4082 3331 4139 Christus
3361 4084 3414 4139 in
3438 4100 3535 4141 ca-

1956 4175 2066 4246 pite
2095 4174 2371 4228 Ecclesim.
2406 4162 2463 4227 In
2490 4172 2730 4244 Epistola
2771 4173 2994 4229 Joannis
3025 4192 3038 4228 :
3074 4174 3396 4229 Advocatum
3437 4178 3536 4231 Ita-

1958 4267 2133 4321 bcmus
2161 4265 2304 4334 apud
2329 4262 2542 4318 Patrem
2592 4262 2776 4319 Iesum
2814 4263 3078 4318 Christum
3101 4265 3329 4335 justum,
3357 4274 3404 4319 et
3428 4265 3538 4337 ipse

285 4373 472 4411 munus
503 4355 793 4426 impleret:
823 4362 1003 4424 potest
1054 4354 1109 4407 in
1146 4353 1233 4407 illa
1271 4354 1553 4424 praesentis
1604 4353 1856 4408 Ecclesi-e
1886 4389 1935 4448 Β
1961 4366 2036 4411 est
2056 4355 2358 4427 propitiatio
2387 4372 2482 4427 pro
2516 4356 2741 4427 peccatis
2799 4356 2990 4409 nostris
3014 4352 3063 4426 (1
3087 4354 3250 4409 Joan.
3283 4354 3366 4426 ιι).
3397 4355 3537 4424 Qua-

286 4448 433 4502 labor
460 4455 515 4502 et
536 4446 815 4509 exsilium,
845 4446 898 4498 in
925 4445 1026 4499 hac
1055 4443 1236 4499 futura
1266 4445 1479 4513 requies
1500 4454 1555 4499 ct
1582 4444 1856 4499 beatitudo

289 4538 501 4608 ﬁgurari
528 4554 543 4602 ;
576 4536 664 4591 vel
690 4545 840 4591 certe
863 4535 989 4606 quia
1040 4535 1128 4589 illa
1183 4536 1314 4590 solis
1368 4535 1494 4590 ﬁliis
1525 4536 1713 4601 Israel,
1744 4537 1858 4590 haec

288 4642 459 4684 autem
488 4647 518 4684 a
550 4628 841 4699 proselytis
873 4628 1035 4683 etiam
1067 4628 1119 4681 in
1148 4628 1399 4697 gentibus
1444 4628 1582 4681 facta
1609 4636 1709 4688 est,
1736 4643 1860 4697 pos—

290 4732 407 4777 sunt
433 4724 485 4777 in
518 4722 606 4776 illa
635 4720 1006 4791 principaliter
1039 4728 1223 4791 patres
1252 4718 1461 4774 Veteris
1505 4718 1857 4784 Testamenti,

291 4823 341 4867 et
365 4816 623 4885 antiquus
652 4814 741 4867 ille
764 4812 861 4866 Dei
910 4812 1156 4883 populus,
1190 4812 1243 4865 in
1272 4811 1377 4865 hac
1429 4820 1606 4865 autem
1638 4825 1862 4881 congre-

291 4914 405 4973 gata
434 4907 500 4959 de
520 4905 774 4976 gentibus
795 4904 1035 4959 Ecclesia
1064 4902 1362 4973 ﬁguraliter
1391 4902 1617 4973 exprimi
1642 4919 1656 4968 ;
1679 4918 1868 4972 quam-

294 4996 369 5049 vis
392 4996 680 5051 anliﬁcium
723 4995 1004 5064 utriusque
1031 4996 1222 5049 domus
1256 4992 1588 5048 enucleatius
1639 4991 1867 5062 spiritali

295 5102 448 5142 sensu
474 5101 767 5141 excussum
804 5093 861 5139 et
885 5085 1103 5139 labores
1130 5084 1415 5153 praesentis
1460 5082 1712 5138 Ecclesia:
1736 5098 1870 5151 quo-

297 5178 541 5240 tidiauos,
581 5176 881 5245 etprannia
942 5175 997 5228 in
1042 5174 1225 5229 futuro
1248 5174 1529 5244 perennia,
1567 5174 1870 5244 gaudiaque

298 5268 438 5338 regni
463 5267 727 5331 calestis,
776 5274 833 5321 et
856 5264 1177 5319 electionem
1203 5264 1392 5333 primae
1419 5263 1470 5316 in
1499 5262 1662 5317 Israel
1686 5262 1870 5316 Eccle-

299 5361 406 5424 εἰπε,
437 5371 492 5415 et
514 5360 746 5416 salutem
776 5359 1014 5414 omnium
1042 5358 1282 5429 gentium
1335 5356 1389 5410 in
1436 5354 1653 5411 Christo
1688 5354 1868 5409 multi-

304 5453 466 5507 modis
488 5453 810 5509 ostendatur
839 5451 1112 5506 insinuare
1143 5449 1351 5521 ﬁguris.
1377 5448 1633 5504 Sanctqu
1662 5456 1864 5510 autem,
1908 5483 1912 5487 ‹

303 5544 431 5609 qnol
458 5543 580 5599 velo
609 5558 875 5614 suspenso
900 5557 929 5596 a
957 5541 1267 5597 sanctuario
1312 5551 1621 5612 separatum
1660 5552 1765 5605 est,
1794 5542 1868 5596 si-

305 5633 511 5699 gniﬁcat
552 5642 877 5703 praesentem
921 5630 1240 5696 Ecclesiam,
1277 5646 1398 5701 quas
1430 5632 1867 5701 peregrinatione

613 5724 886 5785 Parnm.
931 5723 1094 5791 CXI.

1961 4456 2085 4502 tuor
2117 4444 2308 4501 circuli
2348 4445 2521 4509 aurei,
2555 4446 2608 4499 in
2639 4446 2835 4515 quibus
2881 4460 3007 4499 arca
3038 4446 3373 4514 portabatur,
3415 4462 3541 4516 qua-

1962 4546 2085 4591 tuor
2108 4534 2523 4607 Evangeliorum
2573 4534 2717 4599 libri,
2761 4534 2958 4606 quibus
2996 4534 3241 4589 Ecclesia
3278 4549 3377 4605 per
3408 4552 3542 4607 qua-

1963 4638 2086 4683 tuor
2137 4626 2321 4681 mundi
2370 4636 2554 4698 partes
2606 4627 2847 4700 accincta
2876 4626 3220 4696 pnedicatur.
3254 4623 3446 4682 Vectes
3474 4627 3541 4681 de

1964 4721 2125 4794 lignis
2187 4719 2630 4792 imputribilibus,
2691 4719 2909 4773 circulis
2962 4718 3312 4791 intromissis,
3373 4716 3541 4773 fortes

1963 4811 2347 4883 praadicatores
2389 4816 2569 4864 mente
2598 4809 2911 4878 incorrupta
2940 4808 3264 4879 evangelicae
3287 4805 3544 4878 praedica-

1968 4902 2098 4957 tioni
2129 4916 2345 4971 semper
2371 4901 2584 4957 intenti.
2637 4900 2782 4956 Urna
2820 4914 3005 4965 aurea,
3036 4913 3163 4955 caro
3182 4905 3266 4952 est
3292 4892 3538 4950 Salvam;

1968 4994 2042 5047 ris
2080 4993 2301 5059 munda,
2348 5000 2620 5063 perpetua:
2656 4992 2954 5046 divinitatis
3002 4987 3281 5045 dulcedine
3315 4984 3539 5054 repleta.

1967 5083 2149 5139 Mensa
2176 5084 2435 5137 Dominus
2459 5080 2617 5137 Jesus
2643 5081 2911 5145 Christus,
2950 5079 3041 5148 qui
3077 5085 3160 5131 est
3190 5073 3411 5129 refectio
3436 5072 3544 5128 elc-

1968 5183 2203 5239 ctorum,
2230 5174 2344 5227 sive
2374 5172 2554 5226 unitas
2589 5171 2710 5226 ﬁdei
2736 5188 2750 5235 ;
2783 5171 2847 5225 de
2873 5183 2980 5239 quo
3027 5166 3158 5220 dicit
3207 5163 3493 5220 Psalmista
3524 5181 3538 5217 :

1972 5263 2187 5318 Parasti
2230 5265 2284 5316 in
2304 5272 2578 5332 conspectu
2611 5274 2723 5316 meo
2773 5273 3001 5313 mensam
3034 5254 3207 5330 (Psal.
3243 5253 3401 5327 aiin).
3436 5252 3541 5307 Po-

1970 5362 2076 5409 test
2107 5363 2162 5408 et
2212 5367 2395 5406 iueusa
2428 5351 2496 5405 de
2549 5351 2709 5421 lignis
2748 5350 2943 5405 sethim
2992 5357 3149 5418 pacta
3203 5346 3538 5416 Scripturam

1970 5460 2178 5500 sacram
2207 5442 2534 5512 signiﬁcare,
2587 5442 2652 5495 de
2704 5440 2934 5496 fortibus
2978 5446 3287 5493 sanctorum
3325 5445 3540 5507 patrum

1970 5537 2151 5593 verbis
2177 5534 2494 5604 aclibusque
2520 5541 2887 5602 compactam;
2918 5546 3037 5600 qua:
3064 5530 3190 5585 dum
3224 5528 3394 5593 nobis,
3420 5544 3540 5600 quae

1969 5631 2079 5684 sint
2102 5638 2317 5682 :eternm
2347 5624 2538 5695 gaudia
2571 5622 2943 5688 beatitudinis,
2973 5630 3028 5677 et
3049 5620 3318 5690 quomodo
3339 5620 3405 5676 ad
3429 5620 3542 5676 hau:

3036 5714 3109 5776 13
