  <div class='ocr_page' id='page_1' title='image "/cluster/home/n/w/nwhite01/storage/ocr_20150623/111/hvd.32044054759766/203.png"; bbox 0 0 3974 6188; ppageno 0'>
   <div class='ocr_carea' id='block_1_1' title="bbox 345 308 449 365">
    <p class='ocr_par' dir='ltr' id='par_1_1' title="bbox 345 308 449 365">
     <span class='ocr_line' id='line_1_1' title="bbox 345 308 449 365; baseline 0.019 -2"><span class='ocrx_word' id='word_1_1' title='bbox 345 308 449 365; x_wconf 75' lang='lat'><strong>395</strong></span> 
     </span>
    </p>
   </div>
   <div class='ocr_carea' id='block_1_2' title="bbox 986 295 2940 356">
    <p class='ocr_par' dir='ltr' id='par_1_2' title="bbox 986 295 2940 356">
     <span class='ocr_line' id='line_1_2' title="bbox 986 295 2940 356; baseline -0.001 0"><span class='ocrx_word' id='word_1_2' title='bbox 986 302 1045 356; x_wconf 87' lang='lat' dir='ltr'><strong>B.</strong></span> <span class='ocrx_word' id='word_1_3' title='bbox 1089 298 1338 356; x_wconf 73' lang='lat' dir='ltr'><strong>RABANI</strong></span> <span class='ocrx_word' id='word_1_4' title='bbox 1375 296 1592 354; x_wconf 77' lang='lat' dir='ltr'><strong>MAURI</strong></span> <span class='ocrx_word' id='word_1_5' title='bbox 1631 295 1947 353; x_wconf 79' lang='lat' dir='ltr'><strong>ARCHIEP.</strong></span> <span class='ocrx_word' id='word_1_6' title='bbox 1989 296 2297 354; x_wconf 81' lang='lat' dir='ltr'><strong>MOGUNT.</strong></span> <span class='ocrx_word' id='word_1_7' title='bbox 2338 298 2622 356; x_wconf 72' lang='lat' dir='ltr'><strong>OPERUM</strong></span> <span class='ocrx_word' id='word_1_8' title='bbox 2661 299 2842 354; x_wconf 77' lang='lat' dir='ltr'><strong>PARS</strong></span> <span class='ocrx_word' id='word_1_9' title='bbox 2881 299 2940 354; x_wconf 89' lang='lat' dir='ltr'><strong>ll.</strong></span> 
     </span>
    </p>
   </div>
   <div class='ocr_carea' id='block_1_3' title="bbox 3507 297 3615 352">
    <p class='ocr_par' dir='ltr' id='par_1_3' title="bbox 3507 297 3615 352">
     <span class='ocr_line' id='line_1_3' title="bbox 3507 297 3615 352; baseline 0 -1"><span class='ocrx_word' id='word_1_10' title='bbox 3507 297 3615 352; x_wconf 75' lang='lat'><strong>396</strong></span> 
     </span>
    </p>
   </div>
   <div class='ocr_carea' id='block_1_4' title="bbox 347 409 3616 494">
    <p class='ocr_par' dir='ltr' id='par_1_4' title="bbox 347 409 3616 494">
     <span class='ocr_line' id='line_1_4' title="bbox 347 409 3616 494; baseline -0.003 -16"><span class='ocrx_word' id='word_1_11' title='bbox 347 425 696 494; x_wconf 69' lang='lat' dir='ltr'><strong>perveniatur</strong></span> <span class='ocrx_word' id='word_1_12' title='bbox 717 417 968 482; x_wconf 73' lang='lat' dir='ltr'><strong>ostendit,</strong></span> <span class='ocrx_word' id='word_1_13' title='bbox 999 416 1179 471; x_wconf 84' lang='lat' dir='ltr'><strong>cibum</strong></span> <span class='ocrx_word' id='word_1_14' title='bbox 1209 412 1452 484; x_wconf 89' lang='lat' dir='ltr'><strong>profecto</strong></span> <span class='ocrx_word' id='word_1_15' title='bbox 1482 411 1637 466; x_wconf 90' lang='lat' dir='ltr'><strong>nobis</strong></span> <span class='ocrx_word' id='word_1_16' title='bbox 1667 409 1855 464; x_wconf 85' lang='lat' dir='ltr'><strong>salutis</strong></span> <span class='ocrx_word' id='word_1_17' title='bbox 1875 425 1938 464; x_wconf 91' lang='lat' dir='ltr'><strong>ac</strong></span> <span class='ocrx_word' id='word_1_18' title='bbox 1965 413 2010 472; x_wconf 82' lang='lat' dir='ltr'><strong>A</strong></span> <span class='ocrx_word' id='word_1_19' title='bbox 2042 426 2201 476; x_wconf 74' lang='lat' dir='ltr'><strong>arcte,</strong></span> <span class='ocrx_word' id='word_1_20' title='bbox 2235 411 2364 468; x_wconf 88' lang='lat' dir='ltr'><strong>illud</strong></span> <span class='ocrx_word' id='word_1_21' title='bbox 2395 421 2520 468; x_wconf 90' lang='lat' dir='ltr'><strong>ante</strong></span> <span class='ocrx_word' id='word_1_22' title='bbox 2581 411 2987 468; x_wconf 91' lang='lat' dir='ltr'><strong>tabernaculum</strong></span> <span class='ocrx_word' id='word_1_23' title='bbox 3045 409 3176 466; x_wconf 89' lang='lat' dir='ltr'><strong>foris</strong></span> <span class='ocrx_word' id='word_1_24' title='bbox 3225 412 3462 482; x_wconf 90' lang='lat' dir='ltr'><strong>positum</strong></span> <span class='ocrx_word' id='word_1_25' title='bbox 3490 423 3616 474; x_wconf 84' lang='lat' dir='ltr'><strong>est;</strong></span> 
     </span>
    </p>
   </div>
   <div class='ocr_carea' id='block_1_5' title="bbox 349 499 1936 584">
    <p class='ocr_par' dir='ltr' id='par_1_5' title="bbox 349 499 1936 584">
     <span class='ocr_line' id='line_1_5' title="bbox 349 499 1936 584; baseline -0.009 -16"><span class='ocrx_word' id='word_1_26' title='bbox 349 517 473 570; x_wconf 68' lang='lat' dir='ltr'><strong>vita:</strong></span> <span class='ocrx_word' id='word_1_27' title='bbox 501 518 760 584; x_wconf 73' lang='lat' dir='ltr'><strong>suggerit.</strong></span> <span class='ocrx_word' id='word_1_28' title='bbox 821 507 983 564; x_wconf 78' lang='lat' dir='ltr'><strong>Varia</strong></span> <span class='ocrx_word' id='word_1_29' title='bbox 1037 520 1185 568; x_wconf 87' lang='lat' dir='ltr'><strong>vasa,</strong></span> <span class='ocrx_word' id='word_1_30' title='bbox 1239 519 1361 574; x_wconf 70' lang='lat' dir='ltr'><strong>quae</strong></span> <span class='ocrx_word' id='word_1_31' title='bbox 1393 504 1458 557; x_wconf 92' lang='lat' dir='ltr'><strong>ad</strong></span> <span class='ocrx_word' id='word_1_32' title='bbox 1488 499 1763 556; x_wconf 77' lang='lat' dir='ltr'><strong>offerenda</strong></span> <span class='ocrx_word' id='word_1_33' title='bbox 1803 499 1936 554; x_wconf 88' lang='lat' dir='ltr'><strong>liba-</strong></span> 
     </span>
    </p>
   </div>
   <div class='ocr_carea' id='block_1_6' title="bbox 351 591 1934 666">
    <p class='ocr_par' dir='ltr' id='par_1_6' title="bbox 351 591 1934 666">
     <span class='ocr_line' id='line_1_6' title="bbox 351 591 1934 666; baseline -0.009 -5"><span class='ocrx_word' id='word_1_34' title='bbox 351 607 494 662; x_wconf 89' lang='lat' dir='ltr'><strong>mina</strong></span> <span class='ocrx_word' id='word_1_35' title='bbox 533 611 661 660; x_wconf 90' lang='lat' dir='ltr'><strong>sunt</strong></span> <span class='ocrx_word' id='word_1_36' title='bbox 683 601 843 666; x_wconf 90' lang='lat' dir='ltr'><strong>facta,</strong></span> <span class='ocrx_word' id='word_1_37' title='bbox 867 599 1030 654; x_wconf 75' lang='lat' dir='ltr'><strong>varia:</strong></span> <span class='ocrx_word' id='word_1_38' title='bbox 1059 606 1184 654; x_wconf 89' lang='lat' dir='ltr'><strong>sunt</strong></span> <span class='ocrx_word' id='word_1_39' title='bbox 1211 595 1588 651; x_wconf 84' lang='lat' dir='ltr'><strong>distinctiones</strong></span> <span class='ocrx_word' id='word_1_40' title='bbox 1621 593 1831 663; x_wconf 63' lang='lat' dir='ltr'><strong>eloquii</strong></span> <span class='ocrx_word' id='word_1_41' title='bbox 1855 591 1934 646; x_wconf 81' lang='lat' dir='ltr'><strong>di-</strong></span> 
     </span>
    </p>
   </div>
   <div class='ocr_carea' id='block_1_7' title="bbox 349 687 1937 774">
    <p class='ocr_par' dir='ltr' id='par_1_7' title="bbox 349 687 1937 774">
     <span class='ocr_line' id='line_1_7' title="bbox 349 687 1937 774; baseline -0.008 -22"><span class='ocrx_word' id='word_1_42' title='bbox 349 701 460 756; x_wconf 87' lang='lat' dir='ltr'><strong>vini</strong></span> <span class='ocrx_word' id='word_1_43' title='bbox 491 715 592 774; x_wconf 89' lang='lat' dir='ltr'><strong>pro</strong></span> <span class='ocrx_word' id='word_1_44' title='bbox 617 697 815 768; x_wconf 83' lang='lat' dir='ltr'><strong>dispari</strong></span> <span class='ocrx_word' id='word_1_45' title='bbox 865 695 1166 765; x_wconf 88' lang='lat' dir='ltr'><strong>capacitate</strong></span> <span class='ocrx_word' id='word_1_46' title='bbox 1199 689 1554 745; x_wconf 88' lang='lat' dir='ltr'><strong>audientium.</strong></span> <span class='ocrx_word' id='word_1_47' title='bbox 1603 687 1778 742; x_wconf 85' lang='lat' dir='ltr'><strong>Panes</strong></span> <span class='ocrx_word' id='word_1_48' title='bbox 1811 701 1937 756; x_wconf 87' lang='lat' dir='ltr'><strong>pro-</strong></span> 
     </span>
    </p>
   </div>
   <div class='ocr_carea' id='block_1_8' title="bbox 349 777 1934 864">
    <p class='ocr_par' dir='ltr' id='par_1_8' title="bbox 349 777 1934 864">
     <span class='ocr_line' id='line_1_8' title="bbox 349 777 1934 864; baseline -0.013 -15"><span class='ocrx_word' id='word_1_49' title='bbox 349 791 635 864; x_wconf 80' lang='lat' dir='ltr'><strong>positionis</strong></span> <span class='ocrx_word' id='word_1_50' title='bbox 691 803 855 858; x_wconf 85' lang='lat' dir='ltr'><strong>super</strong></span> <span class='ocrx_word' id='word_1_51' title='bbox 907 798 1151 840; x_wconf 79' lang='lat' dir='ltr'><strong>mensam</strong></span> <span class='ocrx_word' id='word_1_52' title='bbox 1209 781 1372 853; x_wconf 83' lang='lat' dir='ltr'><strong>positi</strong></span> <span class='ocrx_word' id='word_1_53' title='bbox 1411 793 1626 849; x_wconf 81' lang='lat' dir='ltr'><strong>semper</strong></span> <span class='ocrx_word' id='word_1_54' title='bbox 1683 777 1934 832; x_wconf 88' lang='lat' dir='ltr'><strong>doctores</strong></span> 
     </span>
    </p>
   </div>
   <div class='ocr_carea' id='block_1_9' title="bbox 351 873 1934 956">
    <p class='ocr_par' dir='ltr' id='par_1_9' title="bbox 351 873 1934 956">
     <span class='ocr_line' id='line_1_9' title="bbox 351 873 1934 956; baseline -0.014 -12"><span class='ocrx_word' id='word_1_55' title='bbox 351 897 476 944; x_wconf 88' lang='lat' dir='ltr'><strong>sunt</strong></span> <span class='ocrx_word' id='word_1_56' title='bbox 504 882 796 956; x_wconf 84' lang='lat' dir='ltr'><strong>spiritales,</strong></span> <span class='ocrx_word' id='word_1_57' title='bbox 835 879 926 951; x_wconf 90' lang='lat' dir='ltr'><strong>qui</strong></span> <span class='ocrx_word' id='word_1_58' title='bbox 956 879 1008 932; x_wconf 89' lang='lat' dir='ltr'><strong>in</strong></span> <span class='ocrx_word' id='word_1_59' title='bbox 1035 877 1150 948; x_wconf 79' lang='lat' dir='ltr'><strong>lege</strong></span> <span class='ocrx_word' id='word_1_60' title='bbox 1189 873 1402 930; x_wconf 90' lang='lat' dir='ltr'><strong>Domini</strong></span> <span class='ocrx_word' id='word_1_61' title='bbox 1437 873 1524 928; x_wconf 90' lang='lat' dir='ltr'><strong>die</strong></span> <span class='ocrx_word' id='word_1_62' title='bbox 1550 887 1614 926; x_wconf 91' lang='lat' dir='ltr'><strong>ac</strong></span> <span class='ocrx_word' id='word_1_63' title='bbox 1636 877 1792 924; x_wconf 90' lang='lat' dir='ltr'><strong>nocte</strong></span> <span class='ocrx_word' id='word_1_64' title='bbox 1822 883 1934 923; x_wconf 91' lang='lat' dir='ltr'><strong>me-</strong></span> 
     </span>
    </p>
   </div>
   <div class='ocr_carea' id='block_1_10' title="bbox 351 962 1934 1034">
    <p class='ocr_par' dir='ltr' id='par_1_10' title="bbox 351 962 1934 1034">
     <span class='ocr_line' id='line_1_10' title="bbox 351 962 1934 1034; baseline -0.011 -1"><span class='ocrx_word' id='word_1_65' title='bbox 351 980 586 1034; x_wconf 79' lang='lat' dir='ltr'><strong>ditantes</strong></span> <span class='ocrx_word' id='word_1_66' title='bbox 613 973 827 1030; x_wconf 90' lang='lat' dir='ltr'><strong>cunctis</strong></span> <span class='ocrx_word' id='word_1_67' title='bbox 874 969 1173 1025; x_wconf 80' lang='lat' dir='ltr'><strong>Ecclesium</strong></span> <span class='ocrx_word' id='word_1_68' title='bbox 1205 965 1532 1022; x_wconf 81' lang='lat' dir='ltr'><strong>intrantibus</strong></span> <span class='ocrx_word' id='word_1_69' title='bbox 1582 962 1934 1018; x_wconf 81' lang='lat' dir='ltr'><strong>refectionem</strong></span> 
     </span>
    </p>
   </div>
   <div class='ocr_carea' id='block_1_11' title="bbox 351 1061 1046 1123">
    <p class='ocr_par' dir='ltr' id='par_1_11' title="bbox 351 1061 1046 1123">
     <span class='ocr_line' id='line_1_11' title="bbox 351 1061 1046 1123; baseline -0.013 -1"><span class='ocrx_word' id='word_1_70' title='bbox 351 1067 500 1123; x_wconf 88' lang='lat' dir='ltr'><strong>verbi</strong></span> <span class='ocrx_word' id='word_1_71' title='bbox 531 1064 770 1122; x_wconf 67' lang='lat' dir='ltr'><strong>caelestis</strong></span> <span class='ocrx_word' id='word_1_72' title='bbox 793 1061 1046 1116; x_wconf 81' lang='lat' dir='ltr'><strong>oll‘erunt.</strong></span> 
     </span>
    </p>
   </div>
   <div class='ocr_carea' id='block_1_12' title="bbox 419 1142 1930 1224">
    <p class='ocr_par' dir='ltr' id='par_1_12' title="bbox 419 1142 1930 1224">
     <span class='ocr_line' id='line_1_12' title="bbox 419 1142 1930 1224; baseline -0.012 -11"><span class='ocrx_word' id='word_1_73' title='bbox 419 1155 712 1213; x_wconf 89' lang='lat' dir='ltr'><strong>Duodecim</strong></span> <span class='ocrx_word' id='word_1_74' title='bbox 742 1169 874 1224; x_wconf 84' lang='lat' dir='ltr'><strong>ergo</strong></span> <span class='ocrx_word' id='word_1_75' title='bbox 901 1164 1067 1223; x_wconf 88' lang='lat' dir='ltr'><strong>panes</strong></span> <span class='ocrx_word' id='word_1_76' title='bbox 1108 1149 1161 1203; x_wconf 91' lang='lat' dir='ltr'><strong>in</strong></span> <span class='ocrx_word' id='word_1_77' title='bbox 1191 1161 1377 1201; x_wconf 89' lang='lat' dir='ltr'><strong>mensa</strong></span> <span class='ocrx_word' id='word_1_78' title='bbox 1412 1143 1769 1208; x_wconf 86' lang='lat' dir='ltr'><strong>tabernaculi,</strong></span> <span class='ocrx_word' id='word_1_79' title='bbox 1794 1142 1930 1198; x_wconf 90' lang='lat' dir='ltr'><strong>duo-</strong></span> 
     </span>
    </p>
   </div>
   <div class='ocr_carea' id='block_1_13' title="bbox 349 1233 1936 1316">
    <p class='ocr_par' dir='ltr' id='par_1_13' title="bbox 349 1233 1936 1316">
     <span class='ocr_line' id='line_1_13' title="bbox 349 1233 1936 1316; baseline -0.012 -12"><span class='ocrx_word' id='word_1_80' title='bbox 349 1249 522 1306; x_wconf 90' lang='lat' dir='ltr'><strong>decim</strong></span> <span class='ocrx_word' id='word_1_81' title='bbox 555 1243 817 1316; x_wconf 77' lang='lat' dir='ltr'><strong>Apostoli,</strong></span> <span class='ocrx_word' id='word_1_82' title='bbox 854 1251 908 1296; x_wconf 94' lang='lat' dir='ltr'><strong>et</strong></span> <span class='ocrx_word' id='word_1_83' title='bbox 949 1254 1139 1294; x_wconf 90' lang='lat' dir='ltr'><strong>omnes</strong></span> <span class='ocrx_word' id='word_1_84' title='bbox 1169 1237 1429 1292; x_wconf 70' lang='lat' dir='ltr'><strong>doctrina:</strong></span> <span class='ocrx_word' id='word_1_85' title='bbox 1476 1233 1691 1289; x_wconf 86' lang='lat' dir='ltr'><strong>illorum</strong></span> <span class='ocrx_word' id='word_1_86' title='bbox 1742 1247 1936 1302; x_wconf 89' lang='lat' dir='ltr'><strong>sequa-</strong></span> 
     </span>
    </p>
   </div>
   <div class='ocr_carea' id='block_1_14' title="bbox 348 1321 1933 1396">
    <p class='ocr_par' dir='ltr' id='par_1_14' title="bbox 348 1321 1933 1396">
     <span class='ocr_line' id='line_1_14' title="bbox 348 1321 1933 1396; baseline -0.012 0"><span class='ocrx_word' id='word_1_87' title='bbox 348 1353 441 1396; x_wconf 84' lang='lat' dir='ltr'><strong>ces</strong></span> <span class='ocrx_word' id='word_1_88' title='bbox 467 1338 524 1392; x_wconf 89' lang='lat' dir='ltr'><strong>in</strong></span> <span class='ocrx_word' id='word_1_89' title='bbox 574 1333 840 1392; x_wconf 87' lang='lat' dir='ltr'><strong>Ecclesia.</strong></span> <span class='ocrx_word' id='word_1_90' title='bbox 881 1329 1279 1387; x_wconf 84' lang='lat' dir='ltr'><strong>Candelabrum</strong></span> <span class='ocrx_word' id='word_1_91' title='bbox 1310 1340 1510 1396; x_wconf 89' lang='lat' dir='ltr'><strong>corpus</strong></span> <span class='ocrx_word' id='word_1_92' title='bbox 1562 1323 1799 1388; x_wconf 90' lang='lat' dir='ltr'><strong>Domini,</strong></span> <span class='ocrx_word' id='word_1_93' title='bbox 1845 1321 1933 1378; x_wconf 92' lang='lat' dir='ltr'><strong>vel</strong></span> 
     </span>
    </p>
   </div>
   <div class='ocr_carea' id='block_1_15' title="bbox 349 1413 1930 1490">
    <p class='ocr_par' dir='ltr' id='par_1_15' title="bbox 349 1413 1930 1490">
     <span class='ocr_line' id='line_1_15' title="bbox 349 1413 1930 1490; baseline -0.011 -5"><span class='ocrx_word' id='word_1_94' title='bbox 349 1429 589 1485; x_wconf 80' lang='lat' dir='ltr'><strong>Ecclesia</strong></span> <span class='ocrx_word' id='word_1_95' title='bbox 614 1434 826 1490; x_wconf 89' lang='lat' dir='ltr'><strong>sancta,</strong></span> <span class='ocrx_word' id='word_1_96' title='bbox 859 1431 951 1478; x_wconf 89' lang='lat' dir='ltr'><strong>aut</strong></span> <span class='ocrx_word' id='word_1_97' title='bbox 983 1421 1163 1477; x_wconf 89' lang='lat' dir='ltr'><strong>divina</strong></span> <span class='ocrx_word' id='word_1_98' title='bbox 1195 1418 1501 1488; x_wconf 90' lang='lat' dir='ltr'><strong>Scriptura.</strong></span> <span class='ocrx_word' id='word_1_99' title='bbox 1534 1414 1591 1470; x_wconf 86' lang='lat' dir='ltr'><strong>In</strong></span> <span class='ocrx_word' id='word_1_100' title='bbox 1621 1413 1889 1470; x_wconf 85' lang='lat' dir='ltr'><strong>Zacharia</strong></span> <span class='ocrx_word' id='word_1_101' title='bbox 1915 1430 1930 1467; x_wconf 92' lang='lat'><strong>:</strong></span> 
     </span>
    </p>
   </div>
   <div class='ocr_carea' id='block_1_16' title="bbox 362 1500 1928 1575">
    <p class='ocr_par' dir='ltr' id='par_1_16' title="bbox 362 1500 1928 1575">
     <span class='ocr_line' id='line_1_16' title="bbox 362 1500 1928 1575; baseline -0.011 -4"><span class='ocrx_word' id='word_1_102' title='bbox 362 1518 478 1573; x_wconf 83' lang='lat' dir='ltr'><strong>Vidi</strong></span> <span class='ocrx_word' id='word_1_103' title='bbox 497 1535 530 1572; x_wconf 88' lang='lat' dir='ltr'><strong>a</strong></span> <span class='ocrx_word' id='word_1_104' title='bbox 559 1516 758 1572; x_wconf 76' lang='lat' dir='ltr'><strong>dextris</strong></span> <span class='ocrx_word' id='word_1_105' title='bbox 781 1512 969 1567; x_wconf 85' lang='lat' dir='ltr'><strong>altaris</strong></span> <span class='ocrx_word' id='word_1_106' title='bbox 994 1507 1311 1565; x_wconf 82' lang='lat' dir='ltr'><strong>candelabra</strong></span> <span class='ocrx_word' id='word_1_107' title='bbox 1329 1505 1438 1560; x_wconf 91' lang='lat' dir='ltr'><strong>duo</strong></span> <span class='ocrx_word' id='word_1_108' title='bbox 1465 1513 1712 1575; x_wconf 81' lang='lat' dir='ltr'><strong>argentea</strong></span> <span class='ocrx_word' id='word_1_109' title='bbox 1741 1500 1928 1574; x_wconf 83' lang='lat' dir='ltr'><strong>(Zach.</strong></span> 
     </span>
    </p>
   </div>
   <div class='ocr_carea' id='block_1_17' title="bbox 350 1595 1930 1684">
    <p class='ocr_par' dir='ltr' id='par_1_17' title="bbox 350 1595 1930 1684">
     <span class='ocr_line' id='line_1_17' title="bbox 350 1595 1930 1684; baseline -0.01 -19"><span class='ocrx_word' id='word_1_110' title='bbox 350 1612 446 1684; x_wconf 85' lang='lat' dir='ltr'><strong>tv).</strong></span> <span class='ocrx_word' id='word_1_111' title='bbox 480 1609 696 1680; x_wconf 84' lang='lat' dir='ltr'><strong>Septem</strong></span> <span class='ocrx_word' id='word_1_112' title='bbox 719 1607 956 1663; x_wconf 74' lang='lat' dir='ltr'><strong>lucerna:</strong></span> <span class='ocrx_word' id='word_1_113' title='bbox 983 1601 1308 1659; x_wconf 88' lang='lat' dir='ltr'><strong>candelabro</strong></span> <span class='ocrx_word' id='word_1_114' title='bbox 1357 1598 1734 1670; x_wconf 58' lang='lat' dir='ltr'><strong>superposita},</strong></span> <span class='ocrx_word' id='word_1_115' title='bbox 1761 1595 1930 1666; x_wconf 89' lang='lat' dir='ltr'><strong>septi-</strong></span> 
     </span>
    </p>
   </div>
   <div class='ocr_carea' id='block_1_18' title="bbox 349 1686 1926 1758">
    <p class='ocr_par' dir='ltr' id='par_1_18' title="bbox 349 1686 1926 1758">
     <span class='ocr_line' id='line_1_18' title="bbox 349 1686 1926 1758; baseline -0.01 -2"><span class='ocrx_word' id='word_1_116' title='bbox 349 1703 522 1758; x_wconf 82' lang='lat' dir='ltr'><strong>forme</strong></span> <span class='ocrx_word' id='word_1_117' title='bbox 549 1699 806 1756; x_wconf 73' lang='lat' dir='ltr'><strong>Ecclesiae</strong></span> <span class='ocrx_word' id='word_1_118' title='bbox 840 1702 1245 1753; x_wconf 83' lang='lat' dir='ltr'><strong>sacramentum</strong></span> <span class='ocrx_word' id='word_1_119' title='bbox 1269 1690 1354 1747; x_wconf 87' lang='lat' dir='ltr'><strong>vel</strong></span> <span class='ocrx_word' id='word_1_120' title='bbox 1410 1689 1563 1744; x_wconf 91' lang='lat' dir='ltr'><strong>ﬁdes.</strong></span> <span class='ocrx_word' id='word_1_121' title='bbox 1615 1687 1676 1742; x_wconf 81' lang='lat' dir='ltr'><strong>In</strong></span> <span class='ocrx_word' id='word_1_122' title='bbox 1721 1686 1926 1742; x_wconf 80' lang='lat' dir='ltr'><strong>Exodo.</strong></span> 
     </span>
    </p>
   </div>
   <div class='ocr_carea' id='block_1_19' title="bbox 2037 503 3621 575">
    <p class='ocr_par' dir='ltr' id='par_1_19' title="bbox 2037 503 3621 575">
     <span class='ocr_line' id='line_1_19' title="bbox 2037 503 3621 575; baseline 0.004 -19"><span class='ocrx_word' id='word_1_123' title='bbox 2037 504 2164 574; x_wconf 89' lang='lat' dir='ltr'><strong>quia</strong></span> <span class='ocrx_word' id='word_1_124' title='bbox 2219 505 2474 558; x_wconf 89' lang='lat' dir='ltr'><strong>nimirum</strong></span> <span class='ocrx_word' id='word_1_125' title='bbox 2513 503 2587 558; x_wconf 89' lang='lat' dir='ltr'><strong>illi</strong></span> <span class='ocrx_word' id='word_1_126' title='bbox 2644 504 2696 558; x_wconf 91' lang='lat' dir='ltr'><strong>in</strong></span> <span class='ocrx_word' id='word_1_127' title='bbox 2746 512 3039 575; x_wconf 76' lang='lat' dir='ltr'><strong>conspectu</strong></span> <span class='ocrx_word' id='word_1_128' title='bbox 3107 512 3307 559; x_wconf 74' lang='lat' dir='ltr'><strong>sanctae</strong></span> <span class='ocrx_word' id='word_1_129' title='bbox 3365 505 3621 562; x_wconf 76' lang='lat' dir='ltr'><strong>Ecclesize</strong></span> 
     </span>
    </p>
   </div>
   <div class='ocr_carea' id='block_1_20' title="bbox 2036 593 3624 667">
    <p class='ocr_par' dir='ltr' id='par_1_20' title="bbox 2036 593 3624 667">
     <span class='ocr_line' id='line_1_20' title="bbox 2036 593 3624 667; baseline 0.001 -17"><span class='ocrx_word' id='word_1_130' title='bbox 2036 596 2250 652; x_wconf 87' lang='lat' dir='ltr'><strong>cunctis</strong></span> <span class='ocrx_word' id='word_1_131' title='bbox 2279 595 2529 667; x_wconf 84' lang='lat' dir='ltr'><strong>exemplo</strong></span> <span class='ocrx_word' id='word_1_132' title='bbox 2566 595 2830 650; x_wconf 88' lang='lat' dir='ltr'><strong>virtutum</strong></span> <span class='ocrx_word' id='word_1_133' title='bbox 2883 593 3240 666; x_wconf 76' lang='lat' dir='ltr'><strong>praefulgent;</strong></span> <span class='ocrx_word' id='word_1_134' title='bbox 3273 595 3362 650; x_wconf 90' lang='lat' dir='ltr'><strong>isti</strong></span> <span class='ocrx_word' id='word_1_135' title='bbox 3399 595 3624 652; x_wconf 84' lang='lat' dir='ltr'><strong>altiores</strong></span> 
     </span>
    </p>
   </div>
   <div class='ocr_carea' id='block_1_21' title="bbox 2035 686 3625 758">
    <p class='ocr_par' dir='ltr' id='par_1_21' title="bbox 2035 686 3625 758">
     <span class='ocr_line' id='line_1_21' title="bbox 2035 686 3625 758; baseline 0 -16"><span class='ocrx_word' id='word_1_136' title='bbox 2035 688 2232 743; x_wconf 89' lang='lat' dir='ltr'><strong>ardore</strong></span> <span class='ocrx_word' id='word_1_137' title='bbox 2262 687 2535 755; x_wconf 89' lang='lat' dir='ltr'><strong>desiderii,</strong></span> <span class='ocrx_word' id='word_1_138' title='bbox 2574 686 3029 758; x_wconf 85' lang='lat' dir='ltr'><strong>contemplatione</strong></span> <span class='ocrx_word' id='word_1_139' title='bbox 3081 686 3278 742; x_wconf 74' lang='lat' dir='ltr'><strong>futura:</strong></span> <span class='ocrx_word' id='word_1_140' title='bbox 3327 687 3625 742; x_wconf 88' lang='lat' dir='ltr'><strong>beatitudi-</strong></span> 
     </span>
    </p>
   </div>
   <div class='ocr_carea' id='block_1_22' title="bbox 2035 779 3627 850">
    <p class='ocr_par' dir='ltr' id='par_1_22' title="bbox 2035 779 3627 850">
     <span class='ocr_line' id='line_1_22' title="bbox 2035 779 3627 850; baseline -0.002 -15"><span class='ocrx_word' id='word_1_141' title='bbox 2035 781 2144 846; x_wconf 89' lang='lat' dir='ltr'><strong>nis,</strong></span> <span class='ocrx_word' id='word_1_142' title='bbox 2175 781 2342 836; x_wconf 88' lang='lat' dir='ltr'><strong>etiam</strong></span> <span class='ocrx_word' id='word_1_143' title='bbox 2400 795 2628 850; x_wconf 84' lang='lat' dir='ltr'><strong>corpore</strong></span> <span class='ocrx_word' id='word_1_144' title='bbox 2659 779 2884 845; x_wconf 89' lang='lat' dir='ltr'><strong>detenti,</strong></span> <span class='ocrx_word' id='word_1_145' title='bbox 2931 794 3038 833; x_wconf 92' lang='lat' dir='ltr'><strong>non</strong></span> <span class='ocrx_word' id='word_1_146' title='bbox 3065 779 3347 834; x_wconf 88' lang='lat' dir='ltr'><strong>minimum</strong></span> <span class='ocrx_word' id='word_1_147' title='bbox 3399 779 3627 850; x_wconf 84' lang='lat' dir='ltr'><strong>prepin-</strong></span> 
     </span>
    </p>
   </div>
   <div class='ocr_carea' id='block_1_23' title="bbox 2035 870 3622 944">
    <p class='ocr_par' dir='ltr' id='par_1_23' title="bbox 2035 870 3622 944">
     <span class='ocr_line' id='line_1_23' title="bbox 2035 870 3622 944; baseline -0.001 -19"><span class='ocrx_word' id='word_1_148' title='bbox 2035 883 2224 944; x_wconf 87' lang='lat' dir='ltr'><strong>quant.</strong></span> <span class='ocrx_word' id='word_1_149' title='bbox 2257 872 2397 943; x_wconf 84' lang='lat' dir='ltr'><strong>Apte</strong></span> <span class='ocrx_word' id='word_1_150' title='bbox 2425 871 2552 926; x_wconf 91' lang='lat' dir='ltr'><strong>illud</strong></span> <span class='ocrx_word' id='word_1_151' title='bbox 2575 886 2702 934; x_wconf 68' lang='lat' dir='ltr'><strong>utre,</strong></span> <span class='ocrx_word' id='word_1_152' title='bbox 2759 871 2863 926; x_wconf 89' lang='lat' dir='ltr'><strong>hoc</strong></span> <span class='ocrx_word' id='word_1_153' title='bbox 2887 870 3076 925; x_wconf 88' lang='lat' dir='ltr'><strong>vestiri</strong></span> <span class='ocrx_word' id='word_1_154' title='bbox 3128 885 3260 926; x_wconf 87' lang='lat' dir='ltr'><strong>auro</strong></span> <span class='ocrx_word' id='word_1_155' title='bbox 3282 870 3622 942; x_wconf 73' lang='lat' dir='ltr'><strong>prtecipitur.</strong></span> 
     </span>
    </p>
   </div>
   <div class='ocr_carea' id='block_1_24' title="bbox 2035 963 3627 1036">
    <p class='ocr_par' dir='ltr' id='par_1_24' title="bbox 2035 963 3627 1036">
     <span class='ocr_line' id='line_1_24' title="bbox 2035 963 3627 1036; baseline -0.003 -16"><span class='ocrx_word' id='word_1_156' title='bbox 2035 963 2136 1020; x_wconf 70' lang='grc' dir='ltr'><strong>Αῖε</strong></span> <span class='ocrx_word' id='word_1_157' title='bbox 2164 980 2396 1035; x_wconf 84' lang='lat' dir='ltr'><strong>namque</strong></span> <span class='ocrx_word' id='word_1_158' title='bbox 2425 964 2546 1036; x_wconf 91' lang='lat' dir='ltr'><strong>plus</strong></span> <span class='ocrx_word' id='word_1_159' title='bbox 2568 964 2689 1019; x_wconf 91' lang='lat' dir='ltr'><strong>aliis</strong></span> <span class='ocrx_word' id='word_1_160' title='bbox 2717 963 2952 1018; x_wconf 87' lang='lat' dir='ltr'><strong>metallis</strong></span> <span class='ocrx_word' id='word_1_161' title='bbox 3005 978 3262 1019; x_wconf 91' lang='lat' dir='ltr'><strong>sonorum</strong></span> <span class='ocrx_word' id='word_1_162' title='bbox 3302 978 3368 1018; x_wconf 91' lang='lat' dir='ltr'><strong>ac</strong></span> <span class='ocrx_word' id='word_1_163' title='bbox 3399 963 3490 1018; x_wconf 90' lang='lat' dir='ltr'><strong>diu</strong></span> <span class='ocrx_word' id='word_1_164' title='bbox 3522 965 3627 1019; x_wconf 87' lang='lat' dir='ltr'><strong>du-</strong></span> 
     </span>
    </p>
   </div>
   <div class='ocr_carea' id='block_1_25' title="bbox 2037 1053 3625 1124">
    <p class='ocr_par' dir='ltr' id='par_1_25' title="bbox 2037 1053 3625 1124">
     <span class='ocr_line' id='line_1_25' title="bbox 2037 1053 3625 1124; baseline -0.001 -13"><span class='ocrx_word' id='word_1_165' title='bbox 2037 1055 2206 1111; x_wconf 92' lang='lat' dir='ltr'><strong>rabile</strong></span> <span class='ocrx_word' id='word_1_166' title='bbox 2227 1063 2348 1110; x_wconf 84' lang='lat' dir='ltr'><strong>est:</strong></span> <span class='ocrx_word' id='word_1_167' title='bbox 2380 1069 2574 1108; x_wconf 89' lang='lat' dir='ltr'><strong>aurum</strong></span> <span class='ocrx_word' id='word_1_168' title='bbox 2627 1068 2759 1108; x_wconf 88' lang='lat' dir='ltr'><strong>vero</strong></span> <span class='ocrx_word' id='word_1_169' title='bbox 2803 1060 3066 1124; x_wconf 89' lang='lat' dir='ltr'><strong>quantum</strong></span> <span class='ocrx_word' id='word_1_170' title='bbox 3111 1068 3244 1108; x_wconf 91' lang='lat' dir='ltr'><strong>sono</strong></span> <span class='ocrx_word' id='word_1_171' title='bbox 3292 1053 3625 1118; x_wconf 85' lang='lat' dir='ltr'><strong>succumbit,</strong></span> 
     </span>
    </p>
   </div>
   <div class='ocr_carea' id='block_1_26' title="bbox 2038 1144 3626 1218">
    <p class='ocr_par' dir='ltr' id='par_1_26' title="bbox 2038 1144 3626 1218">
     <span class='ocr_line' id='line_1_26' title="bbox 2038 1144 3626 1218; baseline -0.004 -16"><span class='ocrx_word' id='word_1_172' title='bbox 2038 1156 2244 1203; x_wconf 89' lang='lat' dir='ltr'><strong>tantum</strong></span> <span class='ocrx_word' id='word_1_173' title='bbox 2294 1146 2580 1218; x_wconf 89' lang='lat' dir='ltr'><strong>splendore</strong></span> <span class='ocrx_word' id='word_1_174' title='bbox 2626 1154 2867 1217; x_wconf 62' lang='lat' dir='ltr'><strong>praestat“</strong></span> <span class='ocrx_word' id='word_1_175' title='bbox 2903 1153 3238 1210; x_wconf 83' lang='lat' dir='ltr'><strong>aeramento;</strong></span> <span class='ocrx_word' id='word_1_176' title='bbox 3270 1144 3398 1199; x_wconf 89' lang='lat' dir='ltr'><strong>illud</strong></span> <span class='ocrx_word' id='word_1_177' title='bbox 3429 1145 3626 1200; x_wconf 82' lang='lat' dir='ltr'><strong>doctu--</strong></span> 
     </span>
    </p>
   </div>
   <div class='ocr_carea' id='block_1_27' title="bbox 2036 1235 3630 1310">
    <p class='ocr_par' dir='ltr' id='par_1_27' title="bbox 2036 1235 3630 1310">
     <span class='ocr_line' id='line_1_27' title="bbox 2036 1235 3630 1310; baseline -0.003 -16"><span class='ocrx_word' id='word_1_178' title='bbox 2036 1255 2154 1294; x_wconf 91' lang='lat' dir='ltr'><strong>rum</strong></span> <span class='ocrx_word' id='word_1_179' title='bbox 2184 1237 2624 1310; x_wconf 63' lang='lat' dir='ltr'><strong>praedicationem</strong></span> <span class='ocrx_word' id='word_1_180' title='bbox 2666 1236 2970 1292; x_wconf 85' lang='lat' dir='ltr'><strong>forinsecus</strong></span> <span class='ocrx_word' id='word_1_181' title='bbox 2998 1235 3282 1308; x_wconf 77' lang='lat' dir='ltr'><strong>signiﬁcat,</strong></span> <span class='ocrx_word' id='word_1_182' title='bbox 3321 1236 3464 1291; x_wconf 89' lang='lat' dir='ltr'><strong>istud</strong></span> <span class='ocrx_word' id='word_1_183' title='bbox 3486 1236 3630 1291; x_wconf 86' lang='lat' dir='ltr'><strong>inte-</strong></span> 
     </span>
    </p>
   </div>
   <div class='ocr_carea' id='block_1_28' title="bbox 2035 1326 3627 1399">
    <p class='ocr_par' dir='ltr' id='par_1_28' title="bbox 2035 1326 3627 1399">
     <span class='ocr_line' id='line_1_28' title="bbox 2035 1326 3627 1399; baseline -0.003 -15"><span class='ocrx_word' id='word_1_184' title='bbox 2035 1330 2151 1384; x_wconf 89' lang='lat' dir='ltr'><strong>rius</strong></span> <span class='ocrx_word' id='word_1_185' title='bbox 2175 1328 2518 1399; x_wconf 89' lang='lat' dir='ltr'><strong>splendorem</strong></span> <span class='ocrx_word' id='word_1_186' title='bbox 2553 1327 2839 1383; x_wconf 88' lang='lat' dir='ltr'><strong>cbaritatis</strong></span> <span class='ocrx_word' id='word_1_187' title='bbox 2883 1326 3080 1384; x_wconf 73' lang='lat' dir='ltr'><strong>divina:</strong></span> <span class='ocrx_word' id='word_1_188' title='bbox 3133 1326 3368 1390; x_wconf 89' lang='lat' dir='ltr'><strong>intimat,</strong></span> <span class='ocrx_word' id='word_1_189' title='bbox 3413 1327 3505 1383; x_wconf 89' lang='lat' dir='ltr'><strong>ubi</strong></span> <span class='ocrx_word' id='word_1_190' title='bbox 3537 1327 3627 1381; x_wconf 86' lang='lat' dir='ltr'><strong>lu—</strong></span> 
     </span>
    </p>
   </div>
   <div class='ocr_carea' id='block_1_29' title="bbox 2035 1417 3623 1491">
    <p class='ocr_par' dir='ltr' id='par_1_29' title="bbox 2035 1417 3623 1491">
     <span class='ocr_line' id='line_1_29' title="bbox 2035 1417 3623 1491; baseline -0.002 -16"><span class='ocrx_word' id='word_1_191' title='bbox 2035 1421 2180 1476; x_wconf 88' lang='lat' dir='ltr'><strong>mine</strong></span> <span class='ocrx_word' id='word_1_192' title='bbox 2238 1419 2713 1491; x_wconf 87' lang='lat' dir='ltr'><strong>contemplationis</strong></span> <span class='ocrx_word' id='word_1_193' title='bbox 2767 1419 2864 1475; x_wconf 91' lang='lat' dir='ltr'><strong>Dei</strong></span> <span class='ocrx_word' id='word_1_194' title='bbox 2915 1417 3258 1474; x_wconf 86' lang='lat' dir='ltr'><strong>abundanter</strong></span> <span class='ocrx_word' id='word_1_195' title='bbox 3295 1417 3623 1474; x_wconf 86' lang='lat' dir='ltr'><strong>illustratur.</strong></span> 
     </span>
    </p>
   </div>
   <div class='ocr_carea' id='block_1_30' title="bbox 2033 1509 3627 1585">
    <p class='ocr_par' dir='ltr' id='par_1_30' title="bbox 2033 1509 3627 1585">
     <span class='ocr_line' id='line_1_30' title="bbox 2033 1509 3627 1585; baseline -0.001 -19"><span class='ocrx_word' id='word_1_196' title='bbox 2033 1511 2221 1568; x_wconf 87' lang='lat' dir='ltr'><strong>Potest</strong></span> <span class='ocrx_word' id='word_1_197' title='bbox 2247 1519 2301 1568; x_wconf 91' lang='lat' dir='ltr'><strong>et</strong></span> <span class='ocrx_word' id='word_1_198' title='bbox 2329 1511 2498 1566; x_wconf 88' lang='lat' dir='ltr'><strong>altare</strong></span> <span class='ocrx_word' id='word_1_199' title='bbox 2525 1512 2752 1583; x_wconf 81' lang='lat' dir='ltr'><strong>mystice</strong></span> <span class='ocrx_word' id='word_1_200' title='bbox 2775 1509 3080 1585; x_wconf 77' lang='lat' dir='ltr'><strong>signiﬁcare</strong></span> <span class='ocrx_word' id='word_1_201' title='bbox 3108 1511 3272 1566; x_wconf 90' lang='lat' dir='ltr'><strong>corda</strong></span> <span class='ocrx_word' id='word_1_202' title='bbox 3301 1509 3627 1575; x_wconf 89' lang='lat' dir='ltr'><strong>electorum,</strong></span> 
     </span>
    </p>
   </div>
   <div class='ocr_carea' id='block_1_31' title="bbox 2034 1600 3632 1675">
    <p class='ocr_par' dir='ltr' id='par_1_31' title="bbox 2034 1600 3632 1675">
     <span class='ocr_line' id='line_1_31' title="bbox 2034 1600 3632 1675; baseline -0.001 -16"><span class='ocrx_word' id='word_1_203' title='bbox 2034 1605 2088 1660; x_wconf 91' lang='lat' dir='ltr'><strong>in</strong></span> <span class='ocrx_word' id='word_1_204' title='bbox 2121 1605 2318 1675; x_wconf 88' lang='lat' dir='ltr'><strong>quibus</strong></span> <span class='ocrx_word' id='word_1_205' title='bbox 2344 1602 2574 1659; x_wconf 91' lang='lat' dir='ltr'><strong>Domino</strong></span> <span class='ocrx_word' id='word_1_206' title='bbox 2601 1602 2778 1657; x_wconf 89' lang='lat' dir='ltr'><strong>hostia</strong></span> <span class='ocrx_word' id='word_1_207' title='bbox 2816 1600 2994 1657; x_wconf 88' lang='lat' dir='ltr'><strong>laudis</strong></span> <span class='ocrx_word' id='word_1_208' title='bbox 3019 1608 3075 1654; x_wconf 91' lang='lat' dir='ltr'><strong>et</strong></span> <span class='ocrx_word' id='word_1_209' title='bbox 3120 1600 3273 1656; x_wconf 66' lang='lat' dir='ltr'><strong>bona:</strong></span> <span class='ocrx_word' id='word_1_210' title='bbox 3319 1600 3632 1658; x_wconf 87' lang='lat' dir='ltr'><strong>devotionis</strong></span> 
     </span>
    </p>
   </div>
   <div class='ocr_carea' id='block_1_32' title="bbox 2033 1691 3632 1758">
    <p class='ocr_par' dir='ltr' id='par_1_32' title="bbox 2033 1691 3632 1758">
     <span class='ocr_line' id='line_1_32' title="bbox 2033 1691 3632 1758; baseline -0.003 -8"><span class='ocrx_word' id='word_1_211' title='bbox 2033 1694 2258 1751; x_wconf 75' lang='lat' dir='ltr'><strong>oﬂ‘ertur</strong></span> <span class='ocrx_word' id='word_1_212' title='bbox 2290 1713 2303 1749; x_wconf 94' lang='lat'><strong>:</strong></span> <span class='ocrx_word' id='word_1_213' title='bbox 2337 1694 2422 1750; x_wconf 87' lang='lat' dir='ltr'><strong>vel</strong></span> <span class='ocrx_word' id='word_1_214' title='bbox 2452 1693 2788 1748; x_wconf 88' lang='lat' dir='ltr'><strong>altitudinem</strong></span> <span class='ocrx_word' id='word_1_215' title='bbox 2835 1691 2984 1758; x_wconf 88' lang='lat' dir='ltr'><strong>ﬁdei,</strong></span> <span class='ocrx_word' id='word_1_216' title='bbox 3013 1699 3074 1747; x_wconf 89' lang='lat' dir='ltr'><strong>ut</strong></span> <span class='ocrx_word' id='word_1_217' title='bbox 3108 1700 3192 1748; x_wconf 89' lang='lat' dir='ltr'><strong>est</strong></span> <span class='ocrx_word' id='word_1_218' title='bbox 3217 1691 3347 1747; x_wconf 88' lang='lat' dir='ltr'><strong>illud</strong></span> <span class='ocrx_word' id='word_1_219' title='bbox 3393 1693 3448 1747; x_wconf 91' lang='lat' dir='ltr'><strong>in</strong></span> <span class='ocrx_word' id='word_1_220' title='bbox 3476 1691 3632 1748; x_wconf 83' lang='lat' dir='ltr'><strong>Psal-</strong></span> 
     </span>
    </p>
   </div>
   <div class='ocr_carea' id='block_1_33' title="bbox 349 1769 3625 1857">
    <p class='ocr_par' dir='ltr' id='par_1_33' title="bbox 349 1769 3625 1857">
     <span class='ocr_line' id='line_1_33' title="bbox 349 1769 3625 1857; baseline -0.004 -7"><span class='ocrx_word' id='word_1_221' title='bbox 349 1795 596 1850; x_wconf 90' lang='lat' dir='ltr'><strong>Lucerna</strong></span> <span class='ocrx_word' id='word_1_222' title='bbox 646 1789 900 1846; x_wconf 68' lang='lat' dir='ltr'><strong>Ecclesia:</strong></span> <span class='ocrx_word' id='word_1_223' title='bbox 931 1785 1083 1851; x_wconf 88' lang='lat' dir='ltr'><strong>ﬁdes,</strong></span> <span class='ocrx_word' id='word_1_224' title='bbox 1115 1783 1199 1840; x_wconf 91' lang='lat' dir='ltr'><strong>vel</strong></span> <span class='ocrx_word' id='word_1_225' title='bbox 1231 1797 1394 1853; x_wconf 89' lang='lat' dir='ltr'><strong>opera</strong></span> <span class='ocrx_word' id='word_1_226' title='bbox 1419 1780 1662 1849; x_wconf 67' lang='lat' dir='ltr'><strong>justitiaa.</strong></span> <span class='ocrx_word' id='word_1_227' title='bbox 1692 1777 1750 1832; x_wconf 85' lang='lat' dir='ltr'><strong>In</strong></span> <span class='ocrx_word' id='word_1_228' title='bbox 1782 1776 1934 1834; x_wconf 88' lang='lat' dir='ltr'><strong>Salo-</strong></span> <span class='ocrx_word' id='word_1_229' title='bbox 1960 1769 2006 1828; x_wconf 79' lang='grc' dir='ltr'><strong>Β</strong></span> <span class='ocrx_word' id='word_1_230' title='bbox 2038 1801 2127 1842; x_wconf 92' lang='lat' dir='ltr'><strong>mo</strong></span> <span class='ocrx_word' id='word_1_231' title='bbox 2157 1805 2170 1840; x_wconf 91' lang='lat'><strong>:</strong></span> <span class='ocrx_word' id='word_1_232' title='bbox 2207 1785 2352 1840; x_wconf 86' lang='lat' dir='ltr'><strong>Tune</strong></span> <span class='ocrx_word' id='word_1_233' title='bbox 2383 1786 2614 1857; x_wconf 84' lang='lat' dir='ltr'><strong>impones</strong></span> <span class='ocrx_word' id='word_1_234' title='bbox 2653 1801 2808 1856; x_wconf 83' lang='lat' dir='ltr'><strong>super</strong></span> <span class='ocrx_word' id='word_1_235' title='bbox 2839 1793 3006 1839; x_wconf 77' lang='lat' dir='ltr'><strong>altare</strong></span> <span class='ocrx_word' id='word_1_236' title='bbox 3031 1793 3178 1838; x_wconf 87' lang='lat' dir='ltr'><strong>tuum</strong></span> <span class='ocrx_word' id='word_1_237' title='bbox 3229 1783 3419 1839; x_wconf 78' lang='lat' dir='ltr'><strong>vitulos</strong></span> <span class='ocrx_word' id='word_1_238' title='bbox 3443 1781 3625 1857; x_wconf 87' lang='lat' dir='ltr'><strong>(Psal.</strong></span> 
     </span>
    </p>
   </div>
   <div class='ocr_carea' id='block_1_34' title="bbox 355 1868 1924 1941">
    <p class='ocr_par' dir='ltr' id='par_1_34' title="bbox 355 1868 1924 1941">
     <span class='ocr_line' id='line_1_34' title="bbox 355 1868 1924 1941; baseline -0.008 -13"><span class='ocrx_word' id='word_1_239' title='bbox 355 1891 544 1930; x_wconf 91' lang='lat' dir='ltr'><strong>mone:</strong></span> <span class='ocrx_word' id='word_1_240' title='bbox 574 1875 856 1939; x_wconf 81' lang='lat' dir='ltr'><strong>Propterea</strong></span> <span class='ocrx_word' id='word_1_241' title='bbox 891 1887 996 1926; x_wconf 86' lang='lat' dir='ltr'><strong>non</strong></span> <span class='ocrx_word' id='word_1_242' title='bbox 1027 1869 1391 1941; x_wconf 71' lang='lat' dir='ltr'><strong>exstinguetur</strong></span> <span class='ocrx_word' id='word_1_243' title='bbox 1412 1868 1629 1921; x_wconf 86' lang='lat' dir='ltr'><strong>lucerna</strong></span> <span class='ocrx_word' id='word_1_244' title='bbox 1651 1880 1744 1935; x_wconf 83' lang='lat' dir='ltr'><strong>per</strong></span> <span class='ocrx_word' id='word_1_245' title='bbox 1759 1873 1924 1917; x_wconf 85' lang='lat' dir='ltr'><strong>totam</strong></span> 
     </span>
    </p>
   </div>
   <div class='ocr_carea' id='block_1_35' title="bbox 353 1957 1930 2035">
    <p class='ocr_par' dir='ltr' id='par_1_35' title="bbox 353 1957 1930 2035">
     <span class='ocr_line' id='line_1_35' title="bbox 353 1957 1930 2035; baseline -0.008 -13"><span class='ocrx_word' id='word_1_246' title='bbox 353 1978 578 2022; x_wconf 78' lang='lat' dir='ltr'><strong>noctem.</strong></span> <span class='ocrx_word' id='word_1_247' title='bbox 601 1965 784 2035; x_wconf 81' lang='lat' dir='ltr'><strong>(Prov.</strong></span> <span class='ocrx_word' id='word_1_248' title='bbox 809 1963 986 2035; x_wconf 71' lang='lat' dir='ltr'><strong>xxxi.)</strong></span> <span class='ocrx_word' id='word_1_249' title='bbox 1005 1963 1198 2018; x_wconf 81' lang='lat' dir='ltr'><strong>Paxilii</strong></span> <span class='ocrx_word' id='word_1_250' title='bbox 1218 1962 1343 2017; x_wconf 82' lang='lat' dir='ltr'><strong>aerei</strong></span> <span class='ocrx_word' id='word_1_251' title='bbox 1365 1962 1418 2014; x_wconf 87' lang='lat' dir='ltr'><strong>in</strong></span> <span class='ocrx_word' id='word_1_252' title='bbox 1439 1957 1814 2020; x_wconf 83' lang='lat' dir='ltr'><strong>tabernaculo,</strong></span> <span class='ocrx_word' id='word_1_253' title='bbox 1835 1971 1930 2026; x_wconf 81' lang='lat' dir='ltr'><strong>pa-</strong></span> 
     </span>
    </p>
   </div>
   <div class='ocr_carea' id='block_1_36' title="bbox 350 2051 1922 2126">
    <p class='ocr_par' dir='ltr' id='par_1_36' title="bbox 350 2051 1922 2126">
     <span class='ocr_line' id='line_1_36' title="bbox 350 2051 1922 2126; baseline -0.009 -12"><span class='ocrx_word' id='word_1_254' title='bbox 350 2059 718 2114; x_wconf 84' lang='lat' dir='ltr'><strong>triarcharum</strong></span> <span class='ocrx_word' id='word_1_255' title='bbox 740 2065 792 2110; x_wconf 89' lang='lat' dir='ltr'><strong>et</strong></span> <span class='ocrx_word' id='word_1_256' title='bbox 816 2057 1198 2126; x_wconf 86' lang='lat' dir='ltr'><strong>pr0phetarum</strong></span> <span class='ocrx_word' id='word_1_257' title='bbox 1223 2051 1471 2109; x_wconf 83' lang='lat' dir='ltr'><strong>obtinent</strong></span> <span class='ocrx_word' id='word_1_258' title='bbox 1495 2057 1922 2104; x_wconf 88' lang='lat' dir='ltr'><strong>sacramentum.</strong></span> 
     </span>
    </p>
   </div>
   <div class='ocr_carea' id='block_1_37' title="bbox 357 2139 1928 2207">
    <p class='ocr_par' dir='ltr' id='par_1_37' title="bbox 357 2139 1928 2207">
     <span class='ocr_line' id='line_1_37' title="bbox 357 2139 1928 2207; baseline -0.011 0"><span class='ocrx_word' id='word_1_259' title='bbox 357 2151 598 2207; x_wconf 80' lang='lat' dir='ltr'><strong>Paxillus</strong></span> <span class='ocrx_word' id='word_1_260' title='bbox 627 2149 892 2202; x_wconf 92' lang='lat' dir='ltr'><strong>Dominus</strong></span> <span class='ocrx_word' id='word_1_261' title='bbox 931 2145 1092 2201; x_wconf 85' lang='lat' dir='ltr'><strong>Jesus</strong></span> <span class='ocrx_word' id='word_1_262' title='bbox 1126 2145 1380 2200; x_wconf 86' lang='lat' dir='ltr'><strong>Christus</strong></span> <span class='ocrx_word' id='word_1_263' title='bbox 1413 2144 1466 2197; x_wconf 92' lang='lat' dir='ltr'><strong>in</strong></span> <span class='ocrx_word' id='word_1_264' title='bbox 1491 2143 1654 2197; x_wconf 90' lang='lat' dir='ltr'><strong>corda</strong></span> <span class='ocrx_word' id='word_1_265' title='bbox 1691 2139 1928 2194; x_wconf 90' lang='lat' dir='ltr'><strong>ﬁdelium</strong></span> 
     </span>
    </p>
   </div>
   <div class='ocr_carea' id='block_1_38' title="bbox 349 2230 1929 2309">
    <p class='ocr_par' dir='ltr' id='par_1_38' title="bbox 349 2230 1929 2309">
     <span class='ocr_line' id='line_1_38' title="bbox 349 2230 1929 2309; baseline -0.011 -9"><span class='ocrx_word' id='word_1_266' title='bbox 349 2245 581 2309; x_wconf 80' lang='lat' dir='ltr'><strong>deﬁxus,</strong></span> <span class='ocrx_word' id='word_1_267' title='bbox 611 2242 752 2297; x_wconf 82' lang='lat' dir='ltr'><strong>sicut</strong></span> <span class='ocrx_word' id='word_1_268' title='bbox 776 2241 830 2295; x_wconf 91' lang='lat' dir='ltr'><strong>in</strong></span> <span class='ocrx_word' id='word_1_269' title='bbox 856 2239 991 2294; x_wconf 88' lang='lat' dir='ltr'><strong>lsaia</strong></span> <span class='ocrx_word' id='word_1_270' title='bbox 1027 2239 1094 2292; x_wconf 90' lang='lat' dir='ltr'><strong>de</strong></span> <span class='ocrx_word' id='word_1_271' title='bbox 1137 2252 1202 2291; x_wconf 90' lang='lat' dir='ltr'><strong>eo</strong></span> <span class='ocrx_word' id='word_1_272' title='bbox 1245 2235 1524 2306; x_wconf 89' lang='lat' dir='ltr'><strong>loquitur:</strong></span> <span class='ocrx_word' id='word_1_273' title='bbox 1561 2231 1754 2304; x_wconf 80' lang='lat' dir='ltr'><strong>Figam</strong></span> <span class='ocrx_word' id='word_1_274' title='bbox 1779 2230 1929 2284; x_wconf 88' lang='lat' dir='ltr'><strong>illum</strong></span> 
     </span>
    </p>
   </div>
   <div class='ocr_carea' id='block_1_39' title="bbox 347 2321 1930 2403">
    <p class='ocr_par' dir='ltr' id='par_1_39' title="bbox 347 2321 1930 2403">
     <span class='ocr_line' id='line_1_39' title="bbox 347 2321 1930 2403; baseline -0.011 -13"><span class='ocrx_word' id='word_1_275' title='bbox 347 2339 402 2390; x_wconf 83' lang='lat' dir='ltr'><strong>in</strong></span> <span class='ocrx_word' id='word_1_276' title='bbox 431 2336 584 2389; x_wconf 86' lang='lat' dir='ltr'><strong>domo</strong></span> <span class='ocrx_word' id='word_1_277' title='bbox 630 2331 775 2402; x_wconf 85' lang='lat' dir='ltr'><strong>ﬁdeli</strong></span> <span class='ocrx_word' id='word_1_278' title='bbox 815 2330 950 2403; x_wconf 84' lang='lat' dir='ltr'><strong>(Isa.</strong></span> <span class='ocrx_word' id='word_1_279' title='bbox 980 2328 1137 2401; x_wconf 78' lang='lat' dir='ltr'><strong>xx&quot;).</strong></span> <span class='ocrx_word' id='word_1_280' title='bbox 1193 2325 1457 2390; x_wconf 82' lang='lat' dir='ltr'><strong>Paxillus,</strong></span> <span class='ocrx_word' id='word_1_281' title='bbox 1497 2321 1930 2393; x_wconf 86' lang='lat' dir='ltr'><strong>compunetiouis</strong></span> 
     </span>
    </p>
   </div>
   <div class='ocr_carea' id='block_1_40' title="bbox 349 2413 1932 2492">
    <p class='ocr_par' dir='ltr' id='par_1_40' title="bbox 349 2413 1932 2492">
     <span class='ocr_line' id='line_1_40' title="bbox 349 2413 1932 2492; baseline -0.01 -10"><span class='ocrx_word' id='word_1_282' title='bbox 349 2427 619 2492; x_wconf 91' lang='lat' dir='ltr'><strong>stimulus,</strong></span> <span class='ocrx_word' id='word_1_283' title='bbox 649 2425 792 2480; x_wconf 87' lang='lat' dir='ltr'><strong>sicut</strong></span> <span class='ocrx_word' id='word_1_284' title='bbox 822 2424 874 2477; x_wconf 89' lang='lat' dir='ltr'><strong>in</strong></span> <span class='ocrx_word' id='word_1_285' title='bbox 911 2419 1330 2478; x_wconf 88' lang='lat' dir='ltr'><strong>Denteronomio</strong></span> <span class='ocrx_word' id='word_1_286' title='bbox 1365 2419 1626 2489; x_wconf 85' lang='lat' dir='ltr'><strong>scriptum</strong></span> <span class='ocrx_word' id='word_1_287' title='bbox 1655 2423 1738 2470; x_wconf 91' lang='lat' dir='ltr'><strong>est</strong></span> <span class='ocrx_word' id='word_1_288' title='bbox 1764 2434 1776 2468; x_wconf 91' lang='lat'><strong>:</strong></span> <span class='ocrx_word' id='word_1_289' title='bbox 1817 2413 1932 2468; x_wconf 80' lang='grc' dir='ltr'>ιια-</span> 
     </span>
    </p>
   </div>
   <div class='ocr_carea' id='block_1_41' title="bbox 345 2505 1932 2583">
    <p class='ocr_par' dir='ltr' id='par_1_41' title="bbox 345 2505 1932 2583">
     <span class='ocr_line' id='line_1_41' title="bbox 345 2505 1932 2583; baseline -0.011 -8"><span class='ocrx_word' id='word_1_290' title='bbox 345 2521 489 2575; x_wconf 79' lang='lat' dir='ltr'><strong>bebis</strong></span> <span class='ocrx_word' id='word_1_291' title='bbox 514 2518 683 2573; x_wconf 87' lang='lat' dir='ltr'><strong>locum</strong></span> <span class='ocrx_word' id='word_1_292' title='bbox 711 2527 862 2572; x_wconf 76' lang='lat' dir='ltr'><strong>extra</strong></span> <span class='ocrx_word' id='word_1_293' title='bbox 891 2525 1088 2579; x_wconf 83' lang='lat' dir='ltr'><strong>castra,</strong></span> <span class='ocrx_word' id='word_1_294' title='bbox 1115 2511 1185 2566; x_wconf 83' lang='lat' dir='ltr'><strong>ad</strong></span> <span class='ocrx_word' id='word_1_295' title='bbox 1207 2527 1360 2583; x_wconf 86' lang='lat' dir='ltr'><strong>quem</strong></span> <span class='ocrx_word' id='word_1_296' title='bbox 1379 2509 1658 2581; x_wconf 86' lang='lat' dir='ltr'><strong>egredieris</strong></span> <span class='ocrx_word' id='word_1_297' title='bbox 1674 2506 1743 2560; x_wconf 84' lang='lat' dir='ltr'><strong>ad</strong></span> <span class='ocrx_word' id='word_1_298' title='bbox 1759 2505 1932 2576; x_wconf 88' lang='lat' dir='ltr'><strong>requi-</strong></span> 
     </span>
    </p>
   </div>
   <div class='ocr_carea' id='block_1_42' title="bbox 347 2595 1928 2680">
    <p class='ocr_par' dir='ltr' id='par_1_42' title="bbox 347 2595 1928 2680">
     <span class='ocr_line' id='line_1_42' title="bbox 347 2595 1928 2680; baseline -0.01 -14"><span class='ocrx_word' id='word_1_299' title='bbox 347 2615 452 2666; x_wconf 85' lang='lat' dir='ltr'><strong>sita</strong></span> <span class='ocrx_word' id='word_1_300' title='bbox 489 2623 691 2666; x_wconf 74' lang='lat' dir='ltr'><strong>nazura:</strong></span> <span class='ocrx_word' id='word_1_301' title='bbox 721 2624 904 2680; x_wconf 78' lang='lat' dir='ltr'><strong>gerens</strong></span> <span class='ocrx_word' id='word_1_302' title='bbox 929 2603 1184 2678; x_wconf 75' lang='lat' dir='ltr'><strong>paxillum</strong></span> <span class='ocrx_word' id='word_1_303' title='bbox 1213 2603 1268 2658; x_wconf 88' lang='lat' dir='ltr'><strong>in</strong></span> <span class='ocrx_word' id='word_1_304' title='bbox 1316 2601 1484 2656; x_wconf 90' lang='lat' dir='ltr'><strong>balteo</strong></span> <span class='ocrx_word' id='word_1_305' title='bbox 1537 2599 1714 2671; x_wconf 83' lang='lat' dir='ltr'><strong>(Deut.</strong></span> <span class='ocrx_word' id='word_1_306' title='bbox 1747 2595 1928 2669; x_wconf 70' lang='grc' dir='ltr'>χχιιι).</span> 
     </span>
    </p>
   </div>
   <div class='ocr_carea' id='block_1_43' title="bbox 350 2688 1926 2774">
    <p class='ocr_par' dir='ltr' id='par_1_43' title="bbox 350 2688 1926 2774">
     <span class='ocr_line' id='line_1_43' title="bbox 350 2688 1926 2774; baseline -0.011 -13"><span class='ocrx_word' id='word_1_307' title='bbox 350 2705 617 2768; x_wconf 82' lang='lat' dir='ltr'><strong>Ci-rculus,</strong></span> <span class='ocrx_word' id='word_1_308' title='bbox 651 2701 912 2774; x_wconf 80' lang='lat' dir='ltr'><strong>spiritalis</strong></span> <span class='ocrx_word' id='word_1_309' title='bbox 940 2700 994 2754; x_wconf 92' lang='lat' dir='ltr'><strong>in</strong></span> <span class='ocrx_word' id='word_1_310' title='bbox 1013 2697 1310 2768; x_wconf 89' lang='lat' dir='ltr'><strong>Scripturis</strong></span> <span class='ocrx_word' id='word_1_311' title='bbox 1331 2693 1612 2750; x_wconf 89' lang='lat' dir='ltr'><strong>circuitus.</strong></span> <span class='ocrx_word' id='word_1_312' title='bbox 1636 2691 1694 2746; x_wconf 83' lang='lat' dir='ltr'><strong>in</strong></span> <span class='ocrx_word' id='word_1_313' title='bbox 1721 2688 1926 2744; x_wconf 83' lang='lat' dir='ltr'><strong>Exodo.</strong></span> 
     </span>
    </p>
   </div>
   <div class='ocr_carea' id='block_1_44' title="bbox 348 2783 1932 2860">
    <p class='ocr_par' dir='ltr' id='par_1_44' title="bbox 348 2783 1932 2860">
     <span class='ocr_line' id='line_1_44' title="bbox 348 2783 1932 2860; baseline -0.013 -7"><span class='ocrx_word' id='word_1_314' title='bbox 348 2795 640 2860; x_wconf 83' lang='lat' dir='ltr'><strong>Catenul:e,</strong></span> <span class='ocrx_word' id='word_1_315' title='bbox 671 2791 979 2849; x_wconf 88' lang='lat' dir='ltr'><strong>testimonia</strong></span> <span class='ocrx_word' id='word_1_316' title='bbox 1011 2788 1420 2858; x_wconf 85' lang='lat' dir='ltr'><strong>Scripturarum</strong></span> <span class='ocrx_word' id='word_1_317' title='bbox 1448 2783 1682 2838; x_wconf 83' lang='lat' dir='ltr'><strong>invicem</strong></span> <span class='ocrx_word' id='word_1_318' title='bbox 1713 2795 1772 2837; x_wconf 90' lang='lat' dir='ltr'><strong>se</strong></span> <span class='ocrx_word' id='word_1_319' title='bbox 1799 2795 1932 2835; x_wconf 81' lang='lat' dir='ltr'><strong>con-</strong></span> 
     </span>
    </p>
   </div>
   <div class='ocr_carea' id='block_1_45' title="bbox 351 2870 1926 2943">
    <p class='ocr_par' dir='ltr' id='par_1_45' title="bbox 351 2870 1926 2943">
     <span class='ocr_line' id='line_1_45' title="bbox 351 2870 1926 2943; baseline -0.013 -1"><span class='ocrx_word' id='word_1_320' title='bbox 351 2885 598 2943; x_wconf 90' lang='lat' dir='ltr'><strong>tinentia.</strong></span> <span class='ocrx_word' id='word_1_321' title='bbox 636 2884 776 2940; x_wconf 82' lang='lat' dir='ltr'><strong>Vasa</strong></span> <span class='ocrx_word' id='word_1_322' title='bbox 833 2881 888 2936; x_wconf 92' lang='lat' dir='ltr'><strong>iu</strong></span> <span class='ocrx_word' id='word_1_323' title='bbox 919 2878 1286 2942; x_wconf 89' lang='lat' dir='ltr'><strong>tabernaculo,</strong></span> <span class='ocrx_word' id='word_1_324' title='bbox 1354 2874 1540 2930; x_wconf 87' lang='lat' dir='ltr'><strong>ﬁdeles</strong></span> <span class='ocrx_word' id='word_1_325' title='bbox 1581 2874 1634 2928; x_wconf 91' lang='lat' dir='ltr'><strong>in</strong></span> <span class='ocrx_word' id='word_1_326' title='bbox 1665 2870 1926 2927; x_wconf 87' lang='lat' dir='ltr'><strong>Ecclesia.</strong></span> 
     </span>
    </p>
   </div>
   <div class='ocr_carea' id='block_1_46' title="bbox 351 2963 1930 3044">
    <p class='ocr_par' dir='ltr' id='par_1_46' title="bbox 351 2963 1930 3044">
     <span class='ocr_line' id='line_1_46' title="bbox 351 2963 1930 3044; baseline -0.013 -8"><span class='ocrx_word' id='word_1_327' title='bbox 351 2979 503 3036; x_wconf 80' lang='lat' dir='ltr'><strong>Unde</strong></span> <span class='ocrx_word' id='word_1_328' title='bbox 531 2975 662 3030; x_wconf 89' lang='lat' dir='ltr'><strong>dicit</strong></span> <span class='ocrx_word' id='word_1_329' title='bbox 689 2972 1022 3044; x_wconf 85' lang='lat' dir='ltr'><strong>Apostolus:</strong></span> <span class='ocrx_word' id='word_1_330' title='bbox 1061 2968 1128 3023; x_wconf 88' lang='lat' dir='ltr'><strong>In</strong></span> <span class='ocrx_word' id='word_1_331' title='bbox 1173 2985 1365 3039; x_wconf 85' lang='lat' dir='ltr'><strong>magna</strong></span> <span class='ocrx_word' id='word_1_332' title='bbox 1415 2973 1586 3020; x_wconf 89' lang='lat' dir='ltr'><strong>autem</strong></span> <span class='ocrx_word' id='word_1_333' title='bbox 1631 2963 1786 3017; x_wconf 87' lang='lat' dir='ltr'><strong>domo</strong></span> <span class='ocrx_word' id='word_1_334' title='bbox 1829 2977 1930 3016; x_wconf 89' lang='lat' dir='ltr'><strong>non</strong></span> 
     </span>
    </p>
   </div>
   <div class='ocr_carea' id='block_1_47' title="bbox 347 3054 1931 3132">
    <p class='ocr_par' dir='ltr' id='par_1_47' title="bbox 347 3054 1931 3132">
     <span class='ocr_line' id='line_1_47' title="bbox 347 3054 1931 3132; baseline -0.011 -8"><span class='ocrx_word' id='word_1_335' title='bbox 347 3069 517 3125; x_wconf 86' lang='lat' dir='ltr'><strong>solum</strong></span> <span class='ocrx_word' id='word_1_336' title='bbox 547 3075 668 3122; x_wconf 87' lang='lat' dir='ltr'><strong>sunt</strong></span> <span class='ocrx_word' id='word_1_337' title='bbox 690 3081 814 3119; x_wconf 88' lang='lat' dir='ltr'><strong>vasa</strong></span> <span class='ocrx_word' id='word_1_338' title='bbox 857 3079 1020 3117; x_wconf 84' lang='lat' dir='ltr'><strong>aurea</strong></span> <span class='ocrx_word' id='word_1_339' title='bbox 1048 3070 1095 3116; x_wconf 87' lang='lat' dir='ltr'><strong>et</strong></span> <span class='ocrx_word' id='word_1_340' title='bbox 1121 3070 1386 3132; x_wconf 88' lang='lat' dir='ltr'><strong>argentea,</strong></span> <span class='ocrx_word' id='word_1_341' title='bbox 1419 3057 1510 3113; x_wconf 86' lang='lat' dir='ltr'><strong>sed</strong></span> <span class='ocrx_word' id='word_1_342' title='bbox 1538 3067 1583 3112; x_wconf 88' lang='lat' dir='ltr'><strong>et</strong></span> <span class='ocrx_word' id='word_1_343' title='bbox 1607 3055 1777 3128; x_wconf 85' lang='lat' dir='ltr'><strong>lignea</strong></span> <span class='ocrx_word' id='word_1_344' title='bbox 1799 3064 1845 3108; x_wconf 85' lang='lat' dir='ltr'><strong>et</strong></span> <span class='ocrx_word' id='word_1_345' title='bbox 1868 3054 1931 3123; x_wconf 80' lang='lat' dir='ltr'><strong>[i-</strong></span> 
     </span>
    </p>
   </div>
   <div class='ocr_carea' id='block_1_48' title="bbox 349 3132 2004 3232">
    <p class='ocr_par' dir='ltr' id='par_1_48' title="bbox 349 3132 2004 3232">
     <span class='ocr_line' id='line_1_48' title="bbox 349 3132 2004 3232; baseline -0.008 -19"><span class='ocrx_word' id='word_1_346' title='bbox 349 3159 492 3214; x_wconf 82' lang='lat' dir='ltr'><strong>etilia</strong></span> <span class='ocrx_word' id='word_1_347' title='bbox 525 3157 610 3226; x_wconf 85' lang='lat' dir='ltr'><strong>(ll</strong></span> <span class='ocrx_word' id='word_1_348' title='bbox 639 3155 773 3232; x_wconf 69' lang='lat' dir='ltr'><strong>Tim.</strong></span> <span class='ocrx_word' id='word_1_349' title='bbox 800 3151 883 3226; x_wconf 92' lang='grc' dir='ltr'>ιι).</span> <span class='ocrx_word' id='word_1_350' title='bbox 923 3151 1130 3208; x_wconf 91' lang='lat' dir='ltr'><strong>Ostium</strong></span> <span class='ocrx_word' id='word_1_351' title='bbox 1155 3150 1512 3215; x_wconf 85' lang='lat' dir='ltr'><strong>tabernaculi,</strong></span> <span class='ocrx_word' id='word_1_352' title='bbox 1542 3163 1778 3219; x_wconf 75' lang='lat' dir='ltr'><strong>prtesens</strong></span> <span class='ocrx_word' id='word_1_353' title='bbox 1801 3148 1930 3212; x_wconf 88' lang='lat' dir='ltr'><strong>vita,</strong></span> <span class='ocrx_word' id='word_1_354' title='bbox 1962 3132 2004 3192; x_wconf 86' lang='lat' dir='ltr'><strong>C</strong></span> 
     </span>
    </p>
   </div>
   <div class='ocr_carea' id='block_1_49' title="bbox 350 3241 1934 3310">
    <p class='ocr_par' dir='ltr' id='par_1_49' title="bbox 350 3241 1934 3310">
     <span class='ocr_line' id='line_1_49' title="bbox 350 3241 1934 3310; baseline -0.009 -5"><span class='ocrx_word' id='word_1_355' title='bbox 350 3253 463 3306; x_wconf 82' lang='lat' dir='ltr'><strong>sive</strong></span> <span class='ocrx_word' id='word_1_356' title='bbox 499 3249 756 3304; x_wconf 88' lang='lat' dir='ltr'><strong>introitus</strong></span> <span class='ocrx_word' id='word_1_357' title='bbox 783 3246 850 3302; x_wconf 90' lang='lat' dir='ltr'><strong>ad</strong></span> <span class='ocrx_word' id='word_1_358' title='bbox 877 3245 1061 3310; x_wconf 84' lang='lat' dir='ltr'><strong>ﬁdem,</strong></span> <span class='ocrx_word' id='word_1_359' title='bbox 1096 3243 1178 3298; x_wconf 82' lang='lat' dir='ltr'><strong>vel</strong></span> <span class='ocrx_word' id='word_1_360' title='bbox 1211 3241 1486 3298; x_wconf 88' lang='lat' dir='ltr'><strong>inchoatio</strong></span> <span class='ocrx_word' id='word_1_361' title='bbox 1511 3241 1776 3294; x_wconf 91' lang='lat' dir='ltr'><strong>bonorum</strong></span> <span class='ocrx_word' id='word_1_362' title='bbox 1805 3252 1934 3307; x_wconf 86' lang='lat' dir='ltr'><strong>ope-</strong></span> 
     </span>
    </p>
   </div>
   <div class='ocr_carea' id='block_1_50' title="bbox 352 3327 1932 3395">
    <p class='ocr_par' dir='ltr' id='par_1_50' title="bbox 352 3327 1932 3395">
     <span class='ocr_line' id='line_1_50' title="bbox 352 3327 1932 3395; baseline -0.009 0"><span class='ocrx_word' id='word_1_363' title='bbox 352 3355 494 3395; x_wconf 89' lang='lat' dir='ltr'><strong>rum.</strong></span> <span class='ocrx_word' id='word_1_364' title='bbox 528 3337 682 3394; x_wconf 84' lang='lat' dir='ltr'><strong>Unde</strong></span> <span class='ocrx_word' id='word_1_365' title='bbox 712 3338 764 3391; x_wconf 92' lang='lat' dir='ltr'><strong>in</strong></span> <span class='ocrx_word' id='word_1_366' title='bbox 797 3335 1078 3391; x_wconf 89' lang='lat' dir='ltr'><strong>Levitico:</strong></span> <span class='ocrx_word' id='word_1_367' title='bbox 1116 3332 1181 3387; x_wconf 87' lang='lat' dir='ltr'><strong>Et</strong></span> <span class='ocrx_word' id='word_1_368' title='bbox 1207 3331 1434 3388; x_wconf 82' lang='lat' dir='ltr'><strong>adducet</strong></span> <span class='ocrx_word' id='word_1_369' title='bbox 1461 3346 1581 3385; x_wconf 87' lang='lat' dir='ltr'><strong>eum</strong></span> <span class='ocrx_word' id='word_1_370' title='bbox 1620 3329 1689 3382; x_wconf 88' lang='lat' dir='ltr'><strong>ad</strong></span> <span class='ocrx_word' id='word_1_371' title='bbox 1741 3327 1932 3383; x_wconf 86' lang='lat' dir='ltr'><strong>ostium</strong></span> 
     </span>
    </p>
   </div>
   <div class='ocr_carea' id='block_1_51' title="bbox 349 3421 1933 3501">
    <p class='ocr_par' dir='ltr' id='par_1_51' title="bbox 349 3421 1933 3501">
     <span class='ocr_line' id='line_1_51' title="bbox 349 3421 1933 3501; baseline -0.008 -15"><span class='ocrx_word' id='word_1_372' title='bbox 349 3429 700 3496; x_wconf 71' lang='lat' dir='ltr'><strong>tabernaculi,</strong></span> <span class='ocrx_word' id='word_1_373' title='bbox 731 3439 778 3484; x_wconf 88' lang='lat' dir='ltr'><strong>et</strong></span> <span class='ocrx_word' id='word_1_374' title='bbox 809 3437 964 3501; x_wconf 83' lang='lat' dir='ltr'><strong>ponet</strong></span> <span class='ocrx_word' id='word_1_375' title='bbox 991 3442 1206 3482; x_wconf 81' lang='lat' dir='ltr'><strong>manum</strong></span> <span class='ocrx_word' id='word_1_376' title='bbox 1234 3440 1390 3496; x_wconf 81' lang='lat' dir='ltr'><strong>super</strong></span> <span class='ocrx_word' id='word_1_377' title='bbox 1420 3433 1575 3493; x_wconf 83' lang='lat' dir='ltr'><strong>caput</strong></span> <span class='ocrx_word' id='word_1_378' title='bbox 1612 3421 1796 3476; x_wconf 71' lang='lat' dir='ltr'><strong>hostire</strong></span> <span class='ocrx_word' id='word_1_379' title='bbox 1821 3436 1933 3474; x_wconf 72' lang='lat' dir='ltr'><strong>sure</strong></span> 
     </span>
    </p>
   </div>
   <div class='ocr_carea' id='block_1_52' title="bbox 349 3510 1935 3596">
    <p class='ocr_par' dir='ltr' id='par_1_52' title="bbox 349 3510 1935 3596">
     <span class='ocr_line' id='line_1_52' title="bbox 349 3510 1935 3596; baseline -0.008 -18"><span class='ocrx_word' id='word_1_380' title='bbox 349 3523 494 3596; x_wconf 77' lang='lat' dir='ltr'><strong>(Lee.</strong></span> <span class='ocrx_word' id='word_1_381' title='bbox 530 3520 627 3594; x_wconf 86' lang='lat' dir='ltr'><strong>tv).</strong></span> <span class='ocrx_word' id='word_1_382' title='bbox 660 3519 845 3576; x_wconf 86' lang='lat' dir='ltr'><strong>Altare</strong></span> <span class='ocrx_word' id='word_1_383' title='bbox 875 3534 1118 3582; x_wconf 89' lang='lat' dir='ltr'><strong>aureum,</strong></span> <span class='ocrx_word' id='word_1_384' title='bbox 1150 3517 1262 3587; x_wconf 86' lang='lat' dir='ltr'><strong>ipsa</strong></span> <span class='ocrx_word' id='word_1_385' title='bbox 1287 3513 1559 3581; x_wconf 86' lang='lat' dir='ltr'><strong>divinitas,</strong></span> <span class='ocrx_word' id='word_1_386' title='bbox 1598 3511 1684 3568; x_wconf 91' lang='lat' dir='ltr'><strong>vel</strong></span> <span class='ocrx_word' id='word_1_387' title='bbox 1708 3510 1935 3566; x_wconf 89' lang='lat' dir='ltr'><strong>altitudo</strong></span> 
     </span>
    </p>
   </div>
   <div class='ocr_carea' id='block_1_53' title="bbox 349 3601 1935 3678">
    <p class='ocr_par' dir='ltr' id='par_1_53' title="bbox 349 3601 1935 3678">
     <span class='ocr_line' id='line_1_53' title="bbox 349 3601 1935 3678; baseline -0.008 -9"><span class='ocrx_word' id='word_1_388' title='bbox 349 3613 492 3670; x_wconf 85' lang='lat' dir='ltr'><strong>ﬁdei.</strong></span> <span class='ocrx_word' id='word_1_389' title='bbox 522 3611 581 3667; x_wconf 87' lang='lat' dir='ltr'><strong>In</strong></span> <span class='ocrx_word' id='word_1_390' title='bbox 621 3611 806 3668; x_wconf 79' lang='lat' dir='ltr'><strong>Exodo</strong></span> <span class='ocrx_word' id='word_1_391' title='bbox 831 3627 844 3664; x_wconf 89' lang='lat'><strong>:</strong></span> <span class='ocrx_word' id='word_1_392' title='bbox 886 3608 1010 3664; x_wconf 85' lang='lat' dir='ltr'><strong>Non</strong></span> <span class='ocrx_word' id='word_1_393' title='bbox 1030 3606 1284 3662; x_wconf 85' lang='lat' dir='ltr'><strong>ascendas</strong></span> <span class='ocrx_word' id='word_1_394' title='bbox 1333 3622 1425 3678; x_wconf 86' lang='lat' dir='ltr'><strong>per</strong></span> <span class='ocrx_word' id='word_1_395' title='bbox 1451 3603 1648 3675; x_wconf 82' lang='lat' dir='ltr'><strong>gradus</strong></span> <span class='ocrx_word' id='word_1_396' title='bbox 1671 3603 1740 3658; x_wconf 87' lang='lat' dir='ltr'><strong>ad</strong></span> <span class='ocrx_word' id='word_1_397' title='bbox 1765 3601 1935 3658; x_wconf 86' lang='lat' dir='ltr'><strong>altare</strong></span> 
     </span>
    </p>
   </div>
   <div class='ocr_carea' id='block_1_54' title="bbox 349 3693 1934 3778">
    <p class='ocr_par' dir='ltr' id='par_1_54' title="bbox 349 3693 1934 3778">
     <span class='ocr_line' id='line_1_54' title="bbox 349 3693 1934 3778; baseline -0.007 -19"><span class='ocrx_word' id='word_1_398' title='bbox 349 3720 520 3760; x_wconf 85' lang='lat' dir='ltr'><strong>meum</strong></span> <span class='ocrx_word' id='word_1_399' title='bbox 559 3701 756 3778; x_wconf 74' lang='lat' dir='ltr'><strong>(Exod.</strong></span> <span class='ocrx_word' id='word_1_400' title='bbox 812 3699 929 3774; x_wconf 74' lang='lat' dir='ltr'><strong>xx).</strong></span> <span class='ocrx_word' id='word_1_401' title='bbox 971 3697 1106 3752; x_wconf 82' lang='lat' dir='ltr'><strong>Nam</strong></span> <span class='ocrx_word' id='word_1_402' title='bbox 1136 3699 1191 3752; x_wconf 89' lang='lat' dir='ltr'><strong>in</strong></span> <span class='ocrx_word' id='word_1_403' title='bbox 1225 3695 1404 3753; x_wconf 83' lang='lat' dir='ltr'><strong>Veteri</strong></span> <span class='ocrx_word' id='word_1_404' title='bbox 1452 3695 1799 3750; x_wconf 89' lang='lat' dir='ltr'><strong>Testamento</strong></span> <span class='ocrx_word' id='word_1_405' title='bbox 1829 3693 1934 3748; x_wconf 90' lang='lat' dir='ltr'><strong>duo</strong></span> 
     </span>
    </p>
   </div>
   <div class='ocr_carea' id='block_1_55' title="bbox 346 3783 1936 3860">
    <p class='ocr_par' dir='ltr' id='par_1_55' title="bbox 346 3783 1936 3860">
     <span class='ocr_line' id='line_1_55' title="bbox 346 3783 1936 3860; baseline -0.006 -10"><span class='ocrx_word' id='word_1_406' title='bbox 346 3795 540 3852; x_wconf 83' lang='lat' dir='ltr'><strong>altaria</strong></span> <span class='ocrx_word' id='word_1_407' title='bbox 569 3794 712 3850; x_wconf 88' lang='lat' dir='ltr'><strong>facta</strong></span> <span class='ocrx_word' id='word_1_408' title='bbox 751 3807 873 3848; x_wconf 87' lang='lat' dir='ltr'><strong>esse</strong></span> <span class='ocrx_word' id='word_1_409' title='bbox 907 3791 1196 3860; x_wconf 79' lang='lat' dir='ltr'><strong>leguntur:</strong></span> <span class='ocrx_word' id='word_1_410' title='bbox 1237 3804 1401 3844; x_wconf 91' lang='lat' dir='ltr'><strong>unum</strong></span> <span class='ocrx_word' id='word_1_411' title='bbox 1438 3795 1557 3844; x_wconf 90' lang='lat' dir='ltr'><strong>erat</strong></span> <span class='ocrx_word' id='word_1_412' title='bbox 1584 3786 1754 3841; x_wconf 86' lang='lat' dir='ltr'><strong>altare</strong></span> <span class='ocrx_word' id='word_1_413' title='bbox 1782 3783 1936 3842; x_wconf 90' lang='lat' dir='ltr'><strong>holo-</strong></span> 
     </span>
    </p>
   </div>
   <div class='ocr_carea' id='block_1_56' title="bbox 349 3878 1935 3954">
    <p class='ocr_par' dir='ltr' id='par_1_56' title="bbox 349 3878 1935 3954">
     <span class='ocr_line' id='line_1_56' title="bbox 349 3878 1935 3954; baseline -0.006 -12"><span class='ocrx_word' id='word_1_414' title='bbox 349 3887 546 3952; x_wconf 89' lang='lat' dir='ltr'><strong>causti,</strong></span> <span class='ocrx_word' id='word_1_415' title='bbox 576 3885 630 3940; x_wconf 91' lang='lat' dir='ltr'><strong>in</strong></span> <span class='ocrx_word' id='word_1_416' title='bbox 659 3899 768 3954; x_wconf 88' lang='lat' dir='ltr'><strong>quo</strong></span> <span class='ocrx_word' id='word_1_417' title='bbox 795 3883 1030 3938; x_wconf 73' lang='lat' dir='ltr'><strong>victima:</strong></span> <span class='ocrx_word' id='word_1_418' title='bbox 1081 3880 1540 3946; x_wconf 84' lang='lat' dir='ltr'><strong>immolabantur;</strong></span> <span class='ocrx_word' id='word_1_419' title='bbox 1575 3878 1719 3934; x_wconf 90' lang='lat' dir='ltr'><strong>aliud</strong></span> <span class='ocrx_word' id='word_1_420' title='bbox 1765 3879 1935 3932; x_wconf 91' lang='lat' dir='ltr'><strong>altare</strong></span> 
     </span>
    </p>
   </div>
   <div class='ocr_carea' id='block_1_57' title="bbox 351 3968 1934 4048">
    <p class='ocr_par' dir='ltr' id='par_1_57' title="bbox 351 3968 1934 4048">
     <span class='ocr_line' id='line_1_57' title="bbox 351 3968 1934 4048; baseline -0.005 -16"><span class='ocrx_word' id='word_1_421' title='bbox 351 3975 738 4048; x_wconf 76' lang='lat' dir='ltr'><strong>thymiamatis,</strong></span> <span class='ocrx_word' id='word_1_422' title='bbox 769 3989 875 4044; x_wconf 90' lang='lat' dir='ltr'><strong>quo</strong></span> <span class='ocrx_word' id='word_1_423' title='bbox 900 3973 1182 4028; x_wconf 89' lang='lat' dir='ltr'><strong>incensum</strong></span> <span class='ocrx_word' id='word_1_424' title='bbox 1209 3971 1434 4026; x_wconf 91' lang='lat' dir='ltr'><strong>Domino</strong></span> <span class='ocrx_word' id='word_1_425' title='bbox 1457 3968 1803 4026; x_wconf 76' lang='lat' dir='ltr'><strong>oﬁerebatttr.</strong></span> <span class='ocrx_word' id='word_1_426' title='bbox 1829 3969 1934 4024; x_wconf 90' lang='lat' dir='ltr'><strong>Sed</strong></span> 
     </span>
    </p>
   </div>
   <div class='ocr_carea' id='block_1_58' title="bbox 351 4060 1933 4136">
    <p class='ocr_par' dir='ltr' id='par_1_58' title="bbox 351 4060 1933 4136">
     <span class='ocr_line' id='line_1_58' title="bbox 351 4060 1933 4136; baseline -0.003 -14"><span class='ocrx_word' id='word_1_427' title='bbox 351 4069 518 4122; x_wconf 78' lang='lat' dir='ltr'><strong>altare</strong></span> <span class='ocrx_word' id='word_1_428' title='bbox 546 4065 846 4121; x_wconf 89' lang='lat' dir='ltr'><strong>holocausti</strong></span> <span class='ocrx_word' id='word_1_429' title='bbox 892 4063 1218 4136; x_wconf 81' lang='lat' dir='ltr'><strong>generaliter</strong></span> <span class='ocrx_word' id='word_1_430' title='bbox 1272 4064 1437 4118; x_wconf 89' lang='lat' dir='ltr'><strong>vitam</strong></span> <span class='ocrx_word' id='word_1_431' title='bbox 1485 4063 1734 4134; x_wconf 86' lang='lat' dir='ltr'><strong>designat</strong></span> <span class='ocrx_word' id='word_1_432' title='bbox 1754 4060 1933 4131; x_wconf 83' lang='lat' dir='ltr'><strong>justo-</strong></span> 
     </span>
    </p>
   </div>
   <div class='ocr_carea' id='block_1_59' title="bbox 352 4153 1938 4228">
    <p class='ocr_par' dir='ltr' id='par_1_59' title="bbox 352 4153 1938 4228">
     <span class='ocr_line' id='line_1_59' title="bbox 352 4153 1938 4228; baseline -0.003 -16"><span class='ocrx_word' id='word_1_433' title='bbox 352 4175 490 4223; x_wconf 90' lang='lat' dir='ltr'><strong>rum,</strong></span> <span class='ocrx_word' id='word_1_434' title='bbox 519 4157 609 4228; x_wconf 86' lang='lat' dir='ltr'><strong>qui</strong></span> <span class='ocrx_word' id='word_1_435' title='bbox 639 4172 858 4212; x_wconf 90' lang='lat' dir='ltr'><strong>carnem</strong></span> <span class='ocrx_word' id='word_1_436' title='bbox 888 4172 1042 4212; x_wconf 86' lang='lat' dir='ltr'><strong>suam</strong></span> <span class='ocrx_word' id='word_1_437' title='bbox 1070 4155 1312 4226; x_wconf 83' lang='lat' dir='ltr'><strong>quotidie</strong></span> <span class='ocrx_word' id='word_1_438' title='bbox 1359 4153 1679 4226; x_wconf 75' lang='lat' dir='ltr'><strong>cruciﬁgere</strong></span> <span class='ocrx_word' id='word_1_439' title='bbox 1704 4169 1829 4210; x_wconf 91' lang='lat' dir='ltr'><strong>cum</strong></span> <span class='ocrx_word' id='word_1_440' title='bbox 1857 4153 1938 4208; x_wconf 80' lang='lat' dir='ltr'><strong>vi-</strong></span> 
     </span>
    </p>
   </div>
   <div class='ocr_carea' id='block_1_60' title="bbox 353 4245 1934 4318">
    <p class='ocr_par' dir='ltr' id='par_1_60' title="bbox 353 4245 1934 4318">
     <span class='ocr_line' id='line_1_60' title="bbox 353 4245 1934 4318; baseline -0.001 -17"><span class='ocrx_word' id='word_1_441' title='bbox 353 4249 442 4303; x_wconf 90' lang='lat' dir='ltr'><strong>tiis</strong></span> <span class='ocrx_word' id='word_1_442' title='bbox 471 4257 527 4304; x_wconf 89' lang='lat' dir='ltr'><strong>et</strong></span> <span class='ocrx_word' id='word_1_443' title='bbox 556 4247 1032 4318; x_wconf 83' lang='lat' dir='ltr'><strong>concupiscentiis,</strong></span> <span class='ocrx_word' id='word_1_444' title='bbox 1094 4255 1258 4316; x_wconf 90' lang='lat' dir='ltr'><strong>atque</strong></span> <span class='ocrx_word' id='word_1_445' title='bbox 1291 4247 1343 4302; x_wconf 95' lang='lat' dir='ltr'><strong>in</strong></span> <span class='ocrx_word' id='word_1_446' title='bbox 1373 4247 1609 4302; x_wconf 89' lang='lat' dir='ltr'><strong>hostiam</strong></span> <span class='ocrx_word' id='word_1_447' title='bbox 1662 4245 1934 4300; x_wconf 86' lang='lat' dir='ltr'><strong>viventem</strong></span> 
     </span>
    </p>
   </div>
   <div class='ocr_carea' id='block_1_61' title="bbox 355 4339 1934 4412">
    <p class='ocr_par' dir='ltr' id='par_1_61' title="bbox 355 4339 1934 4412">
     <span class='ocr_line' id='line_1_61' title="bbox 355 4339 1934 4412; baseline -0.001 -17"><span class='ocrx_word' id='word_1_448' title='bbox 355 4343 463 4397; x_wconf 82' lang='lat' dir='ltr'><strong>Deo</strong></span> <span class='ocrx_word' id='word_1_449' title='bbox 493 4339 691 4398; x_wconf 84' lang='lat' dir='ltr'><strong>ofl‘errc</strong></span> <span class='ocrx_word' id='word_1_450' title='bbox 716 4349 1134 4396; x_wconf 88' lang='lat' dir='ltr'><strong>consueverunt.</strong></span> <span class='ocrx_word' id='word_1_451' title='bbox 1165 4340 1351 4394; x_wconf 86' lang='lat' dir='ltr'><strong>Altare</strong></span> <span class='ocrx_word' id='word_1_452' title='bbox 1380 4356 1510 4396; x_wconf 87' lang='lat' dir='ltr'><strong>vero</strong></span> <span class='ocrx_word' id='word_1_453' title='bbox 1547 4339 1934 4412; x_wconf 82' lang='lat' dir='ltr'><strong>thymiamatis,</strong></span> 
     </span>
    </p>
   </div>
   <div class='ocr_carea' id='block_1_62' title="bbox 352 4427 1934 4502">
    <p class='ocr_par' dir='ltr' id='par_1_62' title="bbox 352 4427 1934 4502">
     <span class='ocr_line' id='line_1_62' title="bbox 352 4427 1934 4502; baseline -0.001 -16"><span class='ocrx_word' id='word_1_454' title='bbox 352 4430 494 4502; x_wconf 82' lang='lat' dir='ltr'><strong>quod</strong></span> <span class='ocrx_word' id='word_1_455' title='bbox 523 4431 574 4485; x_wconf 91' lang='lat' dir='ltr'><strong>in</strong></span> <span class='ocrx_word' id='word_1_456' title='bbox 591 4431 911 4486; x_wconf 87' lang='lat' dir='ltr'><strong>adolendum</strong></span> <span class='ocrx_word' id='word_1_457' title='bbox 937 4429 1232 4502; x_wconf 84' lang='lat' dir='ltr'><strong>thymiama</strong></span> <span class='ocrx_word' id='word_1_458' title='bbox 1251 4427 1451 4484; x_wconf 88' lang='lat' dir='ltr'><strong>factum</strong></span> <span class='ocrx_word' id='word_1_459' title='bbox 1474 4437 1612 4494; x_wconf 88' lang='lat' dir='ltr'><strong>erat,</strong></span> <span class='ocrx_word' id='word_1_460' title='bbox 1643 4429 1934 4500; x_wconf 89' lang='lat' dir='ltr'><strong>specialem</strong></span> 
     </span>
    </p>
   </div>
   <div class='ocr_carea' id='block_1_63' title="bbox 353 4521 1938 4596">
    <p class='ocr_par' dir='ltr' id='par_1_63' title="bbox 353 4521 1938 4596">
     <span class='ocr_line' id='line_1_63' title="bbox 353 4521 1938 4596; baseline 0 -18"><span class='ocrx_word' id='word_1_461' title='bbox 353 4523 710 4594; x_wconf 80' lang='lat' dir='ltr'><strong>quorumdam</strong></span> <span class='ocrx_word' id='word_1_462' title='bbox 765 4521 1129 4593; x_wconf 80' lang='lat' dir='ltr'><strong>perfectorum</strong></span> <span class='ocrx_word' id='word_1_463' title='bbox 1185 4522 1354 4576; x_wconf 89' lang='lat' dir='ltr'><strong>vitam</strong></span> <span class='ocrx_word' id='word_1_464' title='bbox 1415 4521 1702 4594; x_wconf 78' lang='lat' dir='ltr'><strong>signiﬁcat.</strong></span> <span class='ocrx_word' id='word_1_465' title='bbox 1750 4522 1938 4596; x_wconf 85' lang='lat' dir='ltr'><strong>Neque</strong></span> 
     </span>
    </p>
   </div>
   <div class='ocr_carea' id='block_1_64' title="bbox 354 4609 1936 4677">
    <p class='ocr_par' dir='ltr' id='par_1_64' title="bbox 354 4609 1936 4677">
     <span class='ocr_line' id='line_1_64' title="bbox 354 4609 1936 4677; baseline 0 -11"><span class='ocrx_word' id='word_1_466' title='bbox 354 4613 558 4668; x_wconf 89' lang='lat' dir='ltr'><strong>frustra</strong></span> <span class='ocrx_word' id='word_1_467' title='bbox 595 4611 647 4664; x_wconf 92' lang='lat' dir='ltr'><strong>in</strong></span> <span class='ocrx_word' id='word_1_468' title='bbox 679 4611 771 4666; x_wconf 83' lang='lat' dir='ltr'><strong>illo</strong></span> <span class='ocrx_word' id='word_1_469' title='bbox 807 4625 998 4665; x_wconf 87' lang='lat' dir='ltr'><strong>carnes</strong></span> <span class='ocrx_word' id='word_1_470' title='bbox 1031 4609 1344 4664; x_wconf 87' lang='lat' dir='ltr'><strong>animalium</strong></span> <span class='ocrx_word' id='word_1_471' title='bbox 1401 4609 1848 4677; x_wconf 86' lang='lat' dir='ltr'><strong>incendebantur,</strong></span> <span class='ocrx_word' id='word_1_472' title='bbox 1881 4611 1936 4666; x_wconf 90' lang='lat' dir='ltr'><strong>in</strong></span> 
     </span>
    </p>
   </div>
   <div class='ocr_carea' id='block_1_65' title="bbox 355 4699 1939 4774">
    <p class='ocr_par' dir='ltr' id='par_1_65' title="bbox 355 4699 1939 4774">
     <span class='ocr_line' id='line_1_65' title="bbox 355 4699 1939 4774; baseline -0.001 -16"><span class='ocrx_word' id='word_1_473' title='bbox 355 4706 458 4759; x_wconf 90' lang='lat' dir='ltr'><strong>hoc</strong></span> <span class='ocrx_word' id='word_1_474' title='bbox 486 4700 802 4756; x_wconf 82' lang='lat' dir='ltr'><strong>adolebatur</strong></span> <span class='ocrx_word' id='word_1_475' title='bbox 833 4700 1109 4755; x_wconf 87' lang='lat' dir='ltr'><strong>incensum</strong></span> <span class='ocrx_word' id='word_1_476' title='bbox 1139 4718 1152 4754; x_wconf 89' lang='lat'><strong>:</strong></span> <span class='ocrx_word' id='word_1_477' title='bbox 1183 4699 1308 4770; x_wconf 87' lang='lat' dir='ltr'><strong>quia</strong></span> <span class='ocrx_word' id='word_1_478' title='bbox 1359 4699 1411 4756; x_wconf 92' lang='lat' dir='ltr'><strong>in</strong></span> <span class='ocrx_word' id='word_1_479' title='bbox 1442 4701 1532 4757; x_wconf 92' lang='lat' dir='ltr'><strong>illo</strong></span> <span class='ocrx_word' id='word_1_480' title='bbox 1565 4701 1939 4774; x_wconf 80' lang='lat' dir='ltr'><strong>ﬁgurabantur</strong></span> 
     </span>
    </p>
   </div>
   <div class='ocr_carea' id='block_1_66' title="bbox 355 4789 1932 4862">
    <p class='ocr_par' dir='ltr' id='par_1_66' title="bbox 355 4789 1932 4862">
     <span class='ocr_line' id='line_1_66' title="bbox 355 4789 1932 4862; baseline 0.001 -17"><span class='ocrx_word' id='word_1_481' title='bbox 355 4795 412 4857; x_wconf 89' lang='lat' dir='ltr'><strong>ii,</strong></span> <span class='ocrx_word' id='word_1_482' title='bbox 448 4791 541 4862; x_wconf 88' lang='lat' dir='ltr'><strong>qui</strong></span> <span class='ocrx_word' id='word_1_483' title='bbox 607 4806 714 4846; x_wconf 85' lang='lat' dir='ltr'><strong>non</strong></span> <span class='ocrx_word' id='word_1_484' title='bbox 751 4789 1044 4846; x_wconf 88' lang='lat' dir='ltr'><strong>secundum</strong></span> <span class='ocrx_word' id='word_1_485' title='bbox 1103 4791 1368 4847; x_wconf 82' lang='lat' dir='ltr'><strong>desideria</strong></span> <span class='ocrx_word' id='word_1_486' title='bbox 1399 4794 1582 4849; x_wconf 85' lang='lat' dir='ltr'><strong>carnis</strong></span> <span class='ocrx_word' id='word_1_487' title='bbox 1635 4794 1932 4861; x_wconf 88' lang='lat' dir='ltr'><strong>ambulant,</strong></span> 
     </span>
    </p>
   </div>
   <div class='ocr_carea' id='block_1_67' title="bbox 352 4881 1936 4955">
    <p class='ocr_par' dir='ltr' id='par_1_67' title="bbox 352 4881 1936 4955">
     <span class='ocr_line' id='line_1_67' title="bbox 352 4881 1936 4955; baseline 0 -15"><span class='ocrx_word' id='word_1_488' title='bbox 352 4883 445 4940; x_wconf 89' lang='lat' dir='ltr'><strong>sed</strong></span> <span class='ocrx_word' id='word_1_489' title='bbox 471 4883 626 4955; x_wconf 89' lang='lat' dir='ltr'><strong>quasi</strong></span> <span class='ocrx_word' id='word_1_490' title='bbox 653 4883 766 4938; x_wconf 62' lang='lat' dir='ltr'><strong>haec</strong></span> <span class='ocrx_word' id='word_1_491' title='bbox 795 4881 1024 4937; x_wconf 90' lang='lat' dir='ltr'><strong>Domino</strong></span> <span class='ocrx_word' id='word_1_492' title='bbox 1065 4882 1430 4951; x_wconf 89' lang='lat' dir='ltr'><strong>immolantes,</strong></span> <span class='ocrx_word' id='word_1_493' title='bbox 1479 4900 1671 4940; x_wconf 89' lang='lat' dir='ltr'><strong>omnes</strong></span> <span class='ocrx_word' id='word_1_494' title='bbox 1696 4885 1780 4940; x_wconf 89' lang='lat' dir='ltr'><strong>sui</strong></span> <span class='ocrx_word' id='word_1_495' title='bbox 1809 4901 1936 4941; x_wconf 86' lang='lat' dir='ltr'><strong>cor-</strong></span> 
     </span>
    </p>
   </div>
   <div class='ocr_carea' id='block_1_68' title="bbox 352 4975 1936 5049">
    <p class='ocr_par' dir='ltr' id='par_1_68' title="bbox 352 4975 1936 5049">
     <span class='ocr_line' id='line_1_68' title="bbox 352 4975 1936 5049; baseline 0.001 -17"><span class='ocrx_word' id='word_1_496' title='bbox 352 4979 500 5048; x_wconf 89' lang='lat' dir='ltr'><strong>poris</strong></span> <span class='ocrx_word' id='word_1_497' title='bbox 523 4991 716 5034; x_wconf 87' lang='lat' dir='ltr'><strong>sensus</strong></span> <span class='ocrx_word' id='word_1_498' title='bbox 737 4992 830 5049; x_wconf 91' lang='lat' dir='ltr'><strong>per</strong></span> <span class='ocrx_word' id='word_1_499' title='bbox 861 4975 1037 5049; x_wconf 83' lang='lat' dir='ltr'><strong>ignem</strong></span> <span class='ocrx_word' id='word_1_500' title='bbox 1063 4977 1234 5034; x_wconf 88' lang='lat' dir='ltr'><strong>sancti</strong></span> <span class='ocrx_word' id='word_1_501' title='bbox 1268 4977 1502 5048; x_wconf 90' lang='lat' dir='ltr'><strong>Spiritus</strong></span> <span class='ocrx_word' id='word_1_502' title='bbox 1533 4978 1650 5048; x_wconf 87' lang='lat' dir='ltr'><strong>ejus</strong></span> <span class='ocrx_word' id='word_1_503' title='bbox 1678 4978 1936 5036; x_wconf 86' lang='lat' dir='ltr'><strong>voluntati</strong></span> 
     </span>
    </p>
   </div>
   <div class='ocr_carea' id='block_1_69' title="bbox 354 5068 1934 5141">
    <p class='ocr_par' dir='ltr' id='par_1_69' title="bbox 354 5068 1934 5141">
     <span class='ocr_line' id='line_1_69' title="bbox 354 5068 1934 5141; baseline 0.001 -18"><span class='ocrx_word' id='word_1_504' title='bbox 354 5069 646 5136; x_wconf 87' lang='lat' dir='ltr'><strong>dedicant;</strong></span> <span class='ocrx_word' id='word_1_505' title='bbox 690 5069 742 5124; x_wconf 90' lang='lat' dir='ltr'><strong>in</strong></span> <span class='ocrx_word' id='word_1_506' title='bbox 769 5069 870 5124; x_wconf 91' lang='lat' dir='ltr'><strong>isto</strong></span> <span class='ocrx_word' id='word_1_507' title='bbox 899 5078 1080 5123; x_wconf 90' lang='lat' dir='ltr'><strong>autem</strong></span> <span class='ocrx_word' id='word_1_508' title='bbox 1136 5068 1349 5124; x_wconf 89' lang='lat' dir='ltr'><strong>illorum</strong></span> <span class='ocrx_word' id='word_1_509' title='bbox 1401 5079 1560 5141; x_wconf 87' lang='lat' dir='ltr'><strong>typus</strong></span> <span class='ocrx_word' id='word_1_510' title='bbox 1590 5070 1934 5140; x_wconf 78' lang='lat' dir='ltr'><strong>exprimitur,</strong></span> 
     </span>
    </p>
   </div>
   <div class='ocr_carea' id='block_1_70' title="bbox 354 5160 1937 5234">
    <p class='ocr_par' dir='ltr' id='par_1_70' title="bbox 354 5160 1937 5234">
     <span class='ocr_line' id='line_1_70' title="bbox 354 5160 1937 5234; baseline 0.003 -18"><span class='ocrx_word' id='word_1_511' title='bbox 354 5163 444 5232; x_wconf 84' lang='lat' dir='ltr'><strong>qui</strong></span> <span class='ocrx_word' id='word_1_512' title='bbox 471 5161 674 5233; x_wconf 82' lang='lat' dir='ltr'><strong>majore</strong></span> <span class='ocrx_word' id='word_1_513' title='bbox 700 5162 896 5218; x_wconf 88' lang='lat' dir='ltr'><strong>mentis</strong></span> <span class='ocrx_word' id='word_1_514' title='bbox 933 5160 1286 5233; x_wconf 81' lang='lat' dir='ltr'><strong>perfectione,</strong></span> <span class='ocrx_word' id='word_1_515' title='bbox 1319 5164 1602 5220; x_wconf 78' lang='lat' dir='ltr'><strong>exstinctis</strong></span> <span class='ocrx_word' id='word_1_516' title='bbox 1630 5179 1850 5234; x_wconf 88' lang='lat' dir='ltr'><strong>prorsus</strong></span> <span class='ocrx_word' id='word_1_517' title='bbox 1873 5180 1937 5221; x_wconf 89' lang='lat' dir='ltr'><strong>ac</strong></span> 
     </span>
    </p>
   </div>
   <div class='ocr_carea' id='block_1_71' title="bbox 355 5252 1938 5324">
    <p class='ocr_par' dir='ltr' id='par_1_71' title="bbox 355 5252 1938 5324">
     <span class='ocr_line' id='line_1_71' title="bbox 355 5252 1938 5324; baseline 0.003 -16"><span class='ocrx_word' id='word_1_518' title='bbox 355 5254 546 5324; x_wconf 76' lang='lat' dir='ltr'><strong>sapitis</strong></span> <span class='ocrx_word' id='word_1_519' title='bbox 578 5252 844 5309; x_wconf 90' lang='lat' dir='ltr'><strong>illecebris</strong></span> <span class='ocrx_word' id='word_1_520' title='bbox 869 5254 1120 5311; x_wconf 89' lang='lat' dir='ltr'><strong>omnibus</strong></span> <span class='ocrx_word' id='word_1_521' title='bbox 1149 5254 1354 5320; x_wconf 88' lang='lat' dir='ltr'><strong>carnis,</strong></span> <span class='ocrx_word' id='word_1_522' title='bbox 1414 5255 1526 5312; x_wconf 88' lang='lat' dir='ltr'><strong>sola</strong></span> <span class='ocrx_word' id='word_1_523' title='bbox 1560 5256 1786 5312; x_wconf 90' lang='lat' dir='ltr'><strong>Domino</strong></span> <span class='ocrx_word' id='word_1_524' title='bbox 1816 5272 1938 5312; x_wconf 90' lang='lat' dir='ltr'><strong>ora-</strong></span> 
     </span>
    </p>
   </div>
   <div class='ocr_carea' id='block_1_72' title="bbox 358 5343 1936 5420">
    <p class='ocr_par' dir='ltr' id='par_1_72' title="bbox 358 5343 1936 5420">
     <span class='ocr_line' id='line_1_72' title="bbox 358 5343 1936 5420; baseline 0.005 -22"><span class='ocrx_word' id='word_1_525' title='bbox 358 5343 564 5400; x_wconf 89' lang='lat' dir='ltr'><strong>tionum</strong></span> <span class='ocrx_word' id='word_1_526' title='bbox 587 5353 710 5400; x_wconf 85' lang='lat' dir='ltr'><strong>vota</strong></span> <span class='ocrx_word' id='word_1_527' title='bbox 743 5344 977 5401; x_wconf 82' lang='lat' dir='ltr'><strong>oli‘erunt</strong></span> <span class='ocrx_word' id='word_1_528' title='bbox 1003 5363 1018 5412; x_wconf 89' lang='lat'><strong>;</strong></span> <span class='ocrx_word' id='word_1_529' title='bbox 1050 5346 1126 5402; x_wconf 91' lang='lat' dir='ltr'><strong>nil</strong></span> <span class='ocrx_word' id='word_1_530' title='bbox 1151 5347 1369 5417; x_wconf 89' lang='lat' dir='ltr'><strong>quidem</strong></span> <span class='ocrx_word' id='word_1_531' title='bbox 1397 5347 1463 5402; x_wconf 91' lang='lat' dir='ltr'><strong>dc</strong></span> <span class='ocrx_word' id='word_1_532' title='bbox 1485 5363 1672 5414; x_wconf 87' lang='lat' dir='ltr'><strong>carne,</strong></span> <span class='ocrx_word' id='word_1_533' title='bbox 1705 5351 1847 5420; x_wconf 90' lang='lat' dir='ltr'><strong>quod</strong></span> <span class='ocrx_word' id='word_1_534' title='bbox 1877 5366 1936 5407; x_wconf 91' lang='lat' dir='ltr'><strong>se</strong></span> 
     </span>
    </p>
   </div>
   <div class='ocr_carea' id='block_1_73' title="bbox 359 5435 1938 5508">
    <p class='ocr_par' dir='ltr' id='par_1_73' title="bbox 359 5435 1938 5508">
     <span class='ocr_line' id='line_1_73' title="bbox 359 5435 1938 5508; baseline 0.006 -20"><span class='ocrx_word' id='word_1_535' title='bbox 359 5435 660 5507; x_wconf 80' lang='lat' dir='ltr'><strong>impugnet,</strong></span> <span class='ocrx_word' id='word_1_536' title='bbox 685 5437 762 5491; x_wconf 91' lang='lat' dir='ltr'><strong>nil</strong></span> <span class='ocrx_word' id='word_1_537' title='bbox 810 5437 876 5492; x_wconf 87' lang='lat' dir='ltr'><strong>de</strong></span> <span class='ocrx_word' id='word_1_538' title='bbox 923 5438 1254 5494; x_wconf 88' lang='lat' dir='ltr'><strong>conscientia</strong></span> <span class='ocrx_word' id='word_1_539' title='bbox 1284 5439 1513 5508; x_wconf 89' lang='lat' dir='ltr'><strong>peccati,</strong></span> <span class='ocrx_word' id='word_1_540' title='bbox 1548 5439 1691 5497; x_wconf 91' lang='lat' dir='ltr'><strong>unde</strong></span> <span class='ocrx_word' id='word_1_541' title='bbox 1719 5449 1938 5497; x_wconf 86' lang='lat' dir='ltr'><strong>contur-</strong></span> 
     </span>
    </p>
   </div>
   <div class='ocr_carea' id='block_1_74' title="bbox 359 5526 1938 5604">
    <p class='ocr_par' dir='ltr' id='par_1_74' title="bbox 359 5526 1938 5604">
     <span class='ocr_line' id='line_1_74' title="bbox 359 5526 1938 5604; baseline 0.007 -24"><span class='ocrx_word' id='word_1_542' title='bbox 359 5526 556 5582; x_wconf 88' lang='lat' dir='ltr'><strong>bentur</strong></span> <span class='ocrx_word' id='word_1_543' title='bbox 583 5543 648 5583; x_wconf 91' lang='lat' dir='ltr'><strong>ac</strong></span> <span class='ocrx_word' id='word_1_544' title='bbox 671 5538 920 5600; x_wconf 78' lang='lat' dir='ltr'><strong>paveant,</strong></span> <span class='ocrx_word' id='word_1_545' title='bbox 946 5531 1244 5598; x_wconf 85' lang='lat' dir='ltr'><strong>habentes;</strong></span> <span class='ocrx_word' id='word_1_546' title='bbox 1275 5533 1368 5588; x_wconf 87' lang='lat' dir='ltr'><strong>sed</strong></span> <span class='ocrx_word' id='word_1_547' title='bbox 1391 5532 1598 5589; x_wconf 88' lang='lat' dir='ltr'><strong>dulcius</strong></span> <span class='ocrx_word' id='word_1_548' title='bbox 1627 5533 1938 5604; x_wconf 83' lang='lat' dir='ltr'><strong>profusione</strong></span> 
     </span>
    </p>
   </div>
   <div class='ocr_carea' id='block_1_75' title="bbox 363 5614 1934 5694">
    <p class='ocr_par' dir='ltr' id='par_1_75' title="bbox 363 5614 1934 5694">
     <span class='ocr_line' id='line_1_75' title="bbox 363 5614 1934 5694; baseline 0.009 -26"><span class='ocrx_word' id='word_1_549' title='bbox 363 5614 724 5688; x_wconf 83' lang='lat' dir='ltr'><strong>laerymarum</strong></span> <span class='ocrx_word' id='word_1_550' title='bbox 754 5633 1004 5688; x_wconf 69' lang='lat' dir='ltr'><strong>optantes</strong></span> <span class='ocrx_word' id='word_1_551' title='bbox 1046 5623 1232 5679; x_wconf 89' lang='lat' dir='ltr'><strong>venire</strong></span> <span class='ocrx_word' id='word_1_552' title='bbox 1262 5632 1316 5678; x_wconf 90' lang='lat' dir='ltr'><strong>et</strong></span> <span class='ocrx_word' id='word_1_553' title='bbox 1365 5638 1559 5694; x_wconf 87' lang='lat' dir='ltr'><strong>parere</strong></span> <span class='ocrx_word' id='word_1_554' title='bbox 1583 5633 1708 5681; x_wconf 89' lang='lat' dir='ltr'><strong>ante</strong></span> <span class='ocrx_word' id='word_1_555' title='bbox 1737 5624 1934 5682; x_wconf 78' lang='lat' dir='ltr'><strong>faciem</strong></span> 
     </span>
    </p>
   </div>
   <div class='ocr_carea' id='block_1_76' title="bbox 359 5705 1940 5782">
    <p class='ocr_par' dir='ltr' id='par_1_76' title="bbox 359 5705 1940 5782">
     <span class='ocr_line' id='line_1_76' title="bbox 359 5705 1940 5782; baseline 0.009 -22"><span class='ocrx_word' id='word_1_556' title='bbox 359 5705 472 5762; x_wconf 86' lang='lat' dir='ltr'><strong>Dei.</strong></span> <span class='ocrx_word' id='word_1_557' title='bbox 540 5707 689 5764; x_wconf 86' lang='lat' dir='ltr'><strong>Unde</strong></span> <span class='ocrx_word' id='word_1_558' title='bbox 719 5720 841 5782; x_wconf 86' lang='lat' dir='ltr'><strong>apte</strong></span> <span class='ocrx_word' id='word_1_559' title='bbox 871 5711 972 5770; x_wconf 90' lang='lat' dir='ltr'><strong>hoc</strong></span> <span class='ocrx_word' id='word_1_560' title='bbox 1020 5712 1189 5771; x_wconf 88' lang='lat' dir='ltr'><strong>altare</strong></span> <span class='ocrx_word' id='word_1_561' title='bbox 1245 5714 1392 5772; x_wconf 87' lang='lat' dir='ltr'><strong>intus</strong></span> <span class='ocrx_word' id='word_1_562' title='bbox 1416 5717 1469 5773; x_wconf 93' lang='lat' dir='ltr'><strong>in</strong></span> <span class='ocrx_word' id='word_1_563' title='bbox 1520 5717 1719 5775; x_wconf 86' lang='lat' dir='ltr'><strong>vicinia</strong></span> <span class='ocrx_word' id='word_1_564' title='bbox 1749 5719 1850 5778; x_wconf 83' lang='lat' dir='ltr'><strong>veli</strong></span> <span class='ocrx_word' id='word_1_565' title='bbox 1883 5729 1940 5776; x_wconf 89' lang='lat' dir='ltr'><strong>et</strong></span> 
     </span>
    </p>
   </div>
   <div class='ocr_carea' id='block_1_77' title="bbox 2029 1874 3628 1949">
    <p class='ocr_par' dir='ltr' id='par_1_77' title="bbox 2029 1874 3628 1949">
     <span class='ocr_line' id='line_1_77' title="bbox 2029 1874 3628 1949; baseline -0.002 -16"><span class='ocrx_word' id='word_1_566' title='bbox 2029 1879 2105 1949; x_wconf 81' lang='grc' dir='ltr'>ι.).</span> <span class='ocrx_word' id='word_1_567' title='bbox 2133 1876 2360 1945; x_wconf 83' lang='lat' dir='ltr'><strong>Quidam</strong></span> <span class='ocrx_word' id='word_1_568' title='bbox 2383 1877 2486 1931; x_wconf 92' lang='lat' dir='ltr'><strong>hoc</strong></span> <span class='ocrx_word' id='word_1_569' title='bbox 2509 1875 2626 1930; x_wconf 92' lang='lat' dir='ltr'><strong>loco</strong></span> <span class='ocrx_word' id='word_1_570' title='bbox 2647 1876 2834 1932; x_wconf 91' lang='lat' dir='ltr'><strong>dicunt</strong></span> <span class='ocrx_word' id='word_1_571' title='bbox 2856 1876 3031 1945; x_wconf 92' lang='lat' dir='ltr'><strong>ipsum</strong></span> <span class='ocrx_word' id='word_1_572' title='bbox 3056 1874 3342 1929; x_wconf 91' lang='lat' dir='ltr'><strong>Dominum</strong></span> <span class='ocrx_word' id='word_1_573' title='bbox 3371 1875 3628 1940; x_wconf 90' lang='lat' dir='ltr'><strong>vitulum,</strong></span> 
     </span>
    </p>
   </div>
   <div class='ocr_carea' id='block_1_78' title="bbox 2031 1964 3631 2038">
    <p class='ocr_par' dir='ltr' id='par_1_78' title="bbox 2031 1964 3631 2038">
     <span class='ocr_line' id='line_1_78' title="bbox 2031 1964 3631 2038; baseline -0.002 -16"><span class='ocrx_word' id='word_1_574' title='bbox 2031 1969 2124 2038; x_wconf 92' lang='lat' dir='ltr'><strong>qui</strong></span> <span class='ocrx_word' id='word_1_575' title='bbox 2149 1983 2209 2022; x_wconf 91' lang='lat' dir='ltr'><strong>se</strong></span> <span class='ocrx_word' id='word_1_576' title='bbox 2255 1967 2490 2022; x_wconf 85' lang='lat' dir='ltr'><strong>hostiam</strong></span> <span class='ocrx_word' id='word_1_577' title='bbox 2537 1966 2734 2022; x_wconf 88' lang='lat' dir='ltr'><strong>obtulit</strong></span> <span class='ocrx_word' id='word_1_578' title='bbox 2781 1981 2882 2036; x_wconf 86' lang='lat' dir='ltr'><strong>pro</strong></span> <span class='ocrx_word' id='word_1_579' title='bbox 2907 1965 3082 2020; x_wconf 91' lang='lat' dir='ltr'><strong>salute</strong></span> <span class='ocrx_word' id='word_1_580' title='bbox 3107 1973 3448 2020; x_wconf 87' lang='lat' dir='ltr'><strong>cunctorum.</strong></span> <span class='ocrx_word' id='word_1_581' title='bbox 3478 1964 3631 2033; x_wconf 86' lang='lat' dir='ltr'><strong>Qua-</strong></span> 
     </span>
    </p>
   </div>
   <div class='ocr_carea' id='block_1_79' title="bbox 2030 2056 3634 2130">
    <p class='ocr_par' dir='ltr' id='par_1_79' title="bbox 2030 2056 3634 2130">
     <span class='ocr_line' id='line_1_79' title="bbox 2030 2056 3634 2130; baseline -0.001 -18"><span class='ocrx_word' id='word_1_582' title='bbox 2030 2068 2252 2130; x_wconf 86' lang='lat' dir='ltr'><strong>propter</strong></span> <span class='ocrx_word' id='word_1_583' title='bbox 2312 2059 2426 2114; x_wconf 88' lang='lat' dir='ltr'><strong>sive</strong></span> <span class='ocrx_word' id='word_1_584' title='bbox 2491 2058 2559 2114; x_wconf 91' lang='lat' dir='ltr'><strong>de</strong></span> <span class='ocrx_word' id='word_1_585' title='bbox 2621 2057 3080 2122; x_wconf 87' lang='lat' dir='ltr'><strong>adolescentibus,</strong></span> <span class='ocrx_word' id='word_1_586' title='bbox 3139 2057 3255 2113; x_wconf 90' lang='lat' dir='ltr'><strong>sive</strong></span> <span class='ocrx_word' id='word_1_587' title='bbox 3319 2056 3387 2110; x_wconf 90' lang='lat' dir='ltr'><strong>de</strong></span> <span class='ocrx_word' id='word_1_588' title='bbox 3428 2057 3634 2126; x_wconf 66' lang='lat' dir='ltr'><strong>prtedi-</strong></span> 
     </span>
    </p>
   </div>
   <div class='ocr_carea' id='block_1_80' title="bbox 2031 2145 3635 2218">
    <p class='ocr_par' dir='ltr' id='par_1_80' title="bbox 2031 2145 3635 2218">
     <span class='ocr_line' id='line_1_80' title="bbox 2031 2145 3635 2218; baseline -0.002 -15"><span class='ocrx_word' id='word_1_589' title='bbox 2031 2148 2348 2214; x_wconf 82' lang='lat' dir='ltr'><strong>catoribus,</strong></span> <span class='ocrx_word' id='word_1_590' title='bbox 2414 2148 2530 2204; x_wconf 90' lang='lat' dir='ltr'><strong>sive</strong></span> <span class='ocrx_word' id='word_1_591' title='bbox 2596 2147 2664 2203; x_wconf 92' lang='lat' dir='ltr'><strong>de</strong></span> <span class='ocrx_word' id='word_1_592' title='bbox 2716 2147 3053 2218; x_wconf 83' lang='lat' dir='ltr'><strong>martyribus</strong></span> <span class='ocrx_word' id='word_1_593' title='bbox 3119 2147 3418 2212; x_wconf 90' lang='lat' dir='ltr'><strong>sentiatur,</strong></span> <span class='ocrx_word' id='word_1_594' title='bbox 3492 2145 3635 2200; x_wconf 87' lang='lat' dir='ltr'><strong>tales</strong></span> 
     </span>
    </p>
   </div>
   <div class='ocr_carea' id='block_1_81' title="bbox 2033 2237 3636 2309">
    <p class='ocr_par' dir='ltr' id='par_1_81' title="bbox 2033 2237 3636 2309">
     <span class='ocr_line' id='line_1_81' title="bbox 2033 2237 3636 2309; baseline -0.001 -15"><span class='ocrx_word' id='word_1_595' title='bbox 2033 2248 2211 2294; x_wconf 89' lang='lat' dir='ltr'><strong>tamen</strong></span> <span class='ocrx_word' id='word_1_596' title='bbox 2233 2239 2498 2309; x_wconf 87' lang='lat' dir='ltr'><strong>propheta</strong></span> <span class='ocrx_word' id='word_1_597' title='bbox 2527 2237 2726 2292; x_wconf 85' lang='lat' dir='ltr'><strong>vitulos</strong></span> <span class='ocrx_word' id='word_1_598' title='bbox 2752 2237 3016 2292; x_wconf 89' lang='lat' dir='ltr'><strong>altaribus</strong></span> <span class='ocrx_word' id='word_1_599' title='bbox 3044 2237 3272 2292; x_wconf 90' lang='lat' dir='ltr'><strong>Domino</strong></span> <span class='ocrx_word' id='word_1_600' title='bbox 3297 2239 3475 2308; x_wconf 89' lang='lat' dir='ltr'><strong>potuit</strong></span> <span class='ocrx_word' id='word_1_601' title='bbox 3499 2253 3636 2307; x_wconf 86' lang='lat' dir='ltr'><strong>pro-</strong></span> 
     </span>
    </p>
   </div>
   <div class='ocr_carea' id='block_1_82' title="bbox 2032 2327 3634 2400">
    <p class='ocr_par' dir='ltr' id='par_1_82' title="bbox 2032 2327 3634 2400">
     <span class='ocr_line' id='line_1_82' title="bbox 2032 2327 3634 2400; baseline 0 -16"><span class='ocrx_word' id='word_1_602' title='bbox 2032 2332 2271 2396; x_wconf 88' lang='lat' dir='ltr'><strong>mittere,</strong></span> <span class='ocrx_word' id='word_1_603' title='bbox 2333 2345 2470 2400; x_wconf 90' lang='lat' dir='ltr'><strong>quos</strong></span> <span class='ocrx_word' id='word_1_604' title='bbox 2511 2329 2834 2385; x_wconf 78' lang='lat' dir='ltr'><strong>Christiana:</strong></span> <span class='ocrx_word' id='word_1_605' title='bbox 2871 2327 3120 2400; x_wconf 77' lang='lat' dir='ltr'><strong>religioni</strong></span> <span class='ocrx_word' id='word_1_606' title='bbox 3157 2335 3384 2384; x_wconf 84' lang='lat' dir='ltr'><strong>noverat</strong></span> <span class='ocrx_word' id='word_1_607' title='bbox 3423 2345 3634 2384; x_wconf 87' lang='lat' dir='ltr'><strong>conve-</strong></span> 
     </span>
    </p>
   </div>
   <div class='ocr_carea' id='block_1_83' title="bbox 2032 2419 3629 2492">
    <p class='ocr_par' dir='ltr' id='par_1_83' title="bbox 2032 2419 3629 2492">
     <span class='ocr_line' id='line_1_83' title="bbox 2032 2419 3629 2492; baseline -0.001 -15"><span class='ocrx_word' id='word_1_608' title='bbox 2032 2423 2168 2478; x_wconf 88' lang='lat' dir='ltr'><strong>nire.</strong></span> <span class='ocrx_word' id='word_1_609' title='bbox 2194 2420 2381 2478; x_wconf 83' lang='lat' dir='ltr'><strong>Altare</strong></span> <span class='ocrx_word' id='word_1_610' title='bbox 2406 2437 2604 2492; x_wconf 88' lang='lat' dir='ltr'><strong>corpus</strong></span> <span class='ocrx_word' id='word_1_611' title='bbox 2617 2420 2918 2476; x_wconf 73' lang='lat' dir='ltr'><strong>Salvator-is</strong></span> <span class='ocrx_word' id='word_1_612' title='bbox 2939 2429 3298 2491; x_wconf 85' lang='lat' dir='ltr'><strong>assumptum.</strong></span> <span class='ocrx_word' id='word_1_613' title='bbox 3327 2419 3386 2474; x_wconf 86' lang='lat' dir='ltr'><strong>In</strong></span> <span class='ocrx_word' id='word_1_614' title='bbox 3403 2421 3629 2476; x_wconf 81' lang='lat' dir='ltr'><strong>Exodo:</strong></span> 
     </span>
    </p>
   </div>
   <div class='ocr_carea' id='block_1_84' title="bbox 2033 2509 3635 2583">
    <p class='ocr_par' dir='ltr' id='par_1_84' title="bbox 2033 2509 3635 2583">
     <span class='ocr_line' id='line_1_84' title="bbox 2033 2509 3635 2583; baseline -0.001 -15"><span class='ocrx_word' id='word_1_615' title='bbox 2033 2514 2208 2568; x_wconf 81' lang='lat' dir='ltr'><strong>Altare</strong></span> <span class='ocrx_word' id='word_1_616' title='bbox 2237 2513 2303 2568; x_wconf 89' lang='lat' dir='ltr'><strong>de</strong></span> <span class='ocrx_word' id='word_1_617' title='bbox 2347 2524 2486 2567; x_wconf 87' lang='lat' dir='ltr'><strong>terra</strong></span> <span class='ocrx_word' id='word_1_618' title='bbox 2531 2513 2736 2583; x_wconf 79' lang='lat' dir='ltr'><strong>facietis</strong></span> <span class='ocrx_word' id='word_1_619' title='bbox 2763 2513 2891 2566; x_wconf 83' lang='lat' dir='ltr'><strong>mihi</strong></span> <span class='ocrx_word' id='word_1_620' title='bbox 2924 2511 3122 2582; x_wconf 69' lang='lat' dir='ltr'><strong>(Exod.</strong></span> <span class='ocrx_word' id='word_1_621' title='bbox 3149 2509 3261 2583; x_wconf 81' lang='lat' dir='ltr'><strong>xx).</strong></span> <span class='ocrx_word' id='word_1_622' title='bbox 3293 2511 3475 2566; x_wconf 76' lang='lat' dir='ltr'><strong>Altare</strong></span> <span class='ocrx_word' id='word_1_623' title='bbox 3501 2527 3635 2568; x_wconf 84' lang='lat' dir='ltr'><strong>sau-</strong></span> 
     </span>
    </p>
   </div>
   <div class='ocr_carea' id='block_1_85' title="bbox 2032 2601 3636 2660">
    <p class='ocr_par' dir='ltr' id='par_1_85' title="bbox 2032 2601 3636 2660">
     <span class='ocr_line' id='line_1_85' title="bbox 2032 2601 3636 2660; baseline -0.002 0"><span class='ocrx_word' id='word_1_624' title='bbox 2032 2614 2114 2660; x_wconf 90' lang='lat' dir='ltr'><strong>cta</strong></span> <span class='ocrx_word' id='word_1_625' title='bbox 2169 2603 2434 2660; x_wconf 87' lang='lat' dir='ltr'><strong>Ecclesia.</strong></span> <span class='ocrx_word' id='word_1_626' title='bbox 2506 2601 2562 2658; x_wconf 83' lang='grc' dir='ltr'><strong>ιιι</strong></span> <span class='ocrx_word' id='word_1_627' title='bbox 2609 2603 3024 2660; x_wconf 87' lang='lat' dir='ltr'><strong>Denteronomio</strong></span> <span class='ocrx_word' id='word_1_628' title='bbox 3065 2622 3079 2658; x_wconf 89' lang='lat'><strong>:</strong></span> <span class='ocrx_word' id='word_1_629' title='bbox 3141 2601 3273 2658; x_wconf 88' lang='lat' dir='ltr'><strong>Cum</strong></span> <span class='ocrx_word' id='word_1_630' title='bbox 3315 2602 3636 2656; x_wconf 83' lang='lat' dir='ltr'><strong>transieritis</strong></span> 
     </span>
    </p>
   </div>
   <div class='ocr_carea' id='block_1_86' title="bbox 2030 2693 3636 2765">
    <p class='ocr_par' dir='ltr' id='par_1_86' title="bbox 2030 2693 3636 2765">
     <span class='ocr_line' id='line_1_86' title="bbox 2030 2693 3636 2765; baseline -0.001 -16"><span class='ocrx_word' id='word_1_631' title='bbox 2030 2695 2341 2760; x_wconf 56' lang='lat' dir='ltr'><strong>Iordanem,</strong></span> <span class='ocrx_word' id='word_1_632' title='bbox 2375 2693 2636 2763; x_wconf 74' lang='lat' dir='ltr'><strong>tuli/irate</strong></span> <span class='ocrx_word' id='word_1_633' title='bbox 2663 2693 2831 2748; x_wconf 85' lang='lat' dir='ltr'><strong>altare</strong></span> <span class='ocrx_word' id='word_1_634' title='bbox 2853 2694 2918 2748; x_wconf 89' lang='lat' dir='ltr'><strong>de</strong></span> <span class='ocrx_word' id='word_1_635' title='bbox 2950 2693 3230 2765; x_wconf 83' lang='lat' dir='ltr'><strong>lapidibus,</strong></span> <span class='ocrx_word' id='word_1_636' title='bbox 3267 2711 3396 2764; x_wconf 85' lang='lat' dir='ltr'><strong>quos</strong></span> <span class='ocrx_word' id='word_1_637' title='bbox 3427 2695 3636 2764; x_wconf 75' lang='lat' dir='ltr'><strong>ferrum</strong></span> 
     </span>
    </p>
   </div>
   <div class='ocr_carea' id='block_1_87' title="bbox 2033 2784 3627 2858">
    <p class='ocr_par' dir='ltr' id='par_1_87' title="bbox 2033 2784 3627 2858">
     <span class='ocr_line' id='line_1_87' title="bbox 2033 2784 3627 2858; baseline 0.001 -18"><span class='ocrx_word' id='word_1_638' title='bbox 2033 2803 2136 2840; x_wconf 83' lang='lat' dir='ltr'><strong>non</strong></span> <span class='ocrx_word' id='word_1_639' title='bbox 2169 2787 2334 2857; x_wconf 82' lang='lat' dir='ltr'><strong>tetigit</strong></span> <span class='ocrx_word' id='word_1_640' title='bbox 2367 2784 2546 2857; x_wconf 86' lang='lat' dir='ltr'><strong>(Deut.</strong></span> <span class='ocrx_word' id='word_1_641' title='bbox 2579 2786 2773 2858; x_wconf 79' lang='lat' dir='ltr'><strong>xxv“),</strong></span> <span class='ocrx_word' id='word_1_642' title='bbox 2807 2786 2860 2840; x_wconf 88' lang='lat' dir='ltr'><strong>id</strong></span> <span class='ocrx_word' id='word_1_643' title='bbox 2885 2793 2987 2849; x_wconf 87' lang='lat' dir='ltr'><strong>est,</strong></span> <span class='ocrx_word' id='word_1_644' title='bbox 3016 2786 3082 2841; x_wconf 88' lang='lat' dir='ltr'><strong>de</strong></span> <span class='ocrx_word' id='word_1_645' title='bbox 3115 2786 3317 2840; x_wconf 86' lang='lat' dir='ltr'><strong>sanctis</strong></span> <span class='ocrx_word' id='word_1_646' title='bbox 3349 2785 3627 2850; x_wconf 83' lang='lat' dir='ltr'><strong>fidelibus,</strong></span> 
     </span>
    </p>
   </div>
   <div class='ocr_carea' id='block_1_88' title="bbox 2033 2878 3634 2950">
    <p class='ocr_par' dir='ltr' id='par_1_88' title="bbox 2033 2878 3634 2950">
     <span class='ocr_line' id='line_1_88' title="bbox 2033 2878 3634 2950; baseline 0.001 -18"><span class='ocrx_word' id='word_1_647' title='bbox 2033 2894 2169 2950; x_wconf 90' lang='lat' dir='ltr'><strong>quos</strong></span> <span class='ocrx_word' id='word_1_648' title='bbox 2223 2878 2427 2934; x_wconf 90' lang='lat' dir='ltr'><strong>nullum</strong></span> <span class='ocrx_word' id='word_1_649' title='bbox 2476 2878 2714 2934; x_wconf 87' lang='lat' dir='ltr'><strong>schisma</strong></span> <span class='ocrx_word' id='word_1_650' title='bbox 2769 2879 3038 2933; x_wconf 65' lang='lat' dir='ltr'><strong>baeresum</strong></span> <span class='ocrx_word' id='word_1_651' title='bbox 3089 2887 3184 2932; x_wconf 86' lang='lat' dir='ltr'><strong>aut</strong></span> <span class='ocrx_word' id='word_1_652' title='bbox 3231 2878 3634 2934; x_wconf 87' lang='lat' dir='ltr'><strong>contaminatio</strong></span> 
     </span>
    </p>
   </div>
   <div class='ocr_carea' id='block_1_89' title="bbox 2031 2970 3637 3044">
    <p class='ocr_par' dir='ltr' id='par_1_89' title="bbox 2031 2970 3637 3044">
     <span class='ocr_line' id='line_1_89' title="bbox 2031 2970 3637 3044; baseline 0 -17"><span class='ocrx_word' id='word_1_653' title='bbox 2031 2973 2239 3044; x_wconf 89' lang='lat' dir='ltr'><strong>peccati</strong></span> <span class='ocrx_word' id='word_1_654' title='bbox 2263 2971 2573 3028; x_wconf 86' lang='lat' dir='ltr'><strong>maculavit.</strong></span> <span class='ocrx_word' id='word_1_655' title='bbox 2611 2971 2741 3026; x_wconf 88' lang='lat' dir='ltr'><strong>Item</strong></span> <span class='ocrx_word' id='word_1_656' title='bbox 2773 2970 2944 3026; x_wconf 89' lang='lat' dir='ltr'><strong>altare</strong></span> <span class='ocrx_word' id='word_1_657' title='bbox 2971 2971 3244 3040; x_wconf 79' lang='lat' dir='ltr'><strong>signiﬁcat</strong></span> <span class='ocrx_word' id='word_1_658' title='bbox 3264 2986 3462 3042; x_wconf 88' lang='lat' dir='ltr'><strong>pascua</strong></span> <span class='ocrx_word' id='word_1_659' title='bbox 3479 2971 3637 3027; x_wconf 87' lang='lat' dir='ltr'><strong>Scri-</strong></span> 
     </span>
    </p>
   </div>
   <div class='ocr_carea' id='block_1_90' title="bbox 2033 3063 3634 3136">
    <p class='ocr_par' dir='ltr' id='par_1_90' title="bbox 2033 3063 3634 3136">
     <span class='ocr_line' id='line_1_90' title="bbox 2033 3063 3634 3136; baseline 0.001 -19"><span class='ocrx_word' id='word_1_660' title='bbox 2033 3075 2342 3136; x_wconf 86' lang='lat' dir='ltr'><strong>pturarum.</strong></span> <span class='ocrx_word' id='word_1_661' title='bbox 2383 3072 2446 3118; x_wconf 91' lang='lat' dir='ltr'><strong>ut</strong></span> <span class='ocrx_word' id='word_1_662' title='bbox 2495 3063 2548 3118; x_wconf 89' lang='lat' dir='ltr'><strong>in</strong></span> <span class='ocrx_word' id='word_1_663' title='bbox 2595 3063 2848 3119; x_wconf 88' lang='lat' dir='ltr'><strong>Psalmo:</strong></span> <span class='ocrx_word' id='word_1_664' title='bbox 2909 3063 3114 3118; x_wconf 83' lang='lat' dir='ltr'><strong>Lavabo</strong></span> <span class='ocrx_word' id='word_1_665' title='bbox 3167 3063 3300 3118; x_wconf 86' lang='lat' dir='ltr'><strong>inter</strong></span> <span class='ocrx_word' id='word_1_666' title='bbox 3328 3067 3634 3120; x_wconf 69' lang='lat' dir='ltr'><strong>innocentes</strong></span> 
     </span>
    </p>
   </div>
   <div class='ocr_carea' id='block_1_91' title="bbox 2037 3157 3632 3231">
    <p class='ocr_par' dir='ltr' id='par_1_91' title="bbox 2037 3157 3632 3231">
     <span class='ocr_line' id='line_1_91' title="bbox 2037 3157 3632 3231; baseline 0.003 -20"><span class='ocrx_word' id='word_1_667' title='bbox 2037 3176 2224 3214; x_wconf 85' lang='lat' dir='ltr'><strong>manus</strong></span> <span class='ocrx_word' id='word_1_668' title='bbox 2257 3175 2421 3224; x_wconf 84' lang='lat' dir='ltr'><strong>meas,</strong></span> <span class='ocrx_word' id='word_1_669' title='bbox 2447 3169 2495 3212; x_wconf 88' lang='lat' dir='ltr'><strong>et</strong></span> <span class='ocrx_word' id='word_1_670' title='bbox 2530 3157 2760 3212; x_wconf 86' lang='lat' dir='ltr'><strong>circuibo</strong></span> <span class='ocrx_word' id='word_1_671' title='bbox 2801 3159 2969 3214; x_wconf 88' lang='lat' dir='ltr'><strong>altare</strong></span> <span class='ocrx_word' id='word_1_672' title='bbox 3001 3168 3172 3224; x_wconf 89' lang='lat' dir='ltr'><strong>tuum,</strong></span> <span class='ocrx_word' id='word_1_673' title='bbox 3203 3159 3422 3213; x_wconf 86' lang='lat' dir='ltr'><strong>Domine</strong></span> <span class='ocrx_word' id='word_1_674' title='bbox 3454 3157 3632 3231; x_wconf 81' lang='lat' dir='ltr'><strong>(Psal.</strong></span> 
     </span>
    </p>
   </div>
   <div class='ocr_carea' id='block_1_92' title="bbox 2034 3248 3634 3320">
    <p class='ocr_par' dir='ltr' id='par_1_92' title="bbox 2034 3248 3634 3320">
     <span class='ocr_line' id='line_1_92' title="bbox 2034 3248 3634 3320; baseline 0.001 -17"><span class='ocrx_word' id='word_1_675' title='bbox 2034 3249 2183 3319; x_wconf 75' lang='lat' dir='ltr'><strong>xxv).</strong></span> <span class='ocrx_word' id='word_1_676' title='bbox 2221 3249 2456 3304; x_wconf 76' lang='lat' dir='ltr'><strong>Rursum</strong></span> <span class='ocrx_word' id='word_1_677' title='bbox 2493 3248 2664 3309; x_wconf 83' lang='lat' dir='ltr'><strong>altare</strong></span> <span class='ocrx_word' id='word_1_678' title='bbox 2693 3249 2858 3303; x_wconf 86' lang='lat' dir='ltr'><strong>corda</strong></span> <span class='ocrx_word' id='word_1_679' title='bbox 2886 3258 3198 3304; x_wconf 88' lang='lat' dir='ltr'><strong>sanctorum</strong></span> <span class='ocrx_word' id='word_1_680' title='bbox 3235 3250 3532 3320; x_wconf 73' lang='lat' dir='ltr'><strong>significat.</strong></span> <span class='ocrx_word' id='word_1_681' title='bbox 3569 3249 3634 3305; x_wconf 86' lang='lat' dir='ltr'><strong>1n</strong></span> 
     </span>
    </p>
   </div>
   <div class='ocr_carea' id='block_1_93' title="bbox 2033 3337 3631 3412">
    <p class='ocr_par' dir='ltr' id='par_1_93' title="bbox 2033 3337 3631 3412">
     <span class='ocr_line' id='line_1_93' title="bbox 2033 3337 3631 3412; baseline 0.001 -20"><span class='ocrx_word' id='word_1_682' title='bbox 2033 3337 2270 3394; x_wconf 88' lang='lat' dir='ltr'><strong>Levitico</strong></span> <span class='ocrx_word' id='word_1_683' title='bbox 2298 3356 2312 3392; x_wconf 90' lang='lat'><strong>:</strong></span> <span class='ocrx_word' id='word_1_684' title='bbox 2352 3339 2498 3409; x_wconf 85' lang='lat' dir='ltr'><strong>Ignis</strong></span> <span class='ocrx_word' id='word_1_685' title='bbox 2529 3349 2701 3394; x_wconf 82' lang='lat' dir='ltr'><strong>autem</strong></span> <span class='ocrx_word' id='word_1_686' title='bbox 2734 3339 2787 3392; x_wconf 83' lang='lat' dir='ltr'><strong>in</strong></span> <span class='ocrx_word' id='word_1_687' title='bbox 2821 3338 2981 3393; x_wconf 87' lang='lat' dir='ltr'><strong>altari</strong></span> <span class='ocrx_word' id='word_1_688' title='bbox 3025 3355 3228 3409; x_wconf 83' lang='lat' dir='ltr'><strong>semper</strong></span> <span class='ocrx_word' id='word_1_689' title='bbox 3250 3339 3451 3394; x_wconf 81' lang='lat' dir='ltr'><strong>ardebit</strong></span> <span class='ocrx_word' id='word_1_690' title='bbox 3478 3340 3631 3412; x_wconf 76' lang='lat' dir='ltr'><strong>(Lee.</strong></span> 
     </span>
    </p>
   </div>
   <div class='ocr_carea' id='block_1_94' title="bbox 2035 3430 3640 3504">
    <p class='ocr_par' dir='ltr' id='par_1_94' title="bbox 2035 3430 3640 3504">
     <span class='ocr_line' id='line_1_94' title="bbox 2035 3430 3640 3504; baseline 0.001 -19"><span class='ocrx_word' id='word_1_691' title='bbox 2035 3431 2134 3504; x_wconf 84' lang='lat' dir='ltr'><strong>vt),</strong></span> <span class='ocrx_word' id='word_1_692' title='bbox 2167 3433 2218 3486; x_wconf 89' lang='lat' dir='ltr'><strong>id</strong></span> <span class='ocrx_word' id='word_1_693' title='bbox 2243 3439 2346 3498; x_wconf 91' lang='lat' dir='ltr'><strong>est,</strong></span> <span class='ocrx_word' id='word_1_694' title='bbox 2379 3432 2541 3499; x_wconf 81' lang='lat' dir='ltr'><strong>ardor</strong></span> <span class='ocrx_word' id='word_1_695' title='bbox 2575 3431 2876 3486; x_wconf 86' lang='lat' dir='ltr'><strong>charitatis.</strong></span> <span class='ocrx_word' id='word_1_696' title='bbox 2918 3430 3131 3486; x_wconf 89' lang='lat' dir='ltr'><strong>Cornua</strong></span> <span class='ocrx_word' id='word_1_697' title='bbox 3179 3431 3366 3487; x_wconf 89' lang='lat' dir='ltr'><strong>altaris</strong></span> <span class='ocrx_word' id='word_1_698' title='bbox 3392 3440 3478 3487; x_wconf 91' lang='lat' dir='ltr'><strong>est</strong></span> <span class='ocrx_word' id='word_1_699' title='bbox 3505 3433 3640 3488; x_wconf 84' lang='lat' dir='ltr'><strong>alti-</strong></span> 
     </span>
    </p>
   </div>
   <div class='ocr_carea' id='block_1_95' title="bbox 2037 3523 3640 3592">
    <p class='ocr_par' dir='ltr' id='par_1_95' title="bbox 2037 3523 3640 3592">
     <span class='ocr_line' id='line_1_95' title="bbox 2037 3523 3640 3592; baseline 0.002 -15"><span class='ocrx_word' id='word_1_700' title='bbox 2037 3523 2164 3577; x_wconf 89' lang='lat' dir='ltr'><strong>tudo</strong></span> <span class='ocrx_word' id='word_1_701' title='bbox 2190 3523 2428 3578; x_wconf 70' lang='lat' dir='ltr'><strong>cmlestis</strong></span> <span class='ocrx_word' id='word_1_702' title='bbox 2446 3524 2656 3592; x_wconf 63' lang='lat' dir='ltr'><strong>patriai,</strong></span> <span class='ocrx_word' id='word_1_703' title='bbox 2707 3535 2767 3577; x_wconf 93' lang='lat' dir='ltr'><strong>ut</strong></span> <span class='ocrx_word' id='word_1_704' title='bbox 2796 3525 2848 3578; x_wconf 93' lang='lat' dir='ltr'><strong>in</strong></span> <span class='ocrx_word' id='word_1_705' title='bbox 2875 3523 3085 3579; x_wconf 85' lang='lat' dir='ltr'><strong>Psalmo</strong></span> <span class='ocrx_word' id='word_1_706' title='bbox 3111 3541 3124 3576; x_wconf 90' lang='lat'><strong>:</strong></span> <span class='ocrx_word' id='word_1_707' title='bbox 3157 3523 3471 3579; x_wconf 80' lang='lat' dir='ltr'><strong>Constituite</strong></span> <span class='ocrx_word' id='word_1_708' title='bbox 3490 3525 3640 3580; x_wconf 85' lang='lat' dir='ltr'><strong>diem</strong></span> 
     </span>
    </p>
   </div>
   <div class='ocr_carea' id='block_1_96' title="bbox 2035 3613 3646 3686">
    <p class='ocr_par' dir='ltr' id='par_1_96' title="bbox 2035 3613 3646 3686">
     <span class='ocr_line' id='line_1_96' title="bbox 2035 3613 3646 3686; baseline 0 -18"><span class='ocrx_word' id='word_1_709' title='bbox 2035 3613 2317 3668; x_wconf 83' lang='lat' dir='ltr'><strong>solemnem</strong></span> <span class='ocrx_word' id='word_1_710' title='bbox 2357 3615 2413 3668; x_wconf 89' lang='lat' dir='ltr'><strong>in</strong></span> <span class='ocrx_word' id='word_1_711' title='bbox 2453 3614 3051 3685; x_wconf 76' lang='lat' dir='ltr'><strong>confrequentntionibus</strong></span> <span class='ocrx_word' id='word_1_712' title='bbox 3083 3632 3244 3686; x_wconf 84' lang='lat' dir='ltr'><strong>usque</strong></span> <span class='ocrx_word' id='word_1_713' title='bbox 3271 3615 3340 3669; x_wconf 86' lang='lat' dir='ltr'><strong>ad</strong></span> <span class='ocrx_word' id='word_1_714' title='bbox 3368 3631 3536 3670; x_wconf 84' lang='lat' dir='ltr'><strong>cornu</strong></span> <span class='ocrx_word' id='word_1_715' title='bbox 3558 3617 3646 3670; x_wconf 91' lang='lat' dir='ltr'><strong>al-</strong></span> 
     </span>
    </p>
   </div>
   <div class='ocr_carea' id='block_1_97' title="bbox 2037 3701 3636 3777">
    <p class='ocr_par' dir='ltr' id='par_1_97' title="bbox 2037 3701 3636 3777">
     <span class='ocr_line' id='line_1_97' title="bbox 2037 3701 3636 3777; baseline 0.002 -19"><span class='ocrx_word' id='word_1_716' title='bbox 2037 3705 2164 3760; x_wconf 84' lang='lat' dir='ltr'><strong>taris</strong></span> <span class='ocrx_word' id='word_1_717' title='bbox 2197 3701 2372 3777; x_wconf 86' lang='lat' dir='ltr'><strong>(Psal.</strong></span> <span class='ocrx_word' id='word_1_718' title='bbox 2403 3707 2594 3774; x_wconf 69' lang='lat' dir='ltr'><strong>cvvn).</strong></span> <span class='ocrx_word' id='word_1_719' title='bbox 2646 3705 2832 3759; x_wconf 80' lang='lat' dir='ltr'><strong>Altarc</strong></span> <span class='ocrx_word' id='word_1_720' title='bbox 2859 3721 3070 3760; x_wconf 62' lang='lat' dir='ltr'><strong>aereum</strong></span> <span class='ocrx_word' id='word_1_721' title='bbox 3102 3706 3266 3761; x_wconf 87' lang='lat' dir='ltr'><strong>corda</strong></span> <span class='ocrx_word' id='word_1_722' title='bbox 3293 3706 3636 3762; x_wconf 86' lang='lat' dir='ltr'><strong>carnalium:</strong></span> 
     </span>
    </p>
   </div>
   <div class='ocr_carea' id='block_1_98' title="bbox 2039 3797 3638 3868">
    <p class='ocr_par' dir='ltr' id='par_1_98' title="bbox 2039 3797 3638 3868">
     <span class='ocr_line' id='line_1_98' title="bbox 2039 3797 3638 3868; baseline 0.001 -15"><span class='ocrx_word' id='word_1_723' title='bbox 2039 3799 2093 3854; x_wconf 90' lang='lat' dir='ltr'><strong>in</strong></span> <span class='ocrx_word' id='word_1_724' title='bbox 2126 3813 2236 3868; x_wconf 91' lang='lat' dir='ltr'><strong>quo</strong></span> <span class='ocrx_word' id='word_1_725' title='bbox 2263 3797 2422 3853; x_wconf 78' lang='lat' dir='ltr'><strong>altari</strong></span> <span class='ocrx_word' id='word_1_726' title='bbox 2447 3814 2641 3854; x_wconf 87' lang='lat' dir='ltr'><strong>carnes</strong></span> <span class='ocrx_word' id='word_1_727' title='bbox 2684 3798 2740 3852; x_wconf 93' lang='lat' dir='ltr'><strong>in</strong></span> <span class='ocrx_word' id='word_1_728' title='bbox 2787 3798 3162 3854; x_wconf 84' lang='lat' dir='ltr'><strong>holocaustum</strong></span> <span class='ocrx_word' id='word_1_729' title='bbox 3225 3801 3638 3862; x_wconf 85' lang='lat' dir='ltr'><strong>cremabantur,</strong></span> 
     </span>
    </p>
   </div>
   <div class='ocr_carea' id='block_1_99' title="bbox 2037 3890 3642 3962">
    <p class='ocr_par' dir='ltr' id='par_1_99' title="bbox 2037 3890 3642 3962">
     <span class='ocr_line' id='line_1_99' title="bbox 2037 3890 3642 3962; baseline 0.003 -18"><span class='ocrx_word' id='word_1_730' title='bbox 2037 3907 2158 3962; x_wconf 62' lang='lat' dir='ltr'><strong>quae</strong></span> <span class='ocrx_word' id='word_1_731' title='bbox 2186 3905 2350 3961; x_wconf 87' lang='lat' dir='ltr'><strong>opera</strong></span> <span class='ocrx_word' id='word_1_732' title='bbox 2403 3891 2640 3946; x_wconf 87' lang='lat' dir='ltr'><strong>carnalia</strong></span> <span class='ocrx_word' id='word_1_733' title='bbox 2689 3890 2991 3961; x_wconf 84' lang='lat' dir='ltr'><strong>deplorant.</strong></span> <span class='ocrx_word' id='word_1_734' title='bbox 3024 3892 3304 3946; x_wconf 78' lang='lat' dir='ltr'><strong>lncensnm</strong></span> <span class='ocrx_word' id='word_1_735' title='bbox 3351 3893 3642 3949; x_wconf 85' lang='lat' dir='ltr'><strong>orationes</strong></span> 
     </span>
    </p>
   </div>
   <div class='ocr_carea' id='block_1_100' title="bbox 2039 3981 3641 4052">
    <p class='ocr_par' dir='ltr' id='par_1_100' title="bbox 2039 3981 3641 4052">
     <span class='ocr_line' id='line_1_100' title="bbox 2039 3981 3641 4052; baseline 0.001 -15"><span class='ocrx_word' id='word_1_736' title='bbox 2039 3990 2370 4037; x_wconf 90' lang='lat' dir='ltr'><strong>sanctorum.</strong></span> <span class='ocrx_word' id='word_1_737' title='bbox 2420 3981 2476 4035; x_wconf 88' lang='lat' dir='ltr'><strong>In</strong></span> <span class='ocrx_word' id='word_1_738' title='bbox 2529 3981 2772 4036; x_wconf 86' lang='lat' dir='ltr'><strong>Psalmo:</strong></span> <span class='ocrx_word' id='word_1_739' title='bbox 2807 3981 3084 4052; x_wconf 83' lang='lat' dir='ltr'><strong>Dirigatur</strong></span> <span class='ocrx_word' id='word_1_740' title='bbox 3117 3982 3288 4037; x_wconf 87' lang='lat' dir='ltr'><strong>oratio</strong></span> <span class='ocrx_word' id='word_1_741' title='bbox 3317 3998 3454 4046; x_wconf 84' lang='lat' dir='ltr'><strong>mea,</strong></span> <span class='ocrx_word' id='word_1_742' title='bbox 3493 3983 3641 4038; x_wconf 80' lang='lat' dir='ltr'><strong>sicut</strong></span> 
     </span>
    </p>
   </div>
   <div class='ocr_carea' id='block_1_101' title="bbox 2039 4069 3640 4144">
    <p class='ocr_par' dir='ltr' id='par_1_101' title="bbox 2039 4069 3640 4144">
     <span class='ocr_line' id='line_1_101' title="bbox 2039 4069 3640 4144; baseline 0 -18"><span class='ocrx_word' id='word_1_743' title='bbox 2039 4073 2308 4127; x_wconf 83' lang='lat' dir='ltr'><strong>incensum</strong></span> <span class='ocrx_word' id='word_1_744' title='bbox 2337 4073 2390 4126; x_wconf 87' lang='lat' dir='ltr'><strong>in</strong></span> <span class='ocrx_word' id='word_1_745' title='bbox 2435 4082 2708 4143; x_wconf 81' lang='lat' dir='ltr'><strong>conspectu</strong></span> <span class='ocrx_word' id='word_1_746' title='bbox 2749 4081 2860 4138; x_wconf 89' lang='lat' dir='ltr'><strong>tuo,</strong></span> <span class='ocrx_word' id='word_1_747' title='bbox 2897 4071 3116 4126; x_wconf 81' lang='lat' dir='ltr'><strong>Domine</strong></span> <span class='ocrx_word' id='word_1_748' title='bbox 3144 4069 3320 4144; x_wconf 82' lang='lat' dir='ltr'><strong>(Psal.</strong></span> <span class='ocrx_word' id='word_1_749' title='bbox 3349 4070 3498 4143; x_wconf 72' lang='grc' dir='ltr'>ειη).</span> <span class='ocrx_word' id='word_1_750' title='bbox 3533 4070 3640 4126; x_wconf 79' lang='lat' dir='ltr'><strong>Sa-</strong></span> 
     </span>
    </p>
   </div>
   <div class='ocr_carea' id='block_1_102' title="bbox 2039 4163 3642 4236">
    <p class='ocr_par' dir='ltr' id='par_1_102' title="bbox 2039 4163 3642 4236">
     <span class='ocr_line' id='line_1_102' title="bbox 2039 4163 3642 4236; baseline 0.001 -17"><span class='ocrx_word' id='word_1_751' title='bbox 2039 4165 2303 4220; x_wconf 85' lang='lat' dir='ltr'><strong>criﬁcium</strong></span> <span class='ocrx_word' id='word_1_752' title='bbox 2336 4164 2538 4221; x_wconf 79' lang='lat' dir='ltr'><strong>oblatio</strong></span> <span class='ocrx_word' id='word_1_753' title='bbox 2558 4165 2799 4236; x_wconf 66' lang='lat' dir='ltr'><strong>justitim.</strong></span> <span class='ocrx_word' id='word_1_754' title='bbox 2852 4163 2910 4222; x_wconf 84' lang='lat' dir='ltr'><strong>In</strong></span> <span class='ocrx_word' id='word_1_755' title='bbox 2930 4165 3174 4222; x_wconf 80' lang='lat' dir='ltr'><strong>Psalmo:</strong></span> <span class='ocrx_word' id='word_1_756' title='bbox 3206 4164 3523 4234; x_wconf 77' lang='lat' dir='ltr'><strong>Sacriﬁcate</strong></span> <span class='ocrx_word' id='word_1_757' title='bbox 3548 4183 3642 4220; x_wconf 81' lang='lat' dir='ltr'><strong>sa—</strong></span> 
     </span>
    </p>
   </div>
   <div class='ocr_carea' id='block_1_103' title="bbox 2039 4255 3640 4330">
    <p class='ocr_par' dir='ltr' id='par_1_103' title="bbox 2039 4255 3640 4330">
     <span class='ocr_line' id='line_1_103' title="bbox 2039 4255 3640 4330; baseline 0.001 -20"><span class='ocrx_word' id='word_1_758' title='bbox 2039 4257 2295 4326; x_wconf 74' lang='lat' dir='ltr'><strong>criﬁcium</strong></span> <span class='ocrx_word' id='word_1_759' title='bbox 2323 4257 2552 4326; x_wconf 81' lang='lat' dir='ltr'><strong>justitiw</strong></span> <span class='ocrx_word' id='word_1_760' title='bbox 2599 4255 2773 4329; x_wconf 83' lang='lat' dir='ltr'><strong>(Psal.</strong></span> <span class='ocrx_word' id='word_1_761' title='bbox 2814 4256 2912 4330; x_wconf 89' lang='lat' dir='ltr'><strong>tv).</strong></span> <span class='ocrx_word' id='word_1_762' title='bbox 2961 4256 3370 4322; x_wconf 78' lang='lat' dir='ltr'><strong>llolocaustum,</strong></span> <span class='ocrx_word' id='word_1_763' title='bbox 3425 4257 3640 4322; x_wconf 76' lang='lat' dir='ltr'><strong>idest,</strong></span> 
     </span>
    </p>
   </div>
   <div class='ocr_carea' id='block_1_104' title="bbox 2042 4350 3644 4416">
    <p class='ocr_par' dir='ltr' id='par_1_104' title="bbox 2042 4350 3644 4416">
     <span class='ocr_line' id='line_1_104' title="bbox 2042 4350 3644 4416; baseline 0.002 -12"><span class='ocrx_word' id='word_1_764' title='bbox 2042 4357 2211 4404; x_wconf 91' lang='lat' dir='ltr'><strong>totum</strong></span> <span class='ocrx_word' id='word_1_765' title='bbox 2238 4351 2610 4416; x_wconf 89' lang='lat' dir='ltr'><strong>combustum,</strong></span> <span class='ocrx_word' id='word_1_766' title='bbox 2658 4359 2803 4407; x_wconf 88' lang='lat' dir='ltr'><strong>totus</strong></span> <span class='ocrx_word' id='word_1_767' title='bbox 2851 4350 2973 4406; x_wconf 91' lang='lat' dir='ltr'><strong>ﬁdei</strong></span> <span class='ocrx_word' id='word_1_768' title='bbox 3000 4365 3264 4407; x_wconf 87' lang='lat' dir='ltr'><strong>accensus</strong></span> <span class='ocrx_word' id='word_1_769' title='bbox 3289 4351 3404 4406; x_wconf 89' lang='lat' dir='ltr'><strong>sive</strong></span> <span class='ocrx_word' id='word_1_770' title='bbox 3449 4352 3644 4408; x_wconf 87' lang='lat' dir='ltr'><strong>carnis</strong></span> 
     </span>
    </p>
   </div>
   <div class='ocr_carea' id='block_1_105' title="bbox 1969 4441 3644 4542">
    <p class='ocr_par' dir='ltr' id='par_1_105' title="bbox 1969 4441 3644 4542">
     <span class='ocr_line' id='line_1_105' title="bbox 1969 4441 3644 4542; baseline 0.002 -47"><span class='ocrx_word' id='word_1_771' title='bbox 1969 4483 2015 4542; x_wconf 66' lang='grc' dir='ltr'>ο</span> <span class='ocrx_word' id='word_1_772' title='bbox 2043 4443 2405 4498; x_wconf 91' lang='lat' dir='ltr'><strong>mortiﬁcatio.</strong></span> <span class='ocrx_word' id='word_1_773' title='bbox 2431 4441 2524 4497; x_wconf 85' lang='lat' dir='ltr'><strong>Est</strong></span> <span class='ocrx_word' id='word_1_774' title='bbox 2552 4443 2697 4499; x_wconf 90' lang='lat' dir='ltr'><strong>enim</strong></span> <span class='ocrx_word' id='word_1_775' title='bbox 2728 4442 2945 4513; x_wconf 88' lang='lat' dir='ltr'><strong>quidam</strong></span> <span class='ocrx_word' id='word_1_776' title='bbox 2973 4443 3113 4514; x_wconf 79' lang='lat' dir='ltr'><strong>ignis</strong></span> <span class='ocrx_word' id='word_1_777' title='bbox 3146 4442 3428 4497; x_wconf 88' lang='lat' dir='ltr'><strong>cbaritatis</strong></span> <span class='ocrx_word' id='word_1_778' title='bbox 3446 4443 3644 4498; x_wconf 85' lang='lat' dir='ltr'><strong>omnia</strong></span> 
     </span>
    </p>
   </div>
   <div class='ocr_carea' id='block_1_106' title="bbox 2046 4533 3643 4614">
    <p class='ocr_par' dir='ltr' id='par_1_106' title="bbox 2046 4533 3643 4614">
     <span class='ocr_line' id='line_1_106' title="bbox 2046 4533 3643 4614; baseline 0.003 -26"><span class='ocrx_word' id='word_1_779' title='bbox 2046 4533 2286 4588; x_wconf 89' lang='lat' dir='ltr'><strong>membra</strong></span> <span class='ocrx_word' id='word_1_780' title='bbox 2327 4535 2562 4591; x_wconf 86' lang='lat' dir='ltr'><strong>hominis</strong></span> <span class='ocrx_word' id='word_1_781' title='bbox 2586 4536 2640 4591; x_wconf 90' lang='lat' dir='ltr'><strong>in</strong></span> <span class='ocrx_word' id='word_1_782' title='bbox 2667 4537 2915 4614; x_wconf 78' lang='lat' dir='ltr'><strong>proprios</strong></span> <span class='ocrx_word' id='word_1_783' title='bbox 2947 4551 3081 4590; x_wconf 91' lang='lat' dir='ltr'><strong>usus</strong></span> <span class='ocrx_word' id='word_1_784' title='bbox 3101 4551 3400 4600; x_wconf 88' lang='lat' dir='ltr'><strong>assumens,</strong></span> <span class='ocrx_word' id='word_1_785' title='bbox 3442 4545 3503 4590; x_wconf 93' lang='lat' dir='ltr'><strong>ut</strong></span> <span class='ocrx_word' id='word_1_786' title='bbox 3525 4553 3643 4592; x_wconf 83' lang='lat' dir='ltr'><strong>non</strong></span> 
     </span>
    </p>
   </div>
   <div class='ocr_carea' id='block_1_107' title="bbox 2045 4626 3642 4700">
    <p class='ocr_par' dir='ltr' id='par_1_107' title="bbox 2045 4626 3642 4700">
     <span class='ocr_line' id='line_1_107' title="bbox 2045 4626 3642 4700; baseline 0.001 -19"><span class='ocrx_word' id='word_1_787' title='bbox 2045 4628 2324 4698; x_wconf 88' lang='lat' dir='ltr'><strong>permittat</strong></span> <span class='ocrx_word' id='word_1_788' title='bbox 2351 4643 2413 4683; x_wconf 87' lang='lat' dir='ltr'><strong>ca</strong></span> <span class='ocrx_word' id='word_1_789' title='bbox 2457 4628 2691 4684; x_wconf 90' lang='lat' dir='ltr'><strong>militare</strong></span> <span class='ocrx_word' id='word_1_790' title='bbox 2720 4635 2960 4700; x_wconf 86' lang='lat' dir='ltr'><strong>peccato.</strong></span> <span class='ocrx_word' id='word_1_791' title='bbox 3017 4628 3155 4683; x_wconf 87' lang='lat' dir='ltr'><strong>Etiu</strong></span> <span class='ocrx_word' id='word_1_792' title='bbox 3177 4627 3429 4684; x_wconf 86' lang='lat' dir='ltr'><strong>Psalmo:</strong></span> <span class='ocrx_word' id='word_1_793' title='bbox 3465 4626 3642 4682; x_wconf 76' lang='lat' dir='ltr'><strong>Holo—</strong></span> 
     </span>
    </p>
   </div>
   <div class='ocr_carea' id='block_1_108' title="bbox 2045 4717 3647 4792">
    <p class='ocr_par' dir='ltr' id='par_1_108' title="bbox 2045 4717 3647 4792">
     <span class='ocr_line' id='line_1_108' title="bbox 2045 4717 3647 4792; baseline 0.002 -21"><span class='ocrx_word' id='word_1_794' title='bbox 2045 4729 2227 4774; x_wconf 82' lang='lat' dir='ltr'><strong>causta</strong></span> <span class='ocrx_word' id='word_1_795' title='bbox 2252 4718 2537 4773; x_wconf 82' lang='lat' dir='ltr'><strong>medullula</strong></span> <span class='ocrx_word' id='word_1_796' title='bbox 2571 4721 2786 4790; x_wconf 70' lang='lat' dir='ltr'><strong>oﬁ&#39;eram</strong></span> <span class='ocrx_word' id='word_1_797' title='bbox 2815 4720 2908 4775; x_wconf 87' lang='lat' dir='ltr'><strong>tibi</strong></span> <span class='ocrx_word' id='word_1_798' title='bbox 2937 4717 3110 4792; x_wconf 87' lang='lat' dir='ltr'><strong>(Psal.</strong></span> <span class='ocrx_word' id='word_1_799' title='bbox 3141 4718 3287 4790; x_wconf 78' lang='lat' dir='ltr'><strong>va).</strong></span> <span class='ocrx_word' id='word_1_800' title='bbox 3332 4719 3522 4775; x_wconf 78' lang='lat' dir='ltr'><strong>Hostia</strong></span> <span class='ocrx_word' id='word_1_801' title='bbox 3545 4736 3647 4791; x_wconf 83' lang='lat' dir='ltr'><strong>pa-</strong></span> 
     </span>
    </p>
   </div>
   <div class='ocr_carea' id='block_1_109' title="bbox 2044 4811 3642 4882">
    <p class='ocr_par' dir='ltr' id='par_1_109' title="bbox 2044 4811 3642 4882">
     <span class='ocr_line' id='line_1_109' title="bbox 2044 4811 3642 4882; baseline 0.001 -16"><span class='ocrx_word' id='word_1_802' title='bbox 2044 4811 2221 4876; x_wconf 87' lang='lat' dir='ltr'><strong>ciﬁca,</strong></span> <span class='ocrx_word' id='word_1_803' title='bbox 2253 4827 2389 4882; x_wconf 90' lang='lat' dir='ltr'><strong>opus</strong></span> <span class='ocrx_word' id='word_1_804' title='bbox 2414 4812 2797 4868; x_wconf 73' lang='lat' dir='ltr'><strong>misericordiae</strong></span> <span class='ocrx_word' id='word_1_805' title='bbox 2827 4829 2840 4865; x_wconf 89' lang='lat'><strong>:</strong></span> <span class='ocrx_word' id='word_1_806' title='bbox 2892 4827 3012 4882; x_wconf 61' lang='lat' dir='ltr'><strong>quae</strong></span> <span class='ocrx_word' id='word_1_807' title='bbox 3041 4812 3160 4867; x_wconf 90' lang='lat' dir='ltr'><strong>ideo</strong></span> <span class='ocrx_word' id='word_1_808' title='bbox 3190 4811 3367 4866; x_wconf 84' lang='lat' dir='ltr'><strong>hostia</strong></span> <span class='ocrx_word' id='word_1_809' title='bbox 3405 4811 3642 4882; x_wconf 75' lang='lat' dir='ltr'><strong>paciﬁca</strong></span> 
     </span>
    </p>
   </div>
   <div class='ocr_carea' id='block_1_110' title="bbox 2047 4904 3643 4974">
    <p class='ocr_par' dir='ltr' id='par_1_110' title="bbox 2047 4904 3643 4974">
     <span class='ocr_line' id='line_1_110' title="bbox 2047 4904 3643 4974; baseline 0.003 -16"><span class='ocrx_word' id='word_1_810' title='bbox 2047 4904 2375 4974; x_wconf 82' lang='lat' dir='ltr'><strong>appellatur,</strong></span> <span class='ocrx_word' id='word_1_811' title='bbox 2407 4919 2471 4960; x_wconf 87' lang='lat' dir='ltr'><strong>eo</strong></span> <span class='ocrx_word' id='word_1_812' title='bbox 2510 4905 2654 4974; x_wconf 90' lang='lat' dir='ltr'><strong>quod</strong></span> <span class='ocrx_word' id='word_1_813' title='bbox 2701 4904 2876 4960; x_wconf 88' lang='lat' dir='ltr'><strong>hostia</strong></span> <span class='ocrx_word' id='word_1_814' title='bbox 2904 4904 3118 4960; x_wconf 88' lang='lat' dir='ltr'><strong>diabolo</strong></span> <span class='ocrx_word' id='word_1_815' title='bbox 3160 4904 3396 4969; x_wconf 87' lang='lat' dir='ltr'><strong>resistat,</strong></span> <span class='ocrx_word' id='word_1_816' title='bbox 3439 4913 3496 4959; x_wconf 90' lang='lat' dir='ltr'><strong>et</strong></span> <span class='ocrx_word' id='word_1_817' title='bbox 3525 4905 3643 4962; x_wconf 85' lang='lat' dir='ltr'><strong>Deo</strong></span> 
     </span>
    </p>
   </div>
   <div class='ocr_carea' id='block_1_111' title="bbox 2043 4995 3640 5063">
    <p class='ocr_par' dir='ltr' id='par_1_111' title="bbox 2043 4995 3640 5063">
     <span class='ocr_line' id='line_1_111' title="bbox 2043 4995 3640 5063; baseline 0.001 -13"><span class='ocrx_word' id='word_1_818' title='bbox 2043 4996 2314 5051; x_wconf 89' lang='lat' dir='ltr'><strong>hominem</strong></span> <span class='ocrx_word' id='word_1_819' title='bbox 2353 4996 2684 5052; x_wconf 78' lang='lat' dir='ltr'><strong>reconciliet.</strong></span> <span class='ocrx_word' id='word_1_820' title='bbox 2728 4995 2786 5050; x_wconf 85' lang='lat' dir='ltr'><strong>In</strong></span> <span class='ocrx_word' id='word_1_821' title='bbox 2815 4996 3065 5052; x_wconf 87' lang='lat' dir='ltr'><strong>Psalmo:</strong></span> <span class='ocrx_word' id='word_1_822' title='bbox 3104 4995 3290 5051; x_wconf 85' lang='lat' dir='ltr'><strong>Tollite</strong></span> <span class='ocrx_word' id='word_1_823' title='bbox 3328 4997 3557 5063; x_wconf 81' lang='lat' dir='ltr'><strong>hostias,</strong></span> <span class='ocrx_word' id='word_1_824' title='bbox 3585 5010 3640 5052; x_wconf 85' lang='lat' dir='ltr'><strong>et</strong></span> 
     </span>
    </p>
   </div>
   <div class='ocr_carea' id='block_1_112' title="bbox 2001 5056 3640 5159">
    <p class='ocr_par' dir='ltr' id='par_1_112' title="bbox 2001 5056 3640 5159">
     <span class='ocr_line' id='line_1_112' title="bbox 2001 5056 3640 5159; baseline 0.005 -23"><span class='ocrx_word' id='word_1_825' title='bbox 2001 5056 2248 5140; x_wconf 58' lang='lat' dir='ltr'><strong>&quot;introite</strong></span> <span class='ocrx_word' id='word_1_826' title='bbox 2280 5086 2336 5138; x_wconf 89' lang='lat' dir='ltr'><strong>in</strong></span> <span class='ocrx_word' id='word_1_827' title='bbox 2384 5086 2523 5140; x_wconf 86' lang='lat' dir='ltr'><strong>atria</strong></span> <span class='ocrx_word' id='word_1_828' title='bbox 2555 5086 2671 5156; x_wconf 82' lang='lat' dir='ltr'><strong>ejus</strong></span> <span class='ocrx_word' id='word_1_829' title='bbox 2725 5086 2896 5158; x_wconf 87' lang='lat' dir='ltr'><strong>(Psal.</strong></span> <span class='ocrx_word' id='word_1_830' title='bbox 2932 5087 3074 5159; x_wconf 81' lang='lat' dir='ltr'><strong>xcv).</strong></span> <span class='ocrx_word' id='word_1_831' title='bbox 3117 5086 3320 5158; x_wconf 86' lang='lat' dir='ltr'><strong>Adipes</strong></span> <span class='ocrx_word' id='word_1_832' title='bbox 3371 5056 3640 5158; x_wconf 74' lang='lat' dir='ltr'><strong>paciﬁco-</strong></span> 
     </span>
    </p>
   </div>
   <div class='ocr_carea' id='block_1_113' title="bbox 2043 5177 3643 5248">
    <p class='ocr_par' dir='ltr' id='par_1_113' title="bbox 2043 5177 3643 5248">
     <span class='ocr_line' id='line_1_113' title="bbox 2043 5177 3643 5248; baseline 0.004 -20"><span class='ocrx_word' id='word_1_833' title='bbox 2043 5191 2184 5242; x_wconf 90' lang='lat' dir='ltr'><strong>rum,</strong></span> <span class='ocrx_word' id='word_1_834' title='bbox 2210 5177 2554 5246; x_wconf 81' lang='lat' dir='ltr'><strong>compunctio</strong></span> <span class='ocrx_word' id='word_1_835' title='bbox 2583 5177 2781 5243; x_wconf 87' lang='lat' dir='ltr'><strong>cordis,</strong></span> <span class='ocrx_word' id='word_1_836' title='bbox 2809 5185 2866 5232; x_wconf 91' lang='lat' dir='ltr'><strong>et</strong></span> <span class='ocrx_word' id='word_1_837' title='bbox 2890 5177 3252 5248; x_wconf 86' lang='lat' dir='ltr'><strong>lacrymarum</strong></span> <span class='ocrx_word' id='word_1_838' title='bbox 3277 5178 3522 5248; x_wconf 87' lang='lat' dir='ltr'><strong>profusio</strong></span> <span class='ocrx_word' id='word_1_839' title='bbox 3554 5180 3643 5234; x_wconf 81' lang='lat' dir='ltr'><strong>iu-</strong></span> 
     </span>
    </p>
   </div>
   <div class='ocr_carea' id='block_1_114' title="bbox 2043 5267 3642 5341">
    <p class='ocr_par' dir='ltr' id='par_1_114' title="bbox 2043 5267 3642 5341">
     <span class='ocr_line' id='line_1_114' title="bbox 2043 5267 3642 5341; baseline 0.003 -19"><span class='ocrx_word' id='word_1_840' title='bbox 2043 5267 2318 5338; x_wconf 83' lang='lat' dir='ltr'><strong>telligitur.</strong></span> <span class='ocrx_word' id='word_1_841' title='bbox 2366 5267 2424 5324; x_wconf 87' lang='lat' dir='ltr'><strong>lu</strong></span> <span class='ocrx_word' id='word_1_842' title='bbox 2451 5268 2732 5324; x_wconf 87' lang='lat' dir='ltr'><strong>Levitico:</strong></span> <span class='ocrx_word' id='word_1_843' title='bbox 2790 5269 2858 5324; x_wconf 80' lang='lat' dir='ltr'><strong>Et</strong></span> <span class='ocrx_word' id='word_1_844' title='bbox 2883 5272 3185 5340; x_wconf 78' lang='lat' dir='ltr'><strong>impositum</strong></span> <span class='ocrx_word' id='word_1_845' title='bbox 3225 5271 3448 5341; x_wconf 84' lang='lat' dir='ltr'><strong>desuper</strong></span> <span class='ocrx_word' id='word_1_846' title='bbox 3482 5271 3642 5326; x_wconf 75' lang='lat' dir='ltr'><strong>holo-</strong></span> 
     </span>
    </p>
   </div>
   <div class='ocr_carea' id='block_1_115' title="bbox 2044 5361 3640 5436">
    <p class='ocr_par' dir='ltr' id='par_1_115' title="bbox 2044 5361 3640 5436">
     <span class='ocr_line' id='line_1_115' title="bbox 2044 5361 3640 5436; baseline 0.002 -21"><span class='ocrx_word' id='word_1_847' title='bbox 2044 5371 2282 5416; x_wconf 84' lang='lat' dir='ltr'><strong>caustum</strong></span> <span class='ocrx_word' id='word_1_848' title='bbox 2311 5361 2536 5416; x_wconf 87' lang='lat' dir='ltr'><strong>adolebit</strong></span> <span class='ocrx_word' id='word_1_849' title='bbox 2573 5361 2756 5434; x_wconf 53' lang='grc' dir='ltr'>(ιερὰ.</span> <span class='ocrx_word' id='word_1_850' title='bbox 2783 5361 2860 5436; x_wconf 86' lang='lat' dir='ltr'><strong>v).</strong></span> <span class='ocrx_word' id='word_1_851' title='bbox 2918 5363 2976 5418; x_wconf 93' lang='lat' dir='ltr'><strong>ln</strong></span> <span class='ocrx_word' id='word_1_852' title='bbox 3008 5370 3166 5418; x_wconf 90' lang='lat' dir='ltr'><strong>tauro</strong></span> <span class='ocrx_word' id='word_1_853' title='bbox 3198 5377 3329 5418; x_wconf 85' lang='lat' dir='ltr'><strong>vero</strong></span> <span class='ocrx_word' id='word_1_854' title='bbox 3357 5363 3640 5433; x_wconf 85' lang='lat' dir='ltr'><strong>superbia,</strong></span> 
     </span>
    </p>
   </div>
   <div class='ocr_carea' id='block_1_116' title="bbox 2046 5451 3644 5525">
    <p class='ocr_par' dir='ltr' id='par_1_116' title="bbox 2046 5451 3644 5525">
     <span class='ocr_line' id='line_1_116' title="bbox 2046 5451 3644 5525; baseline 0.003 -21"><span class='ocrx_word' id='word_1_855' title='bbox 2046 5467 2165 5523; x_wconf 71' lang='lat' dir='ltr'><strong>qum</strong></span> <span class='ocrx_word' id='word_1_856' title='bbox 2214 5453 2564 5509; x_wconf 73' lang='lat' dir='ltr'><strong>continentia:</strong></span> <span class='ocrx_word' id='word_1_857' title='bbox 2594 5453 2766 5508; x_wconf 89' lang='lat' dir='ltr'><strong>cultro</strong></span> <span class='ocrx_word' id='word_1_858' title='bbox 2813 5455 2866 5508; x_wconf 91' lang='lat' dir='ltr'><strong>in</strong></span> <span class='ocrx_word' id='word_1_859' title='bbox 2896 5470 3020 5509; x_wconf 87' lang='lat' dir='ltr'><strong>arca</strong></span> <span class='ocrx_word' id='word_1_860' title='bbox 3047 5454 3229 5509; x_wconf 80' lang='lat' dir='ltr'><strong>cordis</strong></span> <span class='ocrx_word' id='word_1_861' title='bbox 3245 5451 3546 5525; x_wconf 73' lang='lat' dir='ltr'><strong>iugulatur.</strong></span> <span class='ocrx_word' id='word_1_862' title='bbox 3581 5453 3644 5508; x_wconf 90' lang='lat' dir='ltr'><strong>lu</strong></span> 
     </span>
    </p>
   </div>
   <div class='ocr_carea' id='block_1_117' title="bbox 2047 5543 3650 5610">
    <p class='ocr_par' dir='ltr' id='par_1_117' title="bbox 2047 5543 3650 5610">
     <span class='ocr_line' id='line_1_117' title="bbox 2047 5543 3650 5610; baseline 0.001 -13"><span class='ocrx_word' id='word_1_863' title='bbox 2047 5543 2215 5599; x_wconf 89' lang='lat' dir='ltr'><strong>ariete</strong></span> <span class='ocrx_word' id='word_1_864' title='bbox 2247 5543 2412 5600; x_wconf 89' lang='lat' dir='ltr'><strong>furor.</strong></span> <span class='ocrx_word' id='word_1_865' title='bbox 2442 5544 2498 5600; x_wconf 87' lang='lat' dir='ltr'><strong>In</strong></span> <span class='ocrx_word' id='word_1_866' title='bbox 2531 5545 2684 5600; x_wconf 89' lang='lat' dir='ltr'><strong>hirco</strong></span> <span class='ocrx_word' id='word_1_867' title='bbox 2710 5544 2895 5600; x_wconf 88' lang='lat' dir='ltr'><strong>libido.</strong></span> <span class='ocrx_word' id='word_1_868' title='bbox 2932 5545 2989 5600; x_wconf 91' lang='lat' dir='ltr'><strong>ln</strong></span> <span class='ocrx_word' id='word_1_869' title='bbox 3021 5545 3209 5610; x_wconf 84' lang='lat' dir='ltr'><strong>vitulo,</strong></span> <span class='ocrx_word' id='word_1_870' title='bbox 3260 5545 3442 5600; x_wconf 88' lang='lat' dir='ltr'><strong>carnis</strong></span> <span class='ocrx_word' id='word_1_871' title='bbox 3487 5545 3650 5599; x_wconf 82' lang='lat' dir='ltr'><strong>volu-</strong></span> 
     </span>
    </p>
   </div>
   <div class='ocr_carea' id='block_1_118' title="bbox 2048 5636 3644 5710">
    <p class='ocr_par' dir='ltr' id='par_1_118' title="bbox 2048 5636 3644 5710">
     <span class='ocr_line' id='line_1_118' title="bbox 2048 5636 3644 5710; baseline -0.001 -19"><span class='ocrx_word' id='word_1_872' title='bbox 2048 5648 2189 5706; x_wconf 88' lang='lat' dir='ltr'><strong>ptas.</strong></span> <span class='ocrx_word' id='word_1_873' title='bbox 2243 5637 2300 5692; x_wconf 90' lang='lat' dir='ltr'><strong>ln</strong></span> <span class='ocrx_word' id='word_1_874' title='bbox 2347 5652 2488 5710; x_wconf 84' lang='lat' dir='ltr'><strong>agno</strong></span> <span class='ocrx_word' id='word_1_875' title='bbox 2519 5637 2762 5694; x_wconf 80' lang='lat' dir='ltr'><strong>lascivia.</strong></span> <span class='ocrx_word' id='word_1_876' title='bbox 2817 5637 2875 5692; x_wconf 93' lang='lat' dir='ltr'><strong>ln</strong></span> <span class='ocrx_word' id='word_1_877' title='bbox 2915 5639 3084 5693; x_wconf 73' lang='lat' dir='ltr'><strong>hmdis</strong></span> <span class='ocrx_word' id='word_1_878' title='bbox 3129 5645 3352 5708; x_wconf 80' lang='lat' dir='ltr'><strong>peccata</strong></span> <span class='ocrx_word' id='word_1_879' title='bbox 3396 5636 3644 5690; x_wconf 84' lang='lat' dir='ltr'><strong>diversa.</strong></span> 
     </span>
    </p>
   </div>
   <div class='ocr_carea' id='block_1_119' title="bbox 2051 5726 3651 5796">
    <p class='ocr_par' dir='ltr' id='par_1_119' title="bbox 2051 5726 3651 5796">
     <span class='ocr_line' id='line_1_119' title="bbox 2051 5726 3651 5796; baseline 0.002 -16"><span class='ocrx_word' id='word_1_880' title='bbox 2051 5726 2154 5783; x_wconf 75' lang='lat' dir='ltr'><strong>l‘er</strong></span> <span class='ocrx_word' id='word_1_881' title='bbox 2199 5736 2460 5785; x_wconf 86' lang='lat' dir='ltr'><strong>turturem</strong></span> <span class='ocrx_word' id='word_1_882' title='bbox 2489 5739 2544 5785; x_wconf 88' lang='lat' dir='ltr'><strong>et</strong></span> <span class='ocrx_word' id='word_1_883' title='bbox 2585 5729 2894 5786; x_wconf 87' lang='lat' dir='ltr'><strong>columbam</strong></span> <span class='ocrx_word' id='word_1_884' title='bbox 2927 5729 3188 5785; x_wconf 88' lang='lat' dir='ltr'><strong>munditia</strong></span> <span class='ocrx_word' id='word_1_885' title='bbox 3242 5727 3536 5796; x_wconf 73' lang='lat' dir='ltr'><strong>castitatis,</strong></span> <span class='ocrx_word' id='word_1_886' title='bbox 3592 5737 3651 5784; x_wconf 84' lang='lat' dir='ltr'><strong>ct</strong></span> 
     </span>
    </p>
   </div>
  </div>
