3974 6188
274 317 377 375 397

1262 310 1351 366 DE
1390 308 1736 368 UNIVERSO
1774 306 1952 363 LIBRI
1990 304 2152 360 XXII.
2195 334 2257 345 --—
2301 301 2428 357 LIB.
2472 301 2610 356 XIV.

3463 292 3575 352 598

277 426 601 500 simplicitas
632 425 815 482 cordis
844 424 899 479 in
927 422 1253 480 sacriﬁcium
1281 423 1378 479 Dei
1407 421 1653 479 oll‘ertur.
1700 420 1759 476 In
1805 421 1877 475 si-
1907 438 1951 493 Α
1980 417 2126 488 plmn
2178 414 2274 469 Dei
2329 429 2427 485 per
2453 414 2844 468 inbahitantem
2890 411 3139 484 spiritum
3165 408 3283 481 ejus
3310 410 3366 468 in
3414 411 3576 469 nobis

279 521 534 590 milagine
558 517 769 588 puritas
795 516 993 571 mentis
1019 556 1034 582 ,
1075 514 1158 570 vel
1183 530 1350 586 opera
1380 513 1788 570 misericordiae.
1820 512 1878 565 In

279 612 536 685 primitiis
563 611 718 665 initia
746 610 1012 664 bonorum
1051 623 1299 678 operum,
1329 606 1413 662 vel
1442 606 1584 661 bona
1612 604 1877 659 voluntas.

280 706 337 760 In
364 700 611 758 decumis
642 715 774 755 vero
804 698 1065 769 perfectio
1085 700 1350 753 bonorum
1382 711 1631 766 operum.
1690 693 1884 750 Sacer—

285 795 380 850 dos
406 792 675 847 Dominus
710 778 794 845 est
824 788 983 845 Jesus
1026 788 1295 853 Christus,
1340 789 1393 842 in
1417 787 1633 842 Psalmo
1665 804 1678 840 :
1717 786 1795 840 Tu
1828 803 1882 840 es

282 883 527 939 sacerdos
549 880 837 935 secundum
863 879 1101 934 ordinem
1129 877 1507 931 Melchisedech
1536 874 1711 947 (Psal.
1744 876 1880 947 ctx).

287 974 632 1037 Sacerdotes,
672 972 868 1036 sancti,
906 978 964 1023 ut
1006 973 1061 1024 in
1091 969 1228 1024 Isaia
1256 987 1269 1022 :
1328 967 1429 1023 Vos
1454 968 1751 1022 sacerdotes
1778 968 1885 1021 Do—

284 1068 414 1123 mini
441 1064 754 1133 vocabimini
789 1071 836 1117 et
864 1062 1090 1117 ministri
1136 1060 1233 1114 Dei
1265 1061 1431 1114 nostri
1468 1058 1605 1131 (lsa.
1643 1057 1758 1129 LXI)
1787 1075 1800 1123 ;
1833 1067 1880 1111 et

287 1160 340 1215 in
383 1156 583 1213 malam
610 1164 823 1226 partem
870 1154 924 1208 in
952 1151 1209 1206 Malachia
1246 1170 1259 1206 :
1296 1149 1395 1205 Vos
1420 1149 1737 1213 sacerdotes,
1759 1146 1887 1218 quid

285 1248 552 1320 polluistis
601 1262 789 1301 nomen
829 1243 1050 1298 meum?
1107 1241 1367 1315 (Malacli.
1401 1241 1487 1313 ιι.)
1547 1241 1886 1297 Vestimenta

287 1338 655 1402 sacerdotum,
682 1352 848 1406 opera
870 1334 1098 1404 iustitia:
1123 1350 1137 1398 ;
1176 1340 1234 1386 ut
1262 1333 1313 1386 in
1341 1331 1557 1387 Psalmo
1588 1348 1601 1384 :
1633 1329 1891 1385 Sacerdo-

290 1422 368 1486 tes
399 1430 498 1492 tui,
558 1429 800 1493 Domine,
852 1426 1145 1479 induantur
1184 1424 1399 1493 justitia
1447 1419 1622 1493 (Psal.
1676 1420 1885 1489 cxxxn).

289 1523 422 1578 Item
451 1521 775 1575 vestimenta
806 1517 1126 1582 sacerdotis,
1156 1515 1307 1586 plebs
1334 1513 1591 1569 ﬁdelium.
1635 1512 1693 1567 In
1733 1512 1891 1566 Levi-

291 1616 398 1670 tico
424 1632 439 1667 :
477 1612 648 1683 Caput
677 1626 831 1665 suum
862 1625 965 1663 non
992 1607 1355 1678 discooperiet,
1383 1614 1429 1659 et
1454 1604 1755 1659 vestimenta
1786 1619 1890 1656 non

291 1707 490 1762 scindet
520 1704 668 1777 (Let‘.
701 1705 835 1775 xxI).
866 1701 1070 1755 Tunica
1101 1699 1451 1771 hyacinthina
1472 1695 1674 1752 Christi
1706 1694 1893 1750 Eccle—

1980 504 2242 560 eﬁicimur
2269 522 2282 557 :
2323 511 2534 558 constat
2556 503 2763 571 uthuc,
2801 500 2927 571 quia
2957 500 3185 571 ﬁguram
3211 500 3452 555 omnium
3480 517 3580 558 no-

1981 606 2155 651 strum
2193 604 2249 650 et
2308 594 2477 665 ipsius
2524 592 2774 647 videlicet
2830 591 3044 645 Domini
3090 599 3146 645 et
3213 590 3579 646 membrorum

1981 686 2119 756 ejus,
2155 700 2277 756 qua:
2302 700 2403 740 nos
2451 699 2665 747 sumus,
2711 681 2968 752 templum
3015 681 3143 735 illud
3178 680 3456 736 materiale
3495 693 3580 736 te-

1983 780 2100 834 nuit
2127 795 2141 831 :
2174 777 2267 832 sed
2301 776 2469 846 ipsius
2500 783 2759 844 tanquam
2794 773 3001 843 lapides
3046 772 3396 843 singulariter
3421 772 3582 828 electi

1982 881 2040 927 et
2057 869 2278 942 pretiosi
2313 869 2366 924 in
2399 867 2753 922 fundamento
2781 864 3021 919 ﬁnidati:
3052 865 3223 919 nostri
3253 872 3434 920 autem
3461 872 3583 919 tan-

1983 979 2147 1034 quam
2171 962 2414 1031 lapidum
2446 961 2690 1014 vivorum
2715 960 3264 1029 supermdiﬁcatorum
3290 974 3452 1029 super
3472 957 3589 1014 fun-

1985 1056 2300 1110 damentum
2354 1051 2733 1121 Apostolorum
2784 1058 2838 1104 et
2886 1051 3296 1120 prophetarum,
3345 1050 3450 1106 hoc
3476 1059 3587 1117 est,

1985 1160 2151 1213 super
2195 1144 2370 1214 ipsum
2413 1142 2700 1197 Dominum
2752 1141 2968 1212 (Ep/tes.
3004 1143 3088 1211 ιι).
3148 1141 3350 1197 Domus
3378 1149 3586 1208 autem,

1987 1249 2153 1304 quam
2183 1231 2487 1288 aediﬁcabat
2522 1247 2615 1287 rex
2665 1231 2923 1287 Salomon
2973 1233 3205 1287 Domino
3233 1233 3470 1290 habebat
3514 1231 3587 1289 60

1988 1325 2201 1380 cubitus
2248 1324 2302 1378 in
2334 1323 2686 1394 longitudine,
2733 1332 2788 1377 et
2814 1323 2885 1377 20
2925 1323 3139 1379 cubitos
3187 1324 3241 1378 in
3282 1324 3588 1380 latitudine.

1992 1419 2294 1489 Longitudo
2320 1418 2512 1472 domus
2538 1416 3005 1488 Ionganimitatcm
3035 1416 3286 1488 designat
3313 1416 3592 1485 Ecclesiae,

1992 1524 2095 1578 qua
2115 1510 2168 1563 iu
2195 1508 2387 1562 exsilio
2409 1508 2866 1579 peregrinationis
2893 1507 3051 1577 hujus
3075 1510 3345 1578 patienter
3365 1509 3594 1565 adversa

1992 1615 2220 1670 quaeque
2246 1599 2462 1664 tolerat,
2505 1600 2678 1655 donec
2722 1600 2789 1654 ad
2818 1600 3077 1669 patriam,
3107 1616 3267 1671 quam
3290 1612 3593 1674 exspectat,

1994 1691 2293 1760 perveniat.
2342 1689 2595 1745 Latitudo
2633 1692 2872 1746 insinuat
2902 1692 3246 1758 charitatem,
3276 1708 3397 1763 qua:
3445 1696 3597 1751 novit

294 1801 394 1864 sia,
425 1799 545 1869 ejus
574 1795 839 1868 sanguine
875 1794 1150 1849 decorata.
1210 1790 1265 1845 In
1302 1790 1487 1846 Exodo
1512 1807 1525 1842 :
1561 1787 1630 1842 Et
1657 1788 1891 1857 fecerunt
1922 1794 1967 1854 Β
1996 1782 2220 1837 dilatato
2265 1782 2386 1838 sinu
2416 1783 2617 1838 mentis
2663 1799 2771 1840 non
2802 1784 2976 1840 solum
3026 1786 3231 1842 amicos
3261 1787 3316 1841 in
3361 1787 3472 1844 Deo
3498 1789 3596 1844 sed

294 1891 531 1944 tunicam
578 1885 997 1956 lryacinthinam,
1042 1890 1148 1938 etc.
1198 1880 1396 1953 (Exod.
1427 1879 1640 1951 χχχιιι).
1693 1877 1895 1948 Super-

296 1978 581 2035 bumerale
608 1977 784 2030 virtus
816 1974 1149 2044 operationis
1184 1974 1252 2027 ab
1279 1973 1520 2027 humeris
1570 1971 1893 2043 signiﬁcata.

297 2069 356 2123 In
383 2069 571 2123 Exodo
594 2084 609 2120 :
640 2064 710 2119 Et
736 2065 966 2136 fecerunt
998 2064 1420 2134 superlmmerale
1448 2064 1513 2117 de
1539 2079 1671 2116 auro
1696 2072 1744 2116 et
1772 2063 1899 2132 Ityn-

297 2160 506 2224 cintho,
564 2174 803 2230 purpura
861 2166 910 2211 et
960 2171 1112 2209 cocco
1153 2165 1202 2209 et
1251 2155 1401 2225 bysso
1440 2164 1633 2209 retorta
1685 2152 1896 2225 (Ibid.).

300 2249 587 2305 Rationale
632 2247 912 2312 doctrina,
952 2244 1037 2300 vel
1078 2245 1283 2300 veritas
1328 2261 1423 2300 seu
1472 2244 1699 2299 rationis
1741 2259 1771 2297 a
1801 2257 1899 2314 pe-

307 2350 458 2397 ctore
489 2340 807 2395 declaratio.
858 2338 915 2393 In
962 2338 1146 2394 Exodo
1185 2356 1199 2391 :
1257 2337 1326 2392 Et
1371 2338 1603 2408 fecerunt
1643 2336 1901 2391 rationale

302 2449 456 2503 opere
481 2430 655 2487 textili
688 2429 902 2502 (Ibid.).
959 2429 1255 2485 Duodecim
1283 2429 1486 2500 lapides
1532 2428 1586 2483 in
1631 2428 1900 2493 rationali,

305 2533 574 2593 quaterno
613 2521 806 2577 ordine
852 2521 978 2575 trini
1028 2521 1220 2591 positi,
1270 2519 1431 2575 ﬁdem
1477 2519 1799 2585 Trinitatis,
1849 2526 1905 2573 et

309 2612 696 2682 Evangelicum
740 2626 1070 2677 sermonem,
1120 2619 1283 2681 atque
1312 2610 1593 2667 duodecim
1623 2610 1903 2679 apostolo-

308 2719 431 2758 rum
458 2702 765 2759 doctrinam
809 2701 863 2756 in
890 2709 1109 2772 pectore
1146 2700 1444 2757 sacerdotis
1480 2715 1693 2770 semper
1726 2700 1907 2755 inesse

310 2802 636 2849 monstrant.
691 2791 953 2857 Poderis,
1006 2792 1107 2847 hoc
1151 2801 1252 2857 est,
1289 2791 1472 2845 tunica
1518 2791 1798 2846 secretior.
1847 2790 1906 2844 In

313 2883 499 2938 Exodo
532 2901 546 2936 :
588 2882 655 2936 Et
688 2883 920 2951 fecerunt
945 2882 1301 2936 vestimentum
1326 2881 1516 2952 pudere
1538 2879 1631 2935 sub
1662 2880 1906 2946 umbone,

311 2991 440 3044 opus
484 2972 696 3038 textile,
740 2981 905 3027 totum
927 2972 1319 3042 ligacintltinunt
1361 2971 1570 3043 (lbid.).
1620 2970 1908 3025 Tintinna-

313 3064 435 3119 bula
477 3079 642 3118 aurea
686 3063 1021 3118 vestimentis
1047 3063 1249 3117 inserta
1301 3077 1481 3117 sermo
1510 3062 1910 3132 pra‘dicationis

312 3156 569 3225 operibus
599 3154 922 3225 cunjunctis.
958 3153 1092 3207 Mala
1134 3154 1329 3223 punica
1376 3152 1749 3207 tintinnabulis
1786 3168 1907 3222 pcr-
1935 3141 1978 3203 C

314 3246 510 3309 mixta,
548 3244 730 3299 unitas
759 3244 905 3309 ﬁdei,
951 3253 1007 3300 et
1030 3245 1318 3300 concordia
1347 3244 1654 3301 cbaritatis.
1685 3242 1910 3299 Lamina

314 3351 479 3390 aurea
533 3336 589 3389 in
621 3333 824 3399 fronte,
870 3337 1052 3391 crucis
1100 3334 1466 3405 praaﬁguratio
1496 3334 1581 3390 vel
1623 3333 1910 3391 manufesta

308 3428 534 3497 judicia.
563 3429 621 3483 In
649 3429 872 3484 Exodo:
906 3429 972 3482 Et
1005 3430 1235 3499 fecerunt
1283 3430 1536 3485 laminam
1575 3446 1817 3495 auream,
1862 3438 1910 3483 et

317 3521 548 3589 fecerunt
574 3520 627 3573 in
649 3536 709 3572 ea
733 3519 935 3574 litteras
961 3520 1283 3589 deformatus
1312 3522 1610 3575 sanctitatis
1637 3518 1911 3590 signaculo

320 3608 531 3663 Domini
580 3607 792 3681 (Ibid.l.
827 3608 1026 3664 Sancta
1065 3619 1376 3665 sanctorum
1402 3611 1659 3681 mysteria
1685 3624 1913 3681 qumque

318 3702 432 3768 Dei,
466 3702 551 3757 vel
584 3717 750 3770 regna
787 3702 1069 3759 ccelorum.
1121 3702 1178 3756 In
1206 3702 1463 3772 Apostolo
1491 3720 1505 3756 :
1541 3701 1665 3756 Non
1690 3703 1827 3756 enim
1857 3701 1913 3756 in

318 3794 629 3863 ntanufacta
652 3803 834 3848 sancta
864 3792 1020 3847 Iesus
1049 3793 1273 3847 introivit
1299 3792 1617 3863 exemplaria
1643 3807 1913 3847 verorum:

318 3888 409 3941 sed
439 3889 492 3941 in
520 3888 698 3958 ipsum
744 3886 963 3953 malum,
1020 3897 1075 3940 ut
1117 3895 1365 3957 appareat
1412 3902 1551 3940 nunc
1599 3884 1769 3939 vultui
1818 3884 1915 3938 Dei

320 3978 506 4051 (Hebr.
539 3978 643 4049 ix).
679 3977 901 4048 Templa
929 3993 1122 4032 nomen
1152 3976 1424 4048 generale.
1464 3976 1568 4032 Pro
1616 3975 1749 4031 locis
1769 3975 1914 4031 enim

321 4071 737 4139 quibuscunque
783 4068 992 4139 magnis
1035 4069 1242 4138 antiqui
1277 4068 1477 4138 templa
1512 4068 1807 4123 dicebant:
1861 4075 1918 4122 et

326 4162 522 4231 templa
554 4161 736 4226 dicta,
765 4161 920 4231 quasi
966 4170 1107 4217 tecta
1155 4161 1372 4232 ampla:
1406 4163 1501 4217 sed
1529 4169 1587 4217 et
1629 4160 1782 4216 locus
1821 4161 1916 4216 de-

325 4253 567 4322 signatus
596 4252 666 4307 ad
695 4252 957 4308 orientem
987 4268 1018 4307 a
1047 4252 1500 4323 contemplatione
1542 4252 1801 4322 templum
1830 4252 1915 4307 di-

323 4343 547 4398 cebatur
570 4362 587 4395 ε
622 4342 779 4413 cujus
802 4352 987 4413 partes
1014 4351 1248 4414 quatuor
1287 4352 1444 4398 erant
1467 4359 1483 4398 :
1510 4343 1689 4398 antica
1725 4344 1790 4398 ad
1821 4359 1916 4399 or-

325 4441 455 4497 tum,
488 4434 706 4504 postica
731 4433 798 4488 ad
821 4449 1100 4500 occasum,
1129 4434 1349 4489 sinislra
1376 4434 1444 4489 ad
1468 4434 1908 4503 septentrionem,

325 4522 512 4578 dextra
545 4523 617 4577 ad
653 4523 936 4579 meridiem
965 4531 1253 4594 expectant
1295 4522 1611 4597 [spectans].
1648 4524 1801 4580 Unde
1857 4533 1914 4578 et

324 4612 538 4681 quando
561 4612 825 4682 templum
849 4612 1253 4677 construebant,
1274 4615 1540 4669 orientem
1559 4615 1919 4684 expectabant

324 4703 760 4774 aequinoctialem
784 4744 800 4769 ,
831 4703 905 4758 ita
954 4713 1013 4759 ut
1051 4704 1191 4760 Iinca
1231 4706 1300 4760 ab
1333 4716 1451 4761 ortu
1487 4708 1554 4760 ad
1581 4706 1915 4762 occidentem

327 4796 511 4860 missa,
538 4794 737 4850 ﬁerent
754 4804 935 4864 partes
955 4796 1078 4851 coeli
1097 4795 1285 4851 dextra
1304 4806 1467 4867 atque
1487 4798 1707 4853 sinistra
1730 4813 1917 4867 aequa-

329 4885 402 4941 les
429 4904 444 4938 :
478 4896 538 4942 ut
563 4887 658 4957 qui
695 4886 1002 4943 consuleret
1025 4904 1090 4943 ac
1116 4890 1516 4959 deprecaretur,
1548 4898 1752 4944 rectum
1775 4890 1920 4959 aspi-

328 4986 472 5031 ceret
496 4978 792 5032 orientem.
837 4976 1117 5048 Templum
1170 4980 1397 5049 mystice
1446 4978 1529 5033 vel
1572 4993 1766 5049 corpus
1808 4979 1913 5033 Do-

332 5070 457 5123 mini
487 5068 787 5141 signiﬁcat,
818 5070 883 5124 de
910 5086 1017 5139 quo
1040 5073 1153 5141 ipse
1183 5071 1237 5125 in
1262 5070 1551 5141 Evangelio
1578 5071 1690 5125 ait:
1723 5068 1917 5126 Solvite

330 5164 576 5236 templum
606 5164 705 5218 Iioc
724 5205 740 5228 ,
785 5163 915 5218 dicit
951 5164 1228 5228 Dominus,
1259 5175 1306 5218 et
1334 5166 1387 5218 in
1433 5164 1597 5217 tribus
1619 5163 1800 5217 diebus
1828 5179 1920 5217 ex-

334 5256 500 5309 citabo
530 5255 667 5309 illud
692 5254 874 5325 (Joan.
904 5238 988 5327 nl,
1019 5255 1102 5310 vel
1124 5264 1326 5312 emtum
1360 5265 1693 5320 sanctorum,
1724 5255 1920 5326 quibus

335 5346 621 5414 Apostolus
645 5346 725 5400 ait
754 5366 767 5400 :
812 5344 914 5400 Vos
940 5348 1064 5401 estis
1089 5346 1333 5417 templum
1357 5346 1475 5410 Dei,
1501 5355 1547 5400 et
1576 5345 1802 5416 Spiritus
1827 5346 1921 5401 Dei

337 5439 532 5492 habitat
562 5440 619 5492 in
643 5439 820 5493 nobis:
845 5439 891 5492 si
916 5439 1032 5510 quis
1055 5448 1227 5492 autem
1251 5437 1494 5508 templum
1518 5437 1615 5491 Dei
1638 5437 1920 5504 violaverit,

338 5530 593 5600 disperdet
620 5529 774 5584 illum
798 5529 961 5583 Deus.
996 5528 1262 5599 Templum
1283 5530 1418 5583 enim
1438 5528 1531 5582 Dei
1563 5538 1801 5582 sanctum
1825 5538 1922 5593 est,

340 5620 473 5677 quod
503 5622 628 5675 estis
665 5637 753 5675 eos
785 5618 837 5693 (I
866 5619 987 5674 Cor.
1030 5618 1133 5693 ut).
1168 5620 1223 5673 Si
1255 5635 1385 5691 ergo
1419 5609 1508 5673 ille
1539 5618 1797 5689 templum
1828 5619 1923 5674 Dei

345 5727 437 5783 per
460 5722 798 5786 assumptum
829 5713 1219 5769 humanitatem
1245 5711 1420 5769 factus
1445 5722 1549 5770 est.
1584 5721 1637 5767 et
1665 5727 1764 5769 nos
1794 5719 1928 5767 tem-

1996 1875 2245 1931 inimieos
2295 1876 2524 1947 diligere
2571 1886 2794 1947 propter
2832 1878 3122 1934 Dominum
3147 1921 3162 1944 ,
3214 1881 3387 1937 donec
3412 1884 3601 1937 veniat

1998 1973 2228 2035 tempus,
2270 1968 2506 2036 quando,
2539 1968 2656 2021 sive
2681 1968 2747 2023 ad
2777 1982 2966 2038 pacem
3009 1985 3164 2025 suam
3196 1973 3476 2028 conversis
3500 1989 3599 2028 seu

1998 2058 2240 2113 hntditus
2266 2058 2519 2114 omnibus
2564 2061 2850 2116 exstinctis
2878 2062 3134 2129 inimicis,
3165 2079 3288 2119 eum
3314 2065 3447 2120 solis
3469 2081 3602 2136 gau-

1998 2149 2124 2202 deat
2149 2149 2339 2204 amicis
2366 2149 2421 2202 in
2450 2149 2578 2204 Deo.
2610 2150 2852 2205 Altitudo
2900 2166 3053 2221 spem
3090 2154 3374 2209 denuntiat
3405 2156 3602 2212 futura:

2002 2243 2392 2305 retributionis,
2437 2243 2591 2314 cujus
2621 2244 2815 2299 intuitu
2858 2245 3090 2301 libenter
3120 2246 3304 2301 inﬁma
3345 2262 3600 2319 quaeque,

2001 2333 2117 2388 sive
2152 2349 2271 2401 qum
2298 2332 2630 2398 demulcent,
2662 2350 2758 2389 seu
2805 2350 2924 2404 quae
2948 2337 3326 2404 adversantur,
3356 2348 3603 2396 contem-

2002 2424 2103 2487 nit,
2136 2438 2304 2491 nsquc
2330 2422 2478 2491 dum,
2516 2424 2762 2494 utrisque
2785 2429 3116 2483 transcensis
3140 2470 3155 2495 ,
3187 2431 3300 2486 sola
3326 2438 3604 2487 uterentur

2003 2513 2188 2570 videre
2214 2514 2351 2568 bona
2381 2515 2591 2569 Domini
2620 2515 2674 2569 in
2705 2524 2848 2571 terra
2876 2518 3194 2573 viventium.
3239 2517 3448 2590 Opera,
3479 2536 3602 2592 qua:

2006 2604 2190 2659 Hiram
2223 2604 2415 2660 artifex
2445 2606 2512 2661 de
2541 2606 2683 2677 Tyro
2721 2607 2926 2663 fecerat
2960 2606 3260 2676 Salomoni,
3301 2611 3602 2682 spiritalem

2005 2695 2456 2766 signiﬁcationem
2500 2696 2720 2751 habent.
2777 2697 2929 2754 Mare
2973 2698 3130 2755 fusile
3158 2700 3344 2756 decem
3382 2703 3602 2760 cubito-

2007 2802 2149 2852 rum,
2197 2803 2227 2841 a
2273 2788 2416 2843 Iabio
2467 2804 2637 2859 usque
2683 2791 2749 2844 ad
2798 2790 2998 2846 Iabium
3053 2793 3345 2848 rotundum
3398 2795 3454 2849 in
3495 2796 3606 2851 cir-

2007 2882 2174 2947 cuitu,
2208 2882 2436 2954 ﬁguram
2466 2891 2610 2938 tenet
2632 2884 2773 2940 sacri
2809 2878 3178 2956 Baptismatis,
3208 2901 3316 2957 quo
3342 2888 3395 2942 in
3419 2890 3606 2944 remis-

2009 2974 2217 3029 sionem
2261 2982 2611 3043 peccatorum
2664 2976 3041 3031 cmundamur.
3091 2977 3383 3034 Duodecim
3413 2979 3603 3046 boves,

2014 3067 2103 3135 qui
2140 3067 2267 3121 illud
2300 3068 2610 3137 portabant,
2651 3067 2935 3123 duodecim
2956 3068 3245 3137 Apostolus
3272 3070 3604 3141 signiﬁcant,

2009 3167 2064 3215 et
2091 3175 2295 3219 omnes
2332 3161 2421 3230 qui
2447 3162 2565 3215 vice
2594 3175 2782 3215 eorum
2814 3161 3102 3232 regendam
3144 3162 3195 3215 in
3226 3160 3444 3217 Christo
3473 3178 3606 3219 san-

2011 3261 2155 3307 ctam
2185 3260 2541 3321 susceperunt
2567 3250 2885 3306 Ecclesium.
2918 3249 3183 3305 Similiter
3206 3253 3487 3308 duodecim
3518 3252 3604 3310 Iu-

2011 3353 2175 3408 tcrcs,
2218 3343 2273 3398 in
2329 3344 2525 3413 quibus
2575 3344 2765 3398 hostiae
2801 3343 3119 3398 lavabantur
3160 3344 3470 3414 signiﬁcant
3514 3362 3609 3404 sa-

2015 3451 2164 3491 crum
2197 3436 2469 3506 Baptisma
2520 3444 2576 3490 ct
2600 3435 3090 3491 sanctiﬁcationcm
3122 3436 3360 3507 Spiritus
3408 3441 3606 3496 sancti.

2013 3528 2223 3581 Ca-tcra
2250 3534 2431 3580 autent
2460 3541 2589 3580 vasa
2608 3567 2621 3591 ,
2654 3541 2775 3595 qua:
2818 3526 3108 3595 praedictus
3140 3526 3336 3581 artifex
3368 3528 3526 3583 ﬁnxit
3546 3529 3615 3585 de

2012 3630 2121 3669 tere
2151 3617 2202 3669 in
2245 3614 2497 3685 argillosa
2544 3622 2719 3679 terra,
2771 3614 3016 3671 diversas
3045 3614 3253 3687 species
3305 3617 3613 3688 signiﬁcant

2014 3717 2323 3762 sanctorum
2350 3709 2627 3763 hominum
2651 3723 2771 3777 qua:
2797 3709 2850 3763 in
2883 3708 3134 3780 argillosa
3164 3718 3339 3775 terra,
3381 3712 3486 3767 hoc
3506 3720 3610 3780 est,

2014 3800 2070 3855 in
2113 3800 2394 3872 Scriptura
2428 3817 2581 3857 sacra
2634 3801 2947 3857 formantur
2987 3805 3054 3858 ad
3099 3803 3459 3860 ministeriqu
3490 3806 3610 3861 Dei.

2598 3910 2828 3967 CAPUT
2863 3912 3028 3967 XXII.

2640 3983 2720 4036 De
2761 3981 3006 4036 aditibus.

2084 4071 2278 4127 Aditus
2300 4073 2369 4127 ab
2388 4072 2636 4128 adeundo
2662 4073 2859 4137 dictus,
2884 4088 2980 4143 per
3001 4087 3160 4142 quem
3196 4073 3531 4145 ingredimur
3557 4086 3616 4133 et

2015 4162 2371 4218 admittimur.
2425 4161 2761 4219 Vestibulum
2803 4171 2887 4218 est
2916 4163 3000 4218 vel
3044 4163 3223 4220 aditus
3265 4165 3457 4222 domus
3496 4168 3611 4238 pri—

2014 4261 2174 4319 vatze,
2215 4253 2299 4308 vel
2326 4253 2559 4323 spatium
2606 4249 2863 4321 adiacens
2890 4251 3095 4307 mdibus
3117 4252 3350 4323 publicis
3379 4272 3393 4308 :
3425 4263 3481 4310 et
3520 4271 3614 4311 ve-

2016 4342 2271 4399 stibulum
2301 4343 2507 4398 dictum
2559 4356 2646 4409 eo,
2698 4344 2841 4413 quod
2871 4358 2936 4399 eo
2980 4343 3290 4399 vestiuntur
3317 4343 3483 4412 fores,
3515 4356 3611 4403 aut

2017 4436 2157 4505 quod
2186 4434 2391 4491 aditum
2416 4442 2557 4491 tecto
2580 4435 2797 4502 vestiat,
2825 4445 2916 4492 aut
2942 4437 3011 4492 ab
3039 4437 3251 4494 stando.
3269 4435 3609 4495 Vestibulum

2019 4537 2199 4582 autem
2226 4526 2516 4599 aliquando
2537 4527 2807 4599 signiﬁcat
2838 4526 3020 4594 ﬁdem,
3057 4543 3155 4599 per
3184 4543 3344 4598 quam
3375 4530 3613 4587 intratur

2018 4620 2074 4673 in
2101 4618 2396 4675 Ecclesium
2422 4633 2437 4673 :
2467 4619 2756 4689 aliquando
2777 4619 3157 4686 humilitatem,
3181 4622 3306 4692 quia
3330 4638 3489 4679 nemo
3516 4638 3608 4693 po-

2021 4719 2127 4764 test
2160 4709 2225 4763 ad
2257 4710 2456 4780 gradus
2501 4708 2824 4779 spiritalium
2854 4710 3115 4765 donorum
3153 4712 3468 4776 ascendere,
3505 4713 3608 4769 nisi

2018 4815 2116 4870 per
2140 4800 2457 4856 humilitatis
2479 4801 2754 4855 virtutem.
2797 4800 2951 4857 Unde
2988 4803 3246 4873 scriptum
3288 4814 3408 4858 est:
3441 4802 3615 4867 Super

2019 4908 2171 4962 quem
2211 4893 2481 4963 requiescit
2515 4889 2742 4961 Spiritus
2772 4909 2914 4947 meus
2936 4933 2952 4957 ,
2981 4894 3083 4946 nisi
3105 4909 3263 4962 super
3287 4891 3536 4946 humilem
3558 4903 3610 4947 et

2016 4984 2247 5047 quietum
2294 4993 2340 5036 et
2368 4993 2669 5037 trementem
2706 5000 2966 5038 sermones
3013 4985 3197 5038 meos?
3244 4982 3378 5055 (lsa.
3434 4988 3607 5057 Lm.)

2018 5072 2203 5129 Potest
2245 5089 2458 5145 quoque
2510 5088 2607 5144 per
2656 5074 2975 5129 vestibulum
3029 5075 3160 5128 ﬁdes
3193 5074 3441 5147 intelligi.
3488 5075 3605 5144 Ipsa

2020 5165 2216 5235 quippe
2258 5172 2342 5219 est
2393 5172 2518 5219 ante
2572 5165 2772 5235 gradus
2806 5174 2860 5220 et
2888 5175 3095 5235 portam
3125 5182 3138 5217 :
3200 5164 3325 5235 quia
3356 5166 3507 5235 prius
3538 5168 3607 5222 ad

2022 5257 2179 5309 ﬁdem
2213 5255 2476 5318 venimus,
2513 5263 2567 5309 et
2596 5253 2936 5325 postmodum
2985 5270 3081 5323 per
3116 5254 3477 5324 spiritualium
3509 5257 3608 5311 do-

2022 5343 2433 5414 norumgradus
2462 5344 2699 5401 caelestis
2754 5346 2875 5399 vita:
2923 5344 3127 5399 aditum
3166 5345 3450 5401 intramus.
3492 5345 3609 5403 Non

2023 5437 2166 5491 extim
2197 5435 2485 5489 virtutibus
2508 5435 2725 5489 venitur
2764 5434 2831 5488 ad
2871 5434 3052 5499 ﬁdem,
3112 5434 3205 5489 sed
3235 5433 3339 5490 ﬁde
3368 5437 3612 5506 pergitur

2026 5527 2093 5583 ad
2127 5526 2388 5581 virtutes:
2434 5541 2528 5595 per
2556 5525 2712 5579 ﬁdem
2744 5539 2874 5595 ergo
2902 5526 3116 5581 venitur
3163 5527 3230 5582 ad
3275 5542 3459 5599 opera,
3514 5530 3610 5585 sed

2027 5634 2123 5688 per
2149 5632 2312 5688 opera
2355 5616 2619 5673 solidatur
2647 5616 2700 5671 in
2731 5614 2855 5671 ﬁde.
2891 5613 3226 5673 Vestibulum
3271 5619 3455 5690 itaque
3484 5631 3612 5676 ante

2028 5710 2227 5783 gradus
2265 5716 2348 5767 est
2377 5726 2390 5764 :
2425 5707 2552 5783 quia
2591 5708 2681 5781 qui
2707 5707 2855 5782 prius
2878 5708 3188 5777 crediderit,
3221 5711 3334 5780 ipse
3357 5720 3481 5783 post
3506 5710 3614 5767 vir-
