3974 6188
368 316 473 369 399

994 316 1054 370 Β.
1092 314 1337 370 [MBAN
1373 311 1585 367 MAURI
1620 308 1944 366 ARCIIIEI’.
1993 301 2299 358 MOGUN'I'.
2336 298 2622 358 OPERUM
2664 299 2842 356 PARS
2878 300 2938 354 ll.

3515 302 3622 361 £00

371 430 544 477 tntum
582 422 840 493 gradibus
867 422 932 475 ad
973 434 1141 489 portae
1171 422 1376 475 aditum
1416 418 1687 477 ascendit.
1723 417 1945 474 Gradus
1976 420 2019 477 Α
2050 416 2119 469 tis
2152 415 2307 483 longa
2330 424 2484 468 erat:
2518 414 2643 484 quia
2677 414 2934 468 nimirum
2966 418 3167 484 antiqui
3199 420 3331 484 justi
3383 431 3483 486 per
3509 419 3631 473 lon-

370 515 644 581 spiritales
668 530 928 568 ascensus
952 524 1102 577 sunt,
1122 523 1180 567 ut
1204 513 1256 567 in
1273 514 1511 580 psaltcrii
1534 513 1694 566 titulo
1718 531 1732 567 :
1754 511 1947 566 Canti-

367 623 482 659 cum
501 605 1008 675 graduumcradns
1025 605 1245 658 eburnci
1269 613 1397 657 sunt
1417 613 1565 658 casta
1588 602 1945 671 antiquorum

369 698 584 759 patrum
601 690 875 753 exempla:
900 690 939 740 Α
959 688 1208 758 gradibus
1224 689 1488 753 eburneis,
1506 703 1570 740 ea:
1584 688 1769 757 quibus
1786 693 1836 739 te
1849 683 1948 736 de-

368 780 688 835 lectaverunt
714 779 831 850 (Ps.
854 780 1024 848 χιιι).
1046 778 1140 834 llis
1160 794 1378 848 quoque
1397 780 1658 832 virtutum
1680 776 1947 845 gradibus

368 885 515 930 recte
543 873 773 928 credens
797 871 862 925 ad
890 881 1064 941 porta:
1112 870 1323 925 aditum
1375 871 1638 925 ascendit.
1688 869 1947 923 Porticus

368 965 513 1036 quod
536 963 797 1019 transitus
845 961 917 1018 sit
960 959 1157 1031 magis,
1203 974 1365 1028 quam
1404 958 1496 1012 ubi
1550 958 1800 1013 standum
1856 958 1948 1023 sit,

367 1057 519 1127 quasi
544 1063 725 1125 porta:
751 1061 805 1107 et
830 1051 1090 1122 porticus,
1120 1065 1186 1104 eo
1212 1049 1354 1118 quod
1374 1049 1444 1103 sit
1470 1057 1676 1119 aperta.
1704 1047 1952 1103 Porticus

366 1146 656 1216 aliquando
685 1145 955 1216 signiﬁcat
985 1143 1188 1196 aditum
1220 1141 1429 1195 domus.
1487 1139 1640 1195 Unde
1685 1139 1950 1208 scriptum

368 1249 452 1292 est
481 1238 532 1291 in
563 1237 701 1290 libro
730 1234 937 1305 Regum
967 1252 981 1287 :
1012 1232 1257 1286 Porticus
1290 1240 1401 1284 erat
1440 1239 1560 1283 ante
1597 1226 1843 1298 templum
1879 1228 1953 1280 vi-

365 1330 495 1398 ginti
538 1328 829 1383 cubitorum
869 1325 1025 1395 juxta
1074 1337 1376 1377 mensuram
1414 1319 1709 1373 latitudinis
1752 1316 1950 1387 templi,

365 1430 469 1474 etc.
500 1419 552 1489 (1
562 1418 582 1470 1
592 1417 619 1471 I
655 1417 779 1486 Reg.
805 1414 901 1486 vt).
936 1413 1203 1475 Porticus,
1229 1425 1350 1481 qua:
1376 1418 1494 1463 erat
1519 1416 1644 1462 ante
1672 1406 1950 1475 templum,

365 1520 421 1564 et
451 1508 693 1580 propior,
725 1507 900 1560 lucem
930 1503 1058 1558 solis
1084 1502 1328 1569 accipere
1353 1498 1560 1555 solebat
1585 1514 1600 1563 ;
1638 1497 1767 1567 quid
1795 1511 1951 1564 aper-

368 1603 496 1667 tius,
517 1614 677 1670 quam
700 1597 843 1653 illam
863 1596 980 1666 ejus
999 1592 1212 1666 [Forte,
1235 1588 1356 1662 :evi]
1381 1597 1607 1658 partem,
1630 1602 1749 1656 quae
1767 1587 1952 1642 Domi-

367 1692 503 1747 nicas
533 1686 922 1744 lncarnationis
954 1695 1191 1753 tempora
1223 1679 1519 1751 prmeessit,
1546 1678 1723 1749 typice
1752 1678 1956 1732 denun-

2046 509 2415 578 ganimitatem
2442 509 2645 563 devota:
2691 509 2889 562 mentis
2930 506 3309 562 desiderabant
3344 509 3532 565 venire
3564 511 3633 564 ad

2046 598 2355 655 dilationem
2378 599 2636 654 Ecclesia:
2656 600 2708 652 in
2734 600 3000 654 charitate
3026 599 3143 662 Dei,
3159 615 3277 669 qua:
3288 609 3375 655 est
3402 602 3458 654 in
3478 600 3633 656 Chri-

2048 696 2134 745 sto
2156 688 2283 744 Jesu
2312 690 2538 745 Domino
2573 698 2777 745 nostro.
2812 689 3033 760 Legitur
3072 700 3251 746 autem
3276 691 3330 745 in
3360 691 3501 746 libro
3532 692 3638 747 Re-

2049 794 2174 850 gum
2197 778 2317 851 (III
2339 778 2464 847 Reg.
2505 778 2604 852 vr),
2629 779 2772 848 quod
2806 779 3059 834 Salomon
3088 779 3271 834 fecerit
3304 780 3356 833 in
3387 781 3635 850 ingressu

2050 870 2255 925 oraculi
2304 871 2408 925 duo
2444 870 2665 925 ostiola:
2715 870 2841 940 quia
2890 871 3015 925 boni
3048 870 3244 941 angeli,
3300 880 3355 926 et
3385 872 3638 926 homines

2050 960 2225 1016 sancti
2249 961 2535 1015 Dominum
2581 977 2646 1016 ac
2673 962 2947 1032 proximos
2973 961 3209 1030 perfecte
3232 962 3460 1033 diligunt
3489 976 3505 1016 :
3535 976 3638 1016 ne-

2051 1067 2155 1121 que
2182 1050 2323 1107 ullus
2374 1049 2598 1119 januam
2637 1053 2777 1114 vitm,
2810 1053 2914 1106 nisi
2961 1067 3057 1122 per
3081 1053 3349 1123 geminam
3379 1054 3521 1107 hanc
3551 1053 3641 1108 die

2050 1139 2360 1203 lectionem,
2382 1141 2582 1208 poterit
2605 1141 2810 1195 intrare
2840 1158 2853 1194 :
2882 1156 2975 1196 seu
3006 1141 3131 1210 quia
3150 1143 3430 1211 utriusque
3454 1141 3638 1212 populi

2052 1229 2314 1296 ﬁdelibus,
2339 1238 2392 1285 et
2423 1228 2622 1286 Iudaeis
2654 1232 2879 1294 scilicet,
2910 1240 2960 1286 et
2984 1230 3267 1296 Gentibus,
3291 1232 3483 1286 eadem
3508 1232 3637 1287 vitae

2046 1320 2208 1389 janua
2262 1331 2551 1377 reseratur.
2606 1323 2794 1379 Postcs
2836 1324 3037 1378 habent
3081 1325 3306 1395 angulos
3351 1326 3634 1397 quinque:

2052 1413 2175 1480 quia
2201 1428 2306 1467 non
2336 1413 2509 1468 solum
2542 1415 2754 1469 animas
2779 1415 3073 1469 electorum
3122 1416 3240 1469 aula
3269 1417 3388 1471 ctrli
3418 1419 3633 1489 recipit,

2054 1503 2147 1557 sed
2174 1503 2493 1573 corporibus
2532 1503 2828 1558 immortali
2869 1504 3036 1573 gloria
3070 1504 3310 1574 prmditis
3353 1505 3407 1559 in
3429 1503 3637 1572 judicio

2055 1609 2181 1648 suas
2207 1592 2351 1648 fores
2377 1594 2571 1664 aperit.
2625 1592 2801 1649 Cardo
2845 1605 2930 1648 est
2973 1593 3142 1658 locus,
3199 1595 3252 1648 in
3286 1610 3392 1664 quo
3432 1595 3638 1650 ostium

2056 1685 2286 1740 vertitur
2319 1692 2374 1738 et
2413 1699 2625 1754 semper
2653 1694 2919 1750 movetur,
2946 1684 3126 1739 dictus
3153 1700 3255 1754 apo
3285 1693 3365 1740 tes
3396 1685 3634 1751 cardius,

370 1784 503 1837 tiat?
520 1783 572 1835 in
594 1794 697 1849 qua
718 1786 843 1833 sunt
860 1775 1180 1847 patriarcha:
1201 1769 1666 1842 etprophetze,qui
1686 1769 1951 1824 orientem
1983 1774 2026 1833 Β
2054 1774 2213 1846 quod,
2246 1774 2401 1844 quasi
2427 1787 2522 1827 cor
2546 1773 2816 1828 hominem
2867 1780 3059 1837 totum,
3092 1773 3164 1827 ita
3209 1773 3297 1828 ille
3320 1789 3524 1829 cuneus
3545 1773 3637 1842 ja-

370 1873 495 1929 buic
520 1871 717 1926 mundo
741 1868 907 1923 solem
936 1864 1160 1935 iustitiae
1186 1862 1347 1933 primi
1373 1867 1755 1931 susceperunt,
1782 1866 1836 1913 et
1857 1873 1953 1912 na-

368 1963 553 2020 scendi
594 1962 649 2019 in
682 1976 845 2015 carne
878 1956 1103 2013 Domino
1130 1952 1497 2010 testimonium
1517 1992 1532 2015 ,
1558 1951 1672 2007 sive
1702 1948 1952 2013 vivendo,

372 2054 486 2109 sive
508 2048 864 2122 prmdicando,
894 2047 1007 2103 sive
1031 2044 1322 2109 nascendo,
1352 2043 1465 2097 sive
1485 2040 1650 2097 etiam
1675 2038 1954 2094 moriendo

370 2144 736 2216 praebuerunt.
776 2141 947 2197 Ianua
978 2155 1008 2193 a
1050 2135 1188 2193 .lano
1220 2134 1454 2205 quodam
1498 2131 1820 2203 appellatur,
1864 2130 1954 2185 cui

369 2234 597 2307 gentiles
642 2245 856 2289 omnem
895 2229 1173 2284 introitum
1219 2225 1303 2282 vel
1328 2225 1536 2280 exitum
1578 2229 1949 2279 sacraverunt.

380 2326 530 2383 Unde
559 2324 809 2380 Lucanus
834 2338 850 2376 :

499 2426 683 2476 Ferrea
706 2421 937 2483 belligeri
960 2423 1239 2479 compescat
1263 2416 1425 2465 limina
1446 2414 1574 2464 Jani.

444 2510 538 2564 Est
556 2514 735 2560 autem
763 2503 971 2573 primus
997 2501 1190 2555 domus
1211 2499 1486 2568 ingressus
1516 2515 1530 2550 :
1578 2504 1776 2551 caetera
1811 2495 1954 2549 intra

364 2602 591 2671 januam
626 2594 765 2652 ostia
812 2598 1069 2648 vocantur
1114 2589 1457 2661 generaliter.
1487 2585 1696 2640 Ostium
1725 2592 1829 2649 est,
1856 2600 1955 2655 per

370 2688 518 2760 quod
544 2687 612 2742 ab
647 2685 829 2755 aliquo
879 2697 1129 2739 arcemur
1157 2682 1422 2752 ingressu,
1454 2679 1523 2733 ab
1565 2677 1829 2733 obstando
1872 2677 1956 2732 di-

373 2790 541 2835 ctum.
597 2778 703 2833 Alii
761 2777 910 2831 aiunt
960 2774 1158 2832 ostium
1215 2771 1507 2843 appellari,
1564 2770 1689 2840 quia
1742 2768 1954 2824 hostem

370 2879 645 2927 moratur:
680 2868 754 2923 ibi
787 2866 930 2921 enim
959 2864 1286 2921 adversariis
1312 2877 1413 2916 nos
1454 2859 1760 2930 obiicimus.
1816 2858 1955 2914 Hinc

369 2969 426 3014 et
450 2960 591 3015 ostia
624 2956 897 3020 Tiberina,
939 2954 1065 3024 quia
1100 2952 1345 3009 hostibus
1372 2960 1500 3005 sunt
1543 2950 1809 3020 opposita.
1852 2948 1955 3003 Fo-

374 3066 459 3104 res
485 3057 542 3103 et
568 3047 736 3102 valvae
763 3045 998 3101 claustra
1028 3050 1153 3098 sunt
1178 3059 1193 3099 :
1227 3040 1321 3096 sed
1348 3038 1491 3094 fores
1534 3039 1807 3103 dicuntur,
1831 3053 1951 3108 quae

371 3142 558 3196 foras:
607 3137 797 3201 valvae,
847 3151 969 3206 qua:
1013 3134 1162 3206 intus
1190 3131 1558 3195 revolvuntur,
1611 3136 1667 3184 et
1711 3129 1951 3200 duplices
1976 3122 2023 3185 C

371 3203 881 3301 complicahilesque
902 3203 1050 3289 soul,
1077 3224 1170 3279 sed
1187 3222 1513 3295 generaliter
1537 3236 1665 3276 usus
1694 3221 1954 3277 vocabula

373 3324 471 3377 ista
502 3320 763 3389 corrupit.
812 3316 1061 3372 Claustra
1090 3316 1156 3369 ab
1182 3330 1246 3370 eo
1265 3354 1280 3380 ,
1315 3314 1458 3384 qum!
1499 3312 1842 3378 claudantur,
1871 3313 1955 3367 di-

370 3422 482 3469 cta.
530 3409 740 3467 Ostium
793 3406 1060 3479 signiﬁcat
1111 3404 1495 3476 cogitationem
1547 3403 1779 3470 mentis,
1839 3402 1955 3458 sive

371 3502 579 3555 aditum
614 3497 816 3562 cordis,
847 3504 908 3550 ut
934 3495 988 3549 in
1010 3493 1300 3564 Evangelio
1330 3510 1343 3546 :
1387 3491 1465 3545 Tu
1491 3501 1666 3546 autem
1688 3507 1805 3544 cum
1829 3506 1954 3544 ora-

370 3595 470 3657 bis,
498 3591 637 3645 intra
664 3589 719 3642 in
748 3584 1065 3651 cubiculum,
1093 3594 1162 3650 et,
1194 3582 1373 3637 clauso
1408 3582 1540 3637 ostio
1567 3596 1721 3651 super
1746 3589 1815 3644 te,
1861 3595 1956 3634 ora

380 3683 589 3737 Patrem
643 3690 790 3733 tuum
835 3674 1051 3749 (Matth.
1092 3673 1191 3746 vt).
1242 3672 1498 3727 lntroitus
1543 3670 1818 3741 ingressus
1861 3682 1959 3739 per

375 3774 532 3829 Iidem
568 3773 623 3829 in
648 3769 909 3834 Ecclesia,
939 3782 1192 3839 egressus
1218 3781 1316 3837 per
1344 3762 1750 3818 dissolutionem
1780 3760 1958 3815 carnis

373 3867 441 3921 ad
475 3861 982 3932 contemplationem
1011 3857 1274 3923 divinam,
1331 3863 1391 3910 ut
1420 3855 1474 3909 in
1519 3850 1840 3921 Evangelio:
1889 3849 1956 3903 Et

369 3956 695 4028 ingredietur
718 3962 764 4007 et
789 3951 1102 4024 egredietur,
1131 3958 1178 4004 et
1205 3964 1401 4020 pascua
1426 3945 1642 4001 inveniet
1666 3943 1847 4013 (Joan.
1878 3940 1955 4014 x).

375 4049 443 4104 Et
480 4049 533 4103 in
572 4045 825 4103 Psalmo:
877 4041 1136 4096 Dominus
1179 4037 1437 4094 custodiat
1489 4032 1762 4089 introitum
1809 4039 1957 4084 tuum

371 4150 419 4196 et
445 4143 641 4197 exitum
672 4148 820 4193 tuum
875 4151 941 4191 ea:
986 4133 1085 4189 hoc
1134 4148 1271 4188 nunc
1318 4141 1367 4188 et
1392 4147 1555 4202 usque
1597 4129 1653 4183 in
1706 4126 1956 4183 sarculum

373 4232 547 4305 (Psal.
575 4229 721 4303 cxx).
751 4229 884 4285 Item
922 4226 1118 4283 ostium
1160 4223 1447 4295 aliquando
1477 4221 1806 4292 apertionem
1833 4219 1957 4273 ﬁdei

376 4321 666 4394 signiﬁcat,
719 4329 777 4375 ut
811 4326 893 4374 est
940 4317 1068 4373 illud
1113 4316 1167 4371 in
1225 4313 1521 4385 Apostolo:
1573 4311 1776 4367 Ostium
1821 4309 1958 4363 enim

374 4413 501 4467 mihi
524 4421 758 4481 apertum
784 4418 857 4463 est
889 4421 1135 4478 magnum
1163 4415 1211 4459 et
1233 4405 1439 4460 euidens
1470 4401 1520 4475 (I
1552 4402 1673 4457 Cor.
1702 4401 1834 4471 xvn).
1861 4398 1954 4453 Ja-

376 4518 480 4557 nua
508 4515 634 4570 ergo
659 4498 743 4554 vel
762 4498 958 4553 ostium
1006 4495 1184 4566 templi
1213 4495 1421 4552 Domini
1467 4492 1733 4564 s’gnilicat
1765 4490 1948 4545 Domi-

375 4605 500 4645 num
533 4588 903 4645 Salvatorem:
935 4586 1061 4656 quia
1086 4599 1243 4641 nemo
1276 4584 1422 4639 venit
1467 4584 1532 4638 ad
1564 4584 1804 4645 Patrem,
1846 4579 1948 4635 nisi

375 4695 470 4752 per
505 4679 680 4749 ipsum
707 4675 886 4748 (Joan.
920 4674 1061 4746 xiv);
1091 4683 1147 4730 et
1193 4675 1271 4729 sic
1300 4675 1414 4744 ipse
1442 4672 1570 4729 alibi
1613 4671 1743 4727 dicit
1771 4689 1784 4724 :
1838 4669 1947 4740 Ego

372 4788 487 4827 sum
524 4769 751 4825 ostium:
797 4782 887 4835 per
935 4781 1016 4819 me
1065 4766 1111 4820 si
1155 4765 1271 4836 quis
1322 4762 1622 4827 introierit,
1666 4760 1950 4815 salvabitur

373 4862 553 4936 (Joan.
586 4858 662 4932 Χ).
700 4854 909 4911 Ostium
939 4853 1178 4924 porticus
1222 4868 1402 4908 sermo
1449 4851 1813 4921 propheticus.
1856 4848 1949 4918 qui

373 4952 525 5025 quasi
558 4957 706 5005 recto
734 4946 868 5002 calle
908 4945 1269 5017 ingredientes
1303 4944 1369 4999 ad
1396 4942 1592 4997 ostium
1620 4940 1800 5011 templi
1826 4955 1949 5008 per-

372 5045 600 5101 ducebat
628 5059 641 5094 :
672 5040 795 5110 quia
823 5037 1051 5110 gratiam
1081 5034 1289 5090 Domini
1324 5032 1638 5099 Salvatoris,
1663 5047 1767 5101 qua
1796 5047 1952 5085 mun-

377 5141 501 5192 dum
524 5142 640 5191 erat
663 5133 1056 5202 redempturus,
1102 5137 1289 5197 aperte
1336 5123 1681 5195 praedicabat.
1716 5122 1947 5178 Factum

370 5246 498 5302 ergo
552 5228 791 5300 porticus
836 5234 946 5281 tota
992 5222 1178 5278 ﬁdeles
1228 5220 1370 5275 illius
1410 5217 1669 5288 temporis
1722 5216 1945 5287 signat:

369 5323 564 5377 ostium
591 5335 720 5377 vero
754 5321 807 5374 in
833 5317 1041 5390 porticu
1070 5315 1349 5377 doctores,
1400 5311 1492 5383 qui
1517 5311 1727 5367 creteris
1772 5309 1946 5364 lucem

371 5411 515 5476 vitae,
539 5410 868 5479 januamque
896 5407 1127 5464 intrandi
1170 5406 1236 5460 ad
1280 5404 1568 5459 Dominum
1619 5401 1944 5473 pandebant,

372 5502 643 5572 exprimit.
673 5503 740 5559 Et
759 5503 894 5558 bene
915 5510 1075 5557 unum
1098 5502 1547 5569 ostium,propter
1573 5510 1863 5550 consonam
1889 5495 1944 5548 in

377 5592 624 5650 virtutibus
652 5596 852 5650 sanctis
872 5593 1028 5648 ﬁdem
1055 5609 1120 5648 ac
1143 5592 1487 5648 dilectionem
1520 5589 1782 5643 veritatis.
1814 5588 1943 5653 Qum

370 5681 618 5738 videlicet
641 5684 878 5752 porticus
918 5681 1071 5752 juxta
1100 5682 1435 5737 latitudinem
1470 5679 1652 5749 templi
1696 5680 1766 5735 20
1791 5681 1945 5736 cubi-

1983 4461 2032 4520 D

2053 1876 2214 1916 nuam
2246 1868 2398 1931 regat
2443 1875 2511 1914 ac
2559 1868 2792 1914 moveat.
2852 1860 3004 1916 Unde
3046 1861 3382 1929 proverbiale
3430 1870 3539 1927 est,
3578 1863 3641 1918 in

2052 1952 2266 2020 cardine
2294 1967 2402 2006 rem
2435 1967 2565 2006 esse.
2616 1951 2829 2006 Limina
2869 1952 3133 2006 ostiorum
3182 1952 3328 2008 dicta
3363 1968 3449 2017 co,
3490 1955 3640 2024 quod

2053 2051 2360 2098 transversa
2383 2050 2532 2108 sunt,
2555 2050 2617 2095 ut
2644 2042 2800 2096 limes
2831 2060 2844 2096 :
2892 2052 2946 2097 et
2980 2057 3077 2111 per
3105 2059 3189 2106 ea,
3231 2043 3371 2098 sicut
3398 2044 3451 2099 in
3482 2060 3638 2117 agro,

2052 2140 2144 2188 aut
2170 2134 2468 2188 introeatur
2487 2142 2582 2187 aut
2618 2132 2764 2189 foras
2783 2142 2958 2188 eatur.
2989 2133 3179 2189 Postcs
3195 2143 3249 2189 et
3277 2144 3448 2197 antes,
3480 2136 3641 2205 quasi

2052 2233 2173 2294 post
2192 2233 2250 2280 et
2270 2235 2414 2280 ante.
2436 2224 2626 2289 Antes,
2654 2225 2779 2295 quia
2802 2234 2930 2280 ante
2960 2225 3182 2294 januam
3211 2236 3377 2290 stant,
3401 2228 3483 2282 vel
3508 2228 3640 2296 quia

2052 2326 2211 2372 antea
2249 2317 2317 2372 ad
2356 2331 2451 2372 eas
2504 2318 2829 2383 accedimus,
2857 2319 3169 2388 priusquam
3211 2317 3280 2372 ad
3306 2318 3526 2372 domum
3557 2320 3646 2374 in-

2053 2406 2390 2479 grediamur:
2415 2416 2598 2477 postes
2622 2422 2708 2472 eo,
2735 2410 2875 2476 quod
2897 2416 3017 2479 post
3037 2409 3236 2463 ostium
3264 2417 3428 2465 stent.
3460 2410 3644 2465 Cardo

2049 2507 2230 2570 potest
2252 2499 2558 2570 signiﬁcare
2585 2510 2746 2555 recta:
2768 2498 2889 2555 ﬁdei
2908 2500 3216 2555 ﬁrmitatem
3242 2518 3255 2554 :
3286 2501 3340 2555 in
3369 2500 3476 2556 hac
3493 2503 3643 2557 enim

2051 2591 2192 2647 ostia
2223 2598 2527 2656 vertuntur,
2558 2592 2684 2661 quia
2707 2599 2860 2645 extra
2890 2591 3128 2662 regulam
3155 2591 3279 2646 ﬁdei
3304 2591 3453 2647 nullo
3478 2593 3645 2648 modo

2049 2681 2255 2750 patitur
2280 2680 2582 2736 dilectionis
2623 2681 2758 2736 ordo
2784 2696 2843 2736 se
2889 2682 3152 2750 separari.
3184 2682 3316 2737 Item
3342 2682 3541 2754 legitur
3583 2684 3642 2739 in

2053 2773 2191 2828 libro
2219 2772 2469 2843 Regum:
2513 2771 2582 2827 Et
2617 2774 2858 2828 cardines
2880 2775 3134 2829 ostiorum
3177 2775 3353 2846 templi
3395 2792 3463 2830 ea:
3506 2793 3645 2830 auro

2051 2870 2198 2918 erant
2245 2861 2366 2936 (III
2415 2862 2547 2933 Reg.
2577 2862 2697 2935 vn).
2728 2863 2784 2917 Si
2817 2864 2956 2919 ostia
2982 2865 3172 2920 domus
3208 2866 3481 2921 interioris
3509 2882 3643 2922 san-

2051 2955 2124 3010 cti
2151 2963 2460 3011 sanctorum
2507 2955 2750 3027 angelica
2778 2965 2905 3012 sunt
2955 2958 3280 3024 ministeria,
3332 2974 3455 3028 qua:
3484 2960 3645 3015 nobis

2051 3050 2118 3107 de
2138 3065 2365 3121 corpore
2386 3051 2622 3122 egressis
2648 3052 2928 3107 introitum
2951 3052 3075 3106 vita:
3100 3051 3335 3107 caelestis
3356 3061 3642 3107 reserant:

2052 3150 2107 3197 et
2145 3142 2283 3196 ostia
2333 3140 2515 3212 templi
2562 3143 2813 3198 doctores
2847 3150 2974 3197 sunt
2997 3142 3170 3198 sancti
3217 3158 3280 3198 ac
3307 3143 3643 3205 sacerdotes.

2054 3233 2144 3302 qui
2172 3232 2509 3297 instruendo,
2534 3231 2875 3302 baptizando,
2899 3230 3164 3286 Dominici
3186 3230 3430 3299 corporis
3449 3238 3504 3285 et
3523 3246 3649 3285 san-

2054 3322 2234 3392 guinis
2260 3322 2517 3392 mysteria
2541 3321 2988 3378 communicando
3006 3322 3179 3392 prima
3204 3321 3359 3376 nobis
3385 3321 3649 3377 Ecclesiae

2054 3412 2338 3483 praesentis
2365 3411 2547 3466 limina
2576 3412 2856 3483 pandunt:
2897 3412 3025 3481 quid
3075 3411 3326 3467 cardines
3358 3421 3644 3468 utrorum-

2055 3519 2161 3574 que
2184 3504 2467 3568 ostiorum,
2511 3503 2612 3556 nisi
2664 3517 2856 3557 sensus
2886 3511 2943 3558 ct
2983 3503 3145 3557 corda
3173 3511 3299 3558 sunt
3326 3505 3647 3559 earumdem

2057 3593 2390 3665 angelormn,
2419 3593 2533 3647 sive
2553 3591 2830 3646 hominum
2855 3601 3189 3660 sanctorum,
3221 3594 3418 3662 quibus
3451 3595 3648 3650 immo-

2056 3684 2236 3739 bilitcr
2269 3682 2708 3753 contemplationi
2763 3698 2826 3737 ac
2876 3683 3153 3738 dilectioni
3201 3684 3282 3738 sui
3329 3682 3647 3741 Conditoris

2056 3775 2346 3838 adhaerent,
2381 3783 2440 3829 ut
2462 3789 2527 3829 co
2554 3774 2906 3829 ministerium
2930 3775 3188 3831 divinitus
3213 3775 3315 3831 sibi
3335 3775 3647 3847 delegatum

2057 3876 2204 3923 recte
2245 3866 2567 3937 compleant.
2634 3866 2768 3921 Item
2814 3866 2869 3920 in
2917 3866 3112 3921 malam
3158 3875 3367 3937 partem
3420 3870 3648 3938 ponitur

2056 3957 2241 4019 cardo,
2266 3966 2325 4012 ut
2354 3957 2407 4011 in
2435 3954 2746 4021 Salomone,
2783 3956 2874 4012 ubi
2914 3956 3083 4012 dicit:
3134 3954 3282 4012 Sicut
3306 3958 3499 4011 ostium
3530 3976 3649 4014 eer—

2056 4049 2186 4102 titur
2212 4050 2267 4102 in
2295 4048 2509 4102 cardine
2536 4064 2632 4101 suo
2652 4086 2667 4113 ,
2714 4047 2790 4100 ita
2819 4047 2964 4118 piger
3013 4048 3070 4101 in
3095 4046 3281 4102 lectulo
3326 4065 3423 4103 suo
3452 4046 3641 4121 (Prov.

2055 4137 2228 4211 xxvi).
2276 4137 2437 4209 Piger
2456 4152 2585 4208 ergo
2613 4137 2668 4192 in
2707 4137 2849 4193 lecto
2877 4138 2959 4193 sui
3004 4138 3251 4208 corporis
3276 4139 3417 4195 sicut
3439 4140 3643 4195 ostium

2056 4230 2287 4284 vertitur
2311 4229 2364 4283 in
2401 4228 2621 4283 cardine
2649 4246 2663 4282 :
2692 4227 2819 4297 quia
2847 4229 3007 4283 modo
3028 4229 3177 4284 exire
3196 4228 3264 4282 ad
3283 4231 3641 4299 operandam,

2055 4320 2217 4375 modo
2241 4319 2309 4375 ad
2347 4319 2790 4390 requiescendum
2821 4319 2998 4374 redire
3033 4318 3283 4388 proponit
3310 4337 3323 4373 :
3373 4328 3553 4376 tamen
3583 4321 3644 4376 in

2057 4409 2170 4464 suis
2192 4408 2375 4478 jacere
2420 4409 2778 4481 pravitatibus
2827 4424 3101 4479 nunquam
3145 4408 3376 4465 desistit.
3424 4408 3644 4489 Limina

2057 4501 2200 4554 enim
2250 4501 2536 4565 ostiormn,
2590 4500 2864 4556 humilitas
2891 4508 2947 4555 et
2982 4500 3420 4556 mansuctudines
3465 4503 3643 4558 bono-

2058 4607 2177 4646 rum
2203 4600 2329 4646 sunt
2357 4606 2565 4647 morum
2591 4606 2605 4644 :
2638 4592 2764 4660 quia
2812 4591 2867 4646 in
2899 4592 3030 4661 ipsis
3056 4592 3411 4661 perﬁciuntur
3437 4594 3644 4661 gradus

2058 4682 2337 4746 virtutum,
2390 4683 2570 4751 ibique
2594 4690 2745 4752 patet
2797 4683 3069 4751 ingressus
3095 4684 3244 4752 regni
3272 4682 3517 4738 caelestis
3553 4684 3641 4738 di-

2055 4782 2211 4827 cente
2243 4773 2360 4843 ipso
2390 4774 2657 4828 Domino:
2690 4772 2792 4838 Qui
2824 4789 2878 4827 se
2904 4773 3285 4838 humiliaverit,
3317 4772 3644 4828 exaltabitur

2057 4859 2268 4931 (Matth.
2316 4862 2493 4933 χχιιι).
2526 4863 2593 4918 Et
2618 4863 2784 4918 alibi:
2836 4863 2987 4917 Beati
3031 4865 3200 4928 mites,
3246 4864 3496 4934 quoniam
3537 4865 3643 4934 ipsi

2053 4953 2387 5023 possidebunt
2432 4964 2623 5009 terram
2656 4953 2869 5026 (Matth.
2910 4952 3005 5026 v);
3044 4964 3099 5008 et
3125 4951 3410 5008 Psalmista
3437 4968 3453 5006 :
3483 4953 3643 5007 Man-

2053 5045 2209 5110 sueti,
2255 5046 2450 5115 inquit,
2477 5046 2811 5117 possidebunt
2845 5055 3061 5111 terram,
3085 5055 3132 5100 et
3154 5044 3552 5100 delectabantur
3582 5047 3642 5101 in

2052 5137 2387 5193 multitudine
2404 5139 2548 5208 pacis
2574 5137 2744 5207 (Psal.
2777 5137 2985 5208 xxth).
3009 5208 3033 5235 ⁴

2641 5247 2866 5303 CAPUT
2905 5246 3092 5302 XXIII.

2454 5318 2531 5373 De
2558 5321 2842 5388 parietibus
2865 5319 3228 5386 (ediﬁciomm.

2118 5410 2548 5467 Fundamentum
2598 5410 2828 5474 dictum,
2858 5410 3003 5478 quod
3054 5407 3251 5463 ftindus
3300 5408 3368 5463 sit
3413 5407 3639 5475 donius,

2049 5502 2191 5558 idem
2220 5510 2275 5556 et
2300 5509 2621 5556 cmmentum
2642 5515 2672 5552 a
2702 5499 2956 5554 medendo
2981 5499 3183 5553 dictum
3203 5539 3217 5562 ,
3266 5498 3409 5568 quod
3440 5513 3639 5568 grosso

2048 5593 2222 5663 lapide
2252 5599 2455 5662 surgat.
2513 5589 2941 5646 Fundamentum
2971 5590 3115 5645 enim
3160 5589 3446 5659 allegorice
3469 5588 3638 5643 Chri-

2047 5692 2161 5737 stus
2216 5680 2573 5749 intelligitur,
2620 5678 2702 5733 vel
2766 5678 2895 5733 l‘nlcs
2947 5678 3064 5747 ejus
3114 5679 3421 5743 catholica,
3467 5692 3640 5745 super
