3974 6188
764 276 791 299 J

282 341 383 399 ιοι

1256 342 1345 400 ηε
1383 340 1730 401 UNIVERSO
1769 342 1946 397 LIBRI
1988 341 2148 397 XXII.
2184 371 2255 382 -—
2289 342 2417 397 LIB.
2456 340 2596 399 XIV.

3454 347 3567 404 602

280 473 448 527 quam
471 456 699 518 fundata
724 467 812 515 est
859 459 1121 516 Ecclesia.
1176 459 1331 514 Unde
1380 461 1644 528 scriptum
1692 466 1774 513 est
1822 460 1876 512 in
1906 459 1951 519 Α
1976 453 2191 510 Psalmo
2219 473 2233 510 :
2268 454 2543 525 Lapidem,
2590 470 2743 526 quem
2775 456 3172 526 reprobarerunt
3202 459 3523 532 ludiﬁcantes
3550 503 3564 525 ,

282 547 544 618 Apostolo
567 567 582 604 :
621 546 1046 604 Fundamentum
1073 549 1211 603 enim
1244 549 1394 603 aliud
1421 564 1568 603 nemo
1590 558 1752 618 potest
1777 565 1871 618 po-

281 655 406 692 nere
424 648 617 707 praeter
629 636 704 701 id,
731 638 873 709 quod
900 639 1126 709 positum
1137 649 1210 693 est
1236 638 1289 692 in
1308 636 1513 692 Christo
1530 637 1656 691 Iesu
1675 636 1728 707 (Ι
1752 634 1876 691 Cor.

281 728 389 790 tn).
417 728 486 783 Et
513 729 642 785 item
668 745 683 783 :
708 728 1240 799 Supercedi/icamlni,
1288 728 1480 797 inquit,
1505 745 1660 797 super
1689 727 1884 796 funda-

280 832 517 875 menmm
543 818 898 891 apostolorum
915 829 959 874 et
981 819 1351 890 prophetarum
1369 819 1529 891 (Epit.
1548 820 1634 889 ιι),
1660 821 1764 875 hoc
1775 828 1877 885 est,

279 910 588 965 doctrinam
614 924 823 964 eorum.
860 909 986 963 Item
1015 908 1212 977 legitur
1241 909 1294 963 in
1320 908 1535 964 Psalmo
1570 911 1635 965 de
1664 910 1883 965 civitate

280 999 400 1066 Dei,
430 1001 535 1056 hoc
562 1009 668 1066 est,
696 1000 967 1056 Ecclesia:
994 998 1364 1055 Fundamenta
1389 1001 1505 1071 ejus
1543 1003 1598 1055 in
1621 1003 1881 1056 momibas

278 1094 478 1147 sanctis
499 1091 673 1164 (Psal.
707 1092 948 1164 Lxxxvt),
980 1092 1030 1147 id
1066 1101 1169 1157 est,
1202 1092 1451 1149 Christus
1482 1094 1760 1160 Dominus,
1790 1095 1880 1165 qui

280 1183 362 1237 sic
388 1183 685 1239 Ecclesiam
709 1198 863 1239 suam
890 1184 1150 1250 continet,
1182 1193 1242 1238 ut
1267 1185 1411 1241 nulla
1451 1187 1623 1255 possit
1658 1202 1883 1256 quassa-

282 1275 431 1330 tione
474 1276 723 1331 titubare.
770 1275 961 1331 Merito
1000 1291 1128 1347 ergo
1166 1278 1235 1332 ab
1284 1279 1400 1347 ipso
1448 1281 1681 1350 sumpsit
1716 1296 1879 1336 exor-

282 1365 455 1430 dium,
477 1379 639 1436 quem
662 1381 843 1420 rerum
871 1367 1114 1422 omnium
1133 1376 1347 1423 constat
1373 1384 1493 1424 esse
1527 1371 1877 1441 principium.

284 1456 471 1511 Parics
507 1465 868 1528 nuncupatur,
903 1459 1029 1529 quia
1057 1473 1272 1529 semper
1294 1460 1399 1515 duo
1424 1446 1551 1516 sunt
1587 1478 1763 1532 pares,
1795 1466 1879 1519 vel

285 1563 315 1600 a
352 1546 544 1613 latere,
575 1546 720 1602 vela
750 1547 949 1604 fronte.
1007 1547 1136 1604 Sive
1162 1550 1308 1605 enim
1354 1560 1718 1623 tetragonum,
1767 1557 1882 1610 sive

286 1639 631 1710 hexagonum
675 1638 768 1703 sit,
815 1639 910 1710 qui
962 1654 1023 1695 se
1050 1640 1409 1709 conspiciunt,
1455 1658 1518 1697 ex
1550 1645 1667 1712 pari
1698 1654 1876 1699 erunt.

246 1776 255 1786 .
282 1728 458 1785 Aliter
475 1729 620 1784 enim
648 1737 922 1785 structura
964 1729 1108 1786 facta
1156 1731 1413 1788 deformis
1442 1744 1545 1789 est.
1576 1735 1880 1791 Parietinas

284 1818 534 1885 dicimus,
571 1820 724 1889 quasi
756 1821 1019 1890 parietum
1048 1822 1277 1878 ruinas:
1322 1833 1449 1880 sunt
1475 1826 1618 1881 enim
1645 1828 1880 1897 parietes

285 1917 492 1964 stantes
517 1909 637 1965 sine
675 1918 840 1977 tecto,
871 1918 925 1966 et
947 1911 1065 1967 sine
1091 1912 1460 1971 habitantibus
1484 1916 1569 1970 vel
1606 1919 1881 1976 habitato-

286 1997 461 2054 ribus.
500 1998 746 2071 Angulus
786 2000 1006 2068 dicitur,
1039 2004 1182 2072 quod
1219 2003 1355 2059 duos
1382 2007 1617 2075 parietes
1639 2008 1692 2062 in
1715 2025 1881 2064 unum

285 2090 599 2161 conjungat.
643 2090 832 2148 Paries
858 2108 1054 2164 corpus
1081 2093 1375 2151 Salvatoris
1395 2098 1682 2170 signiﬁcat,
1714 2109 1774 2155 ut
1801 2111 1886 2158 est

287 2178 414 2234 illud
442 2180 498 2234 in
529 2179 785 2236 Psalmo:
834 2183 1106 2255 Tanquam
1137 2187 1328 2257 parieti
1351 2188 1602 2245 inclinato
1626 2200 1673 2245 et
1711 2210 1884 2248 mace-

286 2270 379 2324 ria:
402 2271 642 2343 impulsa:
669 2271 845 2345 (Psal.
877 2274 1024 2348 ut);
1050 2283 1104 2331 et
1132 2276 1260 2332 alibi
1298 2296 1311 2332 :
1352 2278 1489 2335 Ecce
1522 2292 1624 2336 stat
1649 2294 1762 2354 post
1789 2301 1883 2355 pa—

288 2363 467 2418 rietem
503 2374 743 2420 nostrum
770 2365 950 2438 (Cant.
985 2368 1067 2440 ιι).
1109 2369 1297 2428 Paries
1328 2374 1602 2430 simulatio
1623 2377 1880 2449 hypocri-

287 2463 466 2510 tarum
491 2496 510 2524 ,
554 2464 617 2513 ut
651 2457 707 2513 in
759 2458 1049 2516 Ezechiel:
1082 2461 1196 2533 Ipsi
1245 2465 1576 2534 atdiﬁcabant
1606 2472 1880 2538 parietem,

286 2543 363 2599 illi
391 2556 569 2603 autem
612 2547 866 2605 liniebant
900 2568 1017 2606 eum
1065 2552 1175 2608 luto
1221 2554 1412 2627 absque
1454 2558 1617 2628 paleis
1663 2559 1878 2633 (Ezech.

289 2642 433 2712 xm).
464 2640 742 2700 Fenestrte
763 2645 981 2702 auditus
1006 2646 1131 2703 fidei
1162 2649 1247 2704 vel
1270 2651 1448 2705 cordis
1470 2651 1794 2721 intellectus,
1823 2666 1883 2713 ut

291 2733 344 2789 in
379 2734 625 2793 Canticis
648 2739 982 2794 canticorum
1009 2758 1023 2772 ο
1064 2740 1200 2796 Ecce
1222 2743 1332 2813 ipse
1356 2752 1458 2798 stat
1485 2756 1600 2816 post
1631 2749 1881 2819 parietem

289 2835 545 2890 nostrum,
586 2829 865 2898 respiciens
909 2847 1003 2901 per
1029 2832 1308 2888 cancellos.
1352 2833 1669 2892 Fenestrae:
1712 2840 1878 2906 visus,

291 2918 531 2984 auditus,
558 2919 840 2986 odoratus,
880 2929 936 2976 et
961 2923 1142 2977 czeteri
1167 2938 1356 2979 sensus
1385 2927 1587 2991 carnis,
1621 2938 1681 2981 nt
1704 2929 1759 2984 in
1793 2929 1881 2987 Je-

290 3012 461 3067 remia
486 3030 501 3065 :
537 3010 761 3067 Intravit
792 3029 934 3066 mors
958 3031 1050 3085 per
1097 3015 1347 3084 fenestras
1375 3027 1579 3073 nostras
1616 3018 1749 3088 (Jer.
1780 3022 1877 3093 ix).

290 3100 548 3156 Fenestra
587 3101 845 3173 cogitatio
869 3104 1067 3169 cordis,
1117 3104 1201 3157 vel
1233 3105 1347 3174 ipsa
1387 3108 1583 3163 mentis
1630 3109 1876 3176 intentio,
1909 3136 1951 3199 ρ

290 3203 346 3247 ut
372 3192 426 3246 in
458 3191 736 3262 Sophonia
769 3212 781 3247 :
822 3192 935 3248 Vox
963 3197 1224 3251 cantantis
1256 3197 1307 3251 in
1337 3196 1586 3266 fenestra,
1621 3218 1803 3257 corvus
1825 3204 1878 3259 in

289 3283 782 3354 superliminaribus
816 3285 932 3356 ejus
979 3285 1162 3359 (Soph.
1196 3286 1280 3359 ιι).
1335 3287 1551 3345 Pictura
1592 3290 1646 3346 in
1675 3294 1880 3361 pariete

290 3373 654 3444 cegitationes
692 3390 873 3445 pravae
927 3376 983 3432 in
1028 3377 1191 3432 corde
1236 3379 1501 3446 hominis,
1551 3388 1613 3436 ut
1655 3381 1709 3436 in
1739 3382 1878 3439 Eze-

290 3463 504 3519 chiele:
548 3463 620 3519 Et
665 3482 781 3519 ecce
819 3467 996 3522 omnia
1041 3467 1187 3522 idola
1228 3469 1416 3524 domus
1456 3470 1630 3526 Israel
1674 3473 1878 3545 depicta

289 3567 435 3610 erant
469 3557 525 3612 in
553 3559 752 3627 pariete
784 3558 1002 3629 (Ezech.
1048 3559 1191 3629 VIII).
1242 3560 1484 3618 Parietes
1518 3566 1662 3619 enim
1696 3567 1878 3638 templi

293 3645 405 3709 Dei,
446 3646 633 3702 tideles
663 3657 877 3703 suntex
906 3658 1135 3720 utroque
1155 3652 1371 3722 populo,
1403 3654 1504 3709 hoc
1527 3665 1625 3717 est,
1656 3655 1880 3713 Judaico

291 3744 341 3790 et
365 3735 590 3803 Gentili,
634 3753 700 3792 ex
738 3739 933 3807 quibus
984 3738 1232 3796 Christus
1259 3742 1545 3799 aedificavit
1580 3744 1879 3803 Ecclesiam

290 3840 464 3880 suam.
497 3825 654 3883 Unde
678 3827 876 3899 legitur
902 3830 953 3883 in
985 3828 1188 3901 Regum
1214 3832 1281 3887 de
1306 3830 1597 3890 Salomone
1621 3854 1634 3889 :
1665 3835 1735 3890 Et
1759 3838 1882 3892 α’άὶ-

291 3918 462 3987 ﬁcari:
496 3920 723 3990 parietes
750 3920 935 3977 domus
967 3923 1278 3978 intrinsecus
1306 3925 1554 3980 tabulatis
1583 3928 1809 3983 cedrinis
1847 3947 1880 3984 a

292 4010 588 4078 pavimento
612 4010 801 4066 domus
825 4028 988 4084 usque
1032 4013 1101 4067 ad
1141 4016 1492 4071 summitatem
1518 4019 1798 4087 parietum,
1830 4031 1879 4075 et

294 4119 454 4172 usque
478 4102 551 4157 ad
579 4103 849 4174 laquearia
901 4106 1100 4175 operuit
1144 4106 1298 4177 lignis
1335 4107 1563 4164 eedrinis
1596 4108 1714 4175 (Ill
1748 4109 1877 4182 Reg.

292 4192 387 4263 vi).
424 4193 758 4251 lntrinsecus
797 4196 1012 4265 quidem
1042 4198 1234 4253 domus
1274 4199 1441 4254 cedro
1485 4208 1605 4255 erat
1638 4201 1878 4256 vestita:

294 4298 420 4337 nam
448 4282 757 4339 forinsecus
784 4294 932 4340 tanto
959 4286 1133 4341 nitore
1158 4286 1293 4357 lapis
1319 4288 1460 4357 ipse,
1509 4289 1577 4343 de
1601 4304 1709 4358 quo
1738 4289 1879 4345 facta

292 4374 490 4440 fuerat,
538 4374 799 4448 fulgebat,
851 4393 915 4432 ac
944 4379 987 4433 si
1017 4377 1224 4433 calculo
1266 4388 1412 4434 esset
1449 4380 1680 4449 candido
1710 4389 1876 4436 texta.

293 4464 457 4522 Juxta
500 4482 695 4524 sensus
740 4483 867 4524 vero
906 4469 1181 4540 mysticus,
1229 4470 1464 4538 parietes
1517 4470 1701 4540 templi
1753 4480 1878 4526 sunt

294 4556 533 4613 ﬁdelium
564 4558 762 4628 populi,
791 4574 859 4615 ex
883 4560 1074 4629 quibus
1102 4568 1291 4615 sancta
1339 4560 1658 4616 universalis
1693 4562 1876 4617 consi-

295 4648 387 4702 stit
414 4647 696 4702 Ecclesia:
743 4664 974 4717 quorum
1014 4649 1380 4706 dilutationem
1408 4665 1505 4719 per
1531 4651 1731 4706 Orbem
1755 4652 1878 4706 lati-

297 4739 424 4793 tudo
464 4738 712 4809 desith
759 4739 1046 4808 parietum,
1093 4754 1245 4808 spem
1270 4754 1400 4795 vero
1425 4747 1482 4794 ct
1526 4740 1877 4797 intentionem

296 4843 509 4885 otiinem
535 4829 603 4883 ad
630 4829 868 4885 cmlcstia
893 4838 1127 4884 erectam
1157 4829 1430 4899 longitudo
1454 4849 1468 4886 :
1507 4831 1592 4886 vel
1619 4841 1768 4887 certe
1802 4833 1880 4885 al-

297 4919 467 4976 titudo
500 4920 743 4992 parietis,
771 4936 892 4992 qua:
915 4937 981 4976 ex
1018 4920 1298 4977 ordinibus
1324 4920 1561 4992 lapidum
1609 4936 1770 4992 super
1797 4924 1879 4977 iii-

294 5016 464 5072 vicem
518 5016 711 5087 positis
756 5025 994 5081 constat,
1042 5018 1324 5087 praesentis
1370 5026 1569 5073 statum
1620 5019 1874 5075 Ecclesia:

292 5106 579 5177 signiﬁcat,
612 5106 706 5161 ubi
727 5105 884 5162 electi
915 5121 1077 5176 super
1102 5106 1508 5162 fundamentum
1531 5105 1732 5162 Christi
1764 5124 1878 5163 om-

293 5211 387 5253 nes
421 5196 706 5261 aedificati,
741 5196 846 5251 sibi
877 5197 1107 5251 invicem
1151 5197 1205 5251 in
1232 5196 1421 5252 ordine
1449 5213 1545 5267 per
1574 5205 1873 5268 temporum

292 5288 556 5345 curricula
581 5289 900 5354 succedunt,
926 5302 1153 5358 seseque
1188 5288 1417 5343 invicem
1444 5297 1737 5357 portantes,
1792 5290 1872 5345 le-

292 5394 408 5449 gem
433 5378 662 5440 Christi.
691 5393 811 5448 qua:
838 5389 923 5434 est
938 5379 1197 5442 Charitas,
1238 5378 1552 5449 adimplent.
1608 5381 1869 5452 Angulus,

290 5469 427 5537 quod
450 5470 587 5525 duos
607 5469 843 5539 parietes
861 5468 914 5523 in
937 5484 1101 5523 unum
1118 5470 1411 5539 conjungit.
1430 5469 1669 5541 Angulus
1689 5482 1871 5526 autem

290 5558 401 5614 sive
432 5560 710 5632 angularis
745 5559 803 5615 in
843 5558 1127 5629 scripturis
1161 5559 1476 5630 intelligitur
1500 5559 1768 5628 Christus,
1804 5578 1870 5618 eo

288 5648 428 5717 quod
460 5650 598 5705 duos
653 5650 892 5719 parietes
930 5648 1222 5719 conjungat
1273 5648 1326 5702 in
1356 5665 1542 5713 unum,
1587 5650 1869 5706 credentes

291 5740 538 5799 videlicet
559 5758 629 5800 ex
651 5739 848 5797 lulmis
872 5750 923 5797 ct
944 5742 1225 5799 Gentibus.
1263 5741 1413 5797 Unde
1432 5743 1787 5813 scriptumcst
1811 5745 1864 5799 in

1981 545 2065 598 hic
2098 544 2270 614 factus
2294 553 2370 598 est
2401 543 2457 597 in
2484 552 2641 614 caput
2672 543 2853 614 anguli
2888 543 3061 617 (Psal.
3109 545 3299 616 cxvii).
3333 545 3449 602 Sub
3489 550 3568 602 al-

1982 634 2189 689 lusione
2216 631 2603 688 fabricantium
2629 633 2918 702 exponitur
2957 633 3135 688 inanis
3159 649 3324 704 opera
3352 633 3569 691 lutatio-

1982 740 2122 779 rum.
2159 723 2269 779 Soli
2300 724 2502 794 quippe
2547 724 2826 779 hominum
2873 725 3050 780 adhuc
3080 725 3134 780 in
3167 726 3371 780 mundo
3398 743 3567 783 unum

1981 814 2222 870 colentes
2245 814 2518 871 mdilicare
2545 815 2889 880 videbantur,
2914 815 3041 870 dum
3069 824 3281 871 caetera:
3312 817 3565 873 nationes

1983 907 2251 964 idolorum
2301 923 2361 964 se
2385 909 2599 965 cultura
2625 911 2989 965 destruerent.
3040 909 3402 969 lidiiicantes
3425 913 3569 969 enim

1984 996 2396 1068 tenduntsuper
2417 1000 2502 1055 vel
2526 1015 2744 1070 semper
2763 1003 2831 1056 ad
2860 1000 3145 1073 angulum;
3174 1010 3234 1056 ut
3253 1003 3572 1059 commisso-

1985 1103 2102 1140 rum
2134 1089 2402 1157 parietum
2451 1089 2695 1147 soliditas
2724 1090 3031 1161 impleatur.
3062 1090 3233 1147 Judaei
3267 1108 3398 1148 vero
3444 1095 3569 1149 fidei

1982 1192 2093 1232 sua:
2124 1177 2385 1234 fabricam
2422 1180 2646 1235 minime
2672 1179 3019 1250 perfecerunt
3044 1197 3057 1234 :
3084 1182 3339 1251 quoniam
3369 1183 3568 1253 ipsum,

1982 1268 2074 1337 qui
2116 1277 2236 1323 erat
2274 1268 2412 1338 lapis
2441 1270 2770 1325 fortissimus
2815 1272 3109 1343 angularis,
3145 1289 3296 1329 more
3341 1274 3566 1330 demen-

1985 1362 2117 1416 tium
2154 1371 2480 1432 putaverunt
2504 1378 2625 1419 esse
2652 1366 3129 1420 contemnendum.
3175 1367 3438 1423 Dominus
3464 1384 3562 1422 au-

1983 1462 2091 1507 tem
2119 1453 2368 1509 Christus
2398 1469 2497 1525 per
2522 1456 2876 1525 tropologiam
2909 1457 3075 1528 (sicut
3103 1457 3412 1515 innumeris
3432 1458 3570 1517 locis

1980 1553 2197 1600 constat
2238 1546 2565 1619 expositum)
2626 1548 2748 1602 ideo
2795 1548 2934 1618 lapis
2987 1548 3192 1604 dicitur
3242 1552 3551 1622 angularis,

1979 1636 2106 1702 quia
2142 1636 2278 1691 duos
2313 1637 2379 1691 ad
2418 1652 2477 1692 se
2518 1638 2747 1708 populos
2788 1653 2818 1692 a
2849 1639 3067 1695 diverso
3096 1642 3399 1707 venientes,
3426 1641 3571 1697 Gen-

1984 1726 2156 1780 tilium
2186 1736 2348 1796 atque
2385 1727 2715 1792 Judaeorum,
2764 1740 3021 1800 tanquam
3063 1734 3307 1804 geminos
3334 1736 3571 1806 parietes

1912 1804 1954 1863 Β
1983 1816 2039 1871 in
2074 1832 2239 1872 unam
2291 1818 2582 1874 soliditatis
2615 1821 2844 1891 gratiam
2882 1822 3177 1895 colligavit.
3227 1825 3303 1879 De
3335 1804 3439 1881 hoc
3485 1827 3567 1881 la-

1983 1906 2107 1975 pide
2138 1909 2439 1977 prophetae,
2472 1910 2539 1965 de
2586 1911 2689 1966 hoc
2732 1911 2997 1982 Apostoli,
3042 1915 3108 1970 de
3151 1916 3253 1970 hoc
3291 1918 3446 1973 multi
3489 1919 3570 1974 di-

1985 2018 2137 2057 versa
2172 2003 2444 2060 dixerunt.
2486 2003 2729 2075 Angulus
2757 2008 2900 2061 enim
2939 2015 3145 2063 tractus
3170 2018 3254 2064 est
3280 2024 3348 2065 ex
3390 2026 3568 2081 graeco

1985 2109 2259 2160 sermone,
2309 2095 2360 2150 id
2405 2104 2509 2160 est,
2544 2112 2574 2151 a
2604 2112 2768 2167 gony,
2805 2099 2947 2167 quod
2990 2099 3160 2155 latine
3188 2102 3388 2158 dicitur
3426 2118 3567 2173 genu

1983 2198 2069 2249 eo,
2101 2185 2226 2254 quia
2273 2184 2471 2239 inﬂexu
2518 2187 2754 2255 speciem
2798 2189 2980 2258 anguli
3008 2189 3273 2246 conformi
3304 2192 3567 2260 qualitate

1984 2275 2239 2330 restituit.
2272 2274 2406 2330 Nam
2445 2277 2585 2347 apud
2614 2275 2833 2333 Gnecos
2870 2279 3135 2350 originem
3188 2282 3271 2337 sui
3308 2284 3567 2347 nominis,

1984 2367 2040 2421 in
2082 2368 2507 2424 derivationibus
2539 2370 2762 2425 omnino
2798 2372 3068 2437 custodit,
3115 2382 3174 2426 ut
3209 2382 3549 2445 tati-agonas,

1982 2467 2338 2529 pentagouus,
2372 2468 2427 2515 et
2454 2460 2541 2515 his
2568 2460 2787 2516 similia.
2817 2461 3066 2517 Culmina
3085 2463 3229 2519 dicta
3259 2475 3407 2531 sunt,
3434 2467 3562 2537 quis

1982 2549 2123 2617 apud
2153 2550 2404 2619 antiquos
2436 2559 2580 2607 tecta
2618 2551 2798 2607 culmo
2825 2554 3168 2623 tegebantur,
3194 2565 3254 2610 ut
3279 2573 3423 2614 nunc
3449 2575 3567 2616 rus-

1985 2640 2110 2695 tica.
2143 2639 2276 2709 [line
2323 2644 2449 2698 tecti
2504 2645 2788 2699 summitas
2823 2644 3035 2701 culmen
3065 2647 3280 2703 dicitur.
3320 2652 3567 2707 Camena

1982 2741 2110 2785 sunt
2146 2731 2416 2788 volumina
2468 2734 2763 2789 introrsum
2795 2736 3158 2806 respicientis,
3208 2740 3493 2809 appellata:
3530 2757 3563 2797 a

1983 2836 2169 2877 curvo.
2198 2821 2493 2893 Campulon
2514 2825 2659 2881 enim
2689 2840 2863 2896 graece
2887 2841 3111 2883 curvum
3133 2838 3239 2886 est.
3260 2829 3565 2900 Laquearia

1982 2922 2128 2980 sunt,
2155 2930 2277 2984 quae
2301 2930 2576 2971 cameram
2601 2918 2895 2987 subtegunt
2919 2926 2977 2974 et
3002 2929 3221 2987 ornant,
3252 2938 3378 2993 quas
3400 2931 3457 2979 et
3493 2924 3569 2981 la-

1983 3003 2206 3059 cunaria
2236 3006 2492 3061 dicuntur
2518 3024 2533 3060 :
2566 3007 2938 3078 principaliter
2963 3020 3145 3065 autem
3175 3011 3325 3068 lacus
3343 3014 3564 3080 dicitur,

1984 3106 2044 3150 ut
2072 3094 2311 3153 Lucilius
2340 3097 2640 3153 :Resultant
2668 3099 2908 3170 aedesque
2945 3100 3194 3174 lacusque
3234 3117 3254 3156 :
3303 3106 3459 3177 cujus
3484 3107 3566 3162 dio

1983 3186 2212 3243 minutio
2239 3187 2465 3243 lacunar
2494 3187 2643 3253 facit,
2675 3199 2737 3245 ut
2782 3190 3038 3249 Horatius
3076 3211 3089 3247 :
3126 3193 3310 3266 Neque
3341 3212 3561 3252 aureum

1980 3293 2097 3331 utea
2127 3280 2308 3333 renitet
2337 3280 2393 3334 in
2428 3279 2584 3337 domo
2614 3279 2857 3336 lacunar.
2892 3282 3021 3338 lude
3067 3282 3130 3338 lit
3179 3284 3283 3341 alia
3326 3287 3561 3344 diminu-

1981 3366 2078 3432 tio,
2127 3367 2480 3434 lacunarium,
2532 3377 2587 3424 et
2626 3385 2721 3440 per
2766 3372 3094 3429 antistichon
3121 3373 3457 3446 laquearium
3485 3376 3566 3432 fa-

1981 3456 2075 3512 cit.
2114 3456 2280 3514 Tecta
2308 3459 2454 3514 enim
2496 3459 2612 3516 sive
2647 3461 2944 3532 laquearia,
2992 3466 3167 3522 sancti
3196 3466 3450 3524 doctores
3486 3470 3567 3525 in-

1983 3549 2145 3618 telligi
2170 3561 2414 3620 possunt.
2451 3551 2607 3609 Unde
2634 3569 2832 3624 sponsa
2868 3555 2924 3610 in
2950 3555 3176 3615 Cantico
3222 3561 3561 3617 canticorum

1981 3641 2096 3696 ait:
2133 3642 2297 3713 Tigna
2340 3644 2619 3700 domorum
2666 3657 2965 3703 nostrarum
3007 3650 3246 3717 cedrino,
3287 3651 3567 3724 laquearia

1980 3737 2277 3805 cypressina
2303 3734 2480 3807 (Cant.
2530 3742 2592 3810 ι).
2647 3740 2846 3796 Demos
2873 3742 3072 3813 quippe
3112 3760 3240 3800 suas
3279 3746 3427 3800 varia
3466 3762 3563 3817 per

1983 3824 2239 3880 mundum
2270 3826 2508 3883 fidelium
2548 3830 2923 3886 conventicula
2970 3833 3242 3899 nominat,
3288 3848 3322 3890 e
3366 3836 3563 3904 quibus

1980 3915 2232 3971 omnibus
2278 3917 2394 3987 ipsa
2446 3919 2769 3975 universalis
2813 3921 3059 3977 Ecclesia
3103 3932 3343 3979 constat.
3390 3924 3574 3998 Tigna.

1980 4017 2159 4065 autem
2183 4019 2240 4065 et
2277 4010 2552 4081 laquearia
2577 4013 2820 4068 diversos
2847 4013 2902 4068 in
2930 4015 3136 4070 eisdem
3162 4015 3415 4072 domibus
3455 4018 3559 4075 Ec-

1978 4101 2158 4157 clesiae
2192 4102 2427 4157 fidelium
2454 4104 2675 4159 ordines
2714 4104 3021 4176 designant.
3049 4105 3292 4175 Namque
3320 4116 3555 4179 utraque

1981 4190 2034 4245 in
2066 4190 2174 4245 alto
2196 4191 2372 4246 solent
2399 4192 2527 4262 poni
2567 4206 2583 4246 :
2622 4193 2717 4248 sed
2750 4193 2894 4263 tigna
2920 4194 2988 4250 ad
3014 4194 3368 4253 munitionem
3397 4197 3553 4265 lium,

1980 4279 2255 4349 laquearia
2285 4295 2417 4335 vero
2457 4281 2626 4352 magis
2657 4281 2836 4337 decori
2862 4282 3143 4339 domorum
3168 4299 3330 4355 quam
3377 4289 3556 4345 muni-

1983 4368 2112 4422 tioni
2142 4368 2448 4438 proficiunt.
2499 4369 2817 4442 Significant
2843 4388 2973 4444 ergo
3001 4373 3144 4446 tigna
3173 4378 3560 4447 prmdicatores

1981 4469 2220 4526 sanctos,
2245 4476 2474 4531 quorum
2500 4472 2555 4518 et
2583 4465 2745 4520 verbo
2767 4473 2821 4519 et
2843 4467 3091 4538 exemplo
3114 4477 3384 4527 structura
3411 4473 3557 4543 ejus-

1980 4540 2099 4607 dem
2153 4552 2438 4619 Ecclesiae,
2489 4562 2549 4609 u-t
2594 4555 2891 4612 subsistere
2934 4558 3140 4627 possit,
3182 4540 3494 4619 continetur
3539 4583 3559 4618 :

1978 4648 2103 4717 quia
2131 4664 2242 4703 sua:
2272 4649 2468 4705 robore
2497 4649 2755 4706 doctrina:
2785 4651 3027 4708 turbines
3054 4653 3327 4710 heretica:
3360 4656 3559 4728 impul-

1976 4738 2167 4803 sionis,
2213 4754 2281 4794 ne
2320 4754 2443 4794 eam
2487 4739 2760 4810 dejiciant,
2789 4750 2996 4798 arcent.
3043 4742 3430 4801 Assimilantur
3474 4748 3553 4813 lae

1976 4830 2200 4899 quearia
2230 4830 2647 4900 simplicioribus
2687 4832 2888 4889 Christi
2928 4832 3163 4898 famulis,
3194 4836 3286 4905 qui
3323 4837 3561 4906 propriis

1980 4924 2277 4981 Ecclesium
2308 4927 2599 4982 virtutibus
2624 4927 2804 4997 potius
2828 4943 3093 4983 exornare
3125 4968 3140 4994 ,
3166 4944 3330 4998 quam
3353 4929 3555 4984 doctri-

1979 5030 2064 5069 na:
2086 5016 2267 5073 verbis
2308 5015 2628 5082 dill'undere,
2658 5025 2715 5071 et
2762 5027 2952 5072 contra
2983 5018 3291 5088 dogmatum
3319 5016 3555 5087 impetus

1979 5113 2177 5159 norunt
2223 5105 2450 5160 munire.
2501 5105 2822 5177 Dependunt
2864 5114 3043 5161 autem
3075 5105 3231 5159 allisa
3270 5105 3431 5176 tignis
3477 5106 3557 5160 la-

1980 5193 2199 5261 qncaria
2228 5210 2241 5246 :
2283 5192 2408 5261 quia
2438 5208 2662 5249 necesse
2693 5202 2800 5257 est,
2830 5202 2890 5247 ut
2913 5193 3220 5262 quicunque
3266 5192 3322 5248 iu
3366 5204 3554 5250 sancta

1980 5284 2221 5341 Ecclesia
2270 5285 2525 5341 sublimes
2567 5285 2859 5343 virtutibus
2906 5284 3190 5355 splendere
3242 5286 3553 5356 desperant,

1979 5388 2314 5429 summorum
2355 5381 2573 5443 patrum
2613 5375 2772 5430 dictis
2797 5383 2959 5443 atque
2996 5374 3275 5445 exemplis,
3304 5375 3501 5445 quibus
3523 5394 3555 5432 a

1978 5475 2317 5522 terrenarum
2345 5465 2547 5520 ambitu
2577 5464 2995 5535 suspendantur,
3026 5472 3137 5520 tota
3165 5476 3345 5520 mente
3383 5466 3553 5523 iubae

1976 5564 2148 5611 rcant.
2180 5555 2251 5610 Et
2286 5556 2427 5611 bene
2455 5555 2600 5625 tigna
2631 5554 2748 5610 hate
2775 5554 2997 5610 cedrina
3046 5564 3103 5610 et
3151 5555 3428 5625 laquearia
3460 5558 3547 5612 di-

1975 5657 2172 5703 cuntur
2196 5661 2315 5702 esse
2359 5645 2673 5716 cypressina
2698 5663 2711 5699 :
2745 5645 2869 5716 quia
2898 5652 3186 5716 utramque
3213 5645 3354 5701 hanc
3380 5647 3545 5701 arbo-

1977 5756 2089 5795 rem
2122 5737 2467 5810 imputribilis
2492 5737 2712 5795 omnino
2736 5745 2961 5805 natum,
2999 5737 3298 5794 altitudinis
3316 5736 3548 5791 eximiae.

2830 6002 2849 6036 I
