3974 6188
390 318 493 375 403

1036 317 1098 373 Β.
1140 316 1398 374 RABANI
1433 318 1652 376 MAURI
1692 319 2010 376 ARCBIEP.
2051 319 2361 379 MOGUNT.
2404 322 2693 382 OPERU'M
2728 323 2911 382 PARS
2947 325 3012 382 Il.

3561 326 3669 382 ωι

384 444 435 485 et
464 428 648 484 odoris
671 437 885 485 constat
909 443 1030 485 esse
1055 431 1344 500 praecipui.
1377 430 1531 498 Quod
1557 433 1639 488 eis
1682 441 1807 504 apte
1847 447 1977 488 con-
2007 436 2053 495 A
2084 443 2197 489 tum
2233 450 2404 505 genus
2429 444 2514 492 est
2540 451 2749 503 earum,
2774 454 2897 509 quae
2917 440 3181 495 vocantur
3210 439 3426 507 Atticm,
3453 450 3673 512 quater-

388 520 554 582 veuit,
585 520 678 590 qui
706 536 829 575 cum
853 521 1114 590 Apostolo
1143 522 1325 577 dicere
1348 532 1577 592 possunt
1607 541 1621 577 :
1658 521 1855 578 Christi
1885 523 1976 577 bo-

386 629 488 667 nus
508 612 642 668 odor
663 628 844 667 sumus
872 614 980 667 Deo
1011 612 1093 682 (II
1120 611 1243 669 Cor.
1272 614 1366 685 u);
1396 623 1451 670 et
1496 632 1510 668 :
1546 612 1745 670 Nostra
1768 632 1980 670 conver-

383 705 523 758 satio
546 705 605 759 in
637 702 778 759 caelis
806 713 881 759 est
900 702 1067 776 (Phil.
1099 706 1204 776 ιιι).
1237 705 1463 761 Tectum
1490 707 1847 763 intentionem
1870 722 1980 763 coe-

383 792 540 848 lestia
563 793 896 864 operationis
921 795 1122 864 signal,
1152 796 1204 849 id
1230 804 1336 860 est,
1387 797 1555 851 vitam
1603 799 1980 868 contemplati-

385 902 508 941 vam
534 887 586 941 in
615 888 910 960 Evangelio
945 907 959 944 :
997 889 1061 942 Et
1090 891 1182 961 qui
1208 892 1262 945 in
1288 900 1422 945 tecto
1447 901 1547 956 est,
1572 908 1677 947 non
1697 893 1977 948 descendat

385 980 587 1051 aliquid
612 979 794 1034 tollere
837 981 903 1035 de
938 980 1093 1036 domo
1121 999 1220 1036 sua
1248 982 1466 1055 (Matth.
1500 985 1675 1056 xxxv).
1725 984 1856 1039 Item
1901 993 1980 1038 te-

384 1082 533 1127 ctum
582 1087 787 1143 corpus
818 1074 1074 1137 hominis,
1133 1084 1192 1128 ut
1232 1074 1287 1128 in
1328 1074 1621 1146 Evangelia
1654 1093 1666 1128 :
1727 1074 1881 1141 Quod
1920 1075 1977 1129 in

383 1181 515 1218 aure
548 1164 769 1229 auditis,
800 1166 1088 1235 praedicate
1116 1181 1273 1234 super
1302 1175 1491 1219 tectum
1523 1165 1740 1236 (Matth.
1767 1164 1844 1237 χ).
1871 1164 1976 1219 Te—

382 1263 532 1309 ctum
578 1255 824 1309 velamen
870 1254 1029 1326 legis,
1059 1264 1115 1310 et
1141 1256 1447 1311 obscuritas
1477 1265 1788 1311 sanctarum
1827 1256 1975 1311 Scri-

383 1357 665 1417 pturarum
693 1347 1031 1420 intelligitur.
1064 1348 1265 1404 Absida
1295 1364 1474 1420 graeco
1515 1363 1767 1404 sermone
1805 1349 1974 1404 latine

383 1441 794 1509 interpretatur,
832 1438 1010 1494 lucida
1035 1453 1054 1491 :
1094 1456 1160 1495 eo
1205 1442 1348 1511 quod
1376 1441 1577 1496 lumine
1606 1452 1831 1511 accepto
1875 1456 1974 1510 per

384 1546 573 1587 arcum
601 1531 963 1601 resplendeat.
1005 1530 1110 1585 Sed
1142 1541 1324 1586 utrum
1354 1533 1599 1587 absidam
1630 1548 1699 1587 an
1729 1532 1969 1587 absidem

384 1621 567 1675 dicere
593 1619 875 1685 debemus,
902 1620 1051 1675 verbi
1094 1636 1263 1691 genus
1293 1621 1603 1691 ambiguum
1636 1623 1854 1692 quidam
1875 1622 1971 1676 do—

384 1722 597 1769 ctorum
628 1713 965 1769 existimant.
997 1713 1238 1768 Testudo
1265 1723 1347 1769 est
1375 1729 1592 1770 camera
1621 1716 1804 1786 templi
1826 1715 1967 1770 obli-

2084 524 2171 579 nis
2202 525 2413 596 angulis
2438 535 2532 582 aut
2557 528 2807 597 amplius,
2836 530 3057 600 paribus
3084 530 3312 584 laterum
3351 532 3668 589 intervallis.

2082 617 2344 687 Capitella
2385 619 2550 684 dicta,
2576 621 2718 686 quod
2758 622 2869 676 sint
2898 622 3273 678 columnarum
3296 625 3495 695 capita,
3532 628 3675 682 sicut

2081 724 2244 780 super
2269 710 2467 765 collum
2497 721 2680 782 caput.
2710 712 2966 786 Epistylia
2999 724 3148 780 sunt,
3173 732 3293 786 qua:
3324 732 3490 787 super
3525 721 3677 790 capi-

2082 799 2203 854 lclla
2225 800 2598 856 columnarum
2622 812 2917 872 ponuntur,
2940 813 3093 859 etest
3107 821 3371 876 graacum,
3394 808 3448 861 id
3462 817 3568 874 est,
3583 825 3676 864 su-

2077 891 2363 959 permissa.
2396 890 2563 947 Bases
2581 902 2762 947 autem
2779 893 3007 965 mystice
3040 905 3271 966 possunt
3292 898 3519 971 intelligi
3549 899 3678 955 libri

2077 980 2547 1039 Testamentorum
2579 985 2906 1049 divinorum,
2964 987 3161 1057 quibus
3207 989 3459 1045 innititur
3497 993 3679 1048 omnis

2075 1071 2322 1126 doctrina
2358 1081 2669 1128 sanctorum
2721 1076 3157 1144 prtedicatorum.
3198 1077 3476 1137 Columnae
3525 1083 3679 1139 enim

2077 1169 2201 1215 sunt
2230 1161 2474 1232 Apostcli
2504 1172 2560 1217 et
2588 1164 2840 1220 doctores
2866 1166 3163 1238 Evangelii.
3211 1169 3321 1226 Hos
3357 1173 3681 1243 praefigura-

2074 1259 2271 1306 verunt
2312 1251 2417 1307 illm
2442 1253 2561 1307 diue
2597 1253 2884 1319 columnas,
2924 1272 3063 1326 quas
3102 1258 3301 1328 legitur
3343 1260 3537 1318 fecisse
3583 1264 3681 1319 Hi-

2075 1359 2193 1398 ram
2236 1344 2291 1398 in
2335 1344 2700 1400 aedificatione
2730 1347 2916 1417 templi
2963 1348 3198 1416 Domini,
3237 1352 3379 1407 sicut
3405 1355 3678 1426 scriptum

2073 1441 2157 1487 est
2180 1432 2235 1487 in
2263 1433 2401 1488 libro
2424 1433 2632 1504 Regmn
2659 1444 2715 1490 et
2750 1436 3225 1508 Paralipomenon,
3273 1451 3335 1497 ut
3362 1454 3446 1499 est
3492 1445 3625 1500 illud
3659 1464 3673 1499 :

2073 1525 2355 1597 Compleuit
2374 1525 2563 1580 Hiram
2587 1545 2738 1582 omne
2754 1546 2883 1600 opus
2901 1533 3035 1600 regis
3061 1533 3117 1585 in
3141 1533 3297 1587 domo
3312 1534 3427 1601 Dei,
3451 1538 3550 1590 hoc
3574 1549 3676 1604 est,

2071 1613 2341 1669 columnas
2364 1615 2498 1670 duas
2518 1626 2565 1670 et
2591 1617 2827 1687 epistylia
2841 1628 2889 1673 et
2908 1622 3082 1691 capita
3101 1631 3149 1676 et
3163 1625 3316 1692 quasi
3329 1626 3579 1694 quwdam
3597 1645 3680 1681 re-

2072 1707 2269 1761 tiacula
2289 1724 2408 1778 qum
2451 1709 2625 1778 capita
2668 1719 2893 1780 tegerent
2946 1728 3105 1783 super
3146 1715 3385 1785 epistylia
3425 1715 3514 1786 (II
3538 1715 3675 1772 Par.
3712 1756 3718 1761 -

381 1821 488 1875 qua
517 1822 533 1859 :
567 1820 693 1859 nam
737 1804 790 1858 in
827 1804 1046 1858 modum
1075 1804 1363 1859 testudinis
1391 1813 1605 1860 veteres
1641 1805 1964 1876 templorum

2076 1798 2166 1863 Iv).
2195 1798 2287 1853 Hae
2308 1807 2432 1852 sunt
2456 1800 2741 1865 columnae,
2763 1803 2829 1856 de
2848 1804 3044 1872 quibus
3063 1805 3262 1863 Paulus
3279 1810 3355 1863 ait
3379 1828 3390 1863 :
3411 1811 3674 1879 Jacobus,

382 1905 526 1953 tecta
554 1896 846 1963 faciebant,
879 1911 1001 1967 qum
1030 1896 1151 1951 ideo
1177 1897 1258 1952 sic
1288 1896 1482 1961 fiebat,
1522 1906 1582 1951 ut
1622 1899 1743 1954 ρωιί
1782 1900 1974 1970 imagi-

384 2006 507 2046 nem
555 1990 855 2046 redderet:
900 1991 1044 2061 quod
1075 1997 1289 2045 constat
1328 2004 1448 2045 esse
1498 2004 1820 2046 convexum.
1866 1992 1971 2047 Alii

382 2085 711 2140 testudinem
743 2084 930 2139 volunt
954 2098 1076 2139 esse
1101 2084 1277 2139 locum
1307 2085 1362 2139 in
1403 2093 1558 2154 parte
1595 2083 1719 2138 atrii
1748 2085 1974 2138 adversa

380 2179 743 2234 venientibus.
780 2176 956 2233 Arcus
990 2177 1145 2243 dicti,
1176 2177 1320 2247 quod
1348 2178 1459 2232 sint
1488 2185 1607 2232 arta
1629 2176 1975 2233 conclusione

382 2271 616 2337 curvati,
655 2269 756 2341 ipsi
802 2276 859 2324 et
900 2269 1156 2325 fornices.
1203 2269 1519 2324 Pavimenta
1545 2269 1810 2341 originem
1836 2268 1976 2339 apud

384 2362 606 2417 Graecos
619 2361 823 2416 habent
834 2359 1115 2415 elaborata
1136 2367 1256 2414 arte
1274 2359 1517 2430 picturaa,
1536 2358 1840 2416 litbostrota
1855 2374 1977 2429 par-

387 2453 528 2509 vulis
546 2452 749 2509 crustis
773 2467 838 2507 ac
869 2451 1104 2507 tessellis
1131 2452 1315 2507 tinctis
1335 2452 1389 2507 in
1412 2452 1592 2506 varios
1614 2451 1823 2506 colores
1848 2469 1860 2505 :
1884 2466 1977 2506 vo-

386 2549 507 2597 cata
530 2551 711 2595 autem
732 2540 1040 2610 pavimenta
1061 2555 1130 2595 eo
1170 2541 1313 2610 quod
1334 2551 1655 2611 paveantur,
1678 2541 1730 2596 id
1751 2549 1854 2604 est,
1878 2556 1979 2595 cae-

385 2632 604 2687 dantur.
631 2629 787 2686 Unde
813 2638 870 2685 et
894 2644 1083 2700 pavor,
1114 2631 1243 2700 quia
1270 2631 1432 2686 caedit
1455 2646 1571 2685 cor.
1607 2629 1867 2687 Ostracus
1893 2640 1978 2687 est

388 2721 756 2791 pavimentum
796 2728 1115 2790 testaceum,
1151 2738 1220 2778 eo
1248 2724 1391 2793 «iuod
1422 2722 1611 2779 fractis
1641 2725 1797 2781 testis
1831 2726 1978 2781 calce

387 2812 628 2869 admixto
649 2811 893 2871 feriatur.
909 2814 1128 2871 Testam
1147 2816 1291 2871 enim
1308 2814 1482 2871 Graeci
1496 2828 1751 2872 ostraeon
1767 2818 1972 2873 dicunt.

384 2904 761 2961 Pavimentnm
813 2905 1133 2977 intelligitur
1179 2907 1486 2963 humiliatio
1537 2917 1702 2977 atque
1755 2908 1977 2966 afﬂictio

384 2996 603 3063 animm,
652 2998 768 3053 sive
818 2999 872 3052 in
916 3006 1130 3054 terrena
1176 2998 1487 3066 declinatio,
1519 3006 1580 3054 ut
1620 3008 1705 3055 est
1750 3000 1879 3056 illud
1922 3000 1975 3054 in

387 3084 604 3141 Psalmo
623 3105 638 3142 :
654 3088 886 3143 Adhaesit
909 3089 1201 3159 pavimento
1228 3091 1406 3144 anima
1429 3107 1544 3144 mea
1561 3088 1734 3162 (Psal.
1757 3092 1971 3163 cxvm).

2075 1887 2275 1959 Cephas
2301 1898 2349 1943 et
2377 1889 2629 1955 Joannes,
2655 1892 2746 1962 qui
2772 1893 3082 1949 videbantur
3107 1898 3364 1954 columnrr
3387 1919 3517 1968 esse,
3544 1904 3679 1958 dex-

2073 1985 2213 2030 teras
2247 1977 2503 2032 dederunt
2543 1981 2670 2033 mihi
2720 1992 2769 2035 et
2810 1982 3072 2039 Barnaba:
3114 1991 3437 2051 societatem.
3481 2004 3539 2048 ut
3578 2013 3677 2051 nos

2073 2069 2131 2123 in
2178 2070 2438 2138 gentibus,
2484 2070 2564 2125 illi
2612 2082 2787 2128 autem
2842 2076 2897 2129 in
2950 2078 3347 2137 circumcisione
3372 2083 3520 2156 (Gal.
3585 2090 3674 2156 lt).

2075 2160 2284 2228 Quibus
2329 2164 2513 2218 verbis
2562 2166 2718 2234 quasi
2772 2182 3045 2239 exponere
3093 2174 3306 2231 videtur
3349 2182 3679 2250 mysterium

2074 2250 2450 2307 columnarum
2500 2256 2886 2324 materialium,
2932 2267 2987 2314 et
3016 2263 3145 2333 quid
3191 2266 3441 2323 videlicet
3481 2270 3683 2341 figura-

2074 2341 2274 2407 verint,
2319 2351 2373 2396 et
2394 2359 2566 2413 quare
2593 2346 2712 2401 dum
2750 2348 2861 2403 sint
2889 2349 3065 2406 factae.
3118 2358 3404 2425 Apostolos
3434 2376 3680 2433 namque

2077 2440 2133 2487 et
2181 2432 2438 2489 doctores
2480 2446 2702 2492 sanctos
2743 2452 2971 2497 cunctos
3023 2445 3298 2515 spiritales
3334 2450 3675 2520 significant,

2077 2522 2247 2581 fortes
2276 2527 2531 2583 nimirum
2564 2529 2668 2584 ﬁde
2704 2543 2867 2601 atque
2900 2550 3067 2605 opere
3113 2547 3167 2593 et
3206 2544 3676 2613 contemplatione

2079 2619 2147 2673 ad
2174 2634 2407 2688 superna
2437 2630 2668 2676 erectos.
2700 2624 2828 2678 Dote
2852 2636 2975 2681 sunt
3011 2636 3214 2695 autem,
3244 2640 3299 2686 ut
3327 2642 3382 2687 et
3403 2648 3597 2705 gentes
3620 2647 3679 2693 et

2076 2710 2548 2767 circumcisionem
2595 2715 2939 2784 praedicando
2976 2718 3028 2772 in
3082 2720 3378 2778 Ecclesium
3422 2727 3679 2783 introdu-

2077 2810 2205 2855 cant
2237 2818 2250 2853 :
2300 2802 2519 2857 stabant
2565 2803 2616 2857 in
2648 2807 2861 2874 porticu
2891 2818 3018 2863 ante
3054 2809 3199 2867 fores
3248 2816 3451 2887 templi,
3490 2830 3548 2872 et
3589 2820 3679 2875 in-

2078 2906 2321 2961 gressum
2348 2892 2490 2948 illius
2514 2910 2613 2949 suo
2653 2897 2849 2953 decore
2883 2914 2948 2954 ac
2986 2900 3386 2969 pulchritudine
3414 2923 3480 2962 ex
3514 2917 3671 2964 utra-

2079 2995 2185 3051 que
2209 2990 2363 3051 parte
2393 2984 2716 3040 mirabiliter
2743 2988 3031 3043 ornabant.
3070 2990 3282 3047 Ostium
3313 3005 3497 3051 autem
3538 3006 3681 3054 tem-

2078 3073 2155 3144 pli
2186 3075 2446 3130 Dominus
2488 3086 2572 3132 est
2604 3095 2617 3131 :
2649 3078 2775 3147 quia
2811 3088 2970 3136 nem'o
3008 3083 3160 3138 venit
3189 3085 3254 3139 ad
3278 3085 3516 3152 Patrem,
3567 3091 3676 3147 nisi

387 3179 767 3237 Pavimentum
788 3190 873 3238 est
909 3152 1011 3237 soli
1039 3182 1270 3253 alicujus
1296 3184 1352 3238 in
1377 3152 1651 3238 levitatem
1683 3152 1975 3238 maximam
2003 3152 2048 3215 Ο
2079 3180 2178 3235 Per
2220 3165 2395 3236 ipsum
2432 3167 2616 3239 (Ῑοπηο
2670 3169 2819 3242 HV);
2865 3180 2922 3226 εί
2965 3173 3108 3228 Sicut
3157 3175 3283 3230 alibi
3319 3177 3453 3233 die“
3483 3198 3497 3233 ε
3548 3181 3671 3253 Et!”

389 3272 690 3329 constructi
751 3272 1032 3339 soliditas,
1081 3289 1204 3345 qua:
1258 3275 1455 3329 merito
1509 3282 1699 3330 nostro
1760 3275 1976 3344 corpori

389 3370 758 3433 comparatur,
787 3363 1045 3434 quoniam
1076 3373 1131 3418 et
1159 3364 1334 3433 ipsum
1359 3365 1523 3420 simili
1569 3365 1745 3420 nitore
1776 3365 1978 3435 leviga-

391 3459 501 3506 tur.
532 3451 838 3507 Adbtesisse
868 3467 928 3508 se
954 3466 1086 3525 ergo
1110 3454 1243 3509 dicit
1270 3455 1419 3509 carni
1452 3471 1564 3510 sua:
1590 3474 1604 3511 :
1637 3456 1781 3526 quod
1817 3457 1977 3511 vitio-

388 3558 509 3598 sum
535 3559 656 3600 esse
683 3562 790 3600 non
837 3545 1060 3601 dubium
1102 3556 1205 3601 est.
1236 3546 1429 3603 Anima
1461 3549 1505 3603 si
1549 3548 1825 3605 adhaereat
1857 3566 1978 3606 cor-

389 3637 532 3704 pori,
560 3637 773 3694 delictis
803 3639 950 3694 favet
995 3657 1009 3693 :
1043 3640 1088 3695 si
1115 3640 1392 3697 voluntate
1429 3642 1500 3698 sit
1527 3644 1719 3711 divisa,
1767 3644 1978 3699 virtuti-

392 3729 514 3784 bus.
547 3728 920 3785 Pavimentum
946 3731 1224 3787 humilitas
1255 3733 1493 3789 fidelium
1529 3735 1832 3790 doctrinam
1858 3753 1977 3791 san-

387 3829 601 3877 ctorum
627 3822 900 3893 patienter
923 3823 1357 3892 suscipientium,
1387 3834 1448 3878 ut
1476 3824 1529 3880 in
1564 3825 1875 3882 Ezechiele:
1908 3827 1974 3883 Et

386 3922 511 3968 ante
521 3912 953 3984 gazophylacium
965 3914 1315 3984 pavimentum
1330 3924 1552 3970 stratum
1567 3914 1741 3987 lapide
1755 3916 1969 3987 (Ezech.

391 4000 501 4073 ιι).
531 4002 663 4056 Item
692 4001 887 4073 legitur
912 4002 965 4056 in
994 4001 1133 4058 libro
1161 4003 1367 4076 Regum
1386 4004 1507 4078 (III
1534 4005 1660 4079 Reg.
1691 4011 1767 4081 vr)
1786 4049 1801 4075 ,
1828 4009 1973 4080 quod

388 4093 644 4148 Salomon
674 4093 1042 4163 pavimentum
1069 4093 1267 4149 texerit
1291 4109 1428 4150 auro
1452 4094 1782 4153 intrinsvcus
1804 4105 1859 4153 et
1880 4113 1974 4152 ex-

388 4185 683 4250 trinsecus,
736 4185 842 4240 hoc
879 4194 987 4250 est,
1040 4185 1095 4239 in
1137 4186 1358 4242 oraculo
1400 4195 1457 4241 et
1501 4190 1555 4241 in
1606 4188 1722 4257 ipso
1752 4190 1967 4259 templo.

388 4277 546 4333 Tcxit
588 4294 719 4350 ergo
762 4278 1019 4335 Salomon
1067 4281 1435 4351 pavimentum
1494 4283 1685 4338 domus
1719 4300 1852 4339 auro
1893 4285 1973 4339 in—

390 4367 662 4425 trinsecus
692 4378 749 4425 et
780 4371 1148 4429 extrinsecus:
1204 4373 1330 4443 quia
1359 4372 1474 4429 Rex
1504 4386 1690 4430 noster
1713 4376 1972 4445 pacificus

390 4466 448 4513 et
475 4460 694 4530 angelos
731 4468 893 4530 atque
922 4461 1129 4517 animas
1154 4461 1426 4532 iustorum
1456 4464 1510 4518 in
1550 4465 1703 4521 cmlis
1733 4466 1972 4535 perfecte

391 4563 457 4604 ac
481 4549 725 4619 plenarie
748 4549 890 4605 dono
917 4551 1220 4607 dilectionis
1247 4559 1573 4609 antemarum
1599 4571 1629 4608 a
1661 4556 1969 4610 mortalium

391 4640 601 4695 vilitate
650 4642 901 4696 secrevit.
939 4642 1315 4713 Compluvium
1370 4646 1594 4712 dictum,
1646 4648 1771 4717 quia
1821 4665 1976 4719 aqum

385 4739 591 4803 partes,
650 4745 776 4800 qua:
822 4732 967 4786 circa
1020 4741 1174 4797 sunt,
1223 4748 1288 4789 eo
1329 4737 1677 4791 conveniunt.
1722 4737 1977 4795 Tcssellm

387 4835 539 4893 sunt,
569 4842 601 4883 e
644 4824 840 4895 quibus
865 4825 1135 4881 domicilia
1186 4834 1523 4894 sternuntur,
1560 4845 1591 4883 a
1624 4831 1844 4886 tesseris
1873 4847 1975 4887 no-

395 4920 622 4985 minata,
648 4919 702 4975 id
729 4927 831 4982 est,
862 4917 1145 4988 quadratis
1184 4917 1383 4988 lapillis
1408 4934 1507 4991 per
1540 4921 1972 4979 diminutionem.

392 5013 563 5070 Bascs
591 5014 806 5069 fultura:
826 5019 954 5068 sunt
975 5010 1373 5076 columnarum,
1402 5028 1523 5083 qua
1567 5030 1597 5069 a
1626 5014 1976 5072 fundamento

382 5113 742 5174 consurgunt,
770 5112 825 5160 et
873 5103 1226 5174 superposita:
1273 5101 1495 5160 fabricae
1539 5106 1810 5162 sustinent
1835 5124 1975 5179 pon-

386 5198 510 5254 dus.
536 5197 701 5253 Bases
725 5204 906 5252 autem
956 5210 1153 5250 nomen
1196 5204 1363 5266 petra:
1387 5204 1473 5251 est
1499 5195 1806 5253 fortissima:
1832 5200 1971 5271 Syro

384 5303 655 5346 sermone.
710 5288 988 5345 Columnze
1027 5303 1125 5359 pro
1162 5286 1497 5360 longitudine
1546 5298 1601 5344 et
1640 5293 1973 5349 rotunditate

383 5389 619 5449 vocatae,
656 5382 712 5437 in
753 5383 950 5452 quibus
980 5382 1144 5437 totius
1195 5378 1413 5437 fabrica:
1462 5383 1671 5452 pondus
1719 5385 1965 5455 erigitur.

385 5471 622 5543 Antiqua
671 5471 813 5528 ratio
859 5472 1231 5528 columnarum
1260 5480 1375 5528 erat
1427 5472 1763 5539 altitudinis,
1810 5474 1968 5529 tertia

385 5578 515 5635 pars
555 5562 874 5619 latitudinis.
930 5561 1141 5618 Genera
1173 5563 1526 5618 rotundarum
1551 5572 1781 5633 quatuor
1802 5572 1966 5618 sunt:

386 5656 618 5723 Doricae,
688 5654 903 5721 laniem,
956 5654 1290 5720 Tuscanicae,
1342 5655 1656 5721 Corinthius,
1713 5670 1967 5711 mensura

386 5745 759 5803 crassitudinis
798 5756 851 5803 et
878 5745 1177 5800 altitudinis
1219 5745 1363 5800 inter
1391 5760 1448 5801 se
1479 5745 1762 5800 distantes.
1807 5745 1968 5813 Quin-

2078 3273 2197 3311 sum
2247 3260 2439 3313 ostium
2485 3273 2503 3311 :
2553 3277 2646 3330 per
2690 3277 2772 3316 me
2811 3264 2857 3317 si
2894 3265 3010 3335 quis
3051 3265 3331 3334 introierit,
3374 3270 3679 3327 salvabitur

2081 3350 2263 3423 (Joan.
2312 3351 2391 3425 ι).
2439 3353 2591 3420 Quod
2619 3355 2869 3411 videlicet
2897 3358 3097 3412 ostium
3125 3359 3390 3415 columnae
3422 3363 3489 3417 ab
3518 3374 3678 3420 utro-

2078 3458 2183 3513 que
2215 3444 2387 3499 latere
2413 3460 2597 3499 coram
2619 3447 2809 3516 posita:
2830 3449 3223 3515 circumstant,
3261 3467 3381 3507 cum
3429 3454 3677 3511 ministri

2078 3536 2346 3591 sermonis
2396 3536 2614 3607 utrique
2661 3539 2856 3608 populo
2907 3541 3189 3597 introitum
3241 3545 3389 3615 regni
3428 3547 3677 3605 caelestis

2077 3628 2391 3683 ostendunt.
2443 3627 2634 3699 Capita
2682 3631 2882 3684 ctenim
2932 3631 3305 3687 columnarum
3335 3673 3351 3699 ,
3407 3635 3514 3690 hoc
3560 3646 3673 3703 est,

2077 3733 2327 3791 suprema
2366 3734 2494 3788 pars
2522 3735 2708 3775 earum
2740 3722 3034 3790 pnecordia
3058 3733 3183 3778 sunt
3212 3725 3447 3781 fidelium
3478 3728 3678 3783 docto-

2077 3827 2221 3874 rum,
2253 3827 2483 3881 quorum
2535 3812 2643 3867 Deo
2681 3812 2892 3868 devotis
2924 3815 3350 3884 cogitationibus
3386 3816 3530 3872 sicut
3576 3833 3677 3872 ca-

2076 3902 2188 3971 pite
2234 3902 2501 3967 membra,
2545 3902 2620 3956 ita
2681 3903 2920 3972 ipsorum
2973 3905 3156 3959 omnia
3201 3915 3255 3961 et
3302 3921 3468 3976 opera
3530 3907 3674 3962 diri-

2075 4001 2279 4064 guntur
2303 4001 2359 4049 et
2387 3993 2571 4047 verba.
2606 3993 2720 4047 Duo
2743 4001 2926 4049 autem
2965 3995 3213 4065 capitella
3239 4036 3253 4062 ,
3299 4012 3422 4066 qua:
3454 3997 3544 4052 bis
3571 4014 3674 4053 ca-

2075 4085 2275 4155 pitibus
2310 4095 2467 4141 erant
2511 4088 2874 4156 superposita,
2928 4088 3034 4144 duo
3093 4098 3219 4143 sunt
3264 4098 3593 4146 testamenta
3653 4112 3668 4146 :

2075 4196 2306 4252 quarunt
2334 4181 2685 4237 meditatione
2713 4191 2874 4252 atque
2898 4184 3243 4239 observantia
3266 4184 3515 4240 doctores
3541 4202 3675 4241 san-

2075 4274 2147 4328 cti
2199 4281 2310 4327 toto
2340 4273 2522 4327 animo
2566 4273 2871 4328 subduntur
2913 4283 2969 4328 et
3021 4289 3269 4345 corpore.
3323 4275 3475 4330 Unde
3524 4275 3674 4333 bene

2074 4373 2365 4434 utrumque
2392 4364 2698 4434 capitellum
2734 4367 2972 4436 quinque
3015 4367 3229 4421 cubitos
3270 4367 3509 4422 habebat
3552 4368 3678 4423 alti-

2076 4455 2279 4510 tudinis
2333 4456 2516 4526 :quia
2571 4456 2824 4510 nimirum
2881 4457 3121 4528 quinque
3182 4457 3336 4513 libris
3394 4459 3674 4529 scriptura

2078 4546 2326 4603 Mosaicae
2356 4548 2491 4618 legis
2515 4548 2906 4604 comprehensa
2937 4556 3040 4603 est.
3073 4548 3323 4619 Quinque
3353 4550 3526 4605 etiam
3562 4566 3674 4606 sa:-

2074 4640 2179 4696 culi
2206 4648 2393 4695 aetates
2420 4649 2532 4696 tota
2560 4641 2762 4696 veteris
2793 4641 3141 4697 instrumenti
3169 4644 3341 4698 series
3369 4643 3665 4714 complexa

2073 4742 2174 4787 est.
2206 4732 2411 4787 Novum
2440 4747 2570 4787 vero
2599 4741 2981 4789 testamentum
3013 4750 3118 4790 non
3148 4735 3254 4789 alia
3291 4736 3449 4799 nobis
3478 4736 3670 4807 aliqua

2073 4824 2351 4895 praedicat,
2374 4840 2536 4895 quam
2560 4840 2678 4893 quae
2705 4825 2914 4896 Moyses
2938 4828 3281 4896 praedicanda
3298 4843 3396 4899 per
3415 4829 3521 4885 hoc
3540 4845 3671 4886 esse

2074 4914 2419 4986 praedixerat,
2460 4924 2514 4968 et
2557 4915 2852 4986 prophetae.
2883 4916 3104 4987 Species
3153 4934 3390 4991 namque
3437 4931 3669 4976 catena-

2082 5022 2200 5061 rum
2222 5013 2278 5060 et
2303 5005 2599 5060 similitudo
2629 5006 2761 5061 retis
2789 5006 2840 5060 in
2870 5008 3154 5076 capitellis,
3185 5010 3423 5066 varietas
3448 5020 3537 5066 est
3560 5013 3674 5068 vir-

2078 5107 2257 5152 tutum
2285 5096 2608 5166 spiritalium
2636 5098 2689 5151 in
2717 5099 2942 5163 sanctis,
2974 5101 3040 5156 de
3074 5116 3178 5170 qua
3212 5102 3441 5157 Domino
3471 5114 3672 5159 canta-

2078 5200 2167 5245 tur
2194 5190 2245 5244 in
2272 5187 2487 5243 Psalmo
2511 5202 2527 5242 :
2554 5188 2729 5243 Astitit
2758 5191 2939 5261 regina
2977 5209 3010 5245 a
3044 5193 3243 5247 dextris
3267 5195 3372 5248 tuis
3397 5194 3452 5248 in
3475 5197 3671 5251 vestitu

2076 5282 2350 5343 deaurato,
2393 5279 2785 5335 circumumicta
2836 5284 3089 5339 varietate
3125 5285 3466 5342 diversorum
3526 5287 3667 5343 cha-

2074 5374 2353 5427 rismatum
2385 5368 2558 5441 (Psal.
2605 5374 2781 5444 xuv);
2826 5376 2909 5430 vel
2941 5386 3087 5433 certe
3123 5378 3400 5449 multiplex
3433 5389 3670 5437 contex-

2078 5465 2151 5519 tio
2180 5472 2496 5518 catenarum
2522 5470 2576 5517 et
2624 5466 2754 5520 retis
2782 5470 3042 5538 expansio
3086 5471 3417 5527 multifarias
3460 5472 3669 5529 electo-

2075 5572 2195 5611 rum
2228 5571 2491 5627 personas
2534 5556 2772 5611 insinuat
2802 5577 2816 5613 :
2846 5560 2936 5629 qui
2984 5577 3107 5616 cum
3136 5565 3316 5619 verbis
3343 5575 3668 5623 sanctorum

2075 5647 2487 5719 praedicatorum
2515 5646 2746 5702 fideliter
2774 5651 3129 5707 auscultando
3163 5665 3327 5725 atque
3352 5655 3666 5718 obediendo

2077 5743 2375 5806 adhmrcnt,
2406 5755 2561 5810 quasi
2603 5740 2973 5801 columnarum
3002 5746 3267 5816 capitibus
3299 5748 3663 5820 superpositae
