3974 6188
316 329 420 387 ιοῦ

1289 341 1378 399 DE
1417 341 1765 403 UNIVEBSO
1801 347 1980 404 LIBRI
2022 351 2185 410 XXII.
2224 384 2298 397 —
2331 355 2460 413 LIB.
2501 358 2637 418 XIV.

3499 370 3604 427 406

314 453 459 499 retes
485 454 543 499 et
572 447 837 505 catenula:
864 451 1186 508 miraculum
1231 469 1343 511 sua:
1378 459 1733 516 connexioms
1776 477 1906 517 cuu-
1937 467 1981 526 Λ
2011 473 2180 534 etum,
2231 472 2489 539 quoniam
2536 475 2691 544 panis
2735 490 2801 531 ex
2848 491 2913 533 eo
2982 476 3161 535 factus
3201 480 3278 536 ibi
3326 485 3598 554 coquitur.

314 535 417 591 etis
438 540 853 606 aspectantibus
880 544 1145 612 praebent.

876 653 1104 711 CAPUT
1142 656 1328 714 XXIV.

871 745 950 800 De
990 751 1332 819 repositoriis.

386 850 665 908 Erarium
715 865 993 922 vocatum,
1045 863 1171 931 quia
1216 864 1369 932 prius
1397 881 1472 921 {es
1510 868 1782 938 signatum
1831 870 1903 925 ibi

310 942 729 999 recondebatur.
761 947 873 1002 lloe
898 950 1044 1004 enim
1074 951 1203 1006 olim
1233 954 1285 1007 in
1314 970 1413 1009 usu
1442 965 1581 1023 erat,
1628 974 1762 1013 auro
1811 977 1902 1014 ar-

307 1049 582 1108 gentoque
601 1042 838 1097 nondum
861 1043 1093 1114 signato.
1117 1045 1195 1100 Ex
1218 1061 1448 1116 quorum
1472 1049 1702 1118 metallis
1721 1066 1906 1121 quam-

308 1129 393 1183 vis
429 1139 619 1198 postea
660 1131 801 1188 facta
833 1133 1022 1190 fuisset
1044 1139 1299 1205 pecunia,
1334 1153 1529 1194 nomen
1561 1148 1740 1196 tamen
1767 1159 1903 1196 aera-

307 1217 377 1272 rii
425 1222 729 1288 permansit
770 1223 839 1278 ab
867 1239 932 1279 eo
978 1227 1196 1282 metallo
1241 1229 1383 1283 unde
1420 1230 1648 1298 pecunia
1690 1230 1902 1287 initium

305 1310 558 1379 sumpsit.
579 1311 890 1368 Armarium
923 1315 1073 1372 locus
1098 1327 1203 1384 est,
1238 1319 1329 1372 ubi
1353 1336 1799 1391 quarumcunque
1821 1338 1904 1376 ar-

308 1399 442 1454 tium
473 1402 838 1460 instrumenta
869 1417 1146 1478 ponuntur
1175 1428 1189 1464 :
1220 1413 1703 1468 armamentarium
1736 1431 1897 1481 vero,

303 1488 399 1544 ubi
424 1498 633 1546 tantum
662 1494 767 1550 tela
789 1510 1086 1553 armorum.
1118 1499 1268 1555 Unde
1286 1500 1565 1558 Iuvenalis
1591 1519 1605 1558 :
1633 1506 1900 1577 Quidquid

303 1579 496 1635 habent
521 1583 743 1638 telorum
772 1592 1184 1644 armamentaria
1205 1592 1318 1646 coeli
1341 1608 1358 1644 :
1383 1595 1525 1649 dicta
1551 1605 1732 1650 autem
1757 1606 1900 1652 utra-

301 1684 410 1737 que
422 1672 492 1727 ab
505 1674 694 1741 armis,
710 1675 762 1731 id
776 1687 878 1745 est,
895 1679 1133 1736 brachiis
1145 1682 1340 1751 quibus
1352 1695 1690 1743 exercentur.
1707 1690 1900 1747 Biblio-

306 1758 463 1814 theca
491 1771 579 1817 est
621 1764 794 1833 locus,
839 1770 929 1822 ubi
961 1782 1299 1839 reponuntur
1346 1775 1491 1831 libri.
1538 1777 1720 1835 Biblos
1749 1783 1894 1836 enim

2012 555 2269 616 Clibanus
2300 560 2382 632 (ut
2411 563 2669 634 diximus)
2713 568 3015 625 combustio
3040 572 3372 643 sempiterna
3404 575 3602 633 intelli-

2010 650 2196 721 gitur,
2248 660 2307 706 ut
2346 653 2403 708 in
2453 655 2747 726 Evangelio
2812 678 2827 712 :
2875 657 2933 716 Si
2995 665 3134 717 enim
3181 665 3402 734 fenum,
3456 671 3598 739 quod

2007 740 2162 795 hodie
2210 743 2266 796 in
2305 759 2434 813 agro
2494 755 2592 811 est,
2643 757 2690 799 et
2745 766 2863 803 cras
2917 751 2972 804 in
3033 752 3303 809 clibanum
3372 759 3601 813 mittitur

2009 830 2224 902 (Matth.
2258 833 2353 905 v1).
2381 835 2535 891 Unde
2563 837 2809 895 clibanus
2835 840 3113 899 tribulatio
3138 847 3261 901 vita:
3289 851 3595 917 praesentis,

2007 932 2065 976 ut
2095 924 2148 977 in
2198 921 2476 980 Ieremia:
2515 925 2677 983 Pellis
2711 941 2916 998 nostra,
2963 933 3068 990 hoc
3113 945 3218 1002 est,
3246 954 3397 1003 caro,
3444 945 3596 1010 quasi

2005 1012 2262 1081 clibanus,
2289 1027 2475 1073 exusta
2497 1028 2573 1073 est
2601 1038 2635 1074 a
2661 1021 2798 1091 facie
2815 1033 3176 1095 tempestatum
3200 1030 3357 1099 famis
3372 1030 3473 1103 (Th
3483 1051 3591 1089 ren.

2004 1105 2080 1175 v).
2112 1105 2368 1163 Clibanus
2395 1119 2479 1164 est
2523 1114 2820 1181 eoqueudis
2845 1117 3074 1185 panibus
3100 1122 3235 1176 aenei
3259 1124 3463 1179 vasculi
3500 1127 3592 1181 de—

2004 1195 2165 1250 ducta
2199 1199 2522 1266 rotunditas,
2566 1218 2686 1272 qua:
2730 1206 3116 1265 suburentibus
3162 1210 3396 1270 ﬂaittmis
3437 1217 3594 1272 ardet

2005 1286 2350 1346 intrinsecus.
2402 1292 2459 1346 In
2486 1308 2592 1363 qua
2640 1295 2990 1354 similitudine
3043 1303 3238 1358 merito
3277 1315 3591 1374 peccatores

2002 1386 2295 1448 ponuntur,
2342 1383 2433 1450 qui
2465 1383 2518 1437 in
2545 1383 2727 1441 futuro
2763 1387 2969 1457 judicio
3001 1400 3054 1446 et
3083 1407 3318 1452 mmrore
3338 1398 3505 1452 animi
3536 1408 3592 1455 et

2004 1469 2204 1537 pmnali
2218 1473 2622 1529 excruciatioue
2646 1480 2931 1547 torqueudi
2948 1491 3092 1548 sunt,
3112 1485 3207 1554 qui
3221 1496 3410 1542 contra
3434 1504 3590 1558 regu-

2004 1560 2086 1616 las
2110 1561 2323 1618 Domini
2353 1564 2625 1621 obstinata
2659 1578 2841 1625 mente
2868 1572 3140 1629 vixerunt.
3168 1577 3245 1632 De
3267 1579 3465 1647 quibus
3501 1583 3587 1638 tli-

2002 1650 2144 1705 eitur
2173 1650 2226 1705 in
2251 1651 2462 1710 Psalmo
2490 1674 2502 1709 :
2538 1656 2708 1713 Panes
2733 1676 2821 1715 eos
2848 1672 2903 1715 ut
2929 1662 3196 1720 clibanum
3222 1669 3356 1737 ignis
3381 1670 3434 1726 in
3456 1682 3591 1728 lem—

1999 1754 2126 1808 pore
2156 1739 2326 1796 vultus
2351 1745 2429 1798 tui
2455 1743 2632 1817 (Paul.
2682 1750 2796 1820 xx).
2834 1752 3022 1809 Vultus
3057 1770 3186 1812 vero
3211 1756 3422 1815 Domini
3473 1762 3590 1818 dies

529 1855 666 1911 iber.
702 1828 858 1911 thece
888 1828 1270 1911 repositorium
1304 1828 1894 1911 me...‘a;;;;;..:;;:;"
1925 1831 1969 1889 Β
1998 1828 2311 1898 θδίὶιιάίοίίν
2340 1836 2556 1904 quando
2590 1837 2734 1895 ﬁlius
2755 1841 2989 1900 hominis
3013 1846 3285 1905 videbitur
3310 1852 3379 1908 ab
3409 1853 3586 1911 homi-

302 1865 479 1920 grzece
506 1853 666 1921 liber,
702 1858 858 1913 thece
888 1862 1270 1931 repositorium
1304 1866 1522 1922 dicitur.
1560 1868 1850 1926 Cellarium
1875 1914 1890 1939 ,

301 1942 447 2007 quod
476 1943 529 1997 in
577 1959 642 1999 eo
688 1948 1011 2019 colligantur
1067 1954 1370 2012 ministeria
1426 1976 1759 2029 mensarum,
1812 1965 1897 2020 vel

300 2044 425 2098 qtae
468 2038 776 2093 necessaria
826 2041 994 2097 victui
1041 2057 1352 2115 supersunt.
1410 2051 1554 2106 Inter
1584 2064 1896 2124 promptua-

298 2121 442 2176 rium
487 2135 670 2182 autem
714 2139 769 2184 et
797 2133 1078 2189 cellarium
1125 2138 1226 2194 hoc
1267 2140 1513 2207 interest,
1556 2121 1701 2212 quod
1730 2147 1894 2202 cella-

299 2211 441 2267 rium
490 2224 576 2270 est
625 2233 920 2287 paucorum
977 2226 1221 2291 dierum,
1274 2236 1706 2302 promptuarium
1766 2255 1895 2296 vero

302 2306 564 2373 temporis
591 2306 758 2381 longi.
792 2312 1231 2385 Promptuarium
1257 2320 1484 2389 dictum,
1517 2338 1582 2377 eo
1607 2327 1749 2395 quod
1770 2328 1893 2384 inde

297 2397 608 2451 necessaria
660 2401 822 2456 victui
855 2416 1202 2473 promuntur,
1250 2410 1356 2467 hoc
1387 2422 1490 2479 est,
1520 2415 1888 2484 proferuntur.

297 2481 677 2555 Promptuaria
725 2491 1015 2562 aliquando
1044 2499 1098 2553 in
1131 2501 1327 2555 malam
1367 2481 1575 2573 partem
1613 2509 1890 2579 accipiun-

298 2581 410 2640 tur,
440 2584 498 2630 ut
526 2586 612 2632 est
640 2579 767 2636 illud
796 2601 809 2636 :
837 2582 1212 2659 Promptuaria
1242 2607 1424 2646 eorum
1444 2593 1619 2664 plena,
1646 2608 1891 2654 eructan-

294 2665 372 2717 tia
397 2683 464 2720 ex
504 2669 603 2723 hoc
630 2672 688 2726 in
723 2673 857 2728 illud
878 2674 1050 2747 (Psal.
1082 2682 1294 2754 exuit).
1327 2683 1724 2758 Prcmptuaria,
1770 2708 1890 2762 quin

293 2755 513 2812 cellaria
542 2759 735 2831 vulgus
778 2767 1031 2834 appellat,
1077 2770 1456 2831 haereticorum
1482 2755 1645 2834 corda
1678 2755 1889 2854 signifi-

295 2854 443 2912 cant,
477 2849 569 2904 ubi
595 2851 932 2910 diversarum
964 2875 1146 2916 rerum
1169 2865 1379 2933 species
1418 2870 1698 2940 epulaeque
1723 2874 1889 2946 (lepo-

293 2935 414 2990 sita:
438 2946 583 2993 sunt.
617 2940 719 2996 Ista
749 2955 1012 3014 quantum
1038 2953 1257 3021 copiose
1286 2935 1478 3014 farcita
1503 2935 1650 3028 sunt,
1676 2935 1884 3022 rantbm

291 3027 538 3087 diversas
585 3039 953 3096 eructationes
1014 3046 1265 3113 pessimae
1312 3052 1674 3112 exhalationis
1725 3063 1885 3117 emit-

291 3126 426 3173 tunt.
462 3121 615 3190 Quos
641 3127 685 3181 si
733 3132 1057 3189 auctoritate
1083 3140 1397 3207 convincas,
1447 3146 1514 3200 ad
1558 3148 1883 3220 interpreta-
1910 3184 1955 3247 Ο

291 3208 495 3247 linnnm
549 3218 817 3247 ηιιη..ζιξη-
851 3224 1243 3247 ...Δηλιομμωμην
1516 3237 1527 3247 .
1592 3239 1603 3247 .

1997 1920 2176 1987 nibus,
2204 1925 2298 1979 sed
2324 1926 2424 1981 soli
2455 1943 2578 1984 eum
2609 1929 2744 1999 justi
2775 1934 2936 1990 etiam
2965 1938 3265 1997 divinitatis
3318 1959 3431 2000 sum
3454 1962 3587 2002 eou-

1999 2011 2349 2081 templationc
2394 2019 2710 2089 respiciunt.
2762 2024 3025 2082 Torcuiar
3054 2029 3260 2089 dictum
3301 2050 3388 2098 eo,
3439 2040 3584 2108 quod

1996 2101 2069 2156 ibi
2103 2119 2219 2159 uvae
2242 2106 2542 2176 calcentur,
2574 2120 2737 2183 atque
2756 2127 2960 2174 exortze
2986 2123 3378 2191 exprimantur.
3413 2101 3584 2184 Ferus

1996 2203 2078 2249 est
2104 2193 2256 2252 locus
2284 2199 2377 2254 ubi
2409 2216 2512 2256 uva
2542 2202 2806 2271 calcatur,
2839 2207 3038 2275 dictus,
3071 2214 3213 2279 quod
3258 2213 3328 2268 ibi
3376 2214 3583 2272 feratur

1995 2301 2119 2352 uva,
2151 2288 2234 2343 vel
2262 2300 2486 2361 pr0pter
2512 2295 2654 2363 quod
2698 2297 2769 2352 ibi
2800 2299 3026 2369 pedibus
3054 2301 3318 2359 feriatur:
3349 2309 3489 2364 mule
3527 2320 3584 2367 ct

1993 2379 2347 2438 calcatorium
2376 2386 2611 2442 dicitur:
2643 2389 2738 2445 sed
2782 2391 2884 2448 hoc
2920 2409 3113 2452 nomen
3159 2398 3326 2454 uutlta
3375 2401 3580 2471 signifi-

1992 2480 2102 2526 cat.
2138 2473 2398 2531 Torcular
2421 2478 2592 2535 altare
2614 2480 2683 2535 ab
2705 2498 2790 2549 eo,
2819 2486 2962 2554 quod
2992 2486 3064 2541 ibi
3093 2487 3394 2547 oblationes
3416 2503 3580 2564 atque

1992 2562 2200 2622 fructus
2228 2569 2601 2639 conferantur,
2633 2583 2692 2630 ut
2721 2576 2773 2631 iu
2803 2579 3017 2634 cantico
3050 2580 3201 2636 Isaiae
3246 2602 3260 2637 :
3304 2582 3367 2637 Et
3397 2596 3575 2640 torru-

1989 2650 2075 2706 lar
2101 2655 2215 2725 fodi
2243 2658 2298 2713 in
2340 2676 2402 2714 ea
2438 2660 2573 2734 (Isti.
2607 2663 2685 2733 v).
2714 2664 2845 2721 Item
2890 2670 3150 2736 torcular,
3186 2670 3364 2727 futura
3410 2675 3581 2728 tribu-

1989 2746 2142 2814 latio,
2173 2760 2233 2807 ut
2270 2752 2327 2808 in
2360 2753 2685 2827 Apocalypsi
2733 2777 2746 2813 :
2798 2759 2866 2814 Et
2926 2761 3038 2832 ipse
3079 2762 3311 2821 calcavit
3342 2767 3578 2822 torcular

1990 2840 2096 2895 vini
2126 2843 2222 2898 ira:
2243 2845 2442 2913 furoris
2469 2847 2682 2904 Domini
2713 2850 2898 2922 (Apoc.
2933 2854 3076 2923 vix).
3100 2854 3285 2925 Itaque
3316 2858 3574 2921 torcular,

1988 2933 2130 3001 quod
2153 2932 2309 3002 juxta
2350 2935 2645 3007 Scriptura:
2691 2950 2894 2997 saneta:
2930 2946 3375 3003 consuetudinem
3413 2948 3579 3005 inter-

1988 3022 2116 3078 dum
2146 3041 2245 3093 pro
2288 3026 2493 3085 ultione
2519 3038 2680 3099 atque
2723 3032 3003 3103 suppliciis
3052 3037 3274 3105 partitur
3319 3049 3574 3109 peceatu-

1988 3130 2128 3182 rum,
2152 3116 2421 3173 interdum
2452 3121 2504 3174 iu
2527 3123 2945 3194 congregatione
2969 3141 3229 3183 novorum
3263 3129 3573 3187 fructuum:

289 3208 497 3267 tiouum
548 3218 819 3286 nequitias
851 3224 1250 3283 transferuntur
1291 3249 1304 3285 :
1345 3249 1468 3289 cum
1513 3237 1639 3294 inde
1668 3208 1884 3315 quoque
1910 3208 1955 3247 ι’
2127 3209 2306 3315 ni?
2350 3212 2573 3315 pm]me
2616 3224 2782 3315 {iique
2811 3220 3118 3315 lgmews’
3169 3224 3384 3292 quando
3423 3221 3575 3282 Jen-

288 3297 491 3357 fuerint
516 3303 747 3363 Domino
767 3311 991 3381 juvante
1016 3320 1277 3388 superati,
1311 3323 1378 3377 ad
1422 3297 1886 3395 sophistarumjse

289 3394 561 3448 versutias
585 3398 996 3474 calumniasque
1014 3421 1363 3480 convertunt,
1387 3394 1529 3487 vagi,
1560 3418 1837 3481 instabiles
1865 3445 1879 3482 :

286 3481 412 3548 quia
439 3485 682 3541 radicem
717 3504 992 3561 nequeunt
1020 3490 1224 3556 habere
1250 3481 1521 3562 veritatis.
1543 3508 1699 3568 Unde
1726 3530 1883 3587 aspe-

285 3572 362 3627 ris
388 3574 654 3632 odoribus
681 3595 994 3653 comparata
1029 3599 1177 3656 sunt,
1209 3608 1333 3662 qua:
1356 3596 1685 3667 simplicium
1715 3572 1880 3665 corda

284 3664 454 3724 fetido
497 3688 753 3730 sermone
801 3678 1096 3753 decipiunt.
1128 3686 1403 3757 Apotheea
1431 3664 1612 3751 autem
1644 3700 1728 3755 vel
1753 3702 1881 3757 hor-

285 3772 374 3812 rea
400 3776 432 3813 a
457 3777 639 3831 graeco
662 3768 825 3824 verbo
856 3774 1179 3841 repositoria
1228 3780 1311 3835 vel
1356 3787 1725 3845 reconditoria
1770 3794 1876 3850 dici

283 3860 539 3920 possunt,
571 3870 639 3910 eo
663 3859 807 3928 quod
863 3862 917 3916 in
961 3864 1046 3920 his
1089 3868 1335 3928 homines
1365 3874 1671 3936 elaboratas
1696 3882 1877 3956 fruges

285 3954 573 4010 reponunt.
593 3946 749 4004 Unde
761 3961 815 4005 et
835 3956 1121 4010 euteeham
1138 3975 1314 4030 grmeo
1336 3968 1554 4022 nomine
1580 3946 1873 4044 repositam

282 4032 363 4086 rei
397 4036 677 4106 copiosam
712 4043 1069 4102 substantiam
1104 4053 1440 4122 appellamus
1642 4032 1660 4044 ι
1693 4074 1700 4081 “

841 4159 1070 4218 CAPUT
1121 4165 1287 4226 XXV.

906 4254 983 4310 De
1008 4258 1245 4329 oﬁicinis.

353 4358 721 4430 Ergasterium
776 4365 928 4424 locus
977 4379 1083 4439 est,
1142 4376 1232 4431 ubi
1286 4392 1424 4449 opus
1476 4379 1698 4453 aliquod
1745 4386 1807 4442 ﬁt
1848 4406 1863 4443 :

281 4465 455 4521 gnsco
481 4454 685 4510 etenim
715 4472 965 4516 sermone
988 4477 1116 4536 erga
1142 4481 1308 4537 Opera
1324 4510 1339 4534 ,
1366 4471 1571 4527 sterion
1596 4478 1795 4544 statio,
1814 4479 1867 4535 id

280 4550 385 4606 est,
411 4547 650 4615 operarii
678 4565 691 4601 :
728 4552 997 4620 ergastula
1026 4570 1241 4626 quoque
1285 4568 1341 4614 et
1375 4560 1491 4630 ipsa
1517 4577 1548 4616 a
1571 4578 1752 4633 graeco
1773 4584 1866 4624 vo-

278 4633 475 4690 cabulo
509 4650 911 4708 nuncupantur,
955 4644 1047 4699 ubi
1085 4647 1416 4715 deputantur
1454 4655 1602 4709 noxii
1652 4656 1722 4712 ad
1766 4659 1867 4715 ali-

279 4725 419 4792 quod
446 4719 585 4796 opus
613 4729 941 4799 faciendum,
969 4744 1030 4789 ut
1056 4736 1231 4792 solent
1256 4739 1583 4810 gladiatores
1610 4756 1666 4802 et
1693 4764 1862 4807 exsu-

277 4814 376 4880 les,
408 4818 501 4889 qui
532 4836 805 4878 marmora
854 4835 1061 4890 secant,
1090 4835 1146 4882 et
1177 4837 1354 4886 tamen
1393 4833 1730 4893 vinculorum
1772 4855 1866 4898 cu-

277 4907 466 4963 stodiis
492 4909 700 4980 alligati
722 4922 870 4969 sunt.
906 4914 1245 4974 Genetbeum
1284 4919 1657 4999 [Gynaceum]
1688 4945 1864 5000 gnece

276 4998 477 5054 dictum
501 5016 591 5067 eo,
619 5008 761 5073 quod
787 5006 859 5060 ibi
878 5016 1177 5065 conventus
1199 5011 1518 5071 feminarum
1543 5019 1610 5073 ad
1631 4998 1767 5090 opus
1788 5023 1866 5079 la-

275 5090 439 5146 nificii
452 5095 815 5151 exercendum
831 5101 1135 5165 conveniat,
1156 5102 1348 5159 mulier
1360 5108 1503 5162 enim
1531 5125 1706 5180 grzece
1724 5130 1864 5185 gyue

277 5191 639 5253 tmncupatur.
672 5182 993 5253 Pistriuum,
1018 5191 1174 5259 quasi
1200 5192 1527 5261 pilistrinum
1559 5217 1572 5253 :
1604 5182 1862 5273 quia'pilo

274 5281 431 5328 antea
467 5276 763 5332 tondebant
787 5294 1038 5349 granum.
1082 5280 1235 5338 Unde
1263 5293 1317 5338 et
1344 5289 1485 5357 apud
1510 5298 1722 5348 veteres
1752 5311 1859 5351 non

272 5364 571 5432 molitores,
604 5369 700 5423 sed
727 5369 964 5438 pistores
1007 5372 1135 5428 dicti
1167 5392 1180 5428 :
1209 5378 1362 5445 quasi
1392 5378 1640 5447 pinsores
1678 5399 1707 5438 a
1737 5386 1859 5454 pin-

272 5455 453 5513 mdis
480 5458 686 5526 granis.
738 5457 892 5516 Mon
936 5463 1080 5517 enim
1115 5480 1243 5522 usus
1293 5469 1530 5524 nondum
1573 5483 1716 5540 erat,
1760 5477 1857 5532 sed

266 5565 498 5617 granum
538 5552 649 5622 pilo
691 5554 995 5624 pinsebant.
1043 5557 1195 5616 Unde
1238 5571 1293 5616 et
1328 5563 1586 5635 Virgilius
1627 5582 1643 5622 :

268 5650 459 5696 torrete
504 5643 612 5715 igni
654 5647 864 5718 fruges,
911 5666 1049 5706 nunc
1091 5651 1317 5723 frangite
1366 5674 1517 5713 saxo.
1564 5660 1848 5733 Clibanus,

269 5730 323 5785 id
356 5745 458 5798 cst,
504 5737 717 5805 furnus,
748 5755 845 5809 per
886 5740 1275 5801 derivationem
1322 5764 1353 5804 a
1393 5748 1539 5809 farre
1585 5754 1739 5811 aiunt
1769 5730 1850 5813 di;

1987 3299 2126 3354 mias
2167 3299 2223 3354 in
2268 3300 2752 3363 lamentationibus
2799 3308 3060 3381 plangens
3096 3315 3435 3370 eversionem
3475 3316 3571 3373 .Ic-

1985 3389 2219 3446 rusalem
2260 3391 2498 3463 loquitur
2545 3414 2557 3449 :
2605 3396 2865 3453 Torcular
2893 3401 3112 3457 calcavit
3158 3403 3416 3462 Dominus
3466 3409 3571 3464 cir-

1980 3480 2091 3549 gini
2111 3479 2240 3549 ﬁlia:
2261 3481 2424 3538 Judte
2449 3498 2469 3537 :
2499 3485 2617 3540 ideo
2639 3503 2732 3556 ego
2754 3487 2904 3558 ploro
2933 3489 3153 3562 (Thrcu.
3190 3493 3251 3564 ι).
3284 3495 3343 3551 In
3370 3496 3566 3554 bonam

1981 3578 2190 3637 partem
2232 3572 2545 3629 scribuntur
2578 3576 2770 3646 psalmi
2797 3595 2892 3648 pro
2924 3581 3300 3651 torcularibus,
3343 3597 3570 3644 octavus

1979 3667 2036 3716 et
2056 3663 2420 3731 octogesimus
2446 3668 2636 3723 tertius
2670 3687 2682 3722 :
2713 3669 2914 3742 legitur
2953 3674 3099 3728 enim
3147 3675 3199 3731 in
3234 3677 3394 3733 titulo
3421 3688 3571 3737 octo-

1978 3758 2169 3829 gesimi
2196 3760 2387 3830 psalmi
2433 3762 2508 3817 ita
2544 3778 2558 3817 :
2589 3762 2655 3818 In
2703 3766 2808 3835 ﬁne
2831 3784 2926 3839 pro
2969 3770 3322 3828 torcularibus
3365 3773 3564 3846 Asaph.

1981 3848 2164 3913 Quinti
2188 3850 2392 3907 sabbati
2413 3864 2499 3909 est
2517 3855 2707 3924 quinta
2736 3858 2852 3914 dies
2879 3874 2911 3914 a
2943 3861 3187 3928 sabbato,
3217 3879 3339 3935 quae
3377 3883 3408 3921 a
3439 3883 3568 3938 gen-

1977 3940 2121 3996 tibus
2145 3942 2261 3997 dies
2281 3941 2451 4009 Jovis,
2479 3960 2511 3999 a
2537 3947 2693 4002 nobis
2719 3948 2906 4017 quinta
2939 3950 3073 4006 feria
3100 3964 3351 4021 vocatur,
3379 3957 3434 4012 in
3456 3973 3562 4028 qua

1976 4029 2115 4084 dixit
2144 4031 2286 4086 Deus
2311 4050 2325 4086 :
2360 4032 2666 4090 Producaut
2693 4054 2846 4107 aqua!
2869 4040 3075 4109 replilia
3097 4043 3400 4100 animarum
3425 4048 3566 4101 viva-

1977 4137 2117 4185 rum,
2146 4131 2194 4176 et
2215 4121 2451 4177 volatilia
2477 4125 2572 4179 sub
2595 4126 2926 4193 ﬁrmamento
2952 4130 3067 4185 ειειὶ
3096 4145 3115 4183 :
3145 4135 3371 4205 mystice
3392 4136 3560 4208 signi-

1977 4208 2167 4278 ficans,
2220 4212 2448 4269 diversa:
2473 4215 2689 4271 virtutis
2724 4217 2872 4273 viros
2915 4234 2983 4275 ex
3027 4222 3184 4291 aquis
3224 4223 3563 4294 baptismatis

1974 4316 2097 4357 esse
2126 4304 2449 4360 nascituros.
2480 4305 2644 4361 Tituli
2665 4322 2796 4379 ergo
2838 4309 2999 4380 lmjus
3040 4314 3270 4370 intentio
3300 4317 3423 4372 talis
3451 4327 3555 4383 est,

1976 4401 2054 4457 ut,
2096 4395 2150 4448 in
2173 4394 2352 4463 ﬁnem,
2391 4396 2636 4468 designet
2664 4399 2952 4457 Dominum
2985 4403 3265 4465 Christum
3289 4422 3305 4462 :
3327 4425 3420 4479 pro
3449 4420 3559 4465 tor-

1974 4483 2262 4551 cularibus,
2303 4486 2591 4543 ecclesiam
2620 4493 3092 4559 persecutionibus
3132 4500 3502 4557 examinatam
3539 4521 3554 4558 :

1975 4575 2174 4647 Asaph,
2195 4577 2672 4649 congregationem
2701 4595 2716 4634 :
2740 4582 2923 4653 quinta
2946 4585 3175 4655 sabbati,
3203 4587 3555 4660 baptismum.

1975 4664 2128 4722 Unde
2149 4667 2420 4738 colligitur
2440 4670 2704 4740 psalmum
2744 4674 2796 4728 in
2827 4674 3073 4733 Ecclesia
3122 4681 3335 4737 Domini
3363 4683 3432 4740 de
3478 4701 3563 4741 re-

1972 4769 2231 4830 generata
2273 4765 2693 4835 congregatione
2718 4780 2840 4823 esse
2879 4768 3211 4828 locuturum.
3257 4775 3373 4831 IIoc
3409 4778 3556 4833 enim

1970 4853 2152 4924 Asaph
2182 4854 2250 4908 ad
2276 4855 2561 4912 historiam
2584 4860 2805 4928 quidem
2830 4861 3108 4933 loquitur:
3136 4868 3230 4922 sed
3254 4867 3448 4923 melius
3471 4868 3556 4927 in:-

1972 4941 2230 5013 telligitur
2247 4945 2600 5015 spiritualiter
2628 4964 2660 5004 a
2689 4952 2889 5021 populo
2915 4954 3246 5012 Christiano.
3273 4956 3454 5012 Lacus
3477 4958 3554 5015 in—

1968 5032 2181 5088 fernum
2210 5035 2503 5106 signiﬁcat,
2539 5048 2599 5094 ut
2634 5042 2689 5096 in
2734 5044 3349 5113 psalterio:.Posuerunt
3380 5065 3460 5103 me
3497 5051 3553 5105 in

1965 5120 2085 5176 lacu
2114 5125 2375 5193 inferiori,
2413 5136 2468 5183 et
2496 5130 2625 5186 alibi
2657 5149 2670 5186 :
2703 5132 3043 5191 Deduxerunt
3069 5139 3124 5192 in
3151 5138 3327 5193 lucum
3370 5142 3550 5197 mortis

1965 5214 2121 5267 vitam
2150 5231 2318 5270 meant
2345 5214 2521 5290 (Psal.
2556 5222 2823 5296 Lxxxvn).

2538 5332 2767 5390 CAPUT
2805 5335 2992 5392 XXVI.

2502 5402 2580 5457 De
2618 5407 3013 5463 munitionibus.

2032 5486 2296 5543 hinnitum
2335 5489 2424 5546 vel
2450 5495 2841 5550 munimentum
2865 5497 3069 5554 dictum
3087 5540 3102 5564 ,
3133 5504 3256 5570 quia
3283 5521 3444 5561 utauu
3466 5523 3552 5567 est

1958 5581 2180 5632 tactum.
2211 5578 2419 5636 Cohors
2449 5580 2581 5653 (AL,
2605 5583 2751 5657 cors]
2776 5596 2963 5642 vocata
2984 5628 2999 5653 ,
3031 5592 3113 5646 vel
3135 5593 3278 5661 quod
3304 5605 3550 5654 coaretet

1954 5678 2149 5724 cuncta
2188 5687 2310 5740 qua:
2336 5672 2565 5729 interius
2581 5686 2726 5742 sunt,
2753 5677 2803 5733 id
2827 5687 2930 5744 est,
2952 5684 3268 5753 concludat;
3298 5689 3383 5744 vel
3404 5693 3549 5760 quod

1954 5771 2203 5818 coerceat
2240 5762 2454 5834 objecta
2492 5781 2596 5823 suo
2630 5776 2919 5828 extraneos
2960 5783 3014 5831 et
3055 5777 3206 5834 adite
3239 5780 3548 5848 prohibeat.
