3974 6188
415 368 516 422 607

1091 360 1152 417 Β.
1195 359 1447 416 RABANI
1480 356 1702 417 MAURI
1736 358 2053 416 ARCHIEP.
2095 359 2402 420 MOGUNT.
2442 366 2728 424 OPERUM
2765 368 2945 425 PARS
2981 370 3047 425 II.

3556 372 3665 432 £08

411 477 623 533 Vallum
654 482 738 529 est
758 515 773 540 ,
802 474 947 544 quod
987 472 1127 528 mole
1166 482 1326 528 terrae
1360 473 1611 544 erigitur,
1648 482 1711 528 ut
1750 473 1993 530 custodia
2022 476 2071 535 A
2098 479 2413 537 innocenter
2438 483 2647 551 vivunt,
2698 485 2778 541 sic
2815 494 2869 542 ει
2897 487 3064 543 cauta;
3094 495 3337 543 sanctam
3371 488 3667 546 Ecclesia,“

409 565 795 638 przetendatur.
830 564 1039 618 Dictum
1063 571 1242 617 autem
1266 577 1297 616 a
1322 563 1495 617 vallis.
1518 562 1655 617 Nam
1685 563 1807 617 valli
1830 563 1987 628 dicti,

411 661 554 731 quod
583 658 817 729 ﬁgantur
846 664 902 711 et
927 656 1212 712 velluntur.
1243 656 1532 711 Intervalla
1562 667 1688 712 sunt
1713 659 1883 728 spatia
1907 659 1993 713 in-

413 762 496 807 ter
525 751 701 821 capita
730 748 1015 813 vallorum,
1049 747 1103 801 id
1129 755 1235 812 est,
1268 748 1535 818 stipitum,
1562 748 1757 817 quibus
1790 748 1989 823 vallum

410 846 509 899 ﬁt:
541 843 684 898 unde
716 850 772 896 et
801 849 997 895 caetera
1033 854 1246 909 quoque
1294 840 1466 909 spatia
1495 840 1751 894 dicuntur
1775 855 1805 894 a
1838 840 1991 910 stipi-

410 937 556 992 tibus
598 934 822 990 scilicet.
872 931 1047 1003 Agger
1095 940 1179 985 est
1216 930 1505 1000 cujuslibet
1557 932 1634 986 rei
1683 932 1990 997 acervatio,

408 1025 548 1079 unde
579 1023 736 1078 fossae
761 1029 853 1075 aut
879 1019 1047 1075 valles
1071 1030 1297 1090 possunt
1326 1020 1541 1089 repleri.
1569 1020 1750 1092 Agger
1772 1023 1990 1091 proprie

409 1116 605 1171 dicitur
636 1121 778 1168 terra
815 1120 1054 1183 aggesta,
1084 1127 1205 1181 quae
1230 1111 1371 1167 vallo
1403 1110 1550 1167 facto
1578 1114 1798 1183 propius
1831 1115 1990 1183 poni-

409 1216 502 1261 tur
532 1223 545 1259 :
579 1206 674 1259 sed
704 1204 927 1258 abusive
951 1209 1008 1257 et
1036 1217 1220 1257 muros
1251 1209 1308 1257 et
1331 1203 1666 1257 munimenta
1695 1203 1875 1257 omnia
1899 1219 1992 1274 ag-

409 1313 590 1369 gerem
618 1297 867 1352 dicimus.
905 1294 1114 1350 Vallum
1143 1295 1286 1349 enim
1319 1295 1406 1350 vel
1435 1310 1597 1365 agger
1624 1296 1677 1349 in
1703 1296 1990 1365 scripturis

412 1387 906 1458 coangustationem
937 1387 1170 1441 hostium
1200 1386 1487 1456 signiﬁcat,
1530 1403 1635 1456 qua
1667 1388 1851 1441 hostes
1902 1400 1993 1441 co-

410 1486 626 1535 arctant
669 1492 764 1531 eos
791 1476 987 1546 quibus
1018 1490 1213 1531 nocere
1236 1477 1443 1531 volunt.
1478 1476 1629 1537 Unde
1663 1477 1731 1530 ad
1771 1475 1991 1532 Jerusa-

412 1570 519 1625 lem
558 1570 816 1625 Dominus
836 1569 890 1623 in
921 1568 1213 1638 Evangelia
1241 1569 1318 1623 ait
1346 1585 1360 1622 :
1407 1567 1624 1623 Venient
1665 1569 1776 1623 dies
1800 1570 1856 1623 in
1894 1579 1944 1622 te
1972 1610 1987 1635 ,

407 1670 457 1715 et
480 1659 878 1714 circumdabant
900 1668 948 1713 te
970 1659 1171 1713 inimici
1190 1659 1269 1712 tui
1294 1658 1428 1714 vallo
1450 1701 1464 1726 ,
1495 1670 1541 1715 et
1574 1663 1989 1731 coangustabunt

409 1750 660 1821 undique,
686 1760 734 1804 et
759 1750 828 1803 ad
857 1759 1051 1803 terram
1076 1759 1399 1819 prosternent
1423 1760 1472 1805 te
1513 1759 1564 1805 et
1580 1751 1718 1817 ﬁlios
1742 1761 1859 1806 tuos
1900 1755 1990 1824 qui

407 1843 464 1896 in
490 1853 538 1896 te
552 1808 683 1897 sunt
707 1840 856 1913 (Luc.
881 1839 1027 1913 xu);
1053 1808 1196 1911 quod
1216 1842 1485 1913 signiﬁcat
1506 1808 1699 1898 anima:
1718 1808 1987 1909 humanae,
2019 1825 2064 1883 Β
2095 1808 2183 1913 [δι’

410 1949 532 2004 qua:
570 1934 708 1989 visio
734 1934 888 2003 pacis
930 1933 1120 1988 debuit
1163 1948 1305 1999 csse,
1360 1942 1583 2004 propter
1624 1944 1850 2004 peccata
1891 1949 1988 1988 sua

409 2025 733 2095 angustiam.
761 2023 863 2091 Qui
891 2038 1123 2095 namque
1167 2031 1290 2079 sunt
1318 2025 1567 2079 humanae
1597 2025 1793 2079 anima:
1822 2025 1991 2095 majo-

409 2133 498 2174 res
527 2117 751 2183 inimici,
775 2131 938 2187 quam
959 2116 1176 2188 maligni
1204 2117 1460 2187 spiritus?
1482 2118 1574 2187 qui
1603 2119 1745 2173 hanc
1763 2132 1990 2188 corpore

406 2219 695 2268 exeuntem
720 2209 991 2275 obsident,
1032 2224 1195 2279 quam
1233 2209 1287 2263 in
1312 2209 1492 2265 carnis
1518 2223 1702 2265 amore
1731 2210 1989 2280 positam,

409 2302 733 2373 deceptoriis
751 2300 1200 2357 delectationibus
1217 2298 1422 2365 fovent,
1437 2301 1579 2355 hanc
1600 2299 1654 2354 in
1675 2300 1988 2355 societatem

404 2410 517 2451 sua:
541 2392 905 2449 damnationis
928 2392 1203 2447 trahentes
1224 2399 1526 2457 coarctant,
1557 2400 1619 2446 ut
1643 2392 1696 2446 in
1730 2392 1845 2460 ipsa
1874 2389 1989 2460 jam

404 2487 749 2543 extremitate
780 2485 903 2539 vita:
931 2485 1288 2555 deprehensa,
1318 2501 1349 2539 a
1381 2485 1578 2554 quibus
1606 2484 1853 2540 hostibus
1876 2484 1988 2539 cir-

406 2575 681 2632 cumclusa
725 2574 819 2640 sit,
844 2574 1040 2639 videat,
1072 2585 1128 2629 et
1157 2581 1335 2629 tamen
1374 2574 1641 2629 evadendi
1671 2574 1877 2629 aditum
1905 2574 1989 2629 in-

404 2665 594 2720 venire
615 2679 720 2718 non
751 2665 957 2734 possit:
990 2664 1117 2735 quia
1145 2666 1357 2735 operari
1383 2663 1495 2733 jam
1524 2667 1663 2721 bona
1693 2682 1802 2722 non
1839 2666 1985 2733 licet,

404 2770 525 2825 qua:
562 2770 684 2810 cum
718 2754 871 2810 licuit
900 2769 1059 2825 agere
1099 2757 1440 2827 contempsit.
1466 2756 1714 2812 Maceria:
1746 2766 1875 2812 sunt
1894 2773 1989 2828 pa-

405 2848 570 2903 rietes
596 2846 763 2917 longi,
794 2847 990 2917 quibus
1027 2848 1198 2904 vineae
1233 2849 1446 2918 aliaque
1467 2848 1811 2905 clauduntur.
1851 2848 1989 2904 Lon-

402 2953 529 3009 gum
571 2938 716 2993 enim
738 2937 912 2994 Graeci
951 2954 1171 2994 macron
1214 2940 1420 2995 dicunt.
1452 2939 1621 3010 Sepes
1649 2940 1986 2994 munimenta

404 3037 642 3084 satorum
671 3036 815 3095 sunt,
844 3028 968 3084 inde
993 3039 1049 3084 et
1094 3031 1391 3101 appellatae.
1440 3030 1668 3087 Maceria
1699 3032 1785 3087 vel
1831 3046 1987 3102 sepes

404 3120 631 3192 mystice
658 3121 973 3192 angelorum
998 3124 1297 3178 custodiam
1324 3124 1646 3195 signiﬁcant,
1695 3140 1801 3195 qua
1829 3124 1982 3195 plebs

403 3212 529 3278 Dei,
554 3227 676 3284 quae
699 3213 856 3267 vinea
885 3212 1093 3268 Domini
1126 3213 1365 3270 Sabaoth
1408 3230 1508 3285 per
1532 3217 1853 3287 prophetam
1882 3232 1980 3286 ap-

400 3302 601 3373 pellata
649 3310 733 3358 est
759 3340 778 3370 ,
825 3302 1338 3360 circumvallabatur
1390 3314 1551 3375 atque
1613 3307 1979 3363 muniebatur.

403 3391 561 3448 Unde
612 3393 665 3447 in
700 3392 837 3447 Isaia
866 3394 1125 3463 scriptum
1155 3402 1239 3450 est
1268 3412 1282 3448 :
1322 3393 1490 3449 Vinea
1515 3395 1658 3465 facta
1680 3405 1757 3451 est
1796 3395 1984 3452 dilecto

400 3484 461 3537 in
485 3499 648 3538 cornu
676 3483 788 3553 ﬁlio
817 3484 918 3539 olei
947 3484 1082 3557 (Isa.
1131 3484 1206 3558 v).
1235 3486 1303 3540 Et
1327 3494 1451 3556 post
1478 3487 1751 3556 paululum
1777 3505 1790 3541 :
1821 3487 1986 3558 Aufe-

402 3589 541 3638 ram,
557 3573 757 3644 inquit,
780 3591 950 3646 sepem
975 3575 1171 3646 ejus,et
1187 3576 1284 3631 erit
1301 3578 1355 3631 in
1379 3570 1739 3647 direptionem.
1759 3576 1983 3632 Diruam

400 3665 685 3719 maceriam
712 3666 848 3733 eius,
873 3676 921 3722 et
964 3669 1060 3723 erit
1094 3668 1150 3722 in
1190 3669 1633 3723 conculcationem
1664 3668 1876 3743 (Ibid.).
1917 3669 1985 3724 Et

402 3756 460 3811 in
483 3756 775 3827 Evangelio
804 3758 917 3828 ipse
950 3758 1208 3814 Dominus
1241 3758 1376 3813 texit
1401 3760 1715 3829 parabolam
1755 3760 1979 3815 dicens:

402 3845 578 3902 Homo
604 3847 820 3918 quidam
840 3858 952 3904 erat
970 3848 1373 3920 paterfamilias,
1395 3851 1487 3920 qui
1503 3848 1758 3920 plantavit
1779 3850 1982 3905 vineam

398 3946 449 3991 et
469 3953 642 4007 sepem
663 3938 1002 3992 circumdedit
1036 3939 1085 3992 ei
1118 3938 1332 4002 (Matth.
1365 3937 1503 4010 ut).
1532 3937 1665 3994 Item
1694 3938 1749 3993 in
1775 3936 1982 3993 Psalte-

401 4029 485 4085 rio
512 4029 579 4085 de
613 4030 803 4086 eadem
843 4030 999 4086 vinea
1034 4030 1108 4085 ita
1146 4031 1344 4102 legitur
1387 4047 1402 4085 :
1444 4030 1763 4086 Destruiin
1801 4047 1978 4085 omnes

398 4120 657 4175 macerias
696 4121 831 4191 ejus,
878 4121 1098 4192 posuisti
1146 4122 1459 4177 munitiones
1502 4120 1617 4191 ejus
1644 4120 1700 4174 in
1738 4119 1980 4191 formidi—

395 4229 513 4268 nem
538 4210 710 4285 (Psal.
738 4212 949 4286 Lxxu).
993 4213 1177 4284 Itaque
1212 4213 1448 4269 maceria
1476 4222 1576 4278 est,
1605 4227 1725 4283 quae
1767 4212 1882 4268 loca
1912 4214 1980 4270 ab

401 4304 637 4374 aliquam
696 4304 988 4360 utilitatem
1051 4312 1350 4376 praeparata
1425 4303 1754 4360 defensionis
1815 4317 1976 4358 causa

396 4395 718 4449 communit.
747 4394 873 4450 Ilaec
900 4410 1008 4451 non
1035 4394 1420 4450 commixtione
1445 4392 1526 4449 rei
1550 4393 1774 4448 alterius
1807 4391 1977 4447 aediﬁ-

397 4490 571 4547 catur,
604 4483 703 4539 sed
726 4483 780 4537 in
808 4484 1030 4554 parietis
1054 4484 1270 4539 modum
1295 4497 1553 4539 saxorum
1583 4490 1791 4538 tantum
1837 4483 1972 4537 adu-

398 4575 620 4630 natione
666 4574 1019 4640 construitur,
1070 4576 1139 4630 ad
1175 4574 1329 4646 cujus
1370 4573 1776 4629 similitudinem
1820 4572 1973 4643 ponit

398 4665 699 4735 simplicem
728 4664 876 4720 illam
912 4666 1275 4734 invictamque
1297 4663 1664 4720 defensionem
1704 4662 1970 4727 divinam,

393 4773 555 4831 quam
612 4772 834 4814 necesse
888 4757 990 4813 fuit
1039 4759 1300 4824 amoveri,
1343 4766 1405 4813 ut
1483 4771 1616 4828 gens
1665 4754 1972 4810 Judteorum

390 4850 658 4921 potuisset
702 4848 940 4905 hostium
989 4849 1296 4904 incursione
1333 4848 1556 4903 vastari.
1602 4846 1973 4901 Pulcherrime

394 4950 578 4997 autem
615 4939 819 4996 dictum
848 4947 972 4995 est:
1013 4938 1328 4994 Manilianas
1373 4939 1486 5008 ejus
1513 4938 1735 5008 posuisti
1764 4938 1819 4991 in
1857 4935 1969 5006 for-

393 5033 643 5087 midinem
688 5047 708 5087 :
765 5037 825 5085 ut
863 5030 1035 5100 culpis
1079 5029 1404 5086 facientibus
1454 5029 1628 5098 ipsum
1681 5026 1966 5082 Dominum

395 5123 772 5190 formidarent,
804 5121 959 5193 cujus
989 5121 1238 5178 solebant
1280 5119 1579 5176 munitione
1604 5118 1813 5173 vallari.
1860 5117 1969 5171 Ma-

389 5213 533 5267 ceria
562 5228 691 5284 ergo
721 5212 992 5284 signiﬁcat
1015 5225 1232 5268 crucem
1259 5209 1482 5275 Christi,
1520 5218 1578 5263 ut
1604 5209 1821 5279 quidam
1868 5223 1965 5264 vo-

388 5307 527 5373 lunt,
557 5314 619 5362 ut
642 5317 726 5362 est
751 5306 882 5361 illud
931 5303 1179 5361 Psalterii
1220 5317 1235 5357 :
1279 5302 1550 5373 Tanquam
1589 5301 1775 5370 parieti
1815 5300 1967 5354 incli-

389 5405 511 5449 nato
539 5404 587 5450 et
628 5396 872 5450 maceria:
915 5393 1155 5464 impulsae
1182 5389 1354 5464 (Psal.
1400 5388 1530 5462 uti).
1561 5389 1741 5444 Canlte
1786 5389 1966 5442 ιιιυιιὶ-

388 5494 573 5540 menta
630 5486 811 5542 ovium
868 5486 954 5541 vel
991 5486 1289 5556 sepimenta
1342 5480 1583 5537 ovilium.
1625 5480 1722 5535 Est
1787 5490 1966 5535 autem

2093 573 2418 643 signiﬁcant,
2458 577 2549 632 ubi
2584 593 2713 635 oves
2748 578 2949 636 Christi
2987 581 3177 652 positae
3201 592 3593 638 conservantur
3612 590 3669 639 et

2092 685 2121 722 a
2146 670 2332 725 bestiis
2355 670 2731 728 defenduntur.

2639 782 2865 841 CAPUT
2899 784 3113 842 XXVII.

2695 876 2773 932 De
2803 879 3059 933 tentoriis.

2162 988 2529 1044 Tabernacula
2583 991 2813 1045 tentoria
2860 998 2987 1045 sunt
3032 991 3306 1058 militum,
3363 993 3560 1062 quibus
3616 992 3672 1047 in

2092 1077 2285 1133 itinere
2340 1078 2470 1134 solis
2521 1078 2777 1144 ardores,
2830 1087 3317 1152 tempestatemque
3373 1082 3670 1147 imbrium,

2092 1168 2413 1239 frigorisque
2457 1168 2687 1237 injurias
2726 1170 2919 1224 vitant.
2977 1170 3130 1225 Dicta
3187 1177 3367 1225 autem
3418 1171 3676 1225 taberna-

2090 1259 2251 1323 cula,
2295 1259 2436 1327 quod
2483 1259 2705 1314 cortinae
2752 1259 2997 1314 distentae
3041 1260 3289 1324 funibus,
3335 1259 3533 1315 tabulis
3583 1261 3673 1314 in-

2094 1349 2475 1413 terstantibus,
2528 1349 2998 1417 appenderentur,
3051 1365 3171 1419 qua:
3224 1349 3454 1404 tentoria
3506 1350 3678 1405 sustio

2092 1448 2302 1496 tierent.
2375 1440 2687 1495 Tentorium
2755 1450 3005 1496 vocatum
3078 1458 3145 1497 eo
3208 1444 3351 1513 quod
3420 1443 3678 1498 tendatur

2092 1530 2310 1586 funibus
2349 1539 2512 1601 atque
2553 1532 2769 1601 paxillis
2794 1574 2810 1598 ,
2856 1533 2997 1588 unde
3035 1541 3092 1588 et
3131 1532 3291 1590 hodie
3332 1535 3677 1604 pra‘tendere

2092 1623 2310 1678 dicitur.
2398 1622 2622 1695 Mystice
2702 1624 2992 1678 tentorium
3074 1625 3189 1681 sive
3258 1625 3671 1681 tabernaculum

2093 1722 2185 1769 aut
2245 1723 2566 1785 praesentem
2626 1715 2912 1771 ecclesiam
2975 1716 3284 1788 signiﬁcat,
3351 1719 3492 1775 sicut
3539 1718 3676 1774 illud

2187 1806 2500 1862 emaculum
2540 1806 2833 1863 Mosaicum
2881 1808 2936 1863 in
2975 1810 3188 1866 deserto
3219 1811 3272 1865 in
3319 1810 3478 1879 hnjns
3531 1827 3679 1882 prte-

2094 1898 2408 1970 ﬁguratione
2450 1900 2727 1955 conditum
2772 1911 2898 1957 est:
2946 1911 3040 1957 ant
3087 1904 3557 1975 congregationem
3610 1902 3678 1958 ﬂ-

2092 1988 2289 2043 delium
2339 2002 2407 2043 ex
2462 1986 2754 2058 gentibus,
2807 1990 2950 2045 sicut
3006 1991 3135 2046 illud
3184 1999 3268 2046 est
3321 1990 3673 2046 Psalmistaaz

2093 2076 2265 2142 Quam
2295 2076 2544 2131 amabilia
2569 2087 2689 2131 sunt
2721 2079 3058 2134 tabernacula
3087 2090 3201 2146 tua,
3233 2080 3453 2135 flamine
3478 2078 3672 2151 (Psal.

2090 2168 2379 2237 Lxxun);
2437 2169 2522 2225 vel
2573 2170 2939 2226 conditionem
2990 2172 3236 2242 corporis
3285 2173 3541 2238 humani,
3602 2173 3674 2228 de

2090 2277 2198 2331 quo
2250 2260 2382 2316 dicit
2426 2261 2761 2331 Apostolus:
2815 2263 3063 2331 Quandiu
3112 2283 3291 2321 sumus
3344 2268 3400 2322 in
3448 2266 3545 2321 hoc
3590 2278 3674 2322 ta-

2091 2349 2409 2417 bernaculo,
2467 2351 2851 2422 ingemiscimus
2910 2354 3153 2424 gravati,
3217 2356 3445 2410 nolentes
3507 2373 3670 2426 expo-

2089 2440 2244 2507 liari,
2295 2440 2387 2495 sed
2434 2443 2764 2512 supervestiri
2818 2442 2923 2515 (II
2961 2441 3082 2499 Cor.
3124 2445 3219 2517 v).
3271 2444 3403 2500 Item
3455 2446 3669 2517 cogita-

2089 2533 2291 2589 tionem
2332 2533 2531 2588 mentis
2571 2534 2839 2606 significat
2884 2536 3324 2603 tabernaculum,
3370 2544 3431 2591 ut
3472 2546 3559 2592 est
3602 2537 3668 2591 il-

2088 2623 2179 2680 Iud
2228 2624 2371 2679 beati
2415 2621 2557 2680 Job:
2609 2625 2757 2695 Ignis
2800 2627 3013 2682 devorat
3062 2624 3398 2682 tabernacula
3441 2644 3663 2693 eorum,

2086 2716 2179 2788 qui
2229 2732 2449 2771 munera
2502 2715 2718 2771 libenter
2768 2718 3031 2787 accipiunt
3085 2716 3250 2789 (Job.
3304 2716 3464 2791 xv);
3522 2717 3670 2773 sicut

2086 2805 2236 2861 enim
2290 2820 2488 2875 corpus
2544 2805 2599 2859 in
2667 2806 3054 2872 tabernaculo,
3109 2809 3191 2863 sic
3243 2823 3396 2863 mens
3452 2808 3670 2863 habitat

2086 2898 2141 2953 in
2202 2897 2572 2966 cogitatione:
2638 2897 2734 2953 sed
2797 2898 2934 2970 ignis
2994 2899 3340 2956 tabernacula
3393 2901 3621 2957 devorat
3644 2940 3661 2965 ,

2085 2988 2217 3044 dum
2266 2995 2432 3044 aestus
2481 2989 2723 3043 avaritia:
2772 2990 3126 3060 cogitationes
3178 2992 3443 3048 devastat.

2621 3097 2847 3155 CAPUT
2884 3098 3115 3156 XXVIII.

2675 3190 2754 3246 De
2800 3191 3071 3264 sepulcris.

2158 3302 2475 3375 Sepulcrum
2504 3319 2535 3360 a
2558 3304 2765 3376 sepulto
2786 3305 3009 3362 dictum.
3038 3306 3199 3363 Prius
3223 3314 3403 3364 autem
3424 3308 3666 3378 quisque

2086 3394 2142 3449 in
2185 3393 2345 3450 domo
2373 3409 2467 3448 sua
2496 3395 2859 3464 sepeliebatur
2888 3414 2901 3451 :
2930 3406 3115 3467 postea
3144 3399 3366 3453 vetitum
3408 3408 3493 3453 est
3526 3398 3666 3470 legi-

2083 3483 2186 3539 bus
2206 3524 2221 3549 ,
2246 3498 2316 3538 ne
2359 3483 2535 3539 fetore
2565 3484 2682 3554 ipso
2707 3482 2931 3556 capora
2972 3486 3266 3541 viventium
3292 3494 3545 3543 contacta
3577 3488 3666 3542 in-

2084 3572 2393 3629 ﬁcerentur.
2425 3574 2822 3631 Monumentum
2858 3577 2979 3632 ideo
3016 3585 3380 3649 nuncupatur,
3412 3593 3479 3634 eo
3513 3579 3664 3648 quod

2083 3673 2317 3719 mentem
2358 3675 2574 3722 moneat
2602 3667 2668 3721 ad
2694 3666 2932 3724 defuncti
2965 3669 3304 3724 memoriam.
3340 3668 3474 3724 Cum
3510 3670 3662 3725 enim

2084 3772 2191 3811 non
2236 3757 2438 3813 videris
2477 3767 2925 3827 monumentum,
2971 3760 3101 3816 illud
3151 3768 3273 3828 est,
3321 3761 3464 3830 quod
3519 3761 3664 3817 scri-

2080 3856 2231 3915 ptum
2260 3859 2384 3902 est:
2417 3847 2629 3903 Excidit
2672 3858 2922 3921 tanquam
2951 3860 3187 3906 mortuus
3225 3868 3259 3905 α
3314 3851 3487 3905 corde.
3520 3850 3660 3908 Cum

2083 3949 2261 3992 autem
2289 3938 2521 4003 videris,
2551 3947 2733 3995 monet
2761 3948 2997 3996 mentem
3026 3982 3042 4007 ,
3073 3950 3124 3996 et
3156 3942 3222 3997 ad
3252 3942 3572 3997 memoriam
3606 3950 3664 3998 te

2082 4027 2326 4092 reducit,
2359 4036 2418 4081 ut
2443 4036 2714 4084 mortuum
2745 4030 3066 4086 recorderis.
3098 4031 3442 4087 Monumenta
3471 4032 3662 4102 itaque

2080 4128 2135 4174 et
2164 4118 2438 4175 memoriae
2467 4134 2567 4189 pro
2594 4119 2793 4176 mentis
2833 4120 3197 4176 admonitione
3238 4122 3413 4177 dictaa.
3449 4121 3664 4176 Tumu.

2080 4208 2165 4263 lus
2202 4209 2405 4273 dictus,
2437 4208 2593 4279 quasi
2642 4217 2855 4266 tumens
2897 4212 3074 4267 tellus.
3118 4211 3497 4282 Sarcophagus
3521 4227 3665 4281 grte-

2080 4314 2200 4353 cum
2232 4305 2347 4363 est,
2384 4313 2451 4354 eo
2493 4298 2638 4369 quod
2685 4299 2757 4355 ibi
2797 4316 3022 4371 corpora
3067 4309 3492 4356 consumantur:
3526 4315 3660 4355 sarx

2078 4389 2222 4444 enim
2254 4403 2429 4460 graece
2454 4405 2615 4455 caro,
2643 4392 2877 4464 phagein
2923 4394 3208 4450 comedere
3235 4393 3452 4449 dicitur.
3507 4393 3663 4448 Mau-

2081 4479 2241 4535 solaaa
2286 4490 2415 4536 sunt
2475 4482 2722 4553 sepulcra
2783 4484 2871 4538 vel
2938 4494 3286 4540 monumenta
3350 4498 3568 4555 regum,
3623 4499 3659 4539 ξι

2079 4571 2366 4627 Mausolum
2427 4588 2553 4645 rege
2612 4573 2989 4646 Egyptiorum
3050 4576 3211 4630 dicta.
3254 4574 3389 4629 Nam
3438 4590 3504 4630 eo
3554 4574 3656 4628 de-

2077 4663 2262 4719 functo
2320 4679 2457 4721 uxor
2511 4665 2629 4735 ejus
2675 4666 2827 4720 mira):
2874 4665 3262 4736 magnitudinis
3304 4673 3362 4720 et
3404 4664 3657 4735 pulchri-

2079 4758 2280 4812 tudinis
2320 4757 2590 4813 exstruxit
2640 4757 2979 4828 sepulcrum,
3029 4757 3332 4820 intantum,
3375 4764 3438 4810 ut
3475 4770 3658 4825 usque

2078 4847 2239 4902 hodie
2278 4848 2460 4903 omnia
2498 4857 2847 4904 monumenta
2889 4849 3122 4918 pretiosa
3163 4863 3233 4903 ex
3271 4848 3491 4904 nomine
3535 4846 3659 4916 ejus

2079 4937 2367 4995 ntausolaea
2420 4947 2816 5008 nuncupentur.
2883 4939 3132 5011 Pyramis
3192 4948 3277 4995 est
3335 4954 3505 5011 genus
3558 4953 3656 4993 se-

2074 5028 2384 5099 pulcrorum
2449 5029 2771 5098 quadratum
2827 5039 2884 5085 et
2942 5030 3272 5102 fastigiatum
3326 5030 3467 5085 ultra
3533 5044 3659 5083 om-

2075 5133 2198 5173 nem
2255 5118 2695 5174 excelsitudinem
2726 5160 2740 5185 ,
2804 5135 2924 5189 quae
2983 5119 3100 5176 ﬁeri
3158 5135 3324 5175 manu
3391 5120 3562 5190 possit
3635 5136 3652 5173 :

2071 5214 2217 5269 unde
2265 5222 2321 5268 et
2371 5228 2680 5269 mensuram
2742 5214 3057 5269 umbrarum
3120 5227 3385 5285 egressae,
3440 5212 3653 5268 nullam

2075 5304 2274 5358 habere
2331 5303 2576 5357 umbram
2640 5302 2915 5358 dicuntur.
2982 5303 3098 5358 Tali
3163 5312 3345 5359 autem
3411 5302 3652 5358 adiﬁcio

2075 5400 2332 5464 surgunt,
2387 5402 2449 5449 ut
2494 5408 2524 5447 a
2577 5393 2687 5449 lato
2737 5394 3031 5463 incipiant,
3080 5404 3135 5448 et
3189 5394 3243 5448 in
3301 5400 3531 5464 angusto
3583 5392 3658 5448 ﬁ-

2071 5485 2290 5539 niantur
2319 5526 2334 5549 ,
2401 5485 2542 5541 sicut
2601 5485 2763 5556 ignis.
2828 5486 2936 5557 Pyr
3004 5486 3148 5541 enim
3220 5485 3420 5541 dicitur
3482 5484 3651 5555 ignis.

391 5589 586 5630 nomen
658 5591 892 5647 graecum
920 5618 934 5642 ,
994 5594 1022 5630 c
1080 5577 1345 5631 detracta.
1396 5571 1533 5627 Nam
1580 5570 1753 5627 Graeci
1818 5570 1969 5625 aulas
2073 5573 2183 5628 Has
2232 5572 2498 5645 IEgyptus
2545 5574 2749 5628 habet:
2804 5574 2945 5644 apud
2991 5575 3226 5645 majores
3272 5573 3416 5627 enim
3458 5580 3658 5643 poten-

390 5675 588 5720 vocant
608 5665 924 5722 animalium
955 5665 1313 5736 receptacula.
1342 5661 1642 5732 Allegorice
1663 5670 1843 5716 autem
1868 5660 1972 5716 sic-
2071 5673 2155 5719 tcs
2209 5672 2305 5718 aut
2355 5663 2456 5718 sub
2507 5664 2780 5719 montibus
2846 5673 2940 5719 aut
3007 5666 3062 5719 in
3117 5664 3369 5721 domibus
3420 5660 3655 5731 sepelie-

386 5764 443 5813 ιιι
474 5769 605 5813 oves
650 5756 936 5828 religiosos
982 5757 1250 5823 homines,
1293 5756 1384 5825 qui
1422 5752 1690 5809 mansueti
1739 5759 1867 5808 sunt
1912 5761 1969 5807 et
2072 5755 2288 5809 bantur.
2331 5752 2459 5807 Inde
2485 5759 2715 5808 tractum
2763 5761 2874 5821 est,
2924 5760 2985 5808 ut
3026 5767 3189 5824 super
3231 5752 3499 5808 cadavera
3552 5760 3659 5807 aut
