3974 6188
290 314 391 372 ωε)

1256 312 1345 367 DE
1386 310 1732 370 UNIVERSO
1771 313 1950 368 LIBRI
1991 313 2154 368 XXII.
2193 345 2261 354 —-
2300 314 2428 369 LIB.
2470 313 2609 370 XIV.

3461 315 3570 369 M0

287 431 604 506 pyramides
653 428 887 495 ﬁerent,
939 436 1034 484 aut
1086 428 1335 499 ingentes
1391 428 1657 483 columna:
1705 426 1875 482 collo-
1906 432 1954 490 Α
1981 429 2436 500 peregrinationis
2488 445 2602 485 sum
2653 430 2709 484 in
2765 428 2966 484 casulis
3019 428 3289 487 habitare.
3342 429 3409 487 Et
3465 444 3567 502 per

290 535 566 582 carentur.
626 521 852 592 Mystice
905 518 1215 588 sepulcrum
1270 516 1561 588 aliquando
1613 516 1881 571 occultam

290 613 592 685 nequitiam
639 612 755 665 sive
801 608 1179 665 htcreticorum
1223 606 1661 677 prtedicationem
1710 605 1884 677 signi—

290 705 434 759 ﬁcat.
478 701 636 758 Unde
671 698 960 755 PSalmista
990 697 1124 752 dicit
1152 714 1165 752 :
1212 694 1524 766 Sepulcrum
1554 704 1737 766 patens
1766 704 1887 765 gut-

288 805 377 849 tur
426 809 611 847 eorum
660 788 853 864 (Psal.
893 789 1057 860 χιιι).
1114 787 1435 858 Sepulcrum
1482 786 1629 842 enim
1680 786 1883 841 mortui

288 894 476 958 guttur
513 891 602 938 est
633 881 976 945 mentientis,
1022 880 1114 951 qui
1157 879 1488 935 exitiabilem
1534 878 1637 935 sibi
1682 878 1885 932 vanita-

288 987 399 1031 tem
444 976 504 1030 in
547 973 798 1028 faucibus
844 971 1104 1036 revolvit,
1156 985 1276 1041 quas
1325 968 1525 1024 malum
1575 969 1766 1023 mortis
1801 968 1887 1023 iu—

291 1066 443 1137 lligit.
487 1064 637 1119 Bene
678 1072 861 1118 autem
905 1060 1140 1126 addidit,
1183 1070 1363 1131 patens
1395 1073 1414 1112 :
1458 1059 1601 1129 quod
1646 1060 1694 1115 si
1735 1059 1881 1115 clau-

287 1178 407 1218 sum
437 1171 617 1228 esset,
650 1163 831 1217 minus
878 1159 1091 1216 feteret.
1152 1160 1454 1230 Aliquando
1498 1161 1720 1215 fetidam
1752 1174 1883 1215 con-

285 1253 655 1308 versationem
697 1251 1001 1323 peccatoris
1038 1258 1096 1307 et
1134 1252 1283 1305 avari
1319 1251 1555 1306 hominis
1589 1250 1878 1321 signiﬁcat.

288 1343 445 1399 Unde
517 1343 662 1398 idem
734 1341 1021 1397 Psalmista
1078 1342 1197 1407 ait,
1247 1339 1502 1411 Sepulcra
1552 1357 1732 1396 eorum
1786 1341 1882 1395 do-

285 1453 406 1490 mus
448 1453 633 1490 eorum
662 1437 719 1489 in
747 1446 1002 1490 teternum
1034 1434 1222 1507 (Psal.
1255 1450 1419 1489 XLVIII
1445 1434 1462 1506 )
1490 1451 1505 1499 ;
1556 1434 1683 1504 quia
1715 1434 1767 1488 in
1801 1434 1884 1489 in-

285 1537 447 1600 cepta
489 1528 721 1584 avaritia
761 1537 818 1583 et
856 1527 1069 1582 luxuria
1103 1527 1307 1598 eligunt
1344 1539 1714 1596 perseverare.
1746 1524 1879 1579 Item

285 1618 604 1691 sepulcrum
659 1617 930 1689 signiﬁcat
982 1617 1332 1688 bypocritas,
1385 1616 1476 1686 qui
1530 1614 1663 1670 foris
1713 1616 1883 1671 simu-

286 1711 458 1765 latam
497 1710 768 1781 justitiam
805 1709 1137 1775 ostendunt,
1167 1718 1224 1763 et
1254 1708 1399 1763 intus
1440 1708 1586 1778 pleni
1615 1716 1742 1762 sunt
1766 1723 1879 1761 ma-

282 1800 403 1855 litia
446 1808 505 1855 et
549 1799 773 1866 dolore,
822 1799 890 1855 de
932 1799 1130 1869 quibus
1178 1799 1439 1854 Dominus
1489 1799 1542 1852 in
1589 1798 1881 1869 Evangelio

281 1889 454 1955 dicit,
490 1891 638 1962 quod
674 1890 881 1946 similes
913 1901 1099 1945 essent
1131 1889 1395 1960 sepulcris
1431 1888 1723 1953 dealbatis,
1762 1904 1882 1959 qua:

282 1983 421 2039 foris
488 1991 758 2054 apparent
820 1983 1133 2038 hominibus
1198 1982 1480 2051 speciosa,
1548 1982 1696 2035 intus
1756 1990 1882 2036 sunt

285 2073 447 2143 plena
477 2073 694 2129 ossibus
724 2083 1059 2128 mortuorum
1094 2071 1323 2145 (Matth.
1355 2071 1549 2145 χχιιι).
1578 2071 1882 2141 Aliquando

284 2173 469 2220 tamen
522 2164 832 2235 sepulcrum
879 2165 935 2219 in
979 2164 1179 2218 bonam
1226 2171 1437 2232 partem
1483 2162 1772 2232 accipitur,
1824 2169 1883 2215 ιιι

280 2264 371 2309 εει
423 2254 516 2310 illa
573 2254 846 2310 sententia
901 2253 1124 2325 Eliphas
1175 2252 1247 2307 ad
1303 2253 1526 2307 beatum
1581 2251 1725 2306 Job:
1780 2250 1878 2305 ln-

280 2345 537 2417 gredieris
586 2349 641 2399 in
689 2343 1016 2397 abundantia
1059 2341 1357 2412 sepulcrum
1405 2339 1566 2414 (Job.
1597 2340 1690 2413 v).
1742 2340 1882 2408 Quid

281 2434 521 2505 sepulcri
573 2434 818 2496 nomine,
875 2432 981 2488 nisi
1022 2431 1448 2502 contemplativa
1498 2431 1641 2497 vita,
1693 2432 1879 2503 signa-

285 2527 418 2580 tur?
463 2540 589 2596 qua:
635 2538 735 2579 nos
780 2523 938 2594 quasi
986 2524 1055 2578 ab
1101 2522 1205 2578 hoc
1248 2522 1452 2577 mundo
1502 2531 1749 2577 mortuos
1794 2536 1882 2576 se-

284 2616 513 2687 pelivit,
579 2616 710 2670 dum
770 2628 804 2669 a
860 2612 1095 2669 terrenis
1155 2612 1442 2668 desideriis
1490 2620 1773 2681 susceptos
1824 2612 1880 2666 in

282 2707 494 2762 intimis
538 2703 843 2761 abscondit.
895 2703 988 2758 Ait
1034 2718 1165 2773 ergo
1206 2701 1574 2773 :Iugredieris
1615 2703 1673 2757 in
1715 2702 1881 2756 abun-

282 2797 470 2850 dantia
515 2794 833 2866 sepulcrum.
880 2792 976 2849 Vir
1013 2793 1213 2863 quippe
1253 2790 1528 2860 perfectus
1571 2790 1878 2861 sepulcrum

283 2888 344 2943 in
392 2888 723 2943 abundantia
769 2885 1113 2957 ingreditur:
1149 2884 1276 2954 quia
1314 2882 1464 2953 prius
1517 2884 1708 2937 activae
1752 2883 1880 2938 vita:

284 2994 453 3049 opera
514 2984 843 3049 congregat,
900 2986 956 3032 et
1013 2976 1357 3046 postmodum
1416 2976 1600 3032 carnis
1658 2991 1879 3032 sensum

286 3087 388 3143 per
433 3069 950 3140 contemplationem
999 3077 1273 3123 mortuum
1325 3069 1453 3125 huic
1501 3070 1704 3124 mundo
1752 3068 1877 3123 fun-

287 3164 434 3219 ditus
485 3161 748 3218 occultat.
816 3161 952 3216 Item
1003 3160 1312 3231 sepulcrum
1368 3161 1634 3217 memoria
1688 3161 1880 3217 mortis

286 3263 345 3311 et
381 3253 807 3310 resurrectionis
852 3252 1065 3308 Domini
1112 3253 1449 3324 intelligitur,
1498 3262 1560 3308 ut
1604 3253 1657 3307 in
1700 3252 1879 3308 Isaia:

288 3344 359 3399 Et
378 3346 481 3399 erit
502 3342 803 3415 sepulcrum
824 3343 940 3414 ejus
962 3341 1246 3413 gloriosum
1274 3342 1411 3415 (Isa.
1438 3342 1536 3409 χι).
1563 3342 1882 3413 Sepulcrum

287 3448 489 3503 corpus
542 3432 786 3504 peccatis
834 3432 1109 3487 subditum
1134 3472 1149 3498 ,
1199 3432 1315 3489 sive
1363 3432 1711 3488 simulatores
1756 3433 1881 3504 qui-

288 3540 425 3595 que,
454 3532 517 3579 ut
552 3523 609 3579 in
632 3523 920 3593 Evangelia
947 3537 963 3576 :
1001 3521 1090 3578 Va:
1116 3524 1277 3589 vobis,
1310 3521 1570 3578 Pharistei
1598 3534 1645 3578 et
1673 3524 1878 3588 scribta,

287 3612 375 3683 qui
418 3612 621 3667 similes
665 3613 789 3667 estis
835 3610 1087 3682 sepulcris
1115 3610 1371 3666 dealbatis
1404 3611 1424 3682 (
1449 3611 1643 3667 Matth.
1678 3598 1812 3667 χχιιι
1837 3611 1878 3683 ).

290 3703 492 3771 Fossa,
543 3704 821 3759 damnatio
865 3713 1245 3773 peccatorum,
1303 3714 1361 3759 ut
1411 3705 1465 3759 in
1516 3704 1773 3760 Psalmo:
1811 3702 1881 3759 Ut

290 3796 493 3866 mitiges
533 3811 656 3849 eum
681 3811 715 3848 a
741 3794 923 3849 diebus
964 3795 1157 3859 malis,
1198 3795 1362 3851 donec
1405 3795 1645 3865 fodiatur
1685 3794 1876 3868 (Psal.

290 3900 423 3941 scut
447 3885 489 3957 ).
526 3884 697 3941 Fossa
733 3884 1012 3940 damnatio
1055 3884 1252 3941 diaboli
1296 3885 1381 3940 vel
1425 3885 1783 3951 Antichristi,
1822 3894 1881 3940 ut

292 3977 348 4032 in
396 3979 713 4048 propheta:
744 3976 811 4030 Et
854 3976 1175 4047 indagabunt
1223 3975 1406 4041 Assur,
1453 3977 1506 4031 id
1555 3985 1667 4042 est,
1722 3976 1880 4032 Anti-

289 4072 597 4135 christum,
640 4071 698 4124 in
736 4069 878 4139 fossa
917 4068 1152 4123 Nebroth
1196 4066 1404 4141 (Zach.
1436 4069 1534 4131 χ).
1570 4068 1751 4123 Fovea
1786 4068 1880 4123 do-

291 4162 382 4218 lus
429 4163 517 4218 vel
564 4162 791 4231 laqueus
837 4162 891 4216 in
941 4170 1203 4227 mortem,
1253 4171 1316 4216 ut
1364 4162 1418 4217 in
1465 4163 1716 4218 Psalmo:
1771 4160 1879 4216 La-

291 4270 415 4308 cum
461 4253 669 4325 aperuit
712 4260 762 4307 et
803 4252 987 4322 effodit
1030 4268 1176 4317 eum,
1231 4261 1280 4307 et
1329 4252 1513 4306 incidit
1566 4252 1622 4306 in
1668 4251 1874 4322 foveam

292 4361 451 4418 quam
491 4345 617 4415 fecit
660 4343 852 4415 (Psal.
883 4341 1023 4415 vn).
1071 4343 1248 4399 Fovea
1292 4343 1545 4398 haeretica
1594 4344 1872 4414 deccptio,

291 4446 358 4491 ut
409 4437 462 4491 in
514 4434 850 4491 Salomone:
908 4433 1086 4489 Faveo
1138 4434 1405 4505 profunda
1455 4444 1532 4489 est
1584 4437 1830 4491 meretrix
1859 4476 1872 4502 ,

285 4536 341 4581 et
389 4535 574 4597 puteus
619 4534 875 4595 angustus
921 4523 1097 4577 aliena
1137 4540 1274 4579 uxor
1314 4521 1517 4596 (Prov.
1564 4524 1763 4598 χχιιι).

858 4632 1088 4689 CAPUT
1124 4633 1317 4688 XXIX.

772 4703 850 4758 De
893 4704 1134 4773 wdiﬁciis
1180 4705 1410 4759 rusticis.

364 4796 496 4853 Casa
545 4804 765 4869 agreste
805 4793 1210 4860 habitaculum,
1248 4795 1386 4865 palis
1423 4805 1588 4867 atque
1629 4796 1877 4868 virgultis

283 4888 756 4958 arundinibusque
785 4894 1130 4951 contextum,
1161 4886 1359 4955 quibus
1391 4887 1599 4955 possint
1627 4887 1874 4943 homines

284 4981 429 5035 tueri
457 4996 488 5035 a
516 4981 575 5035 vi
604 4979 821 5050 frigoris
849 4979 932 5034 vel
960 4978 1160 5034 caloris
1201 4977 1420 5047 injuria.
1450 4978 1741 5050 Tugurium
1783 4995 1873 5033 ca-

283 5072 406 5128 sula
449 5082 536 5129 est
578 5088 744 5143 quam
782 5071 991 5127 faciunt
1034 5071 1136 5126 sibi
1183 5070 1434 5126 custodes
1477 5070 1754 5124 vinearum
1803 5071 1871 5125 ad

283 5162 521 5233 tegimen
573 5162 658 5218 sui
709 5160 867 5232 quasi
919 5160 1231 5231 tegurium:
1284 5159 1398 5214 sive
1444 5167 1664 5229 propter
1707 5161 1869 5215 ardo-

284 5271 401 5311 rem
453 5255 620 5320 solis,
674 5263 733 5310 et
781 5254 961 5309 radios
1016 5251 1411 5308 declinandos:
1466 5253 1581 5307 sive
1637 5261 1695 5307 ut
1747 5253 1872 5309 inde

283 5346 373 5399 vel
430 5346 679 5401 homines
732 5345 819 5400 vel
881 5343 1175 5408 bestiolas,
1229 5358 1349 5412 qua:
1401 5343 1645 5399 insidiari
1696 5344 1871 5399 solent

284 5439 431 5494 natis
464 5437 710 5511 frugibus
730 5478 746 5504 ,
782 5438 1021 5510 abigant.
1046 5437 1197 5493 Ilanc
1236 5439 1422 5493 rustici
1452 5454 1748 5509 capannam
1777 5456 1873 5495 vo-

282 5537 417 5583 cant
457 5529 601 5599 quod
646 5544 813 5584 unum
862 5536 1070 5583 tantum
1120 5529 1318 5599 capiat.
1368 5527 1507 5584 Casa
1555 5530 1670 5585 sive
1715 5539 1874 5602 tugu-

282 5620 431 5675 rium
466 5628 695 5690 possunt
724 5628 1021 5693 egestatem
1056 5620 1339 5690 prementis
1372 5620 1497 5676 vitae
1541 5620 1867 5692 signiﬁcare.

288 5706 449 5769 Unde
491 5710 691 5784 legitur
740 5710 920 5786 (Heb.
952 5712 1084 5784 χι),
1133 5720 1315 5785 patres
1360 5723 1575 5770 nostros
1623 5714 1678 5769 iu
1726 5722 1869 5768 terra

1990 519 2261 590 tugurium
2311 520 2417 574 vile
2461 519 2827 575 habitaculum
2870 521 2926 575 in
2974 519 3149 586 Isaia,
3201 528 3258 576 et
3304 523 3414 579 cito
3467 524 3566 579 de-

1988 610 2204 665 ciduum
2252 612 2308 666 in
2358 612 2461 667 hoc
2503 612 2703 666 mundo
2754 611 3098 681 exprimitur,
3152 621 3213 666 ut
3255 621 3339 667 est
3394 612 3566 668 illud:

1990 702 2107 758 Erit
2169 702 2297 758 Sion
2356 705 2490 759 sicut
2544 703 2912 758 umbraculum
2973 706 3029 759 in
3091 705 3277 770 vinea,
3326 714 3375 759 et
3434 706 3570 760 sicut

1987 796 2256 865 tugurium
2300 796 2357 849 in
2406 796 2772 849 cucumerario
2817 793 2968 865 (Isa.
3003 794 3083 866 ι).

2560 903 2787 960 CAPUT
2821 902 2991 957 XXX.

2631 974 2712 1027 De
2748 975 2910 1044 agris.

2055 1064 2199 1135 Ager
2245 1063 2413 1119 latine
2462 1063 2791 1133 appellatur,
2843 1077 2910 1118 eo
2957 1062 3102 1132 quod
3152 1062 3206 1117 in
3259 1076 3327 1118 eo
3372 1062 3574 1133 aliquid

1986 1163 2197 1225 agatur.
2255 1154 2360 1209 Alii
2415 1168 2607 1224 agrum
2660 1168 2728 1208 ex
2779 1169 2959 1224 grzeco
3015 1153 3289 1208 nominari
3344 1154 3575 1209 manife-

1986 1250 2123 1305 stius
2169 1249 2400 1304 crodunt
2432 1266 2444 1302 :
2474 1248 2618 1305 unde
2666 1256 2722 1303 et
2765 1248 2890 1302 villa
2940 1263 3114 1318 graece
3161 1247 3456 1317 choragros
3493 1245 3575 1301 di-

1985 1340 2145 1396 citur.
2191 1339 2330 1394 Villa
2371 1355 2400 1393 a
2445 1338 2616 1404 vallo,
2664 1339 2719 1393 id
2756 1346 2876 1403 est,
2922 1353 3117 1410 aggere
3164 1346 3325 1393 terra:
3367 1351 3575 1391 nuncu-

1984 1441 2140 1503 pata,
2192 1433 2337 1502 quod
2385 1447 2484 1502 pro
2532 1431 2704 1486 limite
2747 1432 3002 1486 constitui
3052 1431 3211 1486 solet.
3263 1429 3573 1484 Possessio-

1983 1543 2083 1583 nes
2132 1535 2260 1582 sunt
2315 1527 2428 1597 agri
2482 1526 2592 1581 late
2644 1532 2923 1596 patentes,
2976 1525 3176 1595 publici
3229 1525 3571 1595 privatique,

1984 1633 2121 1688 quos
2156 1618 2210 1672 in
2244 1617 2398 1672 initio
2443 1633 2549 1671 non
2594 1616 3031 1685 mancipatione,
3075 1615 3171 1670 sed
3214 1615 3466 1686 quisque,
3513 1620 3573 1668 ut

1982 1710 2193 1781 potuit,
2241 1710 2525 1780 occupavit
2553 1719 2717 1779 atque
2756 1707 3040 1779 possedit:
3085 1706 3227 1762 unde
3272 1715 3327 1760 et
3367 1720 3575 1760 nuncu-

1983 1804 2117 1874 pati.
2171 1801 2395 1857 Fundus
2442 1800 2620 1855 dictus
2666 1799 2810 1869 quod
2851 1813 2918 1853 eo
2966 1797 3228 1852 fundatur
3271 1796 3358 1852 vel
3404 1795 3574 1852 stabi-

1984 1894 2148 1950 liatur
2186 1891 2593 1963 patrimonium.
2642 1889 2863 1944 Fundus
2907 1896 3088 1943 autem
3132 1888 3397 1941 urbanum
3443 1886 3574 1941 mdi-

1983 1989 2169 2044 ﬁcium
2225 1995 2281 2042 et
2335 1984 2600 2040 rusticum
2657 1981 3062 2053 intelligendum
3114 1988 3218 2034 est.
3266 1977 3571 2042 Prandium,

1982 2077 2129 2149 quod
2173 2091 2241 2131 ex
2292 2072 2543 2129 omnibus
2586 2070 2969 2141 patrifamilias
3019 2069 3260 2123 maxime
3308 2067 3574 2138 prmvide-

1982 2178 2094 2235 tur,
2135 2167 2187 2222 id
2230 2175 2347 2231 est,
2391 2171 2648 2236 apparet,
2693 2162 2849 2233 quasi
2893 2160 3255 2232 praevidium:
3299 2157 3385 2213 vel
3426 2157 3572 2228 quod

1981 2261 2189 2331 antiqui
2230 2275 2393 2330 agros
2433 2273 2569 2329 quos
2609 2256 2754 2313 bello
2793 2261 3083 2326 ceperant,
3130 2260 3190 2306 ut
3235 2251 3429 2320 praedae
3473 2265 3571 2305 no-

1981 2354 2160 2417 mine,
2207 2351 2499 2406 habebant.
2542 2348 2731 2404 Omnis
2762 2354 2944 2400 autem
2973 2358 3102 2413 ager
3145 2340 3239 2414 (ut
3263 2342 3436 2396 Varro
3477 2342 3574 2396 do—

1980 2440 2107 2510 cet)
2160 2438 2497 2511 quadrilarie
2548 2437 2847 2492 dividitur:
2910 2442 3005 2488 aut
3055 2448 3220 2488 arvus
3271 2440 3356 2486 est
3407 2446 3571 2502 ager,

1981 2533 2033 2588 id
2062 2542 2145 2588 est
2164 2574 2179 2597 ,
2209 2530 2492 2586 sationalis
2516 2547 2531 2595 ;
2562 2536 2658 2583 aut
2683 2528 2927 2584 consitus
2952 2567 2967 2590 ,
3002 2525 3054 2580 id
3082 2532 3206 2590 est,
3234 2532 3392 2594 aptus
3420 2521 3576 2576 arbo—

1982 2623 2133 2678 ribus
2162 2640 2176 2689 ;
2210 2632 2304 2677 aut
2332 2622 2605 2693 pascualis
2628 2661 2644 2685 ,
2671 2620 2764 2691 qui
2793 2618 2978 2674 herbis
3006 2624 3215 2671 tantum
3239 2623 3295 2669 et
3323 2611 3573 2668 animali-

1978 2715 2082 2770 bus
2105 2723 2303 2780 vacat;
2329 2722 2423 2768 aut
2447 2712 2664 2776 ﬂoreus,
2693 2711 2748 2766 in
2772 2726 2878 2780 quo
2906 2716 3030 2765 sunt
3053 2706 3197 2763 horti
3223 2706 3415 2775 apibus
3447 2719 3576 2761 con-

1978 2815 2234 2878 gruentes
2297 2813 2352 2861 et
2409 2804 2654 2860 ﬂoribus.
2723 2802 2879 2870 Quod
2945 2802 3110 2857 etiam
3184 2798 3444 2870 Virgilius
3512 2797 3569 2855 in

1978 2907 2175 2967 quarto
2222 2897 2361 2952 libro
2412 2895 2803 2966 Gcorgicorum
2858 2901 3074 2948 secutus
3128 2898 3229 2946 est.
3289 2888 3419 2961 Agri
3481 2902 3577 2942 au-

1980 2994 2090 3041 tem
2144 2985 2365 3039 nomine
2415 2984 2713 3039 humanum
2770 2998 2980 3053 genus,
3044 2979 3298 3035 habitans
3359 2978 3412 3032 in
3470 2977 3576 3032 hoc

1982 3074 2217 3140 mundo,
2288 3072 2632 3143 exprimitur.
2711 3071 2863 3127 Unde
2929 3069 3128 3141 legitur
3193 3069 3248 3123 in
3318 3065 3574 3139 parabola

1907 3142 1952 3205 C
1983 3164 2295 3235 evangelica
2330 3142 2517 3235 :Ager
2560 3172 2635 3219 est
2691 3162 2920 3217 mundus
2976 3160 3214 3234 (Matth.
3266 3160 3453 3233 χιιι),
3514 3160 3569 3214 in

1984 3270 2095 3326 quo
2150 3255 2449 3310 seminatur
2500 3262 2746 3311 sanctum
2798 3254 3021 3307 verbum
3073 3252 3216 3306 Dei:
3271 3252 3367 3307 sed
3412 3250 3567 3320 juxta

1982 3343 2347 3400 dill'crentiam
2392 3354 2555 3400 terra:
2606 3343 2998 3400 fructiﬁcavit:
3051 3343 3179 3413 quia
3228 3343 3371 3398 bona
3423 3352 3569 3397 terra

1980 3435 2216 3491 fructum
2252 3436 2561 3507 centuplum
2592 3438 2857 3491 honorum
2888 3451 3114 3506 operum
3146 3433 3394 3504 profert:
3429 3432 3569 3494 mala

1981 3535 2161 3581 autem
2212 3526 2423 3596 profert
2477 3527 2661 3597 spinas
2709 3534 2765 3581 et
2820 3525 3047 3580 tribulos
3097 3525 3391 3590 vitiorum,
3446 3540 3568 3593 qua:

1980 3616 2143 3672 etiam
2174 3625 2259 3672 est
2297 3616 2661 3672 maledictioni
2701 3617 2969 3687 proxima.
3012 3617 3145 3671 Item
3184 3631 3314 3686 ager
3351 3623 3436 3671 est
3463 3630 3560 3670 ec-

1980 3711 2183 3776 clesia,
2231 3719 2291 3766 ut
2333 3712 2388 3767 in
2438 3711 2678 3767 Genesi:
2725 3710 2892 3778 Ecre,
2939 3714 3016 3767 ait
3056 3712 3238 3778 Isaac,
3291 3712 3422 3766 odor
3469 3712 3570 3780 ﬁlii

1979 3803 2082 3855 mei
2127 3802 2265 3856 sicut
2309 3802 2441 3856 odor
2470 3802 2585 3871 agri
2613 3801 2784 3871 pleni,
2820 3804 2906 3857 cui
2938 3803 3196 3857 benedixit
3230 3802 3371 3856 Deus
3405 3800 3567 3872 (Gen.

1979 3891 2193 3963 xxv").
2245 3893 2311 3946 Et
2362 3893 2416 3947 in
2467 3893 2802 3967 Evangelia:
2851 3892 3109 3947 Emerunt
3154 3909 3219 3946 ex
3265 3893 3339 3946 eis
3384 3909 3570 3963 agrum

1978 3981 2129 4052 ﬁguli
2174 3984 2229 4036 in
2268 3981 2592 4052 sepulturam
2636 3982 3031 4052 peregrinorum
3076 3979 3318 4053 (Matth.
3351 3996 3499 4034 χχιιι
3527 3979 3567 4050 ).

1978 4072 2111 4127 Item
2167 4088 2292 4143 ager
2349 4080 2434 4128 cst
2482 4072 2709 4142 populus
2757 4070 3088 4126 Judzeorum.
3141 4072 3217 4125 Dc
3273 4087 3380 4141 quo
3434 4086 3568 4138 agro

1980 4160 2233 4215 Salomon
2291 4162 2358 4215 ad
2412 4161 2682 4215 Abiathan
2737 4162 3077 4216 sacerdotem
3131 4160 3251 4215 ait:
3316 4159 3456 4213 Vade
3508 4161 3564 4214 in

1977 4270 2164 4323 agrum
2218 4263 2364 4307 tuum
2419 4254 2474 4307 in
2518 4252 2748 4307 Anathot
2805 4252 2910 4324 (II
2941 4252 3066 4323 Reg.
3102 4252 3199 4323 ιι).
3249 4252 3384 4307 ltetn
3438 4268 3570 4323 ager

1977 4340 2247 4412 signiﬁcat
2287 4340 2629 4412 disciplinam
2672 4340 2947 4412 religionis
2986 4340 3343 4406 Christian-aa,
3386 4349 3447 4394 ut
3486 4348 3571 4396 est

1978 4431 2109 4487 illud
2157 4433 2212 4487 in
2265 4431 2600 4502 Evangelio:
2664 4430 2848 4487 Simile
2903 4442 2979 4487 est
3034 4449 3252 4503 regnum
3310 4431 3560 4496 caelorum

1979 4526 2222 4579 thesauro
2268 4523 2573 4578 abscondito
2607 4525 2662 4578 in
2703 4542 2864 4595 agro,
2895 4542 3046 4596 quem
3086 4525 3177 4597 qui
3226 4525 3422 4579 invenit
3462 4526 3560 4579 Ιιοτ

1979 4633 2096 4683 mo,
2136 4616 2410 4671 abscondit
2454 4625 2500 4670 et
2536 4633 2648 4688 pra:
2687 4618 2880 4687 gaudio
2925 4618 3067 4672 illius
3114 4617 3254 4672 vadit
3295 4626 3343 4673 et
3385 4616 3563 4671 vendit

1980 4708 2157 4762 omnia
2181 4724 2297 4780 gate
2325 4707 2499 4773 habet,
2531 4719 2578 4762 et
2610 4710 2732 4762 emit
2761 4725 2946 4780 agrum
2977 4709 3127 4763 illuni
3151 4751 3166 4775 ,
3194 4719 3301 4764 etc.
3334 4707 3563 4780 (Matth.

1980 4797 2145 4871 xm).
2181 4800 2492 4855 Thesaurus
2525 4801 2627 4857 istc
2654 4801 2880 4859 cmleste
2908 4804 3237 4859 desiderium
3268 4803 3561 4874 significat.

1979 4887 2124 4960 Ager
2167 4904 2335 4957 vero,
2387 4892 2440 4946 in
2482 4908 2591 4963 quo
2639 4894 2933 4950 thesaurus
2975 4894 3348 4955 absconditur,
3397 4892 3564 4946 disci-

1978 4981 2179 5051 plinam
2230 4982 2392 5036 studii
2434 4983 2714 5039 cwlcstis:
2768 4985 2962 5051 homo,
3014 4986 3106 5054 qui
3156 4985 3304 5039 hunc
3352 4984 3560 5037 thesau-

1981 5086 2099 5124 rum
2150 5071 2387 5136 invenit,
2430 5072 2662 5127 humiles
2690 5080 2744 5128 ct
2776 5074 3058 5145 religiosos
3096 5072 3390 5141 signiﬁcat.
3423 5071 3561 5139 Quia

1978 5164 2133 5219 valde
2171 5166 2438 5234 gaudent,
2471 5166 2594 5219 dum
2624 5166 2824 5220 bonum
2857 5165 3163 5234 percipiunt
3190 5163 3557 5219 desiderimn:

1980 5263 2107 5310 tunc
2150 5254 2393 5325 profecto
2437 5256 2706 5321 venditis,
2758 5255 2812 5309 id
2863 5263 2979 5316 est.
3027 5254 3352 5324 contemptis
3407 5252 3561 5307 volu-

1977 5346 2218 5417 ptatibus
2254 5347 2479 5405 ramis.
2530 5346 2850 5416 cunctisque
2898 5345 3134 5400 terrenis
3184 5344 3560 5400 delectationi-

1978 5436 2111 5499 bus,
2160 5435 2343 5489 omnia
2391 5436 2574 5491 mundi
2618 5451 2719 5506 per
2760 5435 3059 5506 disciplina:
3098 5434 3339 5490 caelestis
3383 5443 3564 5490 custo-

1975 5528 2121 5583 diam
2165 5527 2371 5581 calcant
2407 5543 2421 5583 :
2447 5527 2518 5580 nil
2547 5525 2678 5594 jam,
2721 5526 2864 5596 quod
2890 5527 3042 5582 carni
3071 5525 3367 5592 blanditur,
3394 5526 3556 5582 libet:

1978 5621 2090 5685 nil,
2120 5621 2260 5692 quod
2298 5620 2478 5676 carnis
2513 5620 2676 5673 vitam
2714 5619 2970 5681 trucidat,
3010 5620 3233 5690 spiritus
3273 5617 3554 5675 horrescit.

1980 5713 2105 5767 Sive
2158 5712 2359 5771 aliter:
2422 5712 2709 5769 thesaurus
2755 5711 2858 5768 iste
2904 5710 3151 5768 Christus
3200 5709 3552 5782 intelligitur:
