  <div class='ocr_page' id='page_1' title='image "/cluster/home/n/w/nwhite01/storage/ocr_20150623/111/hvd.32044054759766/211.png"; bbox 0 0 3974 6188; ppageno 0'>
   <div class='ocr_carea' id='block_1_1' title="bbox 396 336 493 391">
    <p class='ocr_par' dir='ltr' id='par_1_1' title="bbox 396 336 493 391">
     <span class='ocr_line' id='line_1_1' title="bbox 396 336 493 391; baseline -0.021 0"><span class='ocrx_word' id='word_1_1' title='bbox 396 336 493 391; x_wconf 70' lang='grc' dir='ltr'><strong>ιιι</strong></span> 
     </span>
    </p>
   </div>
   <div class='ocr_carea' id='block_1_2' title="bbox 400 534 1984 610">
    <p class='ocr_par' dir='ltr' id='par_1_2' title="bbox 400 534 1984 610">
     <span class='ocr_line' id='line_1_2' title="bbox 400 534 1984 610; baseline -0.004 -13"><span class='ocrx_word' id='word_1_2' title='bbox 400 542 595 599; x_wconf 84' lang='lat' dir='ltr'><strong>notitia</strong></span> <span class='ocrx_word' id='word_1_3' title='bbox 628 540 927 597; x_wconf 84' lang='lat' dir='ltr'><strong>Salvatoris</strong></span> <span class='ocrx_word' id='word_1_4' title='bbox 967 540 1182 594; x_wconf 99' lang='lat' dir='ltr'><strong>nostri:</strong></span> <span class='ocrx_word' id='word_1_5' title='bbox 1225 540 1353 610; x_wconf 91' lang='lat' dir='ltr'><strong>quia</strong></span> <span class='ocrx_word' id='word_1_6' title='bbox 1393 539 1639 609; x_wconf 83' lang='lat' dir='ltr'><strong>quisquis</strong></span> <span class='ocrx_word' id='word_1_7' title='bbox 1683 553 1837 602; x_wconf 89' lang='lat' dir='ltr'><strong>eum,</strong></span> <span class='ocrx_word' id='word_1_8' title='bbox 1869 534 1984 604; x_wconf 74' lang='lat' dir='ltr'><strong>ejus</strong></span> 
     </span>
    </p>
   </div>
   <div class='ocr_carea' id='block_1_3' title="bbox 401 628 1983 703">
    <p class='ocr_par' dir='ltr' id='par_1_3' title="bbox 401 628 1983 703">
     <span class='ocr_line' id='line_1_3' title="bbox 401 628 1983 703; baseline -0.004 -16"><span class='ocrx_word' id='word_1_9' title='bbox 401 633 575 703; x_wconf 82' lang='lat' dir='ltr'><strong>gratia</strong></span> <span class='ocrx_word' id='word_1_10' title='bbox 604 630 911 695; x_wconf 80' lang='lat' dir='ltr'><strong>revelante,</strong></span> <span class='ocrx_word' id='word_1_11' title='bbox 960 632 1304 701; x_wconf 84' lang='lat' dir='ltr'><strong>cognoverit,</strong></span> <span class='ocrx_word' id='word_1_12' title='bbox 1348 638 1565 700; x_wconf 76' lang='lat' dir='ltr'><strong>opoxtet</strong></span> <span class='ocrx_word' id='word_1_13' title='bbox 1609 629 1756 684; x_wconf 89' lang='lat' dir='ltr'><strong>illum</strong></span> <span class='ocrx_word' id='word_1_14' title='bbox 1803 628 1983 683; x_wconf 85' lang='lat' dir='ltr'><strong>omnia</strong></span> 
     </span>
    </p>
   </div>
   <div class='ocr_carea' id='block_1_4' title="bbox 400 719 1983 789">
    <p class='ocr_par' dir='ltr' id='par_1_4' title="bbox 400 719 1983 789">
     <span class='ocr_line' id='line_1_4' title="bbox 400 719 1983 789; baseline -0.006 -9"><span class='ocrx_word' id='word_1_15' title='bbox 400 726 798 780; x_wconf 83' lang='lat' dir='ltr'><strong>delectainenta</strong></span> <span class='ocrx_word' id='word_1_16' title='bbox 828 722 1011 777; x_wconf 70' lang='lat' dir='ltr'><strong>saeculi</strong></span> <span class='ocrx_word' id='word_1_17' title='bbox 1055 732 1439 787; x_wconf 81' lang='lat' dir='ltr'><strong>contemnere,</strong></span> <span class='ocrx_word' id='word_1_18' title='bbox 1478 731 1534 777; x_wconf 89' lang='lat' dir='ltr'><strong>et</strong></span> <span class='ocrx_word' id='word_1_19' title='bbox 1575 721 1642 776; x_wconf 89' lang='lat' dir='ltr'><strong>ad</strong></span> <span class='ocrx_word' id='word_1_20' title='bbox 1682 720 1798 789; x_wconf 87' lang='lat' dir='ltr'><strong>ejus</strong></span> <span class='ocrx_word' id='word_1_21' title='bbox 1839 719 1983 773; x_wconf 90' lang='lat' dir='ltr'><strong>noti-</strong></span> 
     </span>
    </p>
   </div>
   <div class='ocr_carea' id='block_1_5' title="bbox 406 810 1982 884">
    <p class='ocr_par' dir='ltr' id='par_1_5' title="bbox 406 810 1982 884">
     <span class='ocr_line' id='line_1_5' title="bbox 406 810 1982 884; baseline -0.003 -14"><span class='ocrx_word' id='word_1_22' title='bbox 406 815 536 870; x_wconf 84' lang='lat' dir='ltr'><strong>tiam</strong></span> <span class='ocrx_word' id='word_1_23' title='bbox 560 810 676 884; x_wconf 85' lang='lat' dir='ltr'><strong>jugi</strong></span> <span class='ocrx_word' id='word_1_24' title='bbox 717 814 1107 869; x_wconf 71' lang='lat' dir='ltr'><strong>exercitatione</strong></span> <span class='ocrx_word' id='word_1_25' title='bbox 1144 815 1411 869; x_wconf 84' lang='lat' dir='ltr'><strong>bonorum</strong></span> <span class='ocrx_word' id='word_1_26' title='bbox 1442 829 1667 883; x_wconf 89' lang='lat' dir='ltr'><strong>operum</strong></span> <span class='ocrx_word' id='word_1_27' title='bbox 1700 812 1982 868; x_wconf 84' lang='lat' dir='ltr'><strong>festinare.</strong></span> 
     </span>
    </p>
   </div>
   <div class='ocr_carea' id='block_1_6' title="bbox 349 892 1983 975">
    <p class='ocr_par' dir='ltr' id='par_1_6' title="bbox 349 892 1983 975">
     <span class='ocr_line' id='line_1_6' title="bbox 349 892 1983 975; baseline -0.002 -15"><span class='ocrx_word' id='word_1_28' title='bbox 349 892 370 975; x_wconf 46' lang='grc' dir='ltr'>ξ</span> <span class='ocrx_word' id='word_1_29' title='bbox 410 906 659 960; x_wconf 88' lang='lat' dir='ltr'><strong>Iuventus</strong></span> <span class='ocrx_word' id='word_1_30' title='bbox 684 914 864 959; x_wconf 91' lang='lat' dir='ltr'><strong>autem</strong></span> <span class='ocrx_word' id='word_1_31' title='bbox 882 906 1168 960; x_wconf 90' lang='lat' dir='ltr'><strong>thesaurus</strong></span> <span class='ocrx_word' id='word_1_32' title='bbox 1198 905 1567 971; x_wconf 87' lang='lat' dir='ltr'><strong>absconditur,</strong></span> <span class='ocrx_word' id='word_1_33' title='bbox 1601 914 1662 960; x_wconf 89' lang='lat' dir='ltr'><strong>ut</strong></span> <span class='ocrx_word' id='word_1_34' title='bbox 1690 913 1937 960; x_wconf 81' lang='lat' dir='ltr'><strong>servetur</strong></span> <span class='ocrx_word' id='word_1_35' title='bbox 1970 920 1983 956; x_wconf 95' lang='lat'><strong>:</strong></span> 
     </span>
    </p>
   </div>
   <div class='ocr_carea' id='block_1_7' title="bbox 362 978 1990 1072">
    <p class='ocr_par' dir='ltr' id='par_1_7' title="bbox 362 978 1990 1072">
     <span class='ocr_line' id='line_1_7' title="bbox 362 978 1990 1072; baseline -0.002 -17"><span class='ocrx_word' id='word_1_36' title='bbox 362 978 530 1072; x_wconf 34' lang='lat' dir='ltr'><strong>tquia</strong></span> <span class='ocrx_word' id='word_1_37' title='bbox 571 1000 803 1055; x_wconf 91' lang='lat' dir='ltr'><strong>studium</strong></span> <span class='ocrx_word' id='word_1_38' title='bbox 826 1041 841 1064; x_wconf 92' lang='lat'><strong>,</strong></span> <span class='ocrx_word' id='word_1_39' title='bbox 883 1002 1037 1055; x_wconf 67' lang='lat' dir='ltr'><strong>bona:</strong></span> <span class='ocrx_word' id='word_1_40' title='bbox 1075 1000 1366 1056; x_wconf 81' lang='lat' dir='ltr'><strong>voluntatis</strong></span> <span class='ocrx_word' id='word_1_41' title='bbox 1401 1001 1455 1054; x_wconf 92' lang='lat' dir='ltr'><strong>in</strong></span> <span class='ocrx_word' id='word_1_42' title='bbox 1492 1014 1655 1070; x_wconf 85' lang='lat' dir='ltr'><strong>opere</strong></span> <span class='ocrx_word' id='word_1_43' title='bbox 1694 998 1790 1053; x_wconf 92' lang='lat' dir='ltr'><strong>Dei</strong></span> <span class='ocrx_word' id='word_1_44' title='bbox 1830 1011 1990 1053; x_wconf 90' lang='lat' dir='ltr'><strong>nemo</strong></span> 
     </span>
    </p>
   </div>
   <div class='ocr_carea' id='block_1_8' title="bbox 407 1087 1987 1159">
    <p class='ocr_par' dir='ltr' id='par_1_8' title="bbox 407 1087 1987 1159">
     <span class='ocr_line' id='line_1_8' title="bbox 407 1087 1987 1159; baseline -0.001 -15"><span class='ocrx_word' id='word_1_45' title='bbox 407 1090 681 1145; x_wconf 89' lang='lat' dir='ltr'><strong>custodire</strong></span> <span class='ocrx_word' id='word_1_46' title='bbox 732 1087 958 1154; x_wconf 84' lang='lat' dir='ltr'><strong>sutlicit,</strong></span> <span class='ocrx_word' id='word_1_47' title='bbox 1012 1090 1106 1159; x_wconf 89' lang='lat' dir='ltr'><strong>qui</strong></span> <span class='ocrx_word' id='word_1_48' title='bbox 1155 1091 1225 1146; x_wconf 90' lang='lat' dir='ltr'><strong>ab</strong></span> <span class='ocrx_word' id='word_1_49' title='bbox 1272 1091 1524 1146; x_wconf 89' lang='lat' dir='ltr'><strong>humanis</strong></span> <span class='ocrx_word' id='word_1_50' title='bbox 1576 1089 1829 1144; x_wconf 89' lang='lat' dir='ltr'><strong>laudibus</strong></span> <span class='ocrx_word' id='word_1_51' title='bbox 1878 1103 1987 1144; x_wconf 88' lang='lat' dir='ltr'><strong>non</strong></span> 
     </span>
    </p>
   </div>
   <div class='ocr_carea' id='block_1_9' title="bbox 407 1178 1988 1253">
    <p class='ocr_par' dir='ltr' id='par_1_9' title="bbox 407 1178 1988 1253">
     <span class='ocr_line' id='line_1_9' title="bbox 407 1178 1988 1253; baseline -0.001 -18"><span class='ocrx_word' id='word_1_52' title='bbox 407 1178 708 1235; x_wconf 83' lang='lat' dir='ltr'><strong>abscondit.</strong></span> <span class='ocrx_word' id='word_1_53' title='bbox 764 1179 912 1234; x_wconf 83' lang='lat' dir='ltr'><strong>Rura</strong></span> <span class='ocrx_word' id='word_1_54' title='bbox 962 1189 1174 1236; x_wconf 89' lang='lat' dir='ltr'><strong>veteres</strong></span> <span class='ocrx_word' id='word_1_55' title='bbox 1222 1181 1455 1238; x_wconf 88' lang='lat' dir='ltr'><strong>incultos</strong></span> <span class='ocrx_word' id='word_1_56' title='bbox 1499 1196 1657 1253; x_wconf 85' lang='lat' dir='ltr'><strong>agros</strong></span> <span class='ocrx_word' id='word_1_57' title='bbox 1702 1181 1988 1245; x_wconf 80' lang='lat' dir='ltr'><strong>dicebant,</strong></span> 
     </span>
    </p>
   </div>
   <div class='ocr_carea' id='block_1_10' title="bbox 414 1270 1993 1344">
    <p class='ocr_par' dir='ltr' id='par_1_10' title="bbox 414 1270 1993 1344">
     <span class='ocr_line' id='line_1_10' title="bbox 414 1270 1993 1344; baseline -0.002 -16"><span class='ocrx_word' id='word_1_58' title='bbox 414 1272 463 1329; x_wconf 90' lang='lat' dir='ltr'><strong>id</strong></span> <span class='ocrx_word' id='word_1_59' title='bbox 510 1281 629 1337; x_wconf 91' lang='lat' dir='ltr'><strong>est,</strong></span> <span class='ocrx_word' id='word_1_60' title='bbox 684 1272 850 1327; x_wconf 90' lang='lat' dir='ltr'><strong>silvas</strong></span> <span class='ocrx_word' id='word_1_61' title='bbox 901 1281 957 1327; x_wconf 90' lang='lat' dir='ltr'><strong>et</strong></span> <span class='ocrx_word' id='word_1_62' title='bbox 1006 1288 1247 1343; x_wconf 89' lang='lat' dir='ltr'><strong>pascua:</strong></span> <span class='ocrx_word' id='word_1_63' title='bbox 1303 1288 1493 1344; x_wconf 82' lang='lat' dir='ltr'><strong>agrum</strong></span> <span class='ocrx_word' id='word_1_64' title='bbox 1543 1288 1705 1336; x_wconf 82' lang='lat' dir='ltr'><strong>vero,</strong></span> <span class='ocrx_word' id='word_1_65' title='bbox 1757 1270 1848 1340; x_wconf 87' lang='lat' dir='ltr'><strong>qui</strong></span> <span class='ocrx_word' id='word_1_66' title='bbox 1899 1286 1993 1326; x_wconf 89' lang='lat' dir='ltr'><strong>co-</strong></span> 
     </span>
    </p>
   </div>
   <div class='ocr_carea' id='block_1_11' title="bbox 410 1361 1993 1433">
    <p class='ocr_par' dir='ltr' id='par_1_11' title="bbox 410 1361 1993 1433">
     <span class='ocr_line' id='line_1_11' title="bbox 410 1361 1993 1433; baseline -0.001 -16"><span class='ocrx_word' id='word_1_67' title='bbox 410 1362 640 1417; x_wconf 89' lang='lat' dir='ltr'><strong>lebatur.</strong></span> <span class='ocrx_word' id='word_1_68' title='bbox 698 1361 831 1417; x_wconf 90' lang='lat' dir='ltr'><strong>Nam</strong></span> <span class='ocrx_word' id='word_1_69' title='bbox 889 1379 982 1418; x_wconf 88' lang='lat' dir='ltr'><strong>rus</strong></span> <span class='ocrx_word' id='word_1_70' title='bbox 1030 1372 1144 1425; x_wconf 88' lang='lat' dir='ltr'><strong>est,</strong></span> <span class='ocrx_word' id='word_1_71' title='bbox 1199 1378 1310 1433; x_wconf 92' lang='lat' dir='ltr'><strong>quo</strong></span> <span class='ocrx_word' id='word_1_72' title='bbox 1362 1363 1502 1428; x_wconf 88' lang='lat' dir='ltr'><strong>mel,</strong></span> <span class='ocrx_word' id='word_1_73' title='bbox 1555 1378 1665 1432; x_wconf 92' lang='lat' dir='ltr'><strong>quo</strong></span> <span class='ocrx_word' id='word_1_74' title='bbox 1713 1363 1828 1427; x_wconf 88' lang='lat' dir='ltr'><strong>lac,</strong></span> <span class='ocrx_word' id='word_1_75' title='bbox 1885 1376 1993 1431; x_wconf 91' lang='lat' dir='ltr'><strong>quo</strong></span> 
     </span>
    </p>
   </div>
   <div class='ocr_carea' id='block_1_12' title="bbox 407 1451 1992 1525">
    <p class='ocr_par' dir='ltr' id='par_1_12' title="bbox 407 1451 1992 1525">
     <span class='ocr_line' id='line_1_12' title="bbox 407 1451 1992 1525; baseline -0.002 -18"><span class='ocrx_word' id='word_1_76' title='bbox 407 1467 577 1523; x_wconf 87' lang='lat' dir='ltr'><strong>pecus</strong></span> <span class='ocrx_word' id='word_1_77' title='bbox 617 1451 805 1507; x_wconf 84' lang='lat' dir='ltr'><strong>haberi</strong></span> <span class='ocrx_word' id='word_1_78' title='bbox 847 1460 1044 1521; x_wconf 88' lang='lat' dir='ltr'><strong>potest.</strong></span> <span class='ocrx_word' id='word_1_79' title='bbox 1081 1451 1235 1507; x_wconf 84' lang='lat' dir='ltr'><strong>Unde</strong></span> <span class='ocrx_word' id='word_1_80' title='bbox 1278 1460 1336 1506; x_wconf 90' lang='lat' dir='ltr'><strong>et</strong></span> <span class='ocrx_word' id='word_1_81' title='bbox 1382 1453 1618 1525; x_wconf 85' lang='lat' dir='ltr'><strong>rusticus</strong></span> <span class='ocrx_word' id='word_1_82' title='bbox 1659 1451 1992 1507; x_wconf 87' lang='lat' dir='ltr'><strong>nominatur.</strong></span> 
     </span>
    </p>
   </div>
   <div class='ocr_carea' id='block_1_13' title="bbox 413 1544 1991 1617">
    <p class='ocr_par' dir='ltr' id='par_1_13' title="bbox 413 1544 1991 1617">
     <span class='ocr_line' id='line_1_13' title="bbox 413 1544 1991 1617; baseline -0.004 -14"><span class='ocrx_word' id='word_1_83' title='bbox 413 1547 549 1603; x_wconf 84' lang='lat' dir='ltr'><strong>Nam</strong></span> <span class='ocrx_word' id='word_1_84' title='bbox 619 1547 733 1601; x_wconf 77' lang='lat' dir='ltr'><strong>lucc</strong></span> <span class='ocrx_word' id='word_1_85' title='bbox 794 1546 1121 1600; x_wconf 89' lang='lat' dir='ltr'><strong>rusticorum</strong></span> <span class='ocrx_word' id='word_1_86' title='bbox 1175 1546 1349 1617; x_wconf 90' lang='lat' dir='ltr'><strong>prima</strong></span> <span class='ocrx_word' id='word_1_87' title='bbox 1403 1555 1459 1599; x_wconf 89' lang='lat' dir='ltr'><strong>et</strong></span> <span class='ocrx_word' id='word_1_88' title='bbox 1510 1545 1687 1601; x_wconf 89' lang='lat' dir='ltr'><strong>otiosa</strong></span> <span class='ocrx_word' id='word_1_89' title='bbox 1744 1544 1991 1599; x_wconf 79' lang='lat' dir='ltr'><strong>felicitas.</strong></span> 
     </span>
    </p>
   </div>
   <div class='ocr_carea' id='block_1_14' title="bbox 417 1634 1960 1708">
    <p class='ocr_par' dir='ltr' id='par_1_14' title="bbox 417 1634 1960 1708">
     <span class='ocr_line' id='line_1_14' title="bbox 417 1634 1960 1708; baseline -0.002 -17"><span class='ocrx_word' id='word_1_90' title='bbox 417 1636 583 1708; x_wconf 85' lang='lat' dir='ltr'><strong>Seges</strong></span> <span class='ocrx_word' id='word_1_91' title='bbox 616 1652 747 1706; x_wconf 86' lang='lat' dir='ltr'><strong>ager</strong></span> <span class='ocrx_word' id='word_1_92' title='bbox 774 1644 884 1701; x_wconf 80' lang='lat' dir='ltr'><strong>est,</strong></span> <span class='ocrx_word' id='word_1_93' title='bbox 919 1636 972 1690; x_wconf 91' lang='lat' dir='ltr'><strong>in</strong></span> <span class='ocrx_word' id='word_1_94' title='bbox 1004 1650 1113 1706; x_wconf 90' lang='lat' dir='ltr'><strong>quo</strong></span> <span class='ocrx_word' id='word_1_95' title='bbox 1141 1636 1362 1691; x_wconf 91' lang='lat' dir='ltr'><strong>seritur.</strong></span> <span class='ocrx_word' id='word_1_96' title='bbox 1402 1635 1554 1692; x_wconf 86' lang='lat' dir='ltr'><strong>Unde</strong></span> <span class='ocrx_word' id='word_1_97' title='bbox 1584 1645 1639 1691; x_wconf 92' lang='lat' dir='ltr'><strong>et</strong></span> <span class='ocrx_word' id='word_1_98' title='bbox 1667 1634 1960 1706; x_wconf 78' lang='lat' dir='ltr'><strong>Virgilius:</strong></span> 
     </span>
    </p>
   </div>
   <div class='ocr_carea' id='block_1_15' title="bbox 548 1772 1612 1833">
    <p class='ocr_par' dir='ltr' id='par_1_15' title="bbox 548 1772 1612 1833">
     <span class='ocr_line' id='line_1_15' title="bbox 548 1772 1612 1833; baseline 0 -13"><span class='ocrx_word' id='word_1_99' title='bbox 548 1772 629 1821; x_wconf 77' lang='lat' dir='ltr'><strong>Illa</strong></span> <span class='ocrx_word' id='word_1_100' title='bbox 656 1784 804 1828; x_wconf 72' lang='lat' dir='ltr'><strong>seges</strong></span> <span class='ocrx_word' id='word_1_101' title='bbox 824 1772 1021 1822; x_wconf 86' lang='lat' dir='ltr'><strong>demum</strong></span> <span class='ocrx_word' id='word_1_102' title='bbox 1043 1776 1171 1823; x_wconf 89' lang='lat' dir='ltr'><strong>votis</strong></span> <span class='ocrx_word' id='word_1_103' title='bbox 1190 1773 1458 1833; x_wconf 78' lang='lat' dir='ltr'><strong>reSpondet</strong></span> <span class='ocrx_word' id='word_1_104' title='bbox 1482 1772 1612 1822; x_wconf 81' lang='lat' dir='ltr'><strong>avari</strong></span> 
     </span>
    </p>
   </div>
   <div class='ocr_carea' id='block_1_16' title="bbox 540 1836 798 1895">
    <p class='ocr_par' dir='ltr' id='par_1_16' title="bbox 540 1836 798 1895">
     <span class='ocr_line' id='line_1_16' title="bbox 540 1836 798 1895; baseline -0.004 -11"><span class='ocrx_word' id='word_1_105' title='bbox 540 1836 798 1895; x_wconf 66' lang='lat' dir='ltr'><strong>Agricola.</strong></span> 
     </span>
    </p>
   </div>
   <div class='ocr_carea' id='block_1_17' title="bbox 419 1956 2003 2030">
    <p class='ocr_par' dir='ltr' id='par_1_17' title="bbox 419 1956 2003 2030">
     <span class='ocr_line' id='line_1_17' title="bbox 419 1956 2003 2030; baseline 0 -16"><span class='ocrx_word' id='word_1_106' title='bbox 419 1956 789 2028; x_wconf 85' lang='lat' dir='ltr'><strong>Compascuus</strong></span> <span class='ocrx_word' id='word_1_107' title='bbox 833 1972 961 2029; x_wconf 86' lang='lat' dir='ltr'><strong>ager</strong></span> <span class='ocrx_word' id='word_1_108' title='bbox 1004 1958 1214 2023; x_wconf 88' lang='lat' dir='ltr'><strong>dictus,</strong></span> <span class='ocrx_word' id='word_1_109' title='bbox 1257 1959 1349 2028; x_wconf 89' lang='lat' dir='ltr'><strong>qui</strong></span> <span class='ocrx_word' id='word_1_110' title='bbox 1400 1973 1429 2012; x_wconf 94' lang='lat' dir='ltr'><strong>a</strong></span> <span class='ocrx_word' id='word_1_111' title='bbox 1474 1958 1800 2015; x_wconf 85' lang='lat' dir='ltr'><strong>divisoribus</strong></span> <span class='ocrx_word' id='word_1_112' title='bbox 1841 1975 2003 2030; x_wconf 87' lang='lat' dir='ltr'><strong>agro-</strong></span> 
     </span>
    </p>
   </div>
   <div class='ocr_carea' id='block_1_18' title="bbox 421 2048 2005 2117">
    <p class='ocr_par' dir='ltr' id='par_1_18' title="bbox 421 2048 2005 2117">
     <span class='ocr_line' id='line_1_18' title="bbox 421 2048 2005 2117; baseline 0.001 -15"><span class='ocrx_word' id='word_1_113' title='bbox 421 2064 543 2102; x_wconf 89' lang='lat' dir='ltr'><strong>rum</strong></span> <span class='ocrx_word' id='word_1_114' title='bbox 587 2048 809 2103; x_wconf 89' lang='lat' dir='ltr'><strong>relictus</strong></span> <span class='ocrx_word' id='word_1_115' title='bbox 856 2059 940 2102; x_wconf 86' lang='lat' dir='ltr'><strong>est</strong></span> <span class='ocrx_word' id='word_1_116' title='bbox 979 2049 1045 2102; x_wconf 89' lang='lat' dir='ltr'><strong>ad</strong></span> <span class='ocrx_word' id='word_1_117' title='bbox 1089 2049 1421 2117; x_wconf 86' lang='lat' dir='ltr'><strong>pascendum</strong></span> <span class='ocrx_word' id='word_1_118' title='bbox 1467 2050 1828 2103; x_wconf 85' lang='lat' dir='ltr'><strong>communiter</strong></span> <span class='ocrx_word' id='word_1_119' title='bbox 1873 2049 2005 2103; x_wconf 75' lang='lat' dir='ltr'><strong>vici-</strong></span> 
     </span>
    </p>
   </div>
   <div class='ocr_carea' id='block_1_19' title="bbox 422 2139 2005 2210">
    <p class='ocr_par' dir='ltr' id='par_1_19' title="bbox 422 2139 2005 2210">
     <span class='ocr_line' id='line_1_19' title="bbox 422 2139 2005 2210; baseline -0.001 -15"><span class='ocrx_word' id='word_1_120' title='bbox 422 2141 528 2195; x_wconf 88' lang='lat' dir='ltr'><strong>nis.</strong></span> <span class='ocrx_word' id='word_1_121' title='bbox 561 2139 805 2194; x_wconf 76' lang='lat' dir='ltr'><strong>Alluvius</strong></span> <span class='ocrx_word' id='word_1_122' title='bbox 856 2155 985 2210; x_wconf 82' lang='lat' dir='ltr'><strong>ager</strong></span> <span class='ocrx_word' id='word_1_123' title='bbox 1030 2140 1205 2194; x_wconf 90' lang='lat' dir='ltr'><strong>dictus</strong></span> <span class='ocrx_word' id='word_1_124' title='bbox 1249 2148 1365 2204; x_wconf 85' lang='lat' dir='ltr'><strong>est,</strong></span> <span class='ocrx_word' id='word_1_125' title='bbox 1414 2139 1556 2209; x_wconf 89' lang='lat' dir='ltr'><strong>quod</strong></span> <span class='ocrx_word' id='word_1_126' title='bbox 1600 2139 1857 2209; x_wconf 81' lang='lat' dir='ltr'><strong>paulatim</strong></span> <span class='ocrx_word' id='word_1_127' title='bbox 1906 2139 2005 2193; x_wconf 88' lang='lat' dir='ltr'><strong>ﬁu-</strong></span> 
     </span>
    </p>
   </div>
   <div class='ocr_carea' id='block_1_20' title="bbox 421 2229 2000 2300">
    <p class='ocr_par' dir='ltr' id='par_1_20' title="bbox 421 2229 2000 2300">
     <span class='ocr_line' id='line_1_20' title="bbox 421 2229 2000 2300; baseline 0 -17"><span class='ocrx_word' id='word_1_128' title='bbox 421 2231 543 2285; x_wconf 84' lang='lat' dir='ltr'><strong>vius</strong></span> <span class='ocrx_word' id='word_1_129' title='bbox 574 2230 626 2284; x_wconf 94' lang='lat' dir='ltr'><strong>in</strong></span> <span class='ocrx_word' id='word_1_130' title='bbox 658 2245 845 2300; x_wconf 89' lang='lat' dir='ltr'><strong>agrum</strong></span> <span class='ocrx_word' id='word_1_131' title='bbox 880 2230 1132 2285; x_wconf 87' lang='lat' dir='ltr'><strong>mittitur.</strong></span> <span class='ocrx_word' id='word_1_132' title='bbox 1166 2229 1459 2285; x_wconf 80' lang='lat' dir='ltr'><strong>Arcitinius</strong></span> <span class='ocrx_word' id='word_1_133' title='bbox 1504 2245 1637 2300; x_wconf 85' lang='lat' dir='ltr'><strong>ager</strong></span> <span class='ocrx_word' id='word_1_134' title='bbox 1678 2231 1855 2285; x_wconf 82' lang='lat' dir='ltr'><strong>dictus</strong></span> <span class='ocrx_word' id='word_1_135' title='bbox 1883 2240 2000 2295; x_wconf 88' lang='lat' dir='ltr'><strong>est,</strong></span> 
     </span>
    </p>
   </div>
   <div class='ocr_carea' id='block_1_21' title="bbox 421 2321 2004 2377">
    <p class='ocr_par' dir='ltr' id='par_1_21' title="bbox 421 2321 2004 2377">
     <span class='ocr_line' id='line_1_21' title="bbox 421 2321 2004 2377; baseline -0.001 -1"><span class='ocrx_word' id='word_1_136' title='bbox 421 2321 545 2376; x_wconf 91' lang='lat' dir='ltr'><strong>buia</strong></span> <span class='ocrx_word' id='word_1_137' title='bbox 577 2322 741 2377; x_wconf 87' lang='lat' dir='ltr'><strong>certis</strong></span> <span class='ocrx_word' id='word_1_138' title='bbox 772 2321 1038 2377; x_wconf 88' lang='lat' dir='ltr'><strong>linearum</strong></span> <span class='ocrx_word' id='word_1_139' title='bbox 1071 2323 1340 2377; x_wconf 89' lang='lat' dir='ltr'><strong>mensuris</strong></span> <span class='ocrx_word' id='word_1_140' title='bbox 1379 2338 1486 2377; x_wconf 92' lang='lat' dir='ltr'><strong>non</strong></span> <span class='ocrx_word' id='word_1_141' title='bbox 1529 2323 1875 2376; x_wconf 87' lang='lat' dir='ltr'><strong>continetur:</strong></span> <span class='ocrx_word' id='word_1_142' title='bbox 1909 2322 2004 2377; x_wconf 88' lang='lat' dir='ltr'><strong>sed</strong></span> 
     </span>
    </p>
   </div>
   <div class='ocr_carea' id='block_1_22' title="bbox 424 2409 2007 2481">
    <p class='ocr_par' dir='ltr' id='par_1_22' title="bbox 424 2409 2007 2481">
     <span class='ocr_line' id='line_1_22' title="bbox 424 2409 2007 2481; baseline 0.003 -18"><span class='ocrx_word' id='word_1_143' title='bbox 424 2418 678 2464; x_wconf 81' lang='lat' dir='ltr'><strong>arcentur</strong></span> <span class='ocrx_word' id='word_1_144' title='bbox 703 2409 837 2464; x_wconf 86' lang='lat' dir='ltr'><strong>ﬁnes</strong></span> <span class='ocrx_word' id='word_1_145' title='bbox 863 2409 981 2478; x_wconf 91' lang='lat' dir='ltr'><strong>ejus</strong></span> <span class='ocrx_word' id='word_1_146' title='bbox 1009 2411 1223 2481; x_wconf 84' lang='lat' dir='ltr'><strong>objectu</strong></span> <span class='ocrx_word' id='word_1_147' title='bbox 1251 2410 1529 2466; x_wconf 77' lang='lat' dir='ltr'><strong>[luminum</strong></span> <span class='ocrx_word' id='word_1_148' title='bbox 1549 2453 1563 2477; x_wconf 93' lang='lat'><strong>,</strong></span> <span class='ocrx_word' id='word_1_149' title='bbox 1593 2414 1855 2466; x_wconf 86' lang='lat' dir='ltr'><strong>montium</strong></span> <span class='ocrx_word' id='word_1_150' title='bbox 1873 2455 1887 2478; x_wconf 92' lang='lat'><strong>,</strong></span> <span class='ocrx_word' id='word_1_151' title='bbox 1919 2429 2007 2467; x_wconf 92' lang='lat' dir='ltr'><strong>ar-</strong></span> 
     </span>
    </p>
   </div>
   <div class='ocr_carea' id='block_1_23' title="bbox 416 2500 2008 2577">
    <p class='ocr_par' dir='ltr' id='par_1_23' title="bbox 416 2500 2008 2577">
     <span class='ocr_line' id='line_1_23' title="bbox 416 2500 2008 2577; baseline 0.003 -20"><span class='ocrx_word' id='word_1_152' title='bbox 416 2502 633 2557; x_wconf 83' lang='lat' dir='ltr'><strong>borum.</strong></span> <span class='ocrx_word' id='word_1_153' title='bbox 659 2500 812 2556; x_wconf 89' lang='lat' dir='ltr'><strong>Unde</strong></span> <span class='ocrx_word' id='word_1_154' title='bbox 834 2511 890 2556; x_wconf 91' lang='lat' dir='ltr'><strong>et</strong></span> <span class='ocrx_word' id='word_1_155' title='bbox 917 2503 968 2555; x_wconf 91' lang='lat' dir='ltr'><strong>in</strong></span> <span class='ocrx_word' id='word_1_156' title='bbox 994 2503 1076 2556; x_wconf 84' lang='lat' dir='ltr'><strong>his</strong></span> <span class='ocrx_word' id='word_1_157' title='bbox 1105 2503 1251 2574; x_wconf 82' lang='lat' dir='ltr'><strong>agris</strong></span> <span class='ocrx_word' id='word_1_158' title='bbox 1272 2504 1347 2557; x_wconf 91' lang='lat' dir='ltr'><strong>nil</strong></span> <span class='ocrx_word' id='word_1_159' title='bbox 1371 2506 1636 2559; x_wconf 85' lang='lat' dir='ltr'><strong>subsitum</strong></span> <span class='ocrx_word' id='word_1_160' title='bbox 1662 2504 1794 2577; x_wconf 77' lang='lat' dir='ltr'><strong>[Al.,</strong></span> <span class='ocrx_word' id='word_1_161' title='bbox 1819 2506 2008 2561; x_wconf 88' lang='lat' dir='ltr'><strong>subse-</strong></span> 
     </span>
    </p>
   </div>
   <div class='ocr_carea' id='block_1_24' title="bbox 420 2588 2007 2663">
    <p class='ocr_par' dir='ltr' id='par_1_24' title="bbox 420 2588 2007 2663">
     <span class='ocr_line' id='line_1_24' title="bbox 420 2588 2007 2663; baseline 0.004 -20"><span class='ocrx_word' id='word_1_162' title='bbox 420 2588 685 2661; x_wconf 81' lang='lat' dir='ltr'><strong>civorum]</strong></span> <span class='ocrx_word' id='word_1_163' title='bbox 711 2589 1021 2644; x_wconf 87' lang='lat' dir='ltr'><strong>intervenit.</strong></span> <span class='ocrx_word' id='word_1_164' title='bbox 1041 2590 1257 2646; x_wconf 86' lang='lat' dir='ltr'><strong>Novalis</strong></span> <span class='ocrx_word' id='word_1_165' title='bbox 1276 2607 1405 2662; x_wconf 90' lang='lat' dir='ltr'><strong>ager</strong></span> <span class='ocrx_word' id='word_1_166' title='bbox 1424 2602 1508 2647; x_wconf 88' lang='lat' dir='ltr'><strong>est</strong></span> <span class='ocrx_word' id='word_1_167' title='bbox 1528 2595 1759 2663; x_wconf 91' lang='lat' dir='ltr'><strong>primum</strong></span> <span class='ocrx_word' id='word_1_168' title='bbox 1779 2595 2007 2663; x_wconf 87' lang='lat' dir='ltr'><strong>proscis-</strong></span> 
     </span>
    </p>
   </div>
   <div class='ocr_carea' id='block_1_25' title="bbox 419 2680 2003 2749">
    <p class='ocr_par' dir='ltr' id='par_1_25' title="bbox 419 2680 2003 2749">
     <span class='ocr_line' id='line_1_25' title="bbox 419 2680 2003 2749; baseline 0.003 -15"><span class='ocrx_word' id='word_1_169' title='bbox 419 2694 532 2743; x_wconf 85' lang='lat' dir='ltr'><strong>sus,</strong></span> <span class='ocrx_word' id='word_1_170' title='bbox 558 2680 671 2735; x_wconf 89' lang='lat' dir='ltr'><strong>sive</strong></span> <span class='ocrx_word' id='word_1_171' title='bbox 692 2681 783 2749; x_wconf 91' lang='lat' dir='ltr'><strong>qui</strong></span> <span class='ocrx_word' id='word_1_172' title='bbox 810 2680 1032 2736; x_wconf 87' lang='lat' dir='ltr'><strong>alternis</strong></span> <span class='ocrx_word' id='word_1_173' title='bbox 1053 2683 1209 2738; x_wconf 91' lang='lat' dir='ltr'><strong>annis</strong></span> <span class='ocrx_word' id='word_1_174' title='bbox 1227 2692 1387 2738; x_wconf 86' lang='lat' dir='ltr'><strong>vacat</strong></span> <span class='ocrx_word' id='word_1_175' title='bbox 1406 2686 1775 2739; x_wconf 82' lang='lat' dir='ltr'><strong>novandarum</strong></span> <span class='ocrx_word' id='word_1_176' title='bbox 1798 2686 1898 2741; x_wconf 88' lang='lat' dir='ltr'><strong>sibi</strong></span> <span class='ocrx_word' id='word_1_177' title='bbox 1922 2686 2003 2739; x_wconf 82' lang='lat' dir='ltr'><strong>vi-</strong></span> 
     </span>
    </p>
   </div>
   <div class='ocr_carea' id='block_1_26' title="bbox 420 2769 2007 2831">
    <p class='ocr_par' dir='ltr' id='par_1_26' title="bbox 420 2769 2007 2831">
     <span class='ocr_line' id='line_1_26' title="bbox 420 2769 2007 2831; baseline 0.004 -6"><span class='ocrx_word' id='word_1_178' title='bbox 420 2770 560 2825; x_wconf 83' lang='lat' dir='ltr'><strong>rium</strong></span> <span class='ocrx_word' id='word_1_179' title='bbox 582 2786 766 2825; x_wconf 89' lang='lat' dir='ltr'><strong>causa.</strong></span> <span class='ocrx_word' id='word_1_180' title='bbox 795 2769 1017 2827; x_wconf 87' lang='lat' dir='ltr'><strong>Novalia</strong></span> <span class='ocrx_word' id='word_1_181' title='bbox 1039 2774 1184 2828; x_wconf 84' lang='lat' dir='ltr'><strong>enim</strong></span> <span class='ocrx_word' id='word_1_182' title='bbox 1213 2773 1379 2829; x_wconf 90' lang='lat' dir='ltr'><strong>semel</strong></span> <span class='ocrx_word' id='word_1_183' title='bbox 1402 2789 1524 2829; x_wconf 91' lang='lat' dir='ltr'><strong>cum</strong></span> <span class='ocrx_word' id='word_1_184' title='bbox 1557 2774 1734 2831; x_wconf 86' lang='lat' dir='ltr'><strong>fructu</strong></span> <span class='ocrx_word' id='word_1_185' title='bbox 1765 2785 1926 2831; x_wconf 90' lang='lat' dir='ltr'><strong>erunt</strong></span> <span class='ocrx_word' id='word_1_186' title='bbox 1952 2785 2007 2831; x_wconf 90' lang='lat' dir='ltr'><strong>et</strong></span> 
     </span>
    </p>
   </div>
   <div class='ocr_carea' id='block_1_27' title="bbox 422 2861 2007 2939">
    <p class='ocr_par' dir='ltr' id='par_1_27' title="bbox 422 2861 2007 2939">
     <span class='ocr_line' id='line_1_27' title="bbox 422 2861 2007 2939; baseline 0.006 -23"><span class='ocrx_word' id='word_1_187' title='bbox 422 2861 590 2916; x_wconf 82' lang='lat' dir='ltr'><strong>semel</strong></span> <span class='ocrx_word' id='word_1_188' title='bbox 621 2878 810 2918; x_wconf 89' lang='lat' dir='ltr'><strong>vacua.</strong></span> <span class='ocrx_word' id='word_1_189' title='bbox 835 2862 1055 2923; x_wconf 76' lang='lat' dir='ltr'><strong>Novalia</strong></span> <span class='ocrx_word' id='word_1_190' title='bbox 1085 2874 1313 2935; x_wconf 87' lang='lat' dir='ltr'><strong>possunt</strong></span> <span class='ocrx_word' id='word_1_191' title='bbox 1332 2867 1640 2939; x_wconf 87' lang='lat' dir='ltr'><strong>signiﬁcare</strong></span> <span class='ocrx_word' id='word_1_192' title='bbox 1660 2868 1873 2924; x_wconf 86' lang='lat' dir='ltr'><strong>labores</strong></span> <span class='ocrx_word' id='word_1_193' title='bbox 1895 2869 2007 2925; x_wconf 83' lang='lat' dir='ltr'><strong>fru-</strong></span> 
     </span>
    </p>
   </div>
   <div class='ocr_carea' id='block_1_28' title="bbox 421 2957 2001 3032">
    <p class='ocr_par' dir='ltr' id='par_1_28' title="bbox 421 2957 2001 3032">
     <span class='ocr_line' id='line_1_28' title="bbox 421 2957 2001 3032; baseline 0.005 -23"><span class='ocrx_word' id='word_1_194' title='bbox 421 2964 640 3010; x_wconf 88' lang='lat' dir='ltr'><strong>ctuosus</strong></span> <span class='ocrx_word' id='word_1_195' title='bbox 661 2957 873 3013; x_wconf 84' lang='lat' dir='ltr'><strong>noviter</strong></span> <span class='ocrx_word' id='word_1_196' title='bbox 892 2958 1151 3028; x_wconf 89' lang='lat' dir='ltr'><strong>inceptos.</strong></span> <span class='ocrx_word' id='word_1_197' title='bbox 1171 2959 1323 3015; x_wconf 90' lang='lat' dir='ltr'><strong>Unde</strong></span> <span class='ocrx_word' id='word_1_198' title='bbox 1336 2967 1418 3015; x_wconf 87' lang='lat' dir='ltr'><strong>est</strong></span> <span class='ocrx_word' id='word_1_199' title='bbox 1436 2960 1565 3016; x_wconf 89' lang='lat' dir='ltr'><strong>illud</strong></span> <span class='ocrx_word' id='word_1_200' title='bbox 1585 2963 1960 3032; x_wconf 86' lang='lat' dir='ltr'><strong>propheticum</strong></span> <span class='ocrx_word' id='word_1_201' title='bbox 1988 2981 2001 3017; x_wconf 90' lang='lat'><strong>:</strong></span> 
     </span>
    </p>
   </div>
   <div class='ocr_carea' id='block_1_29' title="bbox 426 3046 2005 3125">
    <p class='ocr_par' dir='ltr' id='par_1_29' title="bbox 426 3046 2005 3125">
     <span class='ocr_line' id='line_1_29' title="bbox 426 3046 2005 3125; baseline 0.005 -24"><span class='ocrx_word' id='word_1_202' title='bbox 426 3046 679 3103; x_wconf 83' lang='lat' dir='ltr'><strong>lnnovate</strong></span> <span class='ocrx_word' id='word_1_203' title='bbox 710 3050 847 3103; x_wconf 76' lang='lat' dir='ltr'><strong>vobis</strong></span> <span class='ocrx_word' id='word_1_204' title='bbox 881 3052 1087 3105; x_wconf 80' lang='lat' dir='ltr'><strong>novalia</strong></span> <span class='ocrx_word' id='word_1_205' title='bbox 1112 3051 1257 3124; x_wconf 87' lang='lat' dir='ltr'><strong>(Ose.</strong></span> <span class='ocrx_word' id='word_1_206' title='bbox 1283 3051 1361 3125; x_wconf 81' lang='lat' dir='ltr'><strong>x);</strong></span> <span class='ocrx_word' id='word_1_207' title='bbox 1389 3069 1452 3109; x_wconf 90' lang='lat' dir='ltr'><strong>ac</strong></span> <span class='ocrx_word' id='word_1_208' title='bbox 1483 3054 1527 3109; x_wconf 89' lang='lat' dir='ltr'><strong>si</strong></span> <span class='ocrx_word' id='word_1_209' title='bbox 1558 3055 1799 3111; x_wconf 84' lang='lat' dir='ltr'><strong>diceret:</strong></span> <span class='ocrx_word' id='word_1_210' title='bbox 1834 3056 2005 3110; x_wconf 74' lang='lat' dir='ltr'><strong>Exer-</strong></span> 
     </span>
    </p>
   </div>
   <div class='ocr_carea' id='block_1_30' title="bbox 422 3141 1603 3211">
    <p class='ocr_par' dir='ltr' id='par_1_30' title="bbox 422 3141 1603 3211">
     <span class='ocr_line' id='line_1_30' title="bbox 422 3141 1603 3211; baseline 0.008 -20"><span class='ocrx_word' id='word_1_211' title='bbox 422 3146 541 3193; x_wconf 89' lang='lat' dir='ltr'><strong>cete</strong></span> <span class='ocrx_word' id='word_1_212' title='bbox 587 3141 941 3209; x_wconf 83' lang='lat' dir='ltr'><strong>vosmetipsos</strong></span> <span class='ocrx_word' id='word_1_213' title='bbox 1001 3142 1053 3194; x_wconf 92' lang='lat' dir='ltr'><strong>in</strong></span> <span class='ocrx_word' id='word_1_214' title='bbox 1120 3143 1311 3198; x_wconf 80' lang='lat' dir='ltr'><strong>studiis</strong></span> <span class='ocrx_word' id='word_1_215' title='bbox 1353 3144 1603 3211; x_wconf 82' lang='lat' dir='ltr'><strong>utilibus,</strong></span> 
     </span>
    </p>
   </div>
   <div class='ocr_carea' id='block_1_31' title="bbox 424 3229 2002 3305">
    <p class='ocr_par' dir='ltr' id='par_1_31' title="bbox 424 3229 2002 3305">
     <span class='ocr_line' id='line_1_31' title="bbox 424 3229 2002 3305; baseline 0.006 -24"><span class='ocrx_word' id='word_1_216' title='bbox 424 3243 521 3284; x_wconf 86' lang='lat' dir='ltr'><strong>vos</strong></span> <span class='ocrx_word' id='word_1_217' title='bbox 576 3229 791 3284; x_wconf 90' lang='lat' dir='ltr'><strong>steriles</strong></span> <span class='ocrx_word' id='word_1_218' title='bbox 836 3230 1045 3285; x_wconf 87' lang='lat' dir='ltr'><strong>reddat.</strong></span> <span class='ocrx_word' id='word_1_219' title='bbox 1094 3231 1231 3287; x_wconf 80' lang='lat' dir='ltr'><strong>Hinc</strong></span> <span class='ocrx_word' id='word_1_220' title='bbox 1280 3242 1335 3287; x_wconf 91' lang='lat' dir='ltr'><strong>et</strong></span> <span class='ocrx_word' id='word_1_221' title='bbox 1384 3234 1511 3289; x_wconf 78' lang='lat' dir='ltr'><strong>al;bi</strong></span> <span class='ocrx_word' id='word_1_222' title='bbox 1563 3236 1826 3305; x_wconf 87' lang='lat' dir='ltr'><strong>scriptum</strong></span> <span class='ocrx_word' id='word_1_223' title='bbox 1872 3246 2002 3291; x_wconf 89' lang='lat' dir='ltr'><strong>est:</strong></span> 
     </span>
    </p>
   </div>
   <div class='ocr_carea' id='block_1_32' title="bbox 426 3316 2013 3397">
    <p class='ocr_par' dir='ltr' id='par_1_32' title="bbox 426 3316 2013 3397">
     <span class='ocr_line' id='line_1_32' title="bbox 426 3316 2013 3397; baseline 0.004 -23"><span class='ocrx_word' id='word_1_224' title='bbox 426 3316 588 3374; x_wconf 75' lang='lat' dir='ltr'><strong>Multi</strong></span> <span class='ocrx_word' id='word_1_225' title='bbox 634 3319 735 3372; x_wconf 82' lang='lat' dir='ltr'><strong>cibi</strong></span> <span class='ocrx_word' id='word_1_226' title='bbox 779 3321 834 3373; x_wconf 90' lang='lat' dir='ltr'><strong>in</strong></span> <span class='ocrx_word' id='word_1_227' title='bbox 883 3319 1151 3374; x_wconf 85' lang='lat' dir='ltr'><strong>novalibus</strong></span> <span class='ocrx_word' id='word_1_228' title='bbox 1199 3333 1409 3391; x_wconf 82' lang='lat' dir='ltr'><strong>patrum</strong></span> <span class='ocrx_word' id='word_1_229' title='bbox 1457 3323 1655 3394; x_wconf 80' lang='lat' dir='ltr'><strong>(Prov.</strong></span> <span class='ocrx_word' id='word_1_230' title='bbox 1690 3326 1826 3397; x_wconf 79' lang='lat' dir='ltr'><strong>xm)</strong></span> <span class='ocrx_word' id='word_1_231' title='bbox 1854 3367 1868 3390; x_wconf 94' lang='lat'><strong>,</strong></span> <span class='ocrx_word' id='word_1_232' title='bbox 1911 3327 2013 3381; x_wconf 90' lang='lat' dir='ltr'><strong>hoc</strong></span> 
     </span>
    </p>
   </div>
   <div class='ocr_carea' id='block_1_33' title="bbox 424 3407 2011 3470">
    <p class='ocr_par' dir='ltr' id='par_1_33' title="bbox 424 3407 2011 3470">
     <span class='ocr_line' id='line_1_33' title="bbox 424 3407 2011 3470; baseline 0.005 -8"><span class='ocrx_word' id='word_1_233' title='bbox 424 3417 507 3462; x_wconf 88' lang='lat' dir='ltr'><strong>est</strong></span> <span class='ocrx_word' id='word_1_234' title='bbox 524 3447 538 3469; x_wconf 92' lang='lat'><strong>,</strong></span> <span class='ocrx_word' id='word_1_235' title='bbox 564 3407 903 3463; x_wconf 87' lang='lat' dir='ltr'><strong>abundantes</strong></span> <span class='ocrx_word' id='word_1_236' title='bbox 923 3409 1128 3464; x_wconf 73' lang='lat' dir='ltr'><strong>delicia:</strong></span> <span class='ocrx_word' id='word_1_237' title='bbox 1154 3411 1413 3465; x_wconf 89' lang='lat' dir='ltr'><strong>virtutum</strong></span> <span class='ocrx_word' id='word_1_238' title='bbox 1438 3419 1563 3467; x_wconf 89' lang='lat' dir='ltr'><strong>sunt</strong></span> <span class='ocrx_word' id='word_1_239' title='bbox 1588 3414 1639 3467; x_wconf 93' lang='lat' dir='ltr'><strong>in</strong></span> <span class='ocrx_word' id='word_1_240' title='bbox 1666 3415 1930 3469; x_wconf 87' lang='lat' dir='ltr'><strong>doctrinis</strong></span> <span class='ocrx_word' id='word_1_241' title='bbox 1956 3424 2011 3470; x_wconf 84' lang='lat' dir='ltr'><strong>et</strong></span> 
     </span>
    </p>
   </div>
   <div class='ocr_carea' id='block_1_34' title="bbox 428 3498 2012 3569">
    <p class='ocr_par' dir='ltr' id='par_1_34' title="bbox 428 3498 2012 3569">
     <span class='ocr_line' id='line_1_34' title="bbox 428 3498 2012 3569; baseline 0.006 -17"><span class='ocrx_word' id='word_1_242' title='bbox 428 3498 693 3569; x_wconf 79' lang='lat' dir='ltr'><strong>exemplis</strong></span> <span class='ocrx_word' id='word_1_243' title='bbox 733 3508 1044 3555; x_wconf 88' lang='lat' dir='ltr'><strong>sanctorum</strong></span> <span class='ocrx_word' id='word_1_244' title='bbox 1079 3501 1379 3557; x_wconf 91' lang='lat' dir='ltr'><strong>doctorum.</strong></span> <span class='ocrx_word' id='word_1_245' title='bbox 1432 3504 1571 3559; x_wconf 84' lang='lat' dir='ltr'><strong>Area</strong></span> <span class='ocrx_word' id='word_1_246' title='bbox 1620 3506 1816 3561; x_wconf 88' lang='lat' dir='ltr'><strong>dicitur</strong></span> <span class='ocrx_word' id='word_1_247' title='bbox 1859 3508 2012 3562; x_wconf 85' lang='lat' dir='ltr'><strong>tabu-</strong></span> 
     </span>
    </p>
   </div>
   <div class='ocr_carea' id='block_1_35' title="bbox 431 3586 2012 3668">
    <p class='ocr_par' dir='ltr' id='par_1_35' title="bbox 431 3586 2012 3668">
     <span class='ocr_line' id='line_1_35' title="bbox 431 3586 2012 3668; baseline 0.008 -27"><span class='ocrx_word' id='word_1_248' title='bbox 431 3586 607 3643; x_wconf 90' lang='lat' dir='ltr'><strong>larum</strong></span> <span class='ocrx_word' id='word_1_249' title='bbox 645 3589 944 3659; x_wconf 67' lang='lat' dir='ltr'><strong>aequalitas.</strong></span> <span class='ocrx_word' id='word_1_250' title='bbox 985 3592 1139 3646; x_wconf 92' lang='lat' dir='ltr'><strong>Dicta</strong></span> <span class='ocrx_word' id='word_1_251' title='bbox 1171 3601 1350 3648; x_wconf 89' lang='lat' dir='ltr'><strong>autem</strong></span> <span class='ocrx_word' id='word_1_252' title='bbox 1382 3609 1507 3649; x_wconf 88' lang='lat' dir='ltr'><strong>area</strong></span> <span class='ocrx_word' id='word_1_253' title='bbox 1538 3612 1565 3649; x_wconf 95' lang='lat' dir='ltr'><strong>a</strong></span> <span class='ocrx_word' id='word_1_254' title='bbox 1596 3597 1820 3667; x_wconf 88' lang='lat' dir='ltr'><strong>planitie</strong></span> <span class='ocrx_word' id='word_1_255' title='bbox 1850 3608 2012 3668; x_wconf 88' lang='lat' dir='ltr'><strong>atque</strong></span> 
     </span>
    </p>
   </div>
   <div class='ocr_carea' id='block_1_36' title="bbox 431 3679 2011 3757">
    <p class='ocr_par' dir='ltr' id='par_1_36' title="bbox 431 3679 2011 3757">
     <span class='ocr_line' id='line_1_36' title="bbox 431 3679 2011 3757; baseline 0.007 -24"><span class='ocrx_word' id='word_1_256' title='bbox 431 3679 742 3750; x_wconf 67' lang='lat' dir='ltr'><strong>mqualitate</strong></span> <span class='ocrx_word' id='word_1_257' title='bbox 767 3697 781 3735; x_wconf 93' lang='lat'><strong>:</strong></span> <span class='ocrx_word' id='word_1_258' title='bbox 806 3682 949 3737; x_wconf 91' lang='lat' dir='ltr'><strong>unde</strong></span> <span class='ocrx_word' id='word_1_259' title='bbox 987 3691 1044 3737; x_wconf 90' lang='lat' dir='ltr'><strong>et</strong></span> <span class='ocrx_word' id='word_1_260' title='bbox 1072 3697 1186 3737; x_wconf 90' lang='lat' dir='ltr'><strong>ara.</strong></span> <span class='ocrx_word' id='word_1_261' title='bbox 1210 3683 1315 3738; x_wconf 73' lang='lat' dir='ltr'><strong>Alii</strong></span> <span class='ocrx_word' id='word_1_262' title='bbox 1336 3700 1519 3740; x_wconf 92' lang='lat' dir='ltr'><strong>aream</strong></span> <span class='ocrx_word' id='word_1_263' title='bbox 1541 3696 1784 3743; x_wconf 87' lang='lat' dir='ltr'><strong>vocatam</strong></span> <span class='ocrx_word' id='word_1_264' title='bbox 1806 3690 2011 3757; x_wconf 88' lang='lat' dir='ltr'><strong>dicunt,</strong></span> 
     </span>
    </p>
   </div>
   <div class='ocr_carea' id='block_1_37' title="bbox 429 3770 2018 3851">
    <p class='ocr_par' dir='ltr' id='par_1_37' title="bbox 429 3770 2018 3851">
     <span class='ocr_line' id='line_1_37' title="bbox 429 3770 2018 3851; baseline 0.007 -28"><span class='ocrx_word' id='word_1_265' title='bbox 429 3771 573 3839; x_wconf 86' lang='lat' dir='ltr'><strong>quod</strong></span> <span class='ocrx_word' id='word_1_266' title='bbox 594 3785 694 3840; x_wconf 86' lang='lat' dir='ltr'><strong>pro</strong></span> <span class='ocrx_word' id='word_1_267' title='bbox 716 3770 1034 3826; x_wconf 89' lang='lat' dir='ltr'><strong>triturandis</strong></span> <span class='ocrx_word' id='word_1_268' title='bbox 1057 3771 1300 3844; x_wconf 79' lang='lat' dir='ltr'><strong>frugibus</strong></span> <span class='ocrx_word' id='word_1_269' title='bbox 1324 3791 1432 3830; x_wconf 73' lang='lat' dir='ltr'><strong>tera</strong></span> <span class='ocrx_word' id='word_1_270' title='bbox 1456 3778 1653 3831; x_wconf 89' lang='lat' dir='ltr'><strong>dantur</strong></span> <span class='ocrx_word' id='word_1_271' title='bbox 1676 3777 1807 3851; x_wconf 83' lang='grc' dir='ltr'>[Αι.,</span> <span class='ocrx_word' id='word_1_272' title='bbox 1825 3781 2018 3835; x_wconf 85' lang='lat' dir='ltr'><strong>erada-</strong></span> 
     </span>
    </p>
   </div>
   <div class='ocr_carea' id='block_1_38' title="bbox 431 3860 2016 3936">
    <p class='ocr_par' dir='ltr' id='par_1_38' title="bbox 431 3860 2016 3936">
     <span class='ocr_line' id='line_1_38' title="bbox 431 3860 2016 3936; baseline 0.008 -21"><span class='ocrx_word' id='word_1_273' title='bbox 431 3860 565 3932; x_wconf 77' lang='lat' dir='ltr'><strong>tur],</strong></span> <span class='ocrx_word' id='word_1_274' title='bbox 598 3862 752 3931; x_wconf 82' lang='lat' dir='ltr'><strong>quasi</strong></span> <span class='ocrx_word' id='word_1_275' title='bbox 771 3877 911 3917; x_wconf 69' lang='lat' dir='ltr'><strong>terea</strong></span> <span class='ocrx_word' id='word_1_276' title='bbox 938 3880 952 3929; x_wconf 90' lang='lat'><strong>;</strong></span> <span class='ocrx_word' id='word_1_277' title='bbox 978 3862 1061 3918; x_wconf 89' lang='lat' dir='ltr'><strong>vel</strong></span> <span class='ocrx_word' id='word_1_278' title='bbox 1083 3864 1226 3935; x_wconf 92' lang='lat' dir='ltr'><strong>quod</strong></span> <span class='ocrx_word' id='word_1_279' title='bbox 1248 3880 1356 3920; x_wconf 91' lang='lat' dir='ltr'><strong>non</strong></span> <span class='ocrx_word' id='word_1_280' title='bbox 1381 3867 1705 3923; x_wconf 89' lang='lat' dir='ltr'><strong>triturentur</strong></span> <span class='ocrx_word' id='word_1_281' title='bbox 1725 3870 1777 3924; x_wconf 92' lang='lat' dir='ltr'><strong>in</strong></span> <span class='ocrx_word' id='word_1_282' title='bbox 1799 3886 1883 3936; x_wconf 88' lang='lat' dir='ltr'><strong>ea,</strong></span> <span class='ocrx_word' id='word_1_283' title='bbox 1912 3873 2016 3927; x_wconf 90' lang='lat' dir='ltr'><strong>nisi</strong></span> 
     </span>
    </p>
   </div>
   <div class='ocr_carea' id='block_1_39' title="bbox 433 3951 2017 4030">
    <p class='ocr_par' dir='ltr' id='par_1_39' title="bbox 433 3951 2017 4030">
     <span class='ocr_line' id='line_1_39' title="bbox 433 3951 2017 4030; baseline 0.008 -25"><span class='ocrx_word' id='word_1_284' title='bbox 433 3951 605 4006; x_wconf 80' lang='lat' dir='ltr'><strong>arida.</strong></span> <span class='ocrx_word' id='word_1_285' title='bbox 633 3951 774 4007; x_wconf 88' lang='lat' dir='ltr'><strong>Area</strong></span> <span class='ocrx_word' id='word_1_286' title='bbox 802 3955 1027 4025; x_wconf 82' lang='lat' dir='ltr'><strong>mystice</strong></span> <span class='ocrx_word' id='word_1_287' title='bbox 1048 3955 1337 4012; x_wconf 88' lang='lat' dir='ltr'><strong>ecclesiam</strong></span> <span class='ocrx_word' id='word_1_288' title='bbox 1365 3959 1651 4030; x_wconf 85' lang='lat' dir='ltr'><strong>signiﬁcat.</strong></span> <span class='ocrx_word' id='word_1_289' title='bbox 1684 3961 1836 4017; x_wconf 89' lang='lat' dir='ltr'><strong>Unde</strong></span> <span class='ocrx_word' id='word_1_290' title='bbox 1856 3961 2017 4017; x_wconf 87' lang='lat' dir='ltr'><strong>Joan-</strong></span> 
     </span>
    </p>
   </div>
   <div class='ocr_carea' id='block_1_40' title="bbox 434 4042 2020 4123">
    <p class='ocr_par' dir='ltr' id='par_1_40' title="bbox 434 4042 2020 4123">
     <span class='ocr_line' id='line_1_40' title="bbox 434 4042 2020 4123; baseline 0.005 -24"><span class='ocrx_word' id='word_1_291' title='bbox 434 4059 532 4099; x_wconf 89' lang='lat' dir='ltr'><strong>nes</strong></span> <span class='ocrx_word' id='word_1_292' title='bbox 581 4042 818 4114; x_wconf 87' lang='lat' dir='ltr'><strong>Baptista</strong></span> <span class='ocrx_word' id='word_1_293' title='bbox 867 4046 1060 4117; x_wconf 89' lang='lat' dir='ltr'><strong>legitur</strong></span> <span class='ocrx_word' id='word_1_294' title='bbox 1107 4046 1308 4104; x_wconf 78' lang='lat' dir='ltr'><strong>dixisse</strong></span> <span class='ocrx_word' id='word_1_295' title='bbox 1350 4050 1404 4104; x_wconf 91' lang='lat' dir='ltr'><strong>in</strong></span> <span class='ocrx_word' id='word_1_296' title='bbox 1449 4049 1740 4123; x_wconf 84' lang='lat' dir='ltr'><strong>Evangelio</strong></span> <span class='ocrx_word' id='word_1_297' title='bbox 1768 4052 1834 4107; x_wconf 89' lang='lat' dir='ltr'><strong>de</strong></span> <span class='ocrx_word' id='word_1_298' title='bbox 1862 4052 2020 4107; x_wconf 91' lang='lat' dir='ltr'><strong>Chri-</strong></span> 
     </span>
    </p>
   </div>
   <div class='ocr_carea' id='block_1_41' title="bbox 434 4133 2021 4215">
    <p class='ocr_par' dir='ltr' id='par_1_41' title="bbox 434 4133 2021 4215">
     <span class='ocr_line' id='line_1_41' title="bbox 434 4133 2021 4215; baseline 0.006 -25"><span class='ocrx_word' id='word_1_299' title='bbox 434 4141 560 4190; x_wconf 85' lang='lat' dir='ltr'><strong>sto:</strong></span> <span class='ocrx_word' id='word_1_300' title='bbox 596 4134 764 4206; x_wconf 78' lang='lat' dir='ltr'><strong>Cujus</strong></span> <span class='ocrx_word' id='word_1_301' title='bbox 813 4136 1158 4192; x_wconf 82' lang='lat' dir='ltr'><strong>ventilabrum</strong></span> <span class='ocrx_word' id='word_1_302' title='bbox 1207 4140 1263 4193; x_wconf 89' lang='lat' dir='ltr'><strong>in</strong></span> <span class='ocrx_word' id='word_1_303' title='bbox 1298 4158 1458 4195; x_wconf 87' lang='lat' dir='ltr'><strong>manu</strong></span> <span class='ocrx_word' id='word_1_304' title='bbox 1497 4142 1643 4212; x_wconf 90' lang='lat' dir='ltr'><strong>ejus,</strong></span> <span class='ocrx_word' id='word_1_305' title='bbox 1686 4133 1734 4197; x_wconf 82' lang='lat' dir='ltr'><strong>et</strong></span> <span class='ocrx_word' id='word_1_306' title='bbox 1775 4161 2021 4215; x_wconf 81' lang='lat' dir='ltr'><strong>permun-</strong></span> 
     </span>
    </p>
   </div>
   <div class='ocr_carea' id='block_1_42' title="bbox 432 4225 2024 4303">
    <p class='ocr_par' dir='ltr' id='par_1_42' title="bbox 432 4225 2024 4303">
     <span class='ocr_line' id='line_1_42' title="bbox 432 4225 2024 4303; baseline 0.008 -24"><span class='ocrx_word' id='word_1_307' title='bbox 432 4225 577 4280; x_wconf 89' lang='lat' dir='ltr'><strong>dabit</strong></span> <span class='ocrx_word' id='word_1_308' title='bbox 606 4242 782 4281; x_wconf 90' lang='lat' dir='ltr'><strong>aream</strong></span> <span class='ocrx_word' id='word_1_309' title='bbox 808 4243 957 4281; x_wconf 88' lang='lat' dir='ltr'><strong>suam</strong></span> <span class='ocrx_word' id='word_1_310' title='bbox 988 4227 1214 4299; x_wconf 84' lang='lat' dir='ltr'><strong>(Matth.</strong></span> <span class='ocrx_word' id='word_1_311' title='bbox 1247 4247 1307 4286; x_wconf 91' lang='grc' dir='ltr'><strong>ιιι</strong></span> <span class='ocrx_word' id='word_1_312' title='bbox 1331 4230 1373 4303; x_wconf 93' lang='grc'><strong>).</strong></span> <span class='ocrx_word' id='word_1_313' title='bbox 1404 4232 1509 4288; x_wconf 89' lang='lat' dir='ltr'><strong>Per</strong></span> <span class='ocrx_word' id='word_1_314' title='bbox 1534 4234 1894 4290; x_wconf 90' lang='lat' dir='ltr'><strong>ventilabrum</strong></span> <span class='ocrx_word' id='word_1_315' title='bbox 1914 4279 1929 4303; x_wconf 96' lang='lat'><strong>,</strong></span> <span class='ocrx_word' id='word_1_316' title='bbox 1969 4237 2024 4292; x_wconf 91' lang='lat' dir='ltr'><strong>id</strong></span> 
     </span>
    </p>
   </div>
   <div class='ocr_carea' id='block_1_43' title="bbox 432 4317 2022 4398">
    <p class='ocr_par' dir='ltr' id='par_1_43' title="bbox 432 4317 2022 4398">
     <span class='ocr_line' id='line_1_43' title="bbox 432 4317 2022 4398; baseline 0.009 -27"><span class='ocrx_word' id='word_1_317' title='bbox 432 4325 520 4371; x_wconf 86' lang='lat' dir='ltr'><strong>est</strong></span> <span class='ocrx_word' id='word_1_318' title='bbox 559 4317 753 4388; x_wconf 89' lang='lat' dir='ltr'><strong>palam,</strong></span> <span class='ocrx_word' id='word_1_319' title='bbox 782 4319 1038 4376; x_wconf 90' lang='lat' dir='ltr'><strong>discretio</strong></span> <span class='ocrx_word' id='word_1_320' title='bbox 1057 4321 1189 4391; x_wconf 87' lang='lat' dir='ltr'><strong>justi</strong></span> <span class='ocrx_word' id='word_1_321' title='bbox 1219 4326 1523 4382; x_wconf 83' lang='lat' dir='ltr'><strong>examinis:</strong></span> <span class='ocrx_word' id='word_1_322' title='bbox 1552 4342 1651 4398; x_wconf 90' lang='lat' dir='ltr'><strong>per</strong></span> <span class='ocrx_word' id='word_1_323' title='bbox 1678 4344 1860 4384; x_wconf 89' lang='lat' dir='ltr'><strong>aream</strong></span> <span class='ocrx_word' id='word_1_324' title='bbox 1893 4346 2022 4385; x_wconf 84' lang='lat' dir='ltr'><strong>vero</strong></span> 
     </span>
    </p>
   </div>
   <div class='ocr_carea' id='block_1_44' title="bbox 435 4411 2019 4489">
    <p class='ocr_par' dir='ltr' id='par_1_44' title="bbox 435 4411 2019 4489">
     <span class='ocr_line' id='line_1_44' title="bbox 435 4411 2019 4489; baseline 0.009 -27"><span class='ocrx_word' id='word_1_325' title='bbox 435 4424 676 4479; x_wconf 62' lang='lat' dir='ltr'><strong>praesens</strong></span> <span class='ocrx_word' id='word_1_326' title='bbox 718 4411 950 4466; x_wconf 88' lang='lat' dir='ltr'><strong>ecclesia</strong></span> <span class='ocrx_word' id='word_1_327' title='bbox 997 4413 1332 4485; x_wconf 87' lang='lat' dir='ltr'><strong>designatur,</strong></span> <span class='ocrx_word' id='word_1_328' title='bbox 1380 4417 1434 4472; x_wconf 92' lang='lat' dir='ltr'><strong>in</strong></span> <span class='ocrx_word' id='word_1_329' title='bbox 1477 4434 1583 4488; x_wconf 90' lang='lat' dir='ltr'><strong>qua</strong></span> <span class='ocrx_word' id='word_1_330' title='bbox 1614 4420 2019 4489; x_wconf 90' lang='lat' dir='ltr'><strong>proculdubio,</strong></span> 
     </span>
    </p>
   </div>
   <div class='ocr_carea' id='block_1_45' title="bbox 1037 320 3007 386">
    <p class='ocr_par' dir='ltr' id='par_1_45' title="bbox 1037 320 3007 386">
     <span class='ocr_line' id='line_1_45' title="bbox 1037 320 3007 386; baseline -0.002 0"><span class='ocrx_word' id='word_1_331' title='bbox 1037 330 1097 386; x_wconf 87' lang='grc' dir='ltr'><strong>Β.</strong></span> <span class='ocrx_word' id='word_1_332' title='bbox 1141 328 1396 386; x_wconf 72' lang='lat' dir='ltr'><strong>RABANI</strong></span> <span class='ocrx_word' id='word_1_333' title='bbox 1434 327 1655 384; x_wconf 77' lang='lat' dir='ltr'><strong>MAURI</strong></span> <span class='ocrx_word' id='word_1_334' title='bbox 1689 322 2006 382; x_wconf 77' lang='lat' dir='ltr'><strong>ARCHIEP.</strong></span> <span class='ocrx_word' id='word_1_335' title='bbox 2049 320 2359 381; x_wconf 73' lang='lat' dir='ltr'><strong>HOGUNT.</strong></span> <span class='ocrx_word' id='word_1_336' title='bbox 2402 327 2687 384; x_wconf 78' lang='lat' dir='ltr'><strong>OPERUM</strong></span> <span class='ocrx_word' id='word_1_337' title='bbox 2723 328 2902 384; x_wconf 70' lang='lat' dir='ltr'><strong>PARS</strong></span> <span class='ocrx_word' id='word_1_338' title='bbox 2941 328 3007 384; x_wconf 89' lang='lat' dir='ltr'><strong>ll.</strong></span> 
     </span>
    </p>
   </div>
   <div class='ocr_carea' id='block_1_46' title="bbox 399 444 2068 522">
    <p class='ocr_par' dir='ltr' id='par_1_46' title="bbox 399 444 2068 522">
     <span class='ocr_line' id='line_1_46' title="bbox 399 444 2068 522; baseline -0.008 -14"><span class='ocrx_word' id='word_1_339' title='bbox 399 465 531 522; x_wconf 85' lang='lat' dir='ltr'><strong>ager</strong></span> <span class='ocrx_word' id='word_1_340' title='bbox 571 456 753 506; x_wconf 82' lang='lat' dir='ltr'><strong>autem</strong></span> <span class='ocrx_word' id='word_1_341' title='bbox 792 456 981 503; x_wconf 81' lang='lat' dir='ltr'><strong>sancte</strong></span> <span class='ocrx_word' id='word_1_342' title='bbox 1020 446 1335 518; x_wconf 87' lang='lat' dir='ltr'><strong>Scriptura,</strong></span> <span class='ocrx_word' id='word_1_343' title='bbox 1370 447 1425 503; x_wconf 92' lang='lat' dir='ltr'><strong>in</strong></span> <span class='ocrx_word' id='word_1_344' title='bbox 1468 462 1576 517; x_wconf 88' lang='lat' dir='ltr'><strong>qua</strong></span> <span class='ocrx_word' id='word_1_345' title='bbox 1626 445 1861 516; x_wconf 87' lang='lat' dir='ltr'><strong>reposita</strong></span> <span class='ocrx_word' id='word_1_346' title='bbox 1905 449 1987 496; x_wconf 89' lang='lat' dir='ltr'><strong>est</strong></span> <span class='ocrx_word' id='word_1_347' title='bbox 2015 444 2068 502; x_wconf 78' lang='grc' dir='ltr'>Α</span> 
     </span>
    </p>
   </div>
   <div class='ocr_carea' id='block_1_47' title="bbox 2034 1792 2081 1850">
    <p class='ocr_par' dir='ltr' id='par_1_47' title="bbox 2034 1792 2081 1850">
     <span class='ocr_line' id='line_1_47' title="bbox 2034 1792 2081 1850; baseline 0 0"><span class='ocrx_word' id='word_1_348' title='bbox 2034 1792 2081 1850; x_wconf 89' lang='grc' dir='ltr'><strong>Β</strong></span> 
     </span>
    </p>
   </div>
   <div class='ocr_carea' id='block_1_48' title="bbox 3563 329 3672 385">
    <p class='ocr_par' dir='ltr' id='par_1_48' title="bbox 3563 329 3672 385">
     <span class='ocr_line' id='line_1_48' title="bbox 3563 329 3672 385; baseline 0.018 -2"><span class='ocrx_word' id='word_1_349' title='bbox 3563 329 3672 385; x_wconf 69' lang='grc' dir='ltr'>ΗΞ</span> 
     </span>
    </p>
   </div>
   <div class='ocr_carea' id='block_1_49' title="bbox 2662 447 3122 505">
    <p class='ocr_par' dir='ltr' id='par_1_49' title="bbox 2662 447 3122 505">
     <span class='ocr_line' id='line_1_49' title="bbox 2662 447 3122 505; baseline -0.004 -1"><span class='ocrx_word' id='word_1_350' title='bbox 2662 448 2889 505; x_wconf 75' lang='lat' dir='ltr'><strong>CAPUT</strong></span> <span class='ocrx_word' id='word_1_351' title='bbox 2928 447 3122 503; x_wconf 76' lang='lat' dir='ltr'><strong>XXXI.</strong></span> 
     </span>
    </p>
   </div>
   <div class='ocr_carea' id='block_1_50' title="bbox 2557 537 3228 611">
    <p class='ocr_par' dir='ltr' id='par_1_50' title="bbox 2557 537 3228 611">
     <span class='ocr_line' id='line_1_50' title="bbox 2557 537 3228 611; baseline 0.001 -20"><span class='ocrx_word' id='word_1_352' title='bbox 2557 537 2632 592; x_wconf 91' lang='lat' dir='ltr'><strong>De</strong></span> <span class='ocrx_word' id='word_1_353' title='bbox 2668 541 2926 594; x_wconf 76' lang='lat' dir='ltr'><strong>mensuris</strong></span> <span class='ocrx_word' id='word_1_354' title='bbox 2960 555 3228 611; x_wconf 87' lang='lat' dir='ltr'><strong>agrorum.</strong></span> 
     </span>
    </p>
   </div>
   <div class='ocr_carea' id='block_1_51' title="bbox 2160 647 3676 715">
    <p class='ocr_par' dir='ltr' id='par_1_51' title="bbox 2160 647 3676 715">
     <span class='ocr_line' id='line_1_51' title="bbox 2160 647 3676 715; baseline 0.003 -13"><span class='ocrx_word' id='word_1_355' title='bbox 2160 647 2440 704; x_wconf 82' lang='lat' dir='ltr'><strong>Mensuras</strong></span> <span class='ocrx_word' id='word_1_356' title='bbox 2480 651 2693 706; x_wconf 88' lang='lat' dir='ltr'><strong>viarum</strong></span> <span class='ocrx_word' id='word_1_357' title='bbox 2741 667 2839 705; x_wconf 92' lang='lat' dir='ltr'><strong>nos</strong></span> <span class='ocrx_word' id='word_1_358' title='bbox 2884 652 3136 707; x_wconf 88' lang='lat' dir='ltr'><strong>milliaria</strong></span> <span class='ocrx_word' id='word_1_359' title='bbox 3170 651 3444 707; x_wconf 86' lang='lat' dir='ltr'><strong>dicimus:</strong></span> <span class='ocrx_word' id='word_1_360' title='bbox 3479 649 3676 715; x_wconf 66' lang='lat' dir='ltr'><strong>Craeci.</strong></span> 
     </span>
    </p>
   </div>
   <div class='ocr_carea' id='block_1_52' title="bbox 2091 740 3681 815">
    <p class='ocr_par' dir='ltr' id='par_1_52' title="bbox 2091 740 3681 815">
     <span class='ocr_line' id='line_1_52' title="bbox 2091 740 3681 815; baseline 0.002 -21"><span class='ocrx_word' id='word_1_361' title='bbox 2091 740 2296 804; x_wconf 86' lang='lat' dir='ltr'><strong>stadia;</strong></span> <span class='ocrx_word' id='word_1_362' title='bbox 2339 740 2501 807; x_wconf 82' lang='lat' dir='ltr'><strong>Galli,</strong></span> <span class='ocrx_word' id='word_1_363' title='bbox 2534 743 2752 809; x_wconf 86' lang='lat' dir='ltr'><strong>leucas;</strong></span> <span class='ocrx_word' id='word_1_364' title='bbox 2787 743 3013 815; x_wconf 63' lang='lat' dir='ltr'><strong>Egytii,</strong></span> <span class='ocrx_word' id='word_1_365' title='bbox 3045 745 3320 810; x_wconf 72' lang='lat' dir='ltr'><strong>schaznos;</strong></span> <span class='ocrx_word' id='word_1_366' title='bbox 3351 743 3553 805; x_wconf 78' lang='lat' dir='ltr'><strong>Persae,</strong></span> <span class='ocrx_word' id='word_1_367' title='bbox 3586 760 3681 815; x_wconf 81' lang='lat' dir='ltr'><strong>pa-</strong></span> 
     </span>
    </p>
   </div>
   <div class='ocr_carea' id='block_1_53' title="bbox 2091 831 3684 905">
    <p class='ocr_par' dir='ltr' id='par_1_53' title="bbox 2091 831 3684 905">
     <span class='ocr_line' id='line_1_53' title="bbox 2091 831 3684 905; baseline 0.001 -20"><span class='ocrx_word' id='word_1_368' title='bbox 2091 846 2370 902; x_wconf 84' lang='lat' dir='ltr'><strong>rasaugas.</strong></span> <span class='ocrx_word' id='word_1_369' title='bbox 2405 831 2544 886; x_wconf 89' lang='lat' dir='ltr'><strong>Sunt</strong></span> <span class='ocrx_word' id='word_1_370' title='bbox 2582 842 2764 888; x_wconf 89' lang='lat' dir='ltr'><strong>autem</strong></span> <span class='ocrx_word' id='word_1_371' title='bbox 2804 836 3024 904; x_wconf 85' lang='lat' dir='ltr'><strong>proprio</strong></span> <span class='ocrx_word' id='word_1_372' title='bbox 3052 849 3280 905; x_wconf 71' lang='lat' dir='ltr'><strong>quaeque</strong></span> <span class='ocrx_word' id='word_1_373' title='bbox 3308 835 3529 904; x_wconf 85' lang='lat' dir='ltr'><strong>spatio:</strong></span> <span class='ocrx_word' id='word_1_374' title='bbox 3564 834 3684 888; x_wconf 85' lang='lat' dir='ltr'><strong>mil-</strong></span> 
     </span>
    </p>
   </div>
   <div class='ocr_carea' id='block_1_54' title="bbox 2092 922 3688 993">
    <p class='ocr_par' dir='ltr' id='par_1_54' title="bbox 2092 922 3688 993">
     <span class='ocr_line' id='line_1_54' title="bbox 2092 922 3688 993; baseline 0.002 -17"><span class='ocrx_word' id='word_1_375' title='bbox 2092 922 2306 977; x_wconf 88' lang='lat' dir='ltr'><strong>liarium</strong></span> <span class='ocrx_word' id='word_1_376' title='bbox 2334 922 2480 978; x_wconf 90' lang='lat' dir='ltr'><strong>mille</strong></span> <span class='ocrx_word' id='word_1_377' title='bbox 2497 925 2749 993; x_wconf 88' lang='lat' dir='ltr'><strong>passibus</strong></span> <span class='ocrx_word' id='word_1_378' title='bbox 2777 926 3119 980; x_wconf 89' lang='lat' dir='ltr'><strong>terminatur.</strong></span> <span class='ocrx_word' id='word_1_379' title='bbox 3155 925 3223 980; x_wconf 87' lang='lat' dir='ltr'><strong>Et</strong></span> <span class='ocrx_word' id='word_1_380' title='bbox 3251 926 3455 981; x_wconf 90' lang='lat' dir='ltr'><strong>dictum</strong></span> <span class='ocrx_word' id='word_1_381' title='bbox 3487 924 3688 980; x_wconf 84' lang='lat' dir='ltr'><strong>millia-</strong></span> 
     </span>
    </p>
   </div>
   <div class='ocr_carea' id='block_1_55' title="bbox 2092 1013 3684 1087">
    <p class='ocr_par' dir='ltr' id='par_1_55' title="bbox 2092 1013 3684 1087">
     <span class='ocr_line' id='line_1_55' title="bbox 2092 1013 3684 1087; baseline 0.001 -21"><span class='ocrx_word' id='word_1_382' title='bbox 2092 1013 2426 1081; x_wconf 90' lang='lat' dir='ltr'><strong>rium,quasi</strong></span> <span class='ocrx_word' id='word_1_383' title='bbox 2442 1014 2758 1080; x_wconf 68' lang='lat' dir='ltr'><strong>millazlium,</strong></span> <span class='ocrx_word' id='word_1_384' title='bbox 2782 1017 2988 1071; x_wconf 88' lang='lat' dir='ltr'><strong>habens</strong></span> <span class='ocrx_word' id='word_1_385' title='bbox 3012 1017 3209 1087; x_wconf 90' lang='lat' dir='ltr'><strong>pedum</strong></span> <span class='ocrx_word' id='word_1_386' title='bbox 3233 1018 3473 1087; x_wconf 83' lang='lat' dir='ltr'><strong>quinque</strong></span> <span class='ocrx_word' id='word_1_387' title='bbox 3486 1017 3684 1071; x_wconf 88' lang='lat' dir='ltr'><strong>millia.</strong></span> 
     </span>
    </p>
   </div>
   <div class='ocr_carea' id='block_1_56' title="bbox 2092 1104 3686 1182">
    <p class='ocr_par' dir='ltr' id='par_1_56' title="bbox 2092 1104 3686 1182">
     <span class='ocr_line' id='line_1_56' title="bbox 2092 1104 3686 1182; baseline 0.002 -22"><span class='ocrx_word' id='word_1_388' title='bbox 2092 1104 2271 1162; x_wconf 90' lang='lat' dir='ltr'><strong>Leuea</strong></span> <span class='ocrx_word' id='word_1_389' title='bbox 2320 1106 2507 1161; x_wconf 90' lang='lat' dir='ltr'><strong>ﬁnitur</strong></span> <span class='ocrx_word' id='word_1_390' title='bbox 2546 1109 2798 1178; x_wconf 86' lang='lat' dir='ltr'><strong>passibus</strong></span> <span class='ocrx_word' id='word_1_391' title='bbox 2837 1110 2983 1166; x_wconf 89' lang='lat' dir='ltr'><strong>mille</strong></span> <span class='ocrx_word' id='word_1_392' title='bbox 3019 1110 3351 1182; x_wconf 89' lang='lat' dir='ltr'><strong>quingentis.</strong></span> <span class='ocrx_word' id='word_1_393' title='bbox 3394 1108 3686 1174; x_wconf 88' lang='lat' dir='ltr'><strong>Stadium,</strong></span> 
     </span>
    </p>
   </div>
   <div class='ocr_carea' id='block_1_57' title="bbox 2094 1200 3690 1270">
    <p class='ocr_par' dir='ltr' id='par_1_57' title="bbox 2094 1200 3690 1270">
     <span class='ocr_line' id='line_1_57' title="bbox 2094 1200 3690 1270; baseline -0.003 -15"><span class='ocrx_word' id='word_1_394' title='bbox 2094 1209 2284 1255; x_wconf 88' lang='lat' dir='ltr'><strong>octava</strong></span> <span class='ocrx_word' id='word_1_395' title='bbox 2314 1214 2443 1270; x_wconf 87' lang='lat' dir='ltr'><strong>pars</strong></span> <span class='ocrx_word' id='word_1_396' title='bbox 2470 1200 2711 1255; x_wconf 85' lang='lat' dir='ltr'><strong>milliarii</strong></span> <span class='ocrx_word' id='word_1_397' title='bbox 2734 1209 2855 1266; x_wconf 86' lang='lat' dir='ltr'><strong>est,</strong></span> <span class='ocrx_word' id='word_1_398' title='bbox 2887 1212 3149 1257; x_wconf 87' lang='lat' dir='ltr'><strong>constans</strong></span> <span class='ocrx_word' id='word_1_399' title='bbox 3176 1201 3427 1270; x_wconf 85' lang='lat' dir='ltr'><strong>passibus</strong></span> <span class='ocrx_word' id='word_1_400' title='bbox 3465 1207 3690 1255; x_wconf 85' lang='lat' dir='ltr'><strong>centum</strong></span> 
     </span>
    </p>
   </div>
   <div class='ocr_carea' id='block_1_58' title="bbox 2094 1288 3690 1361">
    <p class='ocr_par' dir='ltr' id='par_1_58' title="bbox 2094 1288 3690 1361">
     <span class='ocr_line' id='line_1_58' title="bbox 2094 1288 3690 1361; baseline -0.001 -18"><span class='ocrx_word' id='word_1_401' title='bbox 2094 1289 2285 1360; x_wconf 88' lang='lat' dir='ltr'><strong>viginti</strong></span> <span class='ocrx_word' id='word_1_402' title='bbox 2315 1289 2575 1359; x_wconf 90' lang='lat' dir='ltr'><strong>quinque.</strong></span> <span class='ocrx_word' id='word_1_403' title='bbox 2601 1289 2714 1345; x_wconf 83' lang='lat' dir='ltr'><strong>Hoc</strong></span> <span class='ocrx_word' id='word_1_404' title='bbox 2739 1290 2974 1361; x_wconf 88' lang='lat' dir='ltr'><strong>primum</strong></span> <span class='ocrx_word' id='word_1_405' title='bbox 3002 1289 3288 1347; x_wconf 82' lang='lat' dir='ltr'><strong>Herculem</strong></span> <span class='ocrx_word' id='word_1_406' title='bbox 3318 1289 3576 1345; x_wconf 87' lang='lat' dir='ltr'><strong>statuisse</strong></span> <span class='ocrx_word' id='word_1_407' title='bbox 3602 1288 3690 1342; x_wconf 84' lang='lat' dir='ltr'><strong>di-</strong></span> 
     </span>
    </p>
   </div>
   <div class='ocr_carea' id='block_1_59' title="bbox 2096 1377 3694 1449">
    <p class='ocr_par' dir='ltr' id='par_1_59' title="bbox 2096 1377 3694 1449">
     <span class='ocr_line' id='line_1_59' title="bbox 2096 1377 3694 1449; baseline -0.003 -15"><span class='ocrx_word' id='word_1_408' title='bbox 2096 1387 2260 1444; x_wconf 90' lang='lat' dir='ltr'><strong>cunt,</strong></span> <span class='ocrx_word' id='word_1_409' title='bbox 2288 1393 2522 1447; x_wconf 88' lang='lat' dir='ltr'><strong>eumque</strong></span> <span class='ocrx_word' id='word_1_410' title='bbox 2550 1394 2616 1434; x_wconf 91' lang='lat' dir='ltr'><strong>eo</strong></span> <span class='ocrx_word' id='word_1_411' title='bbox 2645 1380 2821 1449; x_wconf 89' lang='lat' dir='ltr'><strong>spatio</strong></span> <span class='ocrx_word' id='word_1_412' title='bbox 2851 1379 3199 1444; x_wconf 87' lang='lat' dir='ltr'><strong>terminasse,</strong></span> <span class='ocrx_word' id='word_1_413' title='bbox 3238 1377 3380 1449; x_wconf 89' lang='lat' dir='ltr'><strong>quod</strong></span> <span class='ocrx_word' id='word_1_414' title='bbox 3426 1379 3544 1449; x_wconf 89' lang='lat' dir='ltr'><strong>ipse</strong></span> <span class='ocrx_word' id='word_1_415' title='bbox 3588 1377 3694 1431; x_wconf 88' lang='lat' dir='ltr'><strong>sub</strong></span> 
     </span>
    </p>
   </div>
   <div class='ocr_carea' id='block_1_60' title="bbox 2099 1470 3696 1541">
    <p class='ocr_par' dir='ltr' id='par_1_60' title="bbox 2099 1470 3696 1541">
     <span class='ocr_line' id='line_1_60' title="bbox 2099 1470 3696 1541; baseline 0.001 -17"><span class='ocrx_word' id='word_1_416' title='bbox 2099 1485 2207 1524; x_wconf 92' lang='lat' dir='ltr'><strong>uno</strong></span> <span class='ocrx_word' id='word_1_417' title='bbox 2249 1471 2441 1541; x_wconf 89' lang='lat' dir='ltr'><strong>spiritu</strong></span> <span class='ocrx_word' id='word_1_418' title='bbox 2483 1472 2839 1535; x_wconf 79' lang='lat' dir='ltr'><strong>confecisset,</strong></span> <span class='ocrx_word' id='word_1_419' title='bbox 2872 1486 2937 1527; x_wconf 91' lang='lat' dir='ltr'><strong>ac</strong></span> <span class='ocrx_word' id='word_1_420' title='bbox 2966 1472 3195 1541; x_wconf 89' lang='lat' dir='ltr'><strong>proinde</strong></span> <span class='ocrx_word' id='word_1_421' title='bbox 3233 1472 3468 1527; x_wconf 89' lang='lat' dir='ltr'><strong>stadium</strong></span> <span class='ocrx_word' id='word_1_422' title='bbox 3507 1470 3696 1541; x_wconf 86' lang='lat' dir='ltr'><strong>appel-</strong></span> 
     </span>
    </p>
   </div>
   <div class='ocr_carea' id='block_1_61' title="bbox 2099 1562 3695 1635">
    <p class='ocr_par' dir='ltr' id='par_1_61' title="bbox 2099 1562 3695 1635">
     <span class='ocr_line' id='line_1_61' title="bbox 2099 1562 3695 1635; baseline -0.001 -18"><span class='ocrx_word' id='word_1_423' title='bbox 2099 1564 2261 1629; x_wconf 87' lang='lat' dir='ltr'><strong>lasse,</strong></span> <span class='ocrx_word' id='word_1_424' title='bbox 2292 1563 2435 1633; x_wconf 88' lang='lat' dir='ltr'><strong>quod</strong></span> <span class='ocrx_word' id='word_1_425' title='bbox 2468 1564 2522 1619; x_wconf 92' lang='lat' dir='ltr'><strong>in</strong></span> <span class='ocrx_word' id='word_1_426' title='bbox 2567 1562 2729 1618; x_wconf 86' lang='lat' dir='ltr'><strong>ﬁnem</strong></span> <span class='ocrx_word' id='word_1_427' title='bbox 2776 1565 3139 1634; x_wconf 87' lang='lat' dir='ltr'><strong>respirasset,</strong></span> <span class='ocrx_word' id='word_1_428' title='bbox 3179 1564 3442 1635; x_wconf 59' lang='lat' dir='ltr'><strong>simulque</strong></span> <span class='ocrx_word' id='word_1_429' title='bbox 3477 1571 3536 1618; x_wconf 91' lang='lat' dir='ltr'><strong>et</strong></span> <span class='ocrx_word' id='word_1_430' title='bbox 3577 1570 3695 1619; x_wconf 87' lang='lat' dir='ltr'><strong>ste-</strong></span> 
     </span>
    </p>
   </div>
   <div class='ocr_carea' id='block_1_62' title="bbox 2103 1655 2277 1711">
    <p class='ocr_par' dir='ltr' id='par_1_62' title="bbox 2103 1655 2277 1711">
     <span class='ocr_line' id='line_1_62' title="bbox 2103 1655 2277 1711; baseline -0.006 -2"><span class='ocrx_word' id='word_1_431' title='bbox 2103 1655 2277 1711; x_wconf 88' lang='lat' dir='ltr'><strong>tisset.</strong></span> 
     </span>
    </p>
   </div>
   <div class='ocr_carea' id='block_1_63' title="bbox 2655 1745 3142 1802">
    <p class='ocr_par' dir='ltr' id='par_1_63' title="bbox 2655 1745 3142 1802">
     <span class='ocr_line' id='line_1_63' title="bbox 2655 1745 3142 1802; baseline -0.002 0"><span class='ocrx_word' id='word_1_432' title='bbox 2655 1745 2884 1802; x_wconf 79' lang='lat' dir='ltr'><strong>CAPUT</strong></span> <span class='ocrx_word' id='word_1_433' title='bbox 2924 1746 3142 1802; x_wconf 79' lang='lat' dir='ltr'><strong>XXXII.</strong></span> 
     </span>
    </p>
   </div>
   <div class='ocr_carea' id='block_1_64' title="bbox 2700 1837 3101 1892">
    <p class='ocr_par' dir='ltr' id='par_1_64' title="bbox 2700 1837 3101 1892">
     <span class='ocr_line' id='line_1_64' title="bbox 2700 1837 3101 1892; baseline 0 -1"><span class='ocrx_word' id='word_1_434' title='bbox 2700 1837 2773 1891; x_wconf 83' lang='lat' dir='ltr'><strong>De</strong></span> <span class='ocrx_word' id='word_1_435' title='bbox 2810 1838 3101 1892; x_wconf 85' lang='lat' dir='ltr'><strong>itineribus.</strong></span> 
     </span>
    </p>
   </div>
   <div class='ocr_carea' id='block_1_65' title="bbox 2138 1916 3698 1999">
    <p class='ocr_par' dir='ltr' id='par_1_65' title="bbox 2138 1916 3698 1999">
     <span class='ocr_line' id='line_1_65' title="bbox 2138 1916 3698 1999; baseline 0 -15"><span class='ocrx_word' id='word_1_436' title='bbox 2138 1916 2147 1923; x_wconf 66' lang='grc'><strong>’</strong></span> <span class='ocrx_word' id='word_1_437' title='bbox 2182 1930 2279 1985; x_wconf 88' lang='lat' dir='ltr'><strong>Via</strong></span> <span class='ocrx_word' id='word_1_438' title='bbox 2309 1937 2423 1993; x_wconf 91' lang='lat' dir='ltr'><strong>est,</strong></span> <span class='ocrx_word' id='word_1_439' title='bbox 2455 1944 2563 1999; x_wconf 88' lang='lat' dir='ltr'><strong>qua</strong></span> <span class='ocrx_word' id='word_1_440' title='bbox 2592 1935 2775 1998; x_wconf 86' lang='lat' dir='ltr'><strong>potest</strong></span> <span class='ocrx_word' id='word_1_441' title='bbox 2806 1929 2885 1984; x_wconf 90' lang='lat' dir='ltr'><strong>ire</strong></span> <span class='ocrx_word' id='word_1_442' title='bbox 2915 1929 3220 1985; x_wconf 86' lang='lat' dir='ltr'><strong>vehiculum</strong></span> <span class='ocrx_word' id='word_1_443' title='bbox 3248 1947 3260 1983; x_wconf 94' lang='lat'><strong>:</strong></span> <span class='ocrx_word' id='word_1_444' title='bbox 3290 1938 3347 1982; x_wconf 79' lang='lat' dir='ltr'><strong>et</strong></span> <span class='ocrx_word' id='word_1_445' title='bbox 3374 1930 3459 1984; x_wconf 90' lang='lat' dir='ltr'><strong>via</strong></span> <span class='ocrx_word' id='word_1_446' title='bbox 3489 1929 3633 1984; x_wconf 89' lang='lat' dir='ltr'><strong>dicta</strong></span> <span class='ocrx_word' id='word_1_447' title='bbox 3664 1946 3698 1984; x_wconf 92' lang='lat' dir='ltr'><strong>a</strong></span> 
     </span>
    </p>
   </div>
   <div class='ocr_carea' id='block_1_66' title="bbox 2108 2019 3703 2092">
    <p class='ocr_par' dir='ltr' id='par_1_66' title="bbox 2108 2019 3703 2092">
     <span class='ocr_line' id='line_1_66' title="bbox 2108 2019 3703 2092; baseline 0 -17"><span class='ocrx_word' id='word_1_448' title='bbox 2108 2021 2480 2076; x_wconf 81' lang='lat' dir='ltr'><strong>vehiculorum</strong></span> <span class='ocrx_word' id='word_1_449' title='bbox 2513 2022 2755 2077; x_wconf 82' lang='lat' dir='ltr'><strong>ittutrsu.</strong></span> <span class='ocrx_word' id='word_1_450' title='bbox 2792 2019 2925 2075; x_wconf 84' lang='lat' dir='ltr'><strong>Nam</strong></span> <span class='ocrx_word' id='word_1_451' title='bbox 2955 2022 3090 2077; x_wconf 88' lang='lat' dir='ltr'><strong>duos</strong></span> <span class='ocrx_word' id='word_1_452' title='bbox 3117 2030 3270 2076; x_wconf 89' lang='lat' dir='ltr'><strong>actus</strong></span> <span class='ocrx_word' id='word_1_453' title='bbox 3299 2022 3443 2091; x_wconf 86' lang='lat' dir='ltr'><strong>capit</strong></span> <span class='ocrx_word' id='word_1_454' title='bbox 3471 2031 3703 2092; x_wconf 83' lang='lat' dir='ltr'><strong>propter</strong></span> 
     </span>
    </p>
   </div>
   <div class='ocr_carea' id='block_1_67' title="bbox 2110 2111 3705 2169">
    <p class='ocr_par' dir='ltr' id='par_1_67' title="bbox 2110 2111 3705 2169">
     <span class='ocr_line' id='line_1_67' title="bbox 2110 2111 3705 2169; baseline -0.003 0"><span class='ocrx_word' id='word_1_455' title='bbox 2110 2113 2354 2169; x_wconf 90' lang='lat' dir='ltr'><strong>euntium</strong></span> <span class='ocrx_word' id='word_1_456' title='bbox 2386 2120 2441 2167; x_wconf 89' lang='lat' dir='ltr'><strong>et</strong></span> <span class='ocrx_word' id='word_1_457' title='bbox 2467 2112 2798 2167; x_wconf 84' lang='lat' dir='ltr'><strong>venientium</strong></span> <span class='ocrx_word' id='word_1_458' title='bbox 2827 2111 3196 2167; x_wconf 86' lang='lat' dir='ltr'><strong>vehiculorum</strong></span> <span class='ocrx_word' id='word_1_459' title='bbox 3233 2112 3532 2166; x_wconf 89' lang='lat' dir='ltr'><strong>incursum.</strong></span> <span class='ocrx_word' id='word_1_460' title='bbox 3567 2112 3705 2166; x_wconf 88' lang='lat' dir='ltr'><strong>0m-</strong></span> 
     </span>
    </p>
   </div>
   <div class='ocr_carea' id='block_1_68' title="bbox 2107 2202 3697 2273">
    <p class='ocr_par' dir='ltr' id='par_1_68' title="bbox 2107 2202 3697 2273">
     <span class='ocr_line' id='line_1_68' title="bbox 2107 2202 3697 2273; baseline 0.001 -16"><span class='ocrx_word' id='word_1_461' title='bbox 2107 2204 2192 2259; x_wconf 89' lang='lat' dir='ltr'><strong>nis</strong></span> <span class='ocrx_word' id='word_1_462' title='bbox 2221 2213 2402 2258; x_wconf 90' lang='lat' dir='ltr'><strong>autem</strong></span> <span class='ocrx_word' id='word_1_463' title='bbox 2431 2203 2519 2257; x_wconf 90' lang='lat' dir='ltr'><strong>via</strong></span> <span class='ocrx_word' id='word_1_464' title='bbox 2546 2210 2640 2257; x_wconf 90' lang='lat' dir='ltr'><strong>aut</strong></span> <span class='ocrx_word' id='word_1_465' title='bbox 2667 2202 2904 2273; x_wconf 88' lang='lat' dir='ltr'><strong>publica,</strong></span> <span class='ocrx_word' id='word_1_466' title='bbox 2937 2211 3031 2256; x_wconf 89' lang='lat' dir='ltr'><strong>aut</strong></span> <span class='ocrx_word' id='word_1_467' title='bbox 3061 2202 3295 2271; x_wconf 79' lang='lat' dir='ltr'><strong>privata.</strong></span> <span class='ocrx_word' id='word_1_468' title='bbox 3326 2202 3550 2257; x_wconf 88' lang='lat' dir='ltr'><strong>Publica</strong></span> <span class='ocrx_word' id='word_1_469' title='bbox 3578 2214 3697 2266; x_wconf 88' lang='lat' dir='ltr'><strong>est,</strong></span> 
     </span>
    </p>
   </div>
   <div class='ocr_carea' id='block_1_69' title="bbox 2106 2294 3705 2366">
    <p class='ocr_par' dir='ltr' id='par_1_69' title="bbox 2106 2294 3705 2366">
     <span class='ocr_line' id='line_1_69' title="bbox 2106 2294 3705 2366; baseline -0.001 -18"><span class='ocrx_word' id='word_1_470' title='bbox 2106 2310 2227 2366; x_wconf 66' lang='lat' dir='ltr'><strong>quae</strong></span> <span class='ocrx_word' id='word_1_471' title='bbox 2258 2296 2311 2349; x_wconf 92' lang='lat' dir='ltr'><strong>in</strong></span> <span class='ocrx_word' id='word_1_472' title='bbox 2340 2295 2455 2350; x_wconf 91' lang='lat' dir='ltr'><strong>solo</strong></span> <span class='ocrx_word' id='word_1_473' title='bbox 2482 2294 2695 2365; x_wconf 88' lang='lat' dir='ltr'><strong>publico</strong></span> <span class='ocrx_word' id='word_1_474' title='bbox 2722 2302 2838 2359; x_wconf 90' lang='lat' dir='ltr'><strong>est,</strong></span> <span class='ocrx_word' id='word_1_475' title='bbox 2889 2310 2994 2364; x_wconf 89' lang='lat' dir='ltr'><strong>qua</strong></span> <span class='ocrx_word' id='word_1_476' title='bbox 3028 2294 3133 2348; x_wconf 88' lang='lat' dir='ltr'><strong>iter</strong></span> <span class='ocrx_word' id='word_1_477' title='bbox 3182 2304 3337 2349; x_wconf 90' lang='lat' dir='ltr'><strong>actus</strong></span> <span class='ocrx_word' id='word_1_478' title='bbox 3374 2294 3573 2363; x_wconf 89' lang='lat' dir='ltr'><strong>populo</strong></span> <span class='ocrx_word' id='word_1_479' title='bbox 3604 2311 3705 2365; x_wconf 87' lang='lat' dir='ltr'><strong>pa-</strong></span> 
     </span>
    </p>
   </div>
   <div class='ocr_carea' id='block_1_70' title="bbox 2107 2386 3701 2457">
    <p class='ocr_par' dir='ltr' id='par_1_70' title="bbox 2107 2386 3701 2457">
     <span class='ocr_line' id='line_1_70' title="bbox 2107 2386 3701 2457; baseline -0.001 -15"><span class='ocrx_word' id='word_1_480' title='bbox 2107 2396 2203 2442; x_wconf 89' lang='lat' dir='ltr'><strong>tet.</strong></span> <span class='ocrx_word' id='word_1_481' title='bbox 2238 2386 2363 2442; x_wconf 63' lang='lat' dir='ltr'><strong>Htec</strong></span> <span class='ocrx_word' id='word_1_482' title='bbox 2385 2395 2477 2441; x_wconf 89' lang='lat' dir='ltr'><strong>aut</strong></span> <span class='ocrx_word' id='word_1_483' title='bbox 2500 2388 2565 2440; x_wconf 90' lang='lat' dir='ltr'><strong>ad</strong></span> <span class='ocrx_word' id='word_1_484' title='bbox 2594 2402 2742 2441; x_wconf 86' lang='lat' dir='ltr'><strong>mare</strong></span> <span class='ocrx_word' id='word_1_485' title='bbox 2767 2396 2859 2441; x_wconf 88' lang='lat' dir='ltr'><strong>aut</strong></span> <span class='ocrx_word' id='word_1_486' title='bbox 2875 2388 2941 2440; x_wconf 92' lang='lat' dir='ltr'><strong>ad</strong></span> <span class='ocrx_word' id='word_1_487' title='bbox 2969 2387 3162 2457; x_wconf 87' lang='lat' dir='ltr'><strong>oppida</strong></span> <span class='ocrx_word' id='word_1_488' title='bbox 3190 2387 3445 2456; x_wconf 82' lang='lat' dir='ltr'><strong>pertinet.</strong></span> <span class='ocrx_word' id='word_1_489' title='bbox 3476 2386 3701 2442; x_wconf 87' lang='lat' dir='ltr'><strong>Privata</strong></span> 
     </span>
    </p>
   </div>
   <div class='ocr_carea' id='block_1_71' title="bbox 2108 2476 3705 2545">
    <p class='ocr_par' dir='ltr' id='par_1_71' title="bbox 2108 2476 3705 2545">
     <span class='ocr_line' id='line_1_71' title="bbox 2108 2476 3705 2545; baseline -0.002 -14"><span class='ocrx_word' id='word_1_490' title='bbox 2108 2484 2221 2539; x_wconf 90' lang='lat' dir='ltr'><strong>est,</strong></span> <span class='ocrx_word' id='word_1_491' title='bbox 2251 2491 2369 2545; x_wconf 70' lang='lat' dir='ltr'><strong>qum</strong></span> <span class='ocrx_word' id='word_1_492' title='bbox 2411 2476 2591 2530; x_wconf 84' lang='lat' dir='ltr'><strong>vicino</strong></span> <span class='ocrx_word' id='word_1_493' title='bbox 2622 2476 2915 2545; x_wconf 86' lang='lat' dir='ltr'><strong>municipio</strong></span> <span class='ocrx_word' id='word_1_494' title='bbox 2945 2476 3069 2529; x_wconf 87' lang='lat' dir='ltr'><strong>data</strong></span> <span class='ocrx_word' id='word_1_495' title='bbox 3099 2484 3200 2529; x_wconf 86' lang='lat' dir='ltr'><strong>est.</strong></span> <span class='ocrx_word' id='word_1_496' title='bbox 3239 2476 3331 2529; x_wconf 86' lang='lat' dir='ltr'><strong>Via</strong></span> <span class='ocrx_word' id='word_1_497' title='bbox 3365 2476 3513 2529; x_wconf 90' lang='lat' dir='ltr'><strong>enim</strong></span> <span class='ocrx_word' id='word_1_498' title='bbox 3560 2477 3705 2529; x_wconf 80' lang='lat' dir='ltr'><strong>mul-</strong></span> 
     </span>
    </p>
   </div>
   <div class='ocr_carea' id='block_1_72' title="bbox 2111 2565 3700 2637">
    <p class='ocr_par' dir='ltr' id='par_1_72' title="bbox 2111 2565 3700 2637">
     <span class='ocr_line' id='line_1_72' title="bbox 2111 2565 3700 2637; baseline 0 -17"><span class='ocrx_word' id='word_1_499' title='bbox 2111 2566 2349 2637; x_wconf 85' lang='lat' dir='ltr'><strong>tiplicem</strong></span> <span class='ocrx_word' id='word_1_500' title='bbox 2391 2565 2848 2635; x_wconf 88' lang='lat' dir='ltr'><strong>signiﬁcationem</strong></span> <span class='ocrx_word' id='word_1_501' title='bbox 2892 2566 3098 2619; x_wconf 88' lang='lat' dir='ltr'><strong>habet:</strong></span> <span class='ocrx_word' id='word_1_502' title='bbox 3145 2566 3198 2620; x_wconf 92' lang='lat' dir='ltr'><strong>in</strong></span> <span class='ocrx_word' id='word_1_503' title='bbox 3243 2567 3438 2621; x_wconf 89' lang='lat' dir='ltr'><strong>bonam</strong></span> <span class='ocrx_word' id='word_1_504' title='bbox 3480 2577 3700 2636; x_wconf 88' lang='lat' dir='ltr'><strong>partem</strong></span> 
     </span>
    </p>
   </div>
   <div class='ocr_carea' id='block_1_73' title="bbox 2108 2656 3696 2728">
    <p class='ocr_par' dir='ltr' id='par_1_73' title="bbox 2108 2656 3696 2728">
     <span class='ocr_line' id='line_1_73' title="bbox 2108 2656 3696 2728; baseline -0.001 -16"><span class='ocrx_word' id='word_1_505' title='bbox 2108 2658 2398 2728; x_wconf 85' lang='lat' dir='ltr'><strong>aliquando</strong></span> <span class='ocrx_word' id='word_1_506' title='bbox 2429 2657 2736 2726; x_wconf 89' lang='lat' dir='ltr'><strong>accipitur:</strong></span> <span class='ocrx_word' id='word_1_507' title='bbox 2769 2656 3059 2727; x_wconf 88' lang='lat' dir='ltr'><strong>aliquando</strong></span> <span class='ocrx_word' id='word_1_508' title='bbox 3090 2671 3219 2712; x_wconf 86' lang='lat' dir='ltr'><strong>vero</strong></span> <span class='ocrx_word' id='word_1_509' title='bbox 3250 2657 3301 2711; x_wconf 93' lang='lat' dir='ltr'><strong>in</strong></span> <span class='ocrx_word' id='word_1_510' title='bbox 3333 2658 3696 2712; x_wconf 86' lang='lat' dir='ltr'><strong>contrariam.</strong></span> 
     </span>
    </p>
   </div>
   <div class='ocr_carea' id='block_1_74' title="bbox 2108 2748 3699 2818">
    <p class='ocr_par' dir='ltr' id='par_1_74' title="bbox 2108 2748 3699 2818">
     <span class='ocr_line' id='line_1_74' title="bbox 2108 2748 3699 2818; baseline -0.002 -14"><span class='ocrx_word' id='word_1_511' title='bbox 2108 2750 2205 2805; x_wconf 90' lang='lat' dir='ltr'><strong>Via</strong></span> <span class='ocrx_word' id='word_1_512' title='bbox 2237 2749 2382 2803; x_wconf 90' lang='lat' dir='ltr'><strong>enim</strong></span> <span class='ocrx_word' id='word_1_513' title='bbox 2416 2749 2592 2818; x_wconf 90' lang='lat' dir='ltr'><strong>ipsum</strong></span> <span class='ocrx_word' id='word_1_514' title='bbox 2623 2749 2911 2803; x_wconf 91' lang='lat' dir='ltr'><strong>Dominum</strong></span> <span class='ocrx_word' id='word_1_515' title='bbox 2945 2748 3221 2804; x_wconf 87' lang='lat' dir='ltr'><strong>Christum</strong></span> <span class='ocrx_word' id='word_1_516' title='bbox 3253 2748 3528 2818; x_wconf 83' lang='lat' dir='ltr'><strong>signiﬁcat</strong></span> <span class='ocrx_word' id='word_1_517' title='bbox 3552 2789 3567 2811; x_wconf 90' lang='lat'><strong>,</strong></span> <span class='ocrx_word' id='word_1_518' title='bbox 3603 2748 3699 2818; x_wconf 87' lang='lat' dir='ltr'><strong>qui</strong></span> 
     </span>
    </p>
   </div>
   <div class='ocr_carea' id='block_1_75' title="bbox 2106 2837 3695 2910">
    <p class='ocr_par' dir='ltr' id='par_1_75' title="bbox 2106 2837 3695 2910">
     <span class='ocr_line' id='line_1_75' title="bbox 2106 2837 3695 2910; baseline -0.003 -15"><span class='ocrx_word' id='word_1_519' title='bbox 2106 2841 2183 2895; x_wconf 85' lang='lat' dir='ltr'><strong>ait</strong></span> <span class='ocrx_word' id='word_1_520' title='bbox 2212 2840 2266 2894; x_wconf 92' lang='lat' dir='ltr'><strong>in</strong></span> <span class='ocrx_word' id='word_1_521' title='bbox 2296 2839 2561 2909; x_wconf 87' lang='lat' dir='ltr'><strong>Evanglio</strong></span> <span class='ocrx_word' id='word_1_522' title='bbox 2586 2856 2599 2892; x_wconf 92' lang='lat'><strong>:</strong></span> <span class='ocrx_word' id='word_1_523' title='bbox 2636 2838 2748 2910; x_wconf 81' lang='lat' dir='ltr'><strong>Ego</strong></span> <span class='ocrx_word' id='word_1_524' title='bbox 2778 2856 2895 2894; x_wconf 88' lang='lat' dir='ltr'><strong>sum</strong></span> <span class='ocrx_word' id='word_1_525' title='bbox 2925 2839 3010 2894; x_wconf 77' lang='lat' dir='ltr'><strong>via</strong></span> <span class='ocrx_word' id='word_1_526' title='bbox 3032 2880 3045 2906; x_wconf 90' lang='lat'><strong>,</strong></span> <span class='ocrx_word' id='word_1_527' title='bbox 3078 2840 3268 2894; x_wconf 72' lang='lat' dir='ltr'><strong>veritas</strong></span> <span class='ocrx_word' id='word_1_528' title='bbox 3297 2849 3344 2892; x_wconf 91' lang='lat' dir='ltr'><strong>et</strong></span> <span class='ocrx_word' id='word_1_529' title='bbox 3373 2840 3479 2891; x_wconf 83' lang='lat' dir='ltr'><strong>rita</strong></span> <span class='ocrx_word' id='word_1_530' title='bbox 3508 2837 3695 2904; x_wconf 83' lang='lat' dir='ltr'><strong>(Joan.</strong></span> 
     </span>
    </p>
   </div>
   <div class='ocr_carea' id='block_1_76' title="bbox 2064 2928 3698 3001">
    <p class='ocr_par' dir='ltr' id='par_1_76' title="bbox 2064 2928 3698 3001">
     <span class='ocr_line' id='line_1_76' title="bbox 2064 2928 3698 3001; baseline -0.001 -16"><span class='ocrx_word' id='word_1_531' title='bbox 2064 2936 2065 2939; x_wconf 69' lang='grc'><em>“</em></span> <span class='ocrx_word' id='word_1_532' title='bbox 2106 2928 2238 3001; x_wconf 72' lang='lat' dir='ltr'><strong>XIV)</strong></span> <span class='ocrx_word' id='word_1_533' title='bbox 2267 2946 2280 2995; x_wconf 90' lang='lat'>;</span> <span class='ocrx_word' id='word_1_534' title='bbox 2310 2937 2367 2984; x_wconf 92' lang='lat' dir='ltr'><strong>et</strong></span> <span class='ocrx_word' id='word_1_535' title='bbox 2408 2944 2507 2999; x_wconf 90' lang='lat' dir='ltr'><strong>per</strong></span> <span class='ocrx_word' id='word_1_536' title='bbox 2548 2929 2722 3000; x_wconf 91' lang='lat' dir='ltr'><strong>ipsum</strong></span> <span class='ocrx_word' id='word_1_537' title='bbox 2761 2929 2830 2984; x_wconf 91' lang='lat' dir='ltr'><strong>ad</strong></span> <span class='ocrx_word' id='word_1_538' title='bbox 2871 2936 3133 2984; x_wconf 64' lang='lat' dir='ltr'><strong>aeternam</strong></span> <span class='ocrx_word' id='word_1_539' title='bbox 3172 2928 3340 2982; x_wconf 88' lang='lat' dir='ltr'><strong>vitam</strong></span> <span class='ocrx_word' id='word_1_540' title='bbox 3380 2929 3698 2999; x_wconf 80' lang='lat' dir='ltr'><strong>pergimus:</strong></span> 
     </span>
    </p>
   </div>
   <div class='ocr_carea' id='block_1_77' title="bbox 2106 3018 3703 3091">
    <p class='ocr_par' dir='ltr' id='par_1_77' title="bbox 2106 3018 3703 3091">
     <span class='ocr_line' id='line_1_77' title="bbox 2106 3018 3703 3091; baseline 0 -16"><span class='ocrx_word' id='word_1_541' title='bbox 2106 3030 2161 3076; x_wconf 90' lang='lat' dir='ltr'><strong>et</strong></span> <span class='ocrx_word' id='word_1_542' title='bbox 2202 3021 2319 3091; x_wconf 89' lang='lat' dir='ltr'><strong>ipso</strong></span> <span class='ocrx_word' id='word_1_543' title='bbox 2363 3018 2638 3075; x_wconf 89' lang='lat' dir='ltr'><strong>tribuente</strong></span> <span class='ocrx_word' id='word_1_544' title='bbox 2678 3035 2861 3075; x_wconf 89' lang='lat' dir='ltr'><strong>veram</strong></span> <span class='ocrx_word' id='word_1_545' title='bbox 2901 3021 3297 3076; x_wconf 88' lang='lat' dir='ltr'><strong>beatitudinem</strong></span> <span class='ocrx_word' id='word_1_546' title='bbox 3342 3020 3703 3090; x_wconf 82' lang='lat' dir='ltr'><strong>accipiemus.</strong></span> 
     </span>
    </p>
   </div>
   <div class='ocr_carea' id='block_1_78' title="bbox 1652 3110 3708 3215">
    <p class='ocr_par' dir='ltr' id='par_1_78' title="bbox 1652 3110 3708 3215">
     <span class='ocr_line' id='line_1_78' title="bbox 1652 3110 3708 3215; baseline -0.01 -39"><span class='ocrx_word' id='word_1_547' title='bbox 1652 3110 1721 3201; x_wconf 52' lang='lat' dir='ltr'><strong>he</strong></span> <span class='ocrx_word' id='word_1_548' title='bbox 1753 3147 2009 3215; x_wconf 47' lang='lat' dir='ltr'><strong>segnities</strong></span> <span class='ocrx_word' id='word_1_549' title='bbox 2037 3142 2082 3204; x_wconf 63' lang='grc' dir='ltr'>ρ</span> <span class='ocrx_word' id='word_1_550' title='bbox 2112 3110 2416 3183; x_wconf 88' lang='lat' dir='ltr'><strong>Aliquando</strong></span> <span class='ocrx_word' id='word_1_551' title='bbox 2443 3127 2575 3168; x_wconf 89' lang='lat' dir='ltr'><strong>vero</strong></span> <span class='ocrx_word' id='word_1_552' title='bbox 2603 3113 2703 3168; x_wconf 65' lang='lat' dir='ltr'><strong>via:</strong></span> <span class='ocrx_word' id='word_1_553' title='bbox 2735 3113 2952 3168; x_wconf 90' lang='lat' dir='ltr'><strong>nomine</strong></span> <span class='ocrx_word' id='word_1_554' title='bbox 2982 3122 3250 3184; x_wconf 71' lang='lat' dir='ltr'><strong>prmeepta</strong></span> <span class='ocrx_word' id='word_1_555' title='bbox 3285 3113 3497 3177; x_wconf 79' lang='lat' dir='ltr'><strong>divina,</strong></span> <span class='ocrx_word' id='word_1_556' title='bbox 3527 3122 3585 3167; x_wconf 73' lang='lat' dir='ltr'><strong>ei</strong></span> <span class='ocrx_word' id='word_1_557' title='bbox 3614 3130 3708 3169; x_wconf 68' lang='lat' dir='ltr'><strong>re.</strong></span> 
     </span>
    </p>
   </div>
   <div class='ocr_carea' id='block_1_79' title="bbox 2114 3204 3705 3274">
    <p class='ocr_par' dir='ltr' id='par_1_79' title="bbox 2114 3204 3705 3274">
     <span class='ocr_line' id='line_1_79' title="bbox 2114 3204 3705 3274; baseline 0.002 -18"><span class='ocrx_word' id='word_1_558' title='bbox 2114 3204 2252 3274; x_wconf 75' lang='lat' dir='ltr'><strong>gula:</strong></span> <span class='ocrx_word' id='word_1_559' title='bbox 2298 3212 2607 3259; x_wconf 89' lang='lat' dir='ltr'><strong>sanctarum</strong></span> <span class='ocrx_word' id='word_1_560' title='bbox 2654 3204 3049 3273; x_wconf 84' lang='lat' dir='ltr'><strong>scripturarum</strong></span> <span class='ocrx_word' id='word_1_561' title='bbox 3098 3204 3496 3273; x_wconf 82' lang='lat' dir='ltr'><strong>designantur,</strong></span> <span class='ocrx_word' id='word_1_562' title='bbox 3554 3205 3705 3259; x_wconf 87' lang='lat' dir='ltr'><strong>unde</strong></span> 
     </span>
    </p>
   </div>
   <div class='ocr_carea' id='block_1_80' title="bbox 2112 3293 3705 3350">
    <p class='ocr_par' dir='ltr' id='par_1_80' title="bbox 2112 3293 3705 3350">
     <span class='ocr_line' id='line_1_80' title="bbox 2112 3293 3705 3350; baseline 0.001 -2"><span class='ocrx_word' id='word_1_563' title='bbox 2112 3294 2401 3350; x_wconf 88' lang='lat' dir='ltr'><strong>Psalmista</strong></span> <span class='ocrx_word' id='word_1_564' title='bbox 2445 3296 2567 3349; x_wconf 90' lang='lat' dir='ltr'><strong>ait:</strong></span> <span class='ocrx_word' id='word_1_565' title='bbox 2607 3293 2762 3348; x_wconf 82' lang='lat' dir='ltr'><strong>Viam</strong></span> <span class='ocrx_word' id='word_1_566' title='bbox 2801 3296 3178 3349; x_wconf 77' lang='lat' dir='ltr'><strong>mandatorum</strong></span> <span class='ocrx_word' id='word_1_567' title='bbox 3222 3305 3435 3349; x_wconf 88' lang='lat' dir='ltr'><strong>tuorum</strong></span> <span class='ocrx_word' id='word_1_568' title='bbox 3482 3296 3705 3349; x_wconf 81' lang='lat' dir='ltr'><strong>cucurri</strong></span> 
     </span>
    </p>
   </div>
   <div class='ocr_carea' id='block_1_81' title="bbox 2112 3382 3704 3455">
    <p class='ocr_par' dir='ltr' id='par_1_81' title="bbox 2112 3382 3704 3455">
     <span class='ocr_line' id='line_1_81' title="bbox 2112 3382 3704 3455; baseline 0.001 -17"><span class='ocrx_word' id='word_1_569' title='bbox 2112 3382 2297 3455; x_wconf 88' lang='lat' dir='ltr'><strong>(Psal.</strong></span> <span class='ocrx_word' id='word_1_570' title='bbox 2328 3386 2550 3450; x_wconf 66' lang='lat' dir='ltr'><strong>eam&quot;).</strong></span> <span class='ocrx_word' id='word_1_571' title='bbox 2581 3385 2646 3439; x_wconf 85' lang='lat' dir='ltr'><strong>Et</strong></span> <span class='ocrx_word' id='word_1_572' title='bbox 2676 3386 2843 3440; x_wconf 87' lang='lat' dir='ltr'><strong>item:</strong></span> <span class='ocrx_word' id='word_1_573' title='bbox 2881 3384 3001 3439; x_wconf 69' lang='lat' dir='ltr'><strong>Via:</strong></span> <span class='ocrx_word' id='word_1_574' title='bbox 3030 3395 3165 3449; x_wconf 85' lang='lat' dir='ltr'><strong>tuas,</strong></span> <span class='ocrx_word' id='word_1_575' title='bbox 3202 3386 3448 3449; x_wconf 79' lang='lat' dir='ltr'><strong>Domine,</strong></span> <span class='ocrx_word' id='word_1_576' title='bbox 3477 3386 3704 3440; x_wconf 80' lang='lat' dir='ltr'><strong>demon-</strong></span> 
     </span>
    </p>
   </div>
   <div class='ocr_carea' id='block_1_82' title="bbox 2112 3477 3704 3549">
    <p class='ocr_par' dir='ltr' id='par_1_82' title="bbox 2112 3477 3704 3549">
     <span class='ocr_line' id='line_1_82' title="bbox 2112 3477 3704 3549; baseline -0.001 -16"><span class='ocrx_word' id='word_1_577' title='bbox 2112 3488 2222 3533; x_wconf 88' lang='lat' dir='ltr'><strong>stra</strong></span> <span class='ocrx_word' id='word_1_578' title='bbox 2269 3479 2430 3543; x_wconf 88' lang='lat' dir='ltr'><strong>mihi,</strong></span> <span class='ocrx_word' id='word_1_579' title='bbox 2472 3488 2521 3531; x_wconf 89' lang='lat' dir='ltr'><strong>et</strong></span> <span class='ocrx_word' id='word_1_580' title='bbox 2560 3479 2771 3532; x_wconf 81' lang='lat' dir='ltr'><strong>semitas</strong></span> <span class='ocrx_word' id='word_1_581' title='bbox 2818 3489 2938 3533; x_wconf 89' lang='lat' dir='ltr'><strong>tuas</strong></span> <span class='ocrx_word' id='word_1_582' title='bbox 2977 3478 3103 3531; x_wconf 89' lang='lat' dir='ltr'><strong>doce</strong></span> <span class='ocrx_word' id='word_1_583' title='bbox 3150 3494 3231 3531; x_wconf 85' lang='lat' dir='ltr'><strong>me</strong></span> <span class='ocrx_word' id='word_1_584' title='bbox 3285 3477 3475 3547; x_wconf 84' lang='lat' dir='ltr'><strong>(Psal.</strong></span> <span class='ocrx_word' id='word_1_585' title='bbox 3510 3494 3640 3531; x_wconf 71' lang='lat' dir='ltr'><strong>xxiv</strong></span> <span class='ocrx_word' id='word_1_586' title='bbox 3665 3480 3704 3549; x_wconf 91' lang='lat'><strong>).</strong></span> 
     </span>
    </p>
   </div>
   <div class='ocr_carea' id='block_1_83' title="bbox 2113 3570 3714 3641">
    <p class='ocr_par' dir='ltr' id='par_1_83' title="bbox 2113 3570 3714 3641">
     <span class='ocr_line' id='line_1_83' title="bbox 2113 3570 3714 3641; baseline -0.002 -15"><span class='ocrx_word' id='word_1_587' title='bbox 2113 3572 2416 3641; x_wconf 87' lang='lat' dir='ltr'><strong>Aliquando</strong></span> <span class='ocrx_word' id='word_1_588' title='bbox 2470 3571 2581 3625; x_wconf 85' lang='lat' dir='ltr'><strong>vita</strong></span> <span class='ocrx_word' id='word_1_589' title='bbox 2636 3572 2869 3627; x_wconf 83' lang='lat' dir='ltr'><strong>hominis</strong></span> <span class='ocrx_word' id='word_1_590' title='bbox 2916 3573 2969 3625; x_wconf 88' lang='lat' dir='ltr'><strong>in</strong></span> <span class='ocrx_word' id='word_1_591' title='bbox 3022 3587 3087 3625; x_wconf 90' lang='lat' dir='ltr'><strong>eo</strong></span> <span class='ocrx_word' id='word_1_592' title='bbox 3135 3570 3492 3638; x_wconf 79' lang='lat' dir='ltr'><strong>signiﬁcatur.</strong></span> <span class='ocrx_word' id='word_1_593' title='bbox 3554 3570 3714 3625; x_wconf 86' lang='lat' dir='ltr'><strong>Unde</strong></span> 
     </span>
    </p>
   </div>
   <div class='ocr_carea' id='block_1_84' title="bbox 2115 3660 3713 3733">
    <p class='ocr_par' dir='ltr' id='par_1_84' title="bbox 2115 3660 3713 3733">
     <span class='ocr_line' id='line_1_84' title="bbox 2115 3660 3713 3733; baseline -0.003 -17"><span class='ocrx_word' id='word_1_594' title='bbox 2115 3662 2384 3733; x_wconf 83' lang='lat' dir='ltr'><strong>Propheta</strong></span> <span class='ocrx_word' id='word_1_595' title='bbox 2417 3663 2530 3715; x_wconf 87' lang='lat' dir='ltr'><strong>ait:</strong></span> <span class='ocrx_word' id='word_1_596' title='bbox 2568 3660 2689 3716; x_wconf 78' lang='lat' dir='ltr'><strong>Vias</strong></span> <span class='ocrx_word' id='word_1_597' title='bbox 2718 3678 2859 3716; x_wconf 88' lang='lat' dir='ltr'><strong>meas</strong></span> <span class='ocrx_word' id='word_1_598' title='bbox 2901 3663 3201 3724; x_wconf 80' lang='lat' dir='ltr'><strong>enuntiari,</strong></span> <span class='ocrx_word' id='word_1_599' title='bbox 3244 3672 3292 3715; x_wconf 89' lang='lat' dir='ltr'><strong>et</strong></span> <span class='ocrx_word' id='word_1_600' title='bbox 3332 3660 3600 3714; x_wconf 72' lang='lat' dir='ltr'><strong>exaudiui</strong></span> <span class='ocrx_word' id='word_1_601' title='bbox 3631 3676 3713 3712; x_wconf 85' lang='lat' dir='ltr'><strong>me</strong></span> 
     </span>
    </p>
   </div>
   <div class='ocr_carea' id='block_1_85' title="bbox 2118 3750 3714 3825">
    <p class='ocr_par' dir='ltr' id='par_1_85' title="bbox 2118 3750 3714 3825">
     <span class='ocr_line' id='line_1_85' title="bbox 2118 3750 3714 3825; baseline 0 -21"><span class='ocrx_word' id='word_1_602' title='bbox 2118 3751 2137 3825; x_wconf 91' lang='lat'><strong>(</strong></span> <span class='ocrx_word' id='word_1_603' title='bbox 2165 3750 2313 3805; x_wconf 86' lang='lat' dir='ltr'><strong>Psal.</strong></span> <span class='ocrx_word' id='word_1_604' title='bbox 2347 3767 2516 3805; x_wconf 73' lang='lat' dir='ltr'><strong>cxvm</strong></span> <span class='ocrx_word' id='word_1_605' title='bbox 2538 3750 2578 3813; x_wconf 80' lang='grc' dir='ltr'>ι.</span> <span class='ocrx_word' id='word_1_606' title='bbox 2621 3752 2677 3805; x_wconf 84' lang='grc' dir='ltr'><strong>1η</strong></span> <span class='ocrx_word' id='word_1_607' title='bbox 2724 3752 3053 3806; x_wconf 91' lang='lat' dir='ltr'><strong>contrariam</strong></span> <span class='ocrx_word' id='word_1_608' title='bbox 3097 3767 3226 3806; x_wconf 92' lang='lat' dir='ltr'><strong>vero</strong></span> <span class='ocrx_word' id='word_1_609' title='bbox 3258 3760 3468 3821; x_wconf 85' lang='lat' dir='ltr'><strong>partem</strong></span> <span class='ocrx_word' id='word_1_610' title='bbox 3504 3751 3605 3805; x_wconf 76' lang='lat' dir='ltr'><strong>via:</strong></span> <span class='ocrx_word' id='word_1_611' title='bbox 3637 3751 3714 3804; x_wconf 87' lang='lat' dir='ltr'><strong>si-</strong></span> 
     </span>
    </p>
   </div>
   <div class='ocr_carea' id='block_1_86' title="bbox 2118 3844 3716 3916">
    <p class='ocr_par' dir='ltr' id='par_1_86' title="bbox 2118 3844 3716 3916">
     <span class='ocr_line' id='line_1_86' title="bbox 2118 3844 3716 3916; baseline -0.001 -18"><span class='ocrx_word' id='word_1_612' title='bbox 2118 3844 2393 3916; x_wconf 88' lang='lat' dir='ltr'><strong>gniﬁcatio</strong></span> <span class='ocrx_word' id='word_1_613' title='bbox 2454 3845 2709 3908; x_wconf 86' lang='lat' dir='ltr'><strong>trahitur,</strong></span> <span class='ocrx_word' id='word_1_614' title='bbox 2769 3845 2988 3915; x_wconf 80' lang='lat' dir='ltr'><strong>quando</strong></span> <span class='ocrx_word' id='word_1_615' title='bbox 3045 3854 3268 3914; x_wconf 89' lang='lat' dir='ltr'><strong>propter</strong></span> <span class='ocrx_word' id='word_1_616' title='bbox 3315 3844 3459 3898; x_wconf 88' lang='lat' dir='ltr'><strong>viam</strong></span> <span class='ocrx_word' id='word_1_617' title='bbox 3510 3844 3716 3897; x_wconf 73' lang='lat' dir='ltr'><strong>mentis</strong></span> 
     </span>
    </p>
   </div>
   <div class='ocr_carea' id='block_1_87' title="bbox 2120 3937 3714 4007">
    <p class='ocr_par' dir='ltr' id='par_1_87' title="bbox 2120 3937 3714 4007">
     <span class='ocr_line' id='line_1_87' title="bbox 2120 3937 3714 4007; baseline -0.002 -15"><span class='ocrx_word' id='word_1_618' title='bbox 2120 3938 2318 4007; x_wconf 75' lang='lat' dir='ltr'><strong>iniqua:</strong></span> <span class='ocrx_word' id='word_1_619' title='bbox 2349 3938 2415 3991; x_wconf 91' lang='lat' dir='ltr'><strong>ad</strong></span> <span class='ocrx_word' id='word_1_620' title='bbox 2441 3937 2709 3992; x_wconf 91' lang='lat' dir='ltr'><strong>actionem</strong></span> <span class='ocrx_word' id='word_1_621' title='bbox 2738 3937 3003 3992; x_wconf 89' lang='lat' dir='ltr'><strong>malorum</strong></span> <span class='ocrx_word' id='word_1_622' title='bbox 3027 3952 3249 4006; x_wconf 90' lang='lat' dir='ltr'><strong>operum</strong></span> <span class='ocrx_word' id='word_1_623' title='bbox 3280 3937 3714 4000; x_wconf 86' lang='lat' dir='ltr'><strong>demonstratur,</strong></span> 
     </span>
    </p>
   </div>
   <div class='ocr_carea' id='block_1_88' title="bbox 2120 4025 3714 4097">
    <p class='ocr_par' dir='ltr' id='par_1_88' title="bbox 2120 4025 3714 4097">
     <span class='ocr_line' id='line_1_88' title="bbox 2120 4025 3714 4097; baseline -0.002 -14"><span class='ocrx_word' id='word_1_624' title='bbox 2120 4037 2181 4083; x_wconf 92' lang='lat' dir='ltr'><strong>ut</strong></span> <span class='ocrx_word' id='word_1_625' title='bbox 2215 4037 2302 4084; x_wconf 92' lang='lat' dir='ltr'><strong>est</strong></span> <span class='ocrx_word' id='word_1_626' title='bbox 2334 4028 2464 4083; x_wconf 90' lang='lat' dir='ltr'><strong>illud</strong></span> <span class='ocrx_word' id='word_1_627' title='bbox 2494 4028 2870 4097; x_wconf 89' lang='lat' dir='ltr'><strong>propheticum</strong></span> <span class='ocrx_word' id='word_1_628' title='bbox 2898 4044 2912 4082; x_wconf 91' lang='lat'><strong>:</strong></span> <span class='ocrx_word' id='word_1_629' title='bbox 2950 4026 3105 4081; x_wconf 84' lang='lat' dir='ltr'><strong>Viam</strong></span> <span class='ocrx_word' id='word_1_630' title='bbox 3128 4069 3140 4090; x_wconf 95' lang='lat'><strong>,</strong></span> <span class='ocrx_word' id='word_1_631' title='bbox 3173 4028 3382 4095; x_wconf 89' lang='lat' dir='ltr'><strong>inquit,</strong></span> <span class='ocrx_word' id='word_1_632' title='bbox 3414 4025 3714 4095; x_wconf 73' lang='lat' dir='ltr'><strong>iniquitatis</strong></span> 
     </span>
    </p>
   </div>
   <div class='ocr_carea' id='block_1_89' title="bbox 2122 4116 3713 4189">
    <p class='ocr_par' dir='ltr' id='par_1_89' title="bbox 2122 4116 3713 4189">
     <span class='ocr_line' id='line_1_89' title="bbox 2122 4116 3713 4189; baseline -0.003 -16"><span class='ocrx_word' id='word_1_633' title='bbox 2122 4136 2301 4174; x_wconf 82' lang='lat' dir='ltr'><strong>amove</strong></span> <span class='ocrx_word' id='word_1_634' title='bbox 2329 4136 2361 4173; x_wconf 90' lang='lat' dir='ltr'><strong>a</strong></span> <span class='ocrx_word' id='word_1_635' title='bbox 2388 4134 2470 4172; x_wconf 87' lang='lat' dir='ltr'><strong>me</strong></span> <span class='ocrx_word' id='word_1_636' title='bbox 2500 4116 2733 4189; x_wconf 86' lang='lat' dir='ltr'><strong>(lbid.).</strong></span> <span class='ocrx_word' id='word_1_637' title='bbox 2765 4117 2834 4172; x_wconf 88' lang='lat' dir='ltr'><strong>Et</strong></span> <span class='ocrx_word' id='word_1_638' title='bbox 2863 4118 2918 4173; x_wconf 93' lang='lat' dir='ltr'><strong>in</strong></span> <span class='ocrx_word' id='word_1_639' title='bbox 2950 4118 3089 4173; x_wconf 91' lang='lat' dir='ltr'><strong>libro</strong></span> <span class='ocrx_word' id='word_1_640' title='bbox 3120 4117 3413 4187; x_wconf 75' lang='lat' dir='ltr'><strong>Sapientia:</strong></span> <span class='ocrx_word' id='word_1_641' title='bbox 3441 4117 3713 4187; x_wconf 89' lang='lat' dir='ltr'><strong>scriptum</strong></span> 
     </span>
    </p>
   </div>
   <div class='ocr_carea' id='block_1_90' title="bbox 2124 4207 3713 4283">
    <p class='ocr_par' dir='ltr' id='par_1_90' title="bbox 2124 4207 3713 4283">
     <span class='ocr_line' id='line_1_90' title="bbox 2124 4207 3713 4283; baseline -0.002 -19"><span class='ocrx_word' id='word_1_642' title='bbox 2124 4210 2353 4283; x_wconf 91' lang='lat' dir='ltr'><strong>legimus</strong></span> <span class='ocrx_word' id='word_1_643' title='bbox 2377 4227 2391 4263; x_wconf 91' lang='lat'><strong>:</strong></span> <span class='ocrx_word' id='word_1_644' title='bbox 2425 4207 2564 4265; x_wconf 82' lang='lat' dir='ltr'><strong>Sunt</strong></span> <span class='ocrx_word' id='word_1_645' title='bbox 2589 4210 2683 4265; x_wconf 76' lang='lat' dir='ltr'><strong>vite</strong></span> <span class='ocrx_word' id='word_1_646' title='bbox 2705 4226 2825 4280; x_wconf 75' lang='lat' dir='ltr'><strong>qua:</strong></span> <span class='ocrx_word' id='word_1_647' title='bbox 2847 4219 3101 4280; x_wconf 77' lang='lat' dir='ltr'><strong>putantur</strong></span> <span class='ocrx_word' id='word_1_648' title='bbox 3115 4209 3179 4263; x_wconf 90' lang='lat' dir='ltr'><strong>ab</strong></span> <span class='ocrx_word' id='word_1_649' title='bbox 3205 4209 3503 4263; x_wconf 79' lang='lat' dir='ltr'><strong>hominibus</strong></span> <span class='ocrx_word' id='word_1_650' title='bbox 3530 4217 3713 4271; x_wconf 73' lang='lat' dir='ltr'><strong>recta&#39;,</strong></span> 
     </span>
    </p>
   </div>
   <div class='ocr_carea' id='block_1_91' title="bbox 2124 4298 3716 4373">
    <p class='ocr_par' dir='ltr' id='par_1_91' title="bbox 2124 4298 3716 4373">
     <span class='ocr_line' id='line_1_91' title="bbox 2124 4298 3716 4373; baseline -0.003 -19"><span class='ocrx_word' id='word_1_651' title='bbox 2124 4318 2346 4373; x_wconf 88' lang='lat' dir='ltr'><strong>quorum</strong></span> <span class='ocrx_word' id='word_1_652' title='bbox 2369 4301 2650 4355; x_wconf 85' lang='lat' dir='ltr'><strong>novissima</strong></span> <span class='ocrx_word' id='word_1_653' title='bbox 2671 4300 2871 4355; x_wconf 86' lang='lat' dir='ltr'><strong>ducunt</strong></span> <span class='ocrx_word' id='word_1_654' title='bbox 2890 4300 2959 4355; x_wconf 88' lang='lat' dir='ltr'><strong>ad</strong></span> <span class='ocrx_word' id='word_1_655' title='bbox 2980 4300 3244 4371; x_wconf 78' lang='lat' dir='ltr'><strong>infernum</strong></span> <span class='ocrx_word' id='word_1_656' title='bbox 3270 4298 3546 4371; x_wconf 77' lang='lat' dir='ltr'><strong>(Proverb.</strong></span> <span class='ocrx_word' id='word_1_657' title='bbox 3572 4298 3716 4363; x_wconf 77' lang='lat' dir='ltr'><strong>xvi).</strong></span> 
     </span>
    </p>
   </div>
   <div class='ocr_carea' id='block_1_92' title="bbox 2129 4388 3719 4461">
    <p class='ocr_par' dir='ltr' id='par_1_92' title="bbox 2129 4388 3719 4461">
     <span class='ocr_line' id='line_1_92' title="bbox 2129 4388 3719 4461; baseline -0.003 -13"><span class='ocrx_word' id='word_1_658' title='bbox 2129 4392 2282 4448; x_wconf 92' lang='lat' dir='ltr'><strong>Unde</strong></span> <span class='ocrx_word' id='word_1_659' title='bbox 2293 4390 2522 4447; x_wconf 86' lang='lat' dir='ltr'><strong>dicitur:</strong></span> <span class='ocrx_word' id='word_1_660' title='bbox 2553 4390 2647 4445; x_wconf 84' lang='lat' dir='ltr'><strong>Via</strong></span> <span class='ocrx_word' id='word_1_661' title='bbox 2668 4393 2921 4461; x_wconf 84' lang='lat' dir='ltr'><strong>spatiosa,</strong></span> <span class='ocrx_word' id='word_1_662' title='bbox 2938 4393 3041 4447; x_wconf 91' lang='lat' dir='ltr'><strong>hoc</strong></span> <span class='ocrx_word' id='word_1_663' title='bbox 3063 4399 3147 4447; x_wconf 89' lang='lat' dir='ltr'><strong>est</strong></span> <span class='ocrx_word' id='word_1_664' title='bbox 3166 4390 3420 4445; x_wconf 87' lang='lat' dir='ltr'><strong>vitiorum</strong></span> <span class='ocrx_word' id='word_1_665' title='bbox 3441 4388 3719 4443; x_wconf 89' lang='lat' dir='ltr'><strong>illecebris</strong></span> 
     </span>
    </p>
   </div>
   <div class='ocr_carea' id='block_1_93' title="bbox 437 4480 3715 4581">
    <p class='ocr_par' dir='ltr' id='par_1_93' title="bbox 437 4480 3715 4581">
     <span class='ocr_line' id='line_1_93' title="bbox 437 4480 3715 4581; baseline 0.001 -30"><span class='ocrx_word' id='word_1_666' title='bbox 437 4497 581 4567; x_wconf 90' lang='lat' dir='ltr'><strong>quod</strong></span> <span class='ocrx_word' id='word_1_667' title='bbox 627 4498 854 4570; x_wconf 89' lang='lat' dir='ltr'><strong>lugubre</strong></span> <span class='ocrx_word' id='word_1_668' title='bbox 903 4502 1037 4556; x_wconf 91' lang='lat' dir='ltr'><strong>satis</strong></span> <span class='ocrx_word' id='word_1_669' title='bbox 1085 4480 1191 4569; x_wconf 77' lang='lat' dir='ltr'><strong>est,</strong></span> <span class='ocrx_word' id='word_1_670' title='bbox 1243 4480 1401 4559; x_wconf 77' lang='lat' dir='ltr'><strong>Multi</strong></span> <span class='ocrx_word' id='word_1_671' title='bbox 1446 4480 1569 4562; x_wconf 72' lang='lat' dir='ltr'><strong>sunt</strong></span> <span class='ocrx_word' id='word_1_672' title='bbox 1614 4480 1782 4563; x_wconf 57' lang='lat' dir='ltr'><strong>iocati</strong></span> <span class='ocrx_word' id='word_1_673' title='bbox 1801 4551 1815 4575; x_wconf 90' lang='lat'><strong>,</strong></span> <span class='ocrx_word' id='word_1_674' title='bbox 1862 4480 2018 4580; x_wconf 83' lang='lat' dir='ltr'><strong>pauci</strong></span> <span class='ocrx_word' id='word_1_675' title='bbox 2043 4520 2099 4581; x_wconf 80' lang='lat'><strong>1)</strong></span> <span class='ocrx_word' id='word_1_676' title='bbox 2128 4482 2350 4581; x_wconf 60' lang='lat' dir='ltr'><strong>di&#39;a‘m</strong></span> <span class='ocrx_word' id='word_1_677' title='bbox 2371 4523 2385 4547; x_wconf 73' lang='grc' dir='ltr'><strong>ν</strong></span> <span class='ocrx_word' id='word_1_678' title='bbox 2418 4491 2479 4536; x_wconf 67' lang='grc' dir='ltr'><strong>¹¹ί</strong></span> <span class='ocrx_word' id='word_1_679' title='bbox 2503 4491 2589 4581; x_wconf 54' lang='lat' dir='ltr'><strong>cf“</strong></span> <span class='ocrx_word' id='word_1_680' title='bbox 2619 4481 2750 4581; x_wconf 51' lang='lat' dir='ltr'><strong>l&quot;“d_</strong></span> <span class='ocrx_word' id='word_1_681' title='bbox 2780 4483 2832 4536; x_wconf 70' lang='lat' dir='ltr'><strong>in</strong></span> <span class='ocrx_word' id='word_1_682' title='bbox 2864 4481 3365 4581; x_wconf 33' lang='lat' dir='ltr'><strong>EFWdio‘imf“</strong></span> <span class='ocrx_word' id='word_1_683' title='bbox 3396 4491 3445 4534; x_wconf 70' lang='grc' dir='ltr'><strong>εί</strong></span> <span class='ocrx_word' id='word_1_684' title='bbox 3470 4480 3715 4581; x_wconf 52' lang='grc' dir='ltr'><strong>ξνίξίδοξίί</strong></span> 
     </span>
    </p>
   </div>
   <div class='ocr_carea' id='block_1_94' title="bbox 439 4588 2019 4670">
    <p class='ocr_par' dir='ltr' id='par_1_94' title="bbox 439 4588 2019 4670">
     <span class='ocr_line' id='line_1_94' title="bbox 439 4588 2019 4670; baseline 0.008 -27"><span class='ocrx_word' id='word_1_685' title='bbox 439 4603 556 4643; x_wconf 75' lang='lat' dir='ltr'><strong>vero</strong></span> <span class='ocrx_word' id='word_1_686' title='bbox 580 4588 725 4643; x_wconf 82' lang='lat' dir='ltr'><strong>electi</strong></span> <span class='ocrx_word' id='word_1_687' title='bbox 757 4589 989 4661; x_wconf 77' lang='lat' dir='ltr'><strong>(Matth.</strong></span> <span class='ocrx_word' id='word_1_688' title='bbox 1021 4607 1134 4648; x_wconf 69' lang='grc' dir='ltr'>χχιι</span> <span class='ocrx_word' id='word_1_689' title='bbox 1158 4592 1177 4667; x_wconf 95' lang='grc'>)</span> <span class='ocrx_word' id='word_1_690' title='bbox 1203 4610 1217 4659; x_wconf 89' lang='lat'><strong>;</strong></span> <span class='ocrx_word' id='word_1_691' title='bbox 1251 4610 1421 4665; x_wconf 88' lang='lat' dir='ltr'><strong>pauca</strong></span> <span class='ocrx_word' id='word_1_692' title='bbox 1452 4612 1621 4668; x_wconf 92' lang='lat' dir='ltr'><strong>grana</strong></span> <span class='ocrx_word' id='word_1_693' title='bbox 1655 4600 1905 4670; x_wconf 91' lang='lat' dir='ltr'><strong>supernis</strong></span> <span class='ocrx_word' id='word_1_694' title='bbox 1934 4616 2019 4655; x_wconf 91' lang='lat' dir='ltr'><strong>rc-</strong></span> 
     </span>
    </p>
   </div>
   <div class='ocr_carea' id='block_1_95' title="bbox 440 4680 2017 4760">
    <p class='ocr_par' dir='ltr' id='par_1_95' title="bbox 440 4680 2017 4760">
     <span class='ocr_line' id='line_1_95' title="bbox 440 4680 2017 4760; baseline 0.01 -26"><span class='ocrx_word' id='word_1_695' title='bbox 440 4680 690 4751; x_wconf 88' lang='lat' dir='ltr'><strong>cipienda</strong></span> <span class='ocrx_word' id='word_1_696' title='bbox 726 4684 1129 4751; x_wconf 91' lang='lat' dir='ltr'><strong>mansionibus,</strong></span> <span class='ocrx_word' id='word_1_697' title='bbox 1165 4688 1219 4742; x_wconf 94' lang='lat' dir='ltr'><strong>in</strong></span> <span class='ocrx_word' id='word_1_698' title='bbox 1250 4691 1655 4760; x_wconf 87' lang='lat' dir='ltr'><strong>comparatione</strong></span> <span class='ocrx_word' id='word_1_699' title='bbox 1687 4694 1979 4748; x_wconf 90' lang='lat' dir='ltr'><strong>multorum</strong></span> <span class='ocrx_word' id='word_1_700' title='bbox 2003 4735 2017 4758; x_wconf 91' lang='lat'><strong>,</strong></span> 
     </span>
    </p>
   </div>
   <div class='ocr_carea' id='block_1_96' title="bbox 440 4768 2021 4851">
    <p class='ocr_par' dir='ltr' id='par_1_96' title="bbox 440 4768 2021 4851">
     <span class='ocr_line' id='line_1_96' title="bbox 440 4768 2021 4851; baseline 0.009 -28"><span class='ocrx_word' id='word_1_701' title='bbox 440 4784 562 4841; x_wconf 71' lang='lat' dir='ltr'><strong>qua:</strong></span> <span class='ocrx_word' id='word_1_702' title='bbox 616 4768 847 4827; x_wconf 81' lang='lat' dir='ltr'><strong>ﬂammis</strong></span> <span class='ocrx_word' id='word_1_703' title='bbox 904 4782 1031 4827; x_wconf 92' lang='lat' dir='ltr'><strong>sunt</strong></span> <span class='ocrx_word' id='word_1_704' title='bbox 1088 4777 1443 4846; x_wconf 89' lang='lat' dir='ltr'><strong>mancipanda</strong></span> <span class='ocrx_word' id='word_1_705' title='bbox 1500 4782 1795 4850; x_wconf 89' lang='lat' dir='ltr'><strong>perpetuis.</strong></span> <span class='ocrx_word' id='word_1_706' title='bbox 1856 4782 2021 4851; x_wconf 83' lang='lat' dir='ltr'><strong>Cujus</strong></span> 
     </span>
    </p>
   </div>
   <div class='ocr_carea' id='block_1_97' title="bbox 441 4864 2021 4941">
    <p class='ocr_par' dir='ltr' id='par_1_97' title="bbox 441 4864 2021 4941">
     <span class='ocr_line' id='line_1_97' title="bbox 441 4864 2021 4941; baseline 0.006 -24"><span class='ocrx_word' id='word_1_707' title='bbox 441 4876 582 4918; x_wconf 71' lang='lat' dir='ltr'><strong>area:</strong></span> <span class='ocrx_word' id='word_1_708' title='bbox 623 4864 874 4934; x_wconf 84' lang='lat' dir='ltr'><strong>purgatio</strong></span> <span class='ocrx_word' id='word_1_709' title='bbox 912 4872 966 4918; x_wconf 91' lang='lat' dir='ltr'><strong>ct</strong></span> <span class='ocrx_word' id='word_1_710' title='bbox 1004 4881 1147 4919; x_wconf 91' lang='lat' dir='ltr'><strong>nunc</strong></span> <span class='ocrx_word' id='word_1_711' title='bbox 1189 4866 1392 4922; x_wconf 90' lang='lat' dir='ltr'><strong>viritim</strong></span> <span class='ocrx_word' id='word_1_712' title='bbox 1443 4871 1669 4940; x_wconf 88' lang='lat' dir='ltr'><strong>geritur,</strong></span> <span class='ocrx_word' id='word_1_713' title='bbox 1714 4886 1835 4925; x_wconf 91' lang='lat' dir='ltr'><strong>cum</strong></span> <span class='ocrx_word' id='word_1_714' title='bbox 1873 4874 2021 4941; x_wconf 88' lang='lat' dir='ltr'><strong>quis-</strong></span> 
     </span>
    </p>
   </div>
   <div class='ocr_carea' id='block_1_98' title="bbox 442 4954 2020 5027">
    <p class='ocr_par' dir='ltr' id='par_1_98' title="bbox 442 4954 2020 5027">
     <span class='ocr_line' id='line_1_98' title="bbox 442 4954 2020 5027; baseline 0.006 -19"><span class='ocrx_word' id='word_1_715' title='bbox 442 4967 545 5026; x_wconf 85' lang='lat' dir='ltr'><strong>que</strong></span> <span class='ocrx_word' id='word_1_716' title='bbox 575 4969 865 5027; x_wconf 88' lang='lat' dir='ltr'><strong>perversus</strong></span> <span class='ocrx_word' id='word_1_717' title='bbox 897 4954 979 5009; x_wconf 88' lang='lat' dir='ltr'><strong>vel</strong></span> <span class='ocrx_word' id='word_1_718' title='bbox 1010 4955 1080 5009; x_wconf 93' lang='lat' dir='ltr'><strong>ob</strong></span> <span class='ocrx_word' id='word_1_719' title='bbox 1109 4955 1395 5012; x_wconf 81' lang='lat' dir='ltr'><strong>manifesta</strong></span> <span class='ocrx_word' id='word_1_720' title='bbox 1424 4968 1647 5027; x_wconf 89' lang='lat' dir='ltr'><strong>peccata</strong></span> <span class='ocrx_word' id='word_1_721' title='bbox 1679 4959 1745 5014; x_wconf 90' lang='lat' dir='ltr'><strong>de</strong></span> <span class='ocrx_word' id='word_1_722' title='bbox 1788 4962 2020 5018; x_wconf 88' lang='lat' dir='ltr'><strong>ecclesia</strong></span> 
     </span>
    </p>
   </div>
   <div class='ocr_carea' id='block_1_99' title="bbox 443 5046 2026 5120">
    <p class='ocr_par' dir='ltr' id='par_1_99' title="bbox 443 5046 2026 5120">
     <span class='ocr_line' id='line_1_99' title="bbox 443 5046 2026 5120; baseline 0.004 -16"><span class='ocrx_word' id='word_1_723' title='bbox 443 5048 704 5120; x_wconf 88' lang='lat' dir='ltr'><strong>rejicitur,</strong></span> <span class='ocrx_word' id='word_1_724' title='bbox 735 5046 820 5101; x_wconf 87' lang='lat' dir='ltr'><strong>vel</strong></span> <span class='ocrx_word' id='word_1_725' title='bbox 846 5046 916 5102; x_wconf 91' lang='lat' dir='ltr'><strong>ob</strong></span> <span class='ocrx_word' id='word_1_726' title='bbox 943 5048 1152 5103; x_wconf 89' lang='lat' dir='ltr'><strong>occulta</strong></span> <span class='ocrx_word' id='word_1_727' title='bbox 1191 5057 1315 5118; x_wconf 89' lang='lat' dir='ltr'><strong>post</strong></span> <span class='ocrx_word' id='word_1_728' title='bbox 1352 5059 1585 5106; x_wconf 88' lang='lat' dir='ltr'><strong>mortem</strong></span> <span class='ocrx_word' id='word_1_729' title='bbox 1623 5052 1804 5107; x_wconf 87' lang='lat' dir='ltr'><strong>divina</strong></span> <span class='ocrx_word' id='word_1_730' title='bbox 1841 5054 2026 5110; x_wconf 90' lang='lat' dir='ltr'><strong>distri-</strong></span> 
     </span>
    </p>
   </div>
   <div class='ocr_carea' id='block_1_100' title="bbox 447 5138 2027 5214">
    <p class='ocr_par' dir='ltr' id='par_1_100' title="bbox 447 5138 2027 5214">
     <span class='ocr_line' id='line_1_100' title="bbox 447 5138 2027 5214; baseline 0.003 -18"><span class='ocrx_word' id='word_1_731' title='bbox 447 5140 623 5196; x_wconf 86' lang='lat' dir='ltr'><strong>ctione</strong></span> <span class='ocrx_word' id='word_1_732' title='bbox 665 5138 993 5193; x_wconf 84' lang='lat' dir='ltr'><strong>damnatur:</strong></span> <span class='ocrx_word' id='word_1_733' title='bbox 1033 5148 1088 5193; x_wconf 88' lang='lat' dir='ltr'><strong>ct</strong></span> <span class='ocrx_word' id='word_1_734' title='bbox 1126 5140 1505 5196; x_wconf 85' lang='lat' dir='ltr'><strong>universaliter</strong></span> <span class='ocrx_word' id='word_1_735' title='bbox 1539 5142 1591 5196; x_wconf 92' lang='lat' dir='ltr'><strong>in</strong></span> <span class='ocrx_word' id='word_1_736' title='bbox 1635 5141 1740 5197; x_wconf 79' lang='lat' dir='ltr'><strong>line</strong></span> <span class='ocrx_word' id='word_1_737' title='bbox 1780 5145 2027 5214; x_wconf 84' lang='lat' dir='ltr'><strong>perﬁcie-</strong></span> 
     </span>
    </p>
   </div>
   <div class='ocr_carea' id='block_1_101' title="bbox 447 5230 2025 5305">
    <p class='ocr_par' dir='ltr' id='par_1_101' title="bbox 447 5230 2025 5305">
     <span class='ocr_line' id='line_1_101' title="bbox 447 5230 2025 5305; baseline 0.003 -20"><span class='ocrx_word' id='word_1_738' title='bbox 447 5239 555 5297; x_wconf 87' lang='lat' dir='ltr'><strong>tur,</strong></span> <span class='ocrx_word' id='word_1_739' title='bbox 587 5231 803 5300; x_wconf 89' lang='lat' dir='ltr'><strong>quando</strong></span> <span class='ocrx_word' id='word_1_740' title='bbox 844 5231 1006 5285; x_wconf 86' lang='lat' dir='ltr'><strong>mittet</strong></span> <span class='ocrx_word' id='word_1_741' title='bbox 1049 5230 1193 5301; x_wconf 81' lang='lat' dir='ltr'><strong>[ilius</strong></span> <span class='ocrx_word' id='word_1_742' title='bbox 1241 5231 1466 5287; x_wconf 86' lang='lat' dir='ltr'><strong>hominis</strong></span> <span class='ocrx_word' id='word_1_743' title='bbox 1513 5235 1725 5305; x_wconf 82' lang='lat' dir='ltr'><strong>angelos</strong></span> <span class='ocrx_word' id='word_1_744' title='bbox 1772 5253 1930 5302; x_wconf 89' lang='lat' dir='ltr'><strong>suos,</strong></span> <span class='ocrx_word' id='word_1_745' title='bbox 1976 5248 2025 5292; x_wconf 88' lang='lat' dir='ltr'><strong>et</strong></span> 
     </span>
    </p>
   </div>
   <div class='ocr_carea' id='block_1_102' title="bbox 447 5322 2023 5402">
    <p class='ocr_par' dir='ltr' id='par_1_102' title="bbox 447 5322 2023 5402">
     <span class='ocr_line' id='line_1_102' title="bbox 447 5322 2023 5402; baseline 0.004 -24"><span class='ocrx_word' id='word_1_746' title='bbox 447 5322 686 5395; x_wconf 74' lang='lat' dir='ltr'><strong>colligant</strong></span> <span class='ocrx_word' id='word_1_747' title='bbox 716 5324 779 5377; x_wconf 89' lang='lat' dir='ltr'><strong>de</strong></span> <span class='ocrx_word' id='word_1_748' title='bbox 806 5340 961 5394; x_wconf 86' lang='lat' dir='ltr'><strong>regno</strong></span> <span class='ocrx_word' id='word_1_749' title='bbox 989 5323 1101 5394; x_wconf 83' lang='lat' dir='ltr'><strong>ejus</strong></span> <span class='ocrx_word' id='word_1_750' title='bbox 1129 5326 1302 5380; x_wconf 86' lang='lat' dir='ltr'><strong>omnia</strong></span> <span class='ocrx_word' id='word_1_751' title='bbox 1327 5325 1581 5381; x_wconf 86' lang='lat' dir='ltr'><strong>scandala</strong></span> <span class='ocrx_word' id='word_1_752' title='bbox 1613 5326 1841 5400; x_wconf 81' lang='lat' dir='ltr'><strong>(Matth.</strong></span> <span class='ocrx_word' id='word_1_753' title='bbox 1868 5330 2023 5402; x_wconf 83' lang='lat' dir='ltr'><strong>xm).</strong></span> 
     </span>
    </p>
   </div>
   <div class='ocr_carea' id='block_1_103' title="bbox 448 5410 2030 5488">
    <p class='ocr_par' dir='ltr' id='par_1_103' title="bbox 448 5410 2030 5488">
     <span class='ocr_line' id='line_1_103' title="bbox 448 5410 2030 5488; baseline 0.009 -29"><span class='ocrx_word' id='word_1_754' title='bbox 448 5410 819 5466; x_wconf 76' lang='lat' dir='ltr'><strong>Ventilabrum</strong></span> <span class='ocrx_word' id='word_1_755' title='bbox 862 5413 1041 5483; x_wconf 88' lang='lat' dir='ltr'><strong>itaque</strong></span> <span class='ocrx_word' id='word_1_756' title='bbox 1079 5413 1341 5469; x_wconf 91' lang='lat' dir='ltr'><strong>Dominus</strong></span> <span class='ocrx_word' id='word_1_757' title='bbox 1380 5414 1434 5468; x_wconf 91' lang='lat' dir='ltr'><strong>in</strong></span> <span class='ocrx_word' id='word_1_758' title='bbox 1480 5432 1675 5482; x_wconf 89' lang='lat' dir='ltr'><strong>manu,</strong></span> <span class='ocrx_word' id='word_1_759' title='bbox 1720 5418 1770 5472; x_wconf 90' lang='lat' dir='ltr'><strong>id</strong></span> <span class='ocrx_word' id='word_1_760' title='bbox 1799 5427 1916 5482; x_wconf 88' lang='lat' dir='ltr'><strong>est,</strong></span> <span class='ocrx_word' id='word_1_761' title='bbox 1941 5419 2030 5488; x_wconf 86' lang='lat' dir='ltr'><strong>ju-</strong></span> 
     </span>
    </p>
   </div>
   <div class='ocr_carea' id='block_1_104' title="bbox 448 5501 2030 5579">
    <p class='ocr_par' dir='ltr' id='par_1_104' title="bbox 448 5501 2030 5579">
     <span class='ocr_line' id='line_1_104' title="bbox 448 5501 2030 5579; baseline 0.006 -25"><span class='ocrx_word' id='word_1_762' title='bbox 448 5501 576 5556; x_wconf 87' lang='lat' dir='ltr'><strong>dicii</strong></span> <span class='ocrx_word' id='word_1_763' title='bbox 633 5503 927 5558; x_wconf 90' lang='lat' dir='ltr'><strong>discrimen</strong></span> <span class='ocrx_word' id='word_1_764' title='bbox 985 5505 1148 5560; x_wconf 87' lang='lat' dir='ltr'><strong>habet</strong></span> <span class='ocrx_word' id='word_1_765' title='bbox 1205 5505 1260 5560; x_wconf 90' lang='lat' dir='ltr'><strong>in</strong></span> <span class='ocrx_word' id='word_1_766' title='bbox 1318 5514 1635 5577; x_wconf 88' lang='lat' dir='ltr'><strong>potestate:</strong></span> <span class='ocrx_word' id='word_1_767' title='bbox 1687 5510 1811 5579; x_wconf 89' lang='lat' dir='ltr'><strong>quia</strong></span> <span class='ocrx_word' id='word_1_768' title='bbox 1868 5510 2030 5565; x_wconf 80' lang='lat' dir='ltr'><strong>Pater</strong></span> 
     </span>
    </p>
   </div>
   <div class='ocr_carea' id='block_1_105' title="bbox 451 5592 2027 5682">
    <p class='ocr_par' dir='ltr' id='par_1_105' title="bbox 451 5592 2027 5682">
     <span class='ocr_line' id='line_1_105' title="bbox 451 5592 2027 5682; baseline 0.008 -42"><span class='ocrx_word' id='word_1_769' title='bbox 451 5605 553 5644; x_wconf 86' lang='lat' dir='ltr'><strong>non</strong></span> <span class='ocrx_word' id='word_1_770' title='bbox 591 5592 797 5660; x_wconf 89' lang='lat' dir='ltr'><strong>judicat</strong></span> <span class='ocrx_word' id='word_1_771' title='bbox 843 5610 1187 5666; x_wconf 85' lang='lat' dir='ltr'><strong>quemquam,</strong></span> <span class='ocrx_word' id='word_1_772' title='bbox 1236 5595 1328 5682; x_wconf 76' lang='lat' dir='ltr'><strong>sed</strong></span> <span class='ocrx_word' id='word_1_773' title='bbox 1365 5597 1635 5666; x_wconf 87' lang='lat' dir='ltr'><strong>judicium</strong></span> <span class='ocrx_word' id='word_1_774' title='bbox 1685 5616 1835 5655; x_wconf 87' lang='lat' dir='ltr'><strong>omne</strong></span> <span class='ocrx_word' id='word_1_775' title='bbox 1886 5601 2027 5655; x_wconf 81' lang='lat' dir='ltr'><strong>dedit</strong></span> 
     </span>
    </p>
   </div>
   <div class='ocr_carea' id='block_1_106' title="bbox 454 5679 954 5758">
    <p class='ocr_par' dir='ltr' id='par_1_106' title="bbox 454 5679 954 5758">
     <span class='ocr_line' id='line_1_106' title="bbox 454 5679 954 5758; baseline 0.002 -21"><span class='ocrx_word' id='word_1_776' title='bbox 454 5679 594 5737; x_wconf 73' lang='lat' dir='ltr'><strong>Filio</strong></span> <span class='ocrx_word' id='word_1_777' title='bbox 626 5684 826 5757; x_wconf 82' lang='lat' dir='ltr'><strong>(Joan.</strong></span> <span class='ocrx_word' id='word_1_778' title='bbox 860 5684 954 5758; x_wconf 76' lang='grc' dir='ltr'><strong>ν),</strong></span> 
     </span>
    </p>
   </div>
   <div class='ocr_carea' id='block_1_107' title="bbox 1642 5849 1653 5878">
    <p class='ocr_par' dir='ltr' id='par_1_107' title="bbox 1642 5849 1653 5878">
     <span class='ocr_line' id='line_1_107' title="bbox 1642 5849 1653 5878; baseline 0 0"><span class='ocrx_word' id='word_1_779' title='bbox 1642 5849 1653 5878; x_wconf 81' lang='grc' dir='ltr'><strong>ι</strong></span> 
     </span>
    </p>
   </div>
   <div class='ocr_carea' id='block_1_108' title="bbox 2124 4571 3715 4645">
    <p class='ocr_par' dir='ltr' id='par_1_108' title="bbox 2124 4571 3715 4645">
     <span class='ocr_line' id='line_1_108' title="bbox 2124 4571 3715 4645; baseline -0.003 -17"><span class='ocrx_word' id='word_1_780' title='bbox 2124 4575 2208 4629; x_wconf 83' lang='lat' dir='ltr'><strong>via</strong></span> <span class='ocrx_word' id='word_1_781' title='bbox 2229 4583 2304 4628; x_wconf 88' lang='lat' dir='ltr'><strong>est</strong></span> <span class='ocrx_word' id='word_1_782' title='bbox 2326 4614 2340 4635; x_wconf 93' lang='lat'><strong>,</strong></span> <span class='ocrx_word' id='word_1_783' title='bbox 2365 4590 2483 4643; x_wconf 80' lang='lat' dir='ltr'><strong>qute</strong></span> <span class='ocrx_word' id='word_1_784' title='bbox 2509 4574 2652 4627; x_wconf 88' lang='lat' dir='ltr'><strong>ducit</strong></span> <span class='ocrx_word' id='word_1_785' title='bbox 2680 4574 2750 4627; x_wconf 90' lang='lat' dir='ltr'><strong>ad</strong></span> <span class='ocrx_word' id='word_1_786' title='bbox 2776 4574 3117 4644; x_wconf 87' lang='lat' dir='ltr'><strong>perditionem</strong></span> <span class='ocrx_word' id='word_1_787' title='bbox 3145 4571 3359 4645; x_wconf 79' lang='lat' dir='ltr'><strong>(Matth.</strong></span> <span class='ocrx_word' id='word_1_788' title='bbox 3390 4571 3510 4642; x_wconf 85' lang='lat' dir='ltr'><strong>vn).</strong></span> <span class='ocrx_word' id='word_1_789' title='bbox 3546 4572 3715 4624; x_wconf 78' lang='lat' dir='ltr'><strong>Areta</strong></span> 
     </span>
    </p>
   </div>
   <div class='ocr_carea' id='block_1_109' title="bbox 2126 4665 3714 4734">
    <p class='ocr_par' dir='ltr' id='par_1_109' title="bbox 2126 4665 3714 4734">
     <span class='ocr_line' id='line_1_109' title="bbox 2126 4665 3714 4734; baseline -0.003 -14"><span class='ocrx_word' id='word_1_790' title='bbox 2126 4674 2306 4721; x_wconf 89' lang='lat' dir='ltr'><strong>autem</strong></span> <span class='ocrx_word' id='word_1_791' title='bbox 2338 4666 2422 4719; x_wconf 89' lang='lat' dir='ltr'><strong>via</strong></span> <span class='ocrx_word' id='word_1_792' title='bbox 2466 4674 2551 4721; x_wconf 92' lang='lat' dir='ltr'><strong>est</strong></span> <span class='ocrx_word' id='word_1_793' title='bbox 2593 4666 2839 4721; x_wconf 90' lang='lat' dir='ltr'><strong>districta</strong></span> <span class='ocrx_word' id='word_1_794' title='bbox 2877 4665 2963 4721; x_wconf 88' lang='lat' dir='ltr'><strong>vel</strong></span> <span class='ocrx_word' id='word_1_795' title='bbox 3006 4665 3446 4719; x_wconf 88' lang='lat' dir='ltr'><strong>tribulationibus</strong></span> <span class='ocrx_word' id='word_1_796' title='bbox 3486 4679 3714 4734; x_wconf 88' lang='lat' dir='ltr'><strong>pressa,</strong></span> 
     </span>
    </p>
   </div>
   <div class='ocr_carea' id='block_1_110' title="bbox 2125 4760 3714 4831">
    <p class='ocr_par' dir='ltr' id='par_1_110' title="bbox 2125 4760 3714 4831">
     <span class='ocr_line' id='line_1_110' title="bbox 2125 4760 3714 4831; baseline -0.001 -18"><span class='ocrx_word' id='word_1_797' title='bbox 2125 4761 2193 4815; x_wconf 90' lang='lat' dir='ltr'><strong>de</strong></span> <span class='ocrx_word' id='word_1_798' title='bbox 2232 4776 2335 4830; x_wconf 91' lang='lat' dir='ltr'><strong>qua</strong></span> <span class='ocrx_word' id='word_1_799' title='bbox 2376 4761 2638 4831; x_wconf 89' lang='lat' dir='ltr'><strong>scriptum</strong></span> <span class='ocrx_word' id='word_1_800' title='bbox 2682 4761 2921 4815; x_wconf 87' lang='lat' dir='ltr'><strong>dicitur:</strong></span> <span class='ocrx_word' id='word_1_801' title='bbox 2958 4760 3131 4827; x_wconf 85' lang='lat' dir='ltr'><strong>Quam</strong></span> <span class='ocrx_word' id='word_1_802' title='bbox 3184 4770 3410 4830; x_wconf 85' lang='lat' dir='ltr'><strong>angusta</strong></span> <span class='ocrx_word' id='word_1_803' title='bbox 3461 4767 3616 4829; x_wconf 81' lang='lat' dir='ltr'><strong>porta</strong></span> <span class='ocrx_word' id='word_1_804' title='bbox 3666 4768 3714 4812; x_wconf 75' lang='lat' dir='ltr'><strong>et</strong></span> 
     </span>
    </p>
   </div>
   <div class='ocr_carea' id='block_1_111' title="bbox 2126 4850 3719 4924">
    <p class='ocr_par' dir='ltr' id='par_1_111' title="bbox 2126 4850 3719 4924">
     <span class='ocr_line' id='line_1_111' title="bbox 2126 4850 3719 4924; baseline -0.004 -17"><span class='ocrx_word' id='word_1_805' title='bbox 2126 4863 2275 4907; x_wconf 89' lang='lat' dir='ltr'><strong>arcta</strong></span> <span class='ocrx_word' id='word_1_806' title='bbox 2304 4854 2385 4907; x_wconf 76' lang='lat' dir='ltr'><strong>eia</strong></span> <span class='ocrx_word' id='word_1_807' title='bbox 2407 4893 2421 4917; x_wconf 93' lang='lat'><strong>,</strong></span> <span class='ocrx_word' id='word_1_808' title='bbox 2454 4870 2570 4924; x_wconf 75' lang='lat' dir='ltr'><strong>qua:</strong></span> <span class='ocrx_word' id='word_1_809' title='bbox 2599 4852 2741 4907; x_wconf 88' lang='lat' dir='ltr'><strong>ducit</strong></span> <span class='ocrx_word' id='word_1_810' title='bbox 2771 4853 2841 4906; x_wconf 86' lang='lat' dir='ltr'><strong>ad</strong></span> <span class='ocrx_word' id='word_1_811' title='bbox 2874 4854 3027 4905; x_wconf 75' lang='lat' dir='ltr'><strong>vitam</strong></span> <span class='ocrx_word' id='word_1_812' title='bbox 3052 4852 3071 4905; x_wconf 92' lang='lat'><em>!</em></span> <span class='ocrx_word' id='word_1_813' title='bbox 3104 4852 3121 4923; x_wconf 99' lang='lat'><strong>(</strong></span> <span class='ocrx_word' id='word_1_814' title='bbox 3146 4851 3287 4904; x_wconf 85' lang='lat' dir='ltr'><strong>Ibid.</strong></span> <span class='ocrx_word' id='word_1_815' title='bbox 3314 4850 3331 4920; x_wconf 90' lang='lat'>)</span> <span class='ocrx_word' id='word_1_816' title='bbox 3369 4850 3587 4904; x_wconf 87' lang='lat' dir='ltr'><strong>Directa</strong></span> <span class='ocrx_word' id='word_1_817' title='bbox 3619 4864 3719 4901; x_wconf 82' lang='lat' dir='ltr'><strong>au-</strong></span> 
     </span>
    </p>
   </div>
   <div class='ocr_carea' id='block_1_112' title="bbox 2131 4942 3718 5012">
    <p class='ocr_par' dir='ltr' id='par_1_112' title="bbox 2131 4942 3718 5012">
     <span class='ocr_line' id='line_1_112' title="bbox 2131 4942 3718 5012; baseline -0.004 -15"><span class='ocrx_word' id='word_1_818' title='bbox 2131 4951 2238 4997; x_wconf 86' lang='lat' dir='ltr'><strong>tein</strong></span> <span class='ocrx_word' id='word_1_819' title='bbox 2272 4944 2355 4996; x_wconf 87' lang='lat' dir='ltr'><strong>via</strong></span> <span class='ocrx_word' id='word_1_820' title='bbox 2386 4954 2468 4997; x_wconf 91' lang='lat' dir='ltr'><strong>est</strong></span> <span class='ocrx_word' id='word_1_821' title='bbox 2497 4943 2619 5008; x_wconf 90' lang='lat' dir='ltr'><strong>illa,</strong></span> <span class='ocrx_word' id='word_1_822' title='bbox 2655 4958 2775 5012; x_wconf 64' lang='lat' dir='ltr'><strong>qua:</strong></span> <span class='ocrx_word' id='word_1_823' title='bbox 2806 4943 3089 5012; x_wconf 69' lang='lat' dir='ltr'><strong>przeceptis</strong></span> <span class='ocrx_word' id='word_1_824' title='bbox 3124 4942 3215 4995; x_wconf 88' lang='lat' dir='ltr'><strong>Dei</strong></span> <span class='ocrx_word' id='word_1_825' title='bbox 3256 4948 3343 4996; x_wconf 86' lang='lat' dir='ltr'><strong>est</strong></span> <span class='ocrx_word' id='word_1_826' title='bbox 3386 4949 3621 5003; x_wconf 84' lang='lat' dir='ltr'><strong>ornata,</strong></span> <span class='ocrx_word' id='word_1_827' title='bbox 3659 4947 3718 4992; x_wconf 91' lang='lat' dir='ltr'><strong>ut</strong></span> 
     </span>
    </p>
   </div>
   <div class='ocr_carea' id='block_1_113' title="bbox 2133 5034 3717 5107">
    <p class='ocr_par' dir='ltr' id='par_1_113' title="bbox 2133 5034 3717 5107">
     <span class='ocr_line' id='line_1_113' title="bbox 2133 5034 3717 5107; baseline -0.003 -15"><span class='ocrx_word' id='word_1_828' title='bbox 2133 5037 2185 5092; x_wconf 92' lang='lat' dir='ltr'><strong>iu</strong></span> <span class='ocrx_word' id='word_1_829' title='bbox 2226 5035 2362 5091; x_wconf 87' lang='lat' dir='ltr'><strong>lsaia</strong></span> <span class='ocrx_word' id='word_1_830' title='bbox 2410 5054 2423 5090; x_wconf 94' lang='lat'><strong>:</strong></span> <span class='ocrx_word' id='word_1_831' title='bbox 2470 5035 2661 5091; x_wconf 81' lang='lat' dir='ltr'><strong>Rectus</strong></span> <span class='ocrx_word' id='word_1_832' title='bbox 2704 5035 2898 5107; x_wconf 75' lang='lat' dir='ltr'><strong>facile,</strong></span> <span class='ocrx_word' id='word_1_833' title='bbox 2945 5036 3151 5107; x_wconf 89' lang='lat' dir='ltr'><strong>inquit,</strong></span> <span class='ocrx_word' id='word_1_834' title='bbox 3184 5037 3397 5090; x_wconf 86' lang='lat' dir='ltr'><strong>semitas</strong></span> <span class='ocrx_word' id='word_1_835' title='bbox 3429 5035 3526 5089; x_wconf 89' lang='lat' dir='ltr'><strong>Dei</strong></span> <span class='ocrx_word' id='word_1_836' title='bbox 3559 5034 3717 5105; x_wconf 86' lang='lat' dir='ltr'><strong>(Isa.</strong></span> 
     </span>
    </p>
   </div>
   <div class='ocr_carea' id='block_1_114' title="bbox 2133 5128 3719 5201">
    <p class='ocr_par' dir='ltr' id='par_1_114' title="bbox 2133 5128 3719 5201">
     <span class='ocr_line' id='line_1_114' title="bbox 2133 5128 3719 5201; baseline -0.002 -18"><span class='ocrx_word' id='word_1_837' title='bbox 2133 5128 2262 5201; x_wconf 62' lang='lat' dir='ltr'><strong>an).</strong></span> <span class='ocrx_word' id='word_1_838' title='bbox 2315 5128 2484 5183; x_wconf 86' lang='lat' dir='ltr'><strong>Prava</strong></span> <span class='ocrx_word' id='word_1_839' title='bbox 2535 5137 2716 5184; x_wconf 88' lang='lat' dir='ltr'><strong>autem</strong></span> <span class='ocrx_word' id='word_1_840' title='bbox 2754 5145 2784 5183; x_wconf 90' lang='lat' dir='ltr'><strong>a</strong></span> <span class='ocrx_word' id='word_1_841' title='bbox 2833 5129 2927 5184; x_wconf 88' lang='lat' dir='ltr'><strong>Dei</strong></span> <span class='ocrx_word' id='word_1_842' title='bbox 2978 5130 3268 5200; x_wconf 71' lang='lat' dir='ltr'><strong>prmceptis</strong></span> <span class='ocrx_word' id='word_1_843' title='bbox 3315 5128 3501 5190; x_wconf 87' lang='lat' dir='ltr'><strong>devia,</strong></span> <span class='ocrx_word' id='word_1_844' title='bbox 3554 5134 3615 5181; x_wconf 92' lang='lat' dir='ltr'><strong>ut</strong></span> <span class='ocrx_word' id='word_1_845' title='bbox 3665 5128 3719 5180; x_wconf 90' lang='lat' dir='ltr'><strong>in</strong></span> 
     </span>
    </p>
   </div>
   <div class='ocr_carea' id='block_1_115' title="bbox 2134 5218 3720 5289">
    <p class='ocr_par' dir='ltr' id='par_1_115' title="bbox 2134 5218 3720 5289">
     <span class='ocr_line' id='line_1_115' title="bbox 2134 5218 3720 5289; baseline -0.002 -16"><span class='ocrx_word' id='word_1_846' title='bbox 2134 5219 2322 5273; x_wconf 85' lang='lat' dir='ltr'><strong>eodem</strong></span> <span class='ocrx_word' id='word_1_847' title='bbox 2362 5218 2670 5288; x_wconf 86' lang='lat' dir='ltr'><strong>Propheta:</strong></span> <span class='ocrx_word' id='word_1_848' title='bbox 2722 5219 2895 5273; x_wconf 84' lang='lat' dir='ltr'><strong>Erunt</strong></span> <span class='ocrx_word' id='word_1_849' title='bbox 2945 5229 3120 5274; x_wconf 86' lang='lat' dir='ltr'><strong>autem</strong></span> <span class='ocrx_word' id='word_1_850' title='bbox 3167 5236 3328 5289; x_wconf 80' lang='lat' dir='ltr'><strong>prava</strong></span> <span class='ocrx_word' id='word_1_851' title='bbox 3378 5220 3433 5272; x_wconf 90' lang='lat' dir='ltr'><strong>in</strong></span> <span class='ocrx_word' id='word_1_852' title='bbox 3481 5219 3720 5281; x_wconf 78' lang='lat' dir='ltr'><strong>directa,</strong></span> 
     </span>
    </p>
   </div>
   <div class='ocr_carea' id='block_1_116' title="bbox 2138 5308 3723 5382">
    <p class='ocr_par' dir='ltr' id='par_1_116' title="bbox 2138 5308 3723 5382">
     <span class='ocr_line' id='line_1_116' title="bbox 2138 5308 3723 5382; baseline -0.001 -18"><span class='ocrx_word' id='word_1_853' title='bbox 2138 5326 2322 5381; x_wconf 84' lang='lat' dir='ltr'><strong>aspera</strong></span> <span class='ocrx_word' id='word_1_854' title='bbox 2352 5310 2405 5363; x_wconf 88' lang='lat' dir='ltr'><strong>in</strong></span> <span class='ocrx_word' id='word_1_855' title='bbox 2433 5310 2545 5364; x_wconf 82' lang='lat' dir='ltr'><strong>vias</strong></span> <span class='ocrx_word' id='word_1_856' title='bbox 2574 5310 2761 5380; x_wconf 83' lang='lat' dir='ltr'><strong>planas</strong></span> <span class='ocrx_word' id='word_1_857' title='bbox 2794 5310 2977 5382; x_wconf 89' lang='lat' dir='ltr'><strong>(Ibid.</strong></span> <span class='ocrx_word' id='word_1_858' title='bbox 3001 5310 3044 5381; x_wconf 91' lang='lat'><strong>).</strong></span> <span class='ocrx_word' id='word_1_859' title='bbox 3093 5309 3256 5366; x_wconf 86' lang='lat' dir='ltr'><strong>Plana</strong></span> <span class='ocrx_word' id='word_1_860' title='bbox 3301 5309 3445 5363; x_wconf 88' lang='lat' dir='ltr'><strong>enim</strong></span> <span class='ocrx_word' id='word_1_861' title='bbox 3492 5308 3585 5362; x_wconf 92' lang='lat' dir='ltr'><strong>illa</strong></span> <span class='ocrx_word' id='word_1_862' title='bbox 3637 5316 3723 5362; x_wconf 83' lang='lat' dir='ltr'><strong>est</strong></span> 
     </span>
    </p>
   </div>
   <div class='ocr_carea' id='block_1_117' title="bbox 2139 5399 3722 5470">
    <p class='ocr_par' dir='ltr' id='par_1_117' title="bbox 2139 5399 3722 5470">
     <span class='ocr_line' id='line_1_117' title="bbox 2139 5399 3722 5470; baseline -0.003 -17"><span class='ocrx_word' id='word_1_863' title='bbox 2139 5402 2246 5463; x_wconf 78' lang='lat' dir='ltr'><strong>via,</strong></span> <span class='ocrx_word' id='word_1_864' title='bbox 2277 5413 2396 5469; x_wconf 71' lang='lat' dir='ltr'><strong>qua:</strong></span> <span class='ocrx_word' id='word_1_865' title='bbox 2425 5399 2729 5454; x_wconf 87' lang='lat' dir='ltr'><strong>ohedientia</strong></span> <span class='ocrx_word' id='word_1_866' title='bbox 2759 5408 3149 5470; x_wconf 72' lang='lat' dir='ltr'><strong>praeceptorum</strong></span> <span class='ocrx_word' id='word_1_867' title='bbox 3182 5399 3273 5453; x_wconf 90' lang='lat' dir='ltr'><strong>Dei</strong></span> <span class='ocrx_word' id='word_1_868' title='bbox 3305 5406 3388 5453; x_wconf 90' lang='lat' dir='ltr'><strong>est</strong></span> <span class='ocrx_word' id='word_1_869' title='bbox 3413 5405 3722 5466; x_wconf 70' lang='lat' dir='ltr'><strong>exmquata.</strong></span> 
     </span>
    </p>
   </div>
   <div class='ocr_carea' id='block_1_118' title="bbox 2140 5484 3723 5561">
    <p class='ocr_par' dir='ltr' id='par_1_118' title="bbox 2140 5484 3723 5561">
     <span class='ocr_line' id='line_1_118' title="bbox 2140 5484 3723 5561; baseline -0.004 -18"><span class='ocrx_word' id='word_1_870' title='bbox 2140 5490 2270 5543; x_wconf 75' lang='lat' dir='ltr'><strong>Nam</strong></span> <span class='ocrx_word' id='word_1_871' title='bbox 2298 5488 2425 5542; x_wconf 90' lang='lat' dir='ltr'><strong>alibi</strong></span> <span class='ocrx_word' id='word_1_872' title='bbox 2456 5488 2652 5559; x_wconf 90' lang='lat' dir='ltr'><strong>legitur</strong></span> <span class='ocrx_word' id='word_1_873' title='bbox 2677 5507 2689 5542; x_wconf 88' lang='lat'><strong>:</strong></span> <span class='ocrx_word' id='word_1_874' title='bbox 2730 5487 2854 5542; x_wconf 83' lang='lat' dir='ltr'><strong>Vias</strong></span> <span class='ocrx_word' id='word_1_875' title='bbox 2884 5506 3001 5561; x_wconf 73' lang='lat' dir='ltr'><strong>qua:</strong></span> <span class='ocrx_word' id='word_1_876' title='bbox 3028 5507 3059 5543; x_wconf 90' lang='lat' dir='ltr'><strong>a</strong></span> <span class='ocrx_word' id='word_1_877' title='bbox 3086 5488 3307 5552; x_wconf 74' lang='lat' dir='ltr'><strong>dextris,</strong></span> <span class='ocrx_word' id='word_1_878' title='bbox 3353 5486 3493 5539; x_wconf 84' lang='lat' dir='ltr'><strong>novit</strong></span> <span class='ocrx_word' id='word_1_879' title='bbox 3534 5484 3723 5538; x_wconf 60' lang='lat' dir='ltr'><strong>Domi-</strong></span> 
     </span>
    </p>
   </div>
   <div class='ocr_carea' id='block_1_119' title="bbox 2140 5575 3727 5650">
    <p class='ocr_par' dir='ltr' id='par_1_119' title="bbox 2140 5575 3727 5650">
     <span class='ocr_line' id='line_1_119' title="bbox 2140 5575 3727 5650; baseline -0.005 -15"><span class='ocrx_word' id='word_1_880' title='bbox 2140 5597 2279 5635; x_wconf 82' lang='lat' dir='ltr'><strong>mis:</strong></span> <span class='ocrx_word' id='word_1_881' title='bbox 2333 5595 2450 5648; x_wconf 74' lang='lat' dir='ltr'><strong>qua:</strong></span> <span class='ocrx_word' id='word_1_882' title='bbox 2498 5596 2531 5632; x_wconf 85' lang='grc' dir='ltr'><em>α</em></span> <span class='ocrx_word' id='word_1_883' title='bbox 2578 5580 2835 5643; x_wconf 88' lang='lat' dir='ltr'><strong>sinistris,</strong></span> <span class='ocrx_word' id='word_1_884' title='bbox 2891 5589 3013 5633; x_wconf 87' lang='lat' dir='ltr'><strong>sunt</strong></span> <span class='ocrx_word' id='word_1_885' title='bbox 3054 5594 3308 5650; x_wconf 69' lang='lat' dir='ltr'><strong>perversae</strong></span> <span class='ocrx_word' id='word_1_886' title='bbox 3356 5576 3558 5646; x_wconf 81' lang='lat' dir='ltr'><strong>(Prov.</strong></span> <span class='ocrx_word' id='word_1_887' title='bbox 3603 5575 3727 5637; x_wconf 78' lang='lat' dir='ltr'><strong>tv).</strong></span> 
     </span>
    </p>
   </div>
   <div class='ocr_carea' id='block_1_120' title="bbox 2140 5666 3722 5743">
    <p class='ocr_par' dir='ltr' id='par_1_120' title="bbox 2140 5666 3722 5743">
     <span class='ocr_line' id='line_1_120' title="bbox 2140 5666 3722 5743; baseline -0.003 -17"><span class='ocrx_word' id='word_1_888' title='bbox 2140 5676 2320 5728; x_wconf 70' lang='lat' dir='ltr'><strong>Strata</strong></span> <span class='ocrx_word' id='word_1_889' title='bbox 2350 5675 2490 5730; x_wconf 83' lang='lat' dir='ltr'><strong>dicta</strong></span> <span class='ocrx_word' id='word_1_890' title='bbox 2511 5714 2526 5735; x_wconf 90' lang='lat'><strong>,</strong></span> <span class='ocrx_word' id='word_1_891' title='bbox 2557 5672 2713 5743; x_wconf 90' lang='lat' dir='ltr'><strong>quasi</strong></span> <span class='ocrx_word' id='word_1_892' title='bbox 2742 5670 2888 5742; x_wconf 90' lang='lat' dir='ltr'><strong>vulgi</strong></span> <span class='ocrx_word' id='word_1_893' title='bbox 2930 5671 3158 5742; x_wconf 84' lang='lat' dir='ltr'><strong>pedibus</strong></span> <span class='ocrx_word' id='word_1_894' title='bbox 3201 5670 3349 5724; x_wconf 90' lang='lat' dir='ltr'><strong>trita.</strong></span> <span class='ocrx_word' id='word_1_895' title='bbox 3393 5666 3722 5722; x_wconf 82' lang='lat' dir='ltr'><strong>Lucretius:</strong></span> 
     </span>
    </p>
   </div>
   <div class='ocr_carea' id='block_1_121' title="bbox 2142 5758 3722 5839">
    <p class='ocr_par' dir='ltr' id='par_1_121' title="bbox 2142 5758 3722 5839">
     <span class='ocr_line' id='line_1_121' title="bbox 2142 5758 3722 5839; baseline -0.006 -18"><span class='ocrx_word' id='word_1_896' title='bbox 2142 5766 2421 5839; x_wconf 81' lang='lat' dir='ltr'><strong>Strataque</strong></span> <span class='ocrx_word' id='word_1_897' title='bbox 2465 5765 2580 5838; x_wconf 82' lang='lat' dir='ltr'><strong>jam</strong></span> <span class='ocrx_word' id='word_1_898' title='bbox 2635 5762 2772 5834; x_wconf 70' lang='lat' dir='ltr'><strong>vulgi</strong></span> <span class='ocrx_word' id='word_1_899' title='bbox 2819 5762 3035 5835; x_wconf 79' lang='lat' dir='ltr'><strong>pedibus</strong></span> <span class='ocrx_word' id='word_1_900' title='bbox 3090 5761 3279 5817; x_wconf 83' lang='lat' dir='ltr'><strong>detrita</strong></span> <span class='ocrx_word' id='word_1_901' title='bbox 3330 5761 3553 5814; x_wconf 67' lang='lat' dir='ltr'><strong>viarum.</strong></span> <span class='ocrx_word' id='word_1_902' title='bbox 3604 5758 3722 5824; x_wconf 72' lang='lat' dir='ltr'><strong>lusa</strong></span> 
     </span>
    </p>
   </div>
  </div>
