3974 6188
267 341 378 400 413

1246 340 1335 397 DE
1374 340 1725 401 UNIVERSO
1759 341 1938 397 LIBRI
1975 341 2140 398 XXII.
2180 374 2252 386 —
2288 343 2413 400 LIB.
2459 344 2572 401 XV.

3442 352 3549 412 Ml

270 461 439 510 estet
461 450 793 525 dilapidata,
825 451 881 509 id
902 461 987 509 est
1013 451 1284 523 lapidibus
1321 462 1517 511 strata.
1556 457 1725 513 Primi
1759 476 1858 514 au-
1891 464 1933 522 Α
1966 461 2109 514 inter
2147 470 2361 517 montes
2403 470 2694 533 angustum
2733 471 2789 518 et
2836 464 3056 531 tritum,
3100 482 3131 522 a
3171 469 3309 527 callo
3348 473 3547 541 pedum

276 555 385 601 tem
420 544 576 601 Ι)ωηί
616 544 872 599 dicuntur
898 543 1168 614 lapidibus
1195 545 1312 599 vias
1349 548 1636 613 stravisse,
1678 559 1863 619 postea

276 636 509 692 Romani
549 650 649 690 eas
679 650 778 705 per
813 648 1031 690 omnem
1078 650 1215 705 pene
1250 637 1438 691 orbem
1482 639 1867 708 disposuerunt

271 738 498 800 propter
530 728 917 783 rectitudinem
950 728 1204 809 itinerum
1226 770 1241 793 ,
1272 745 1339 783 ne
1368 730 1520 801 plebs
1545 741 1693 788 esset
1722 736 1864 790 otio-

271 839 351 878 sa.
386 823 571 895 Agger
603 829 691 877 est
731 822 909 877 media
955 830 1141 877 strata:
1180 822 1478 878 eminentia
1523 827 1867 896 coaggeratis

272 913 545 983 lapidibus
575 920 772 978 strata,
805 914 873 968 ab
903 928 1131 985 aggere,
1161 914 1211 968 id
1244 923 1360 980 est,
1390 931 1419 969 a
1450 919 1867 973 coacervatione

271 1004 451 1070 dicta,
485 1019 653 1075 quant
693 1004 941 1060 historici
986 1007 1131 1061 viam
1182 1007 1476 1062 militarem
1519 1008 1729 1073 dicunt,
1761 1018 1863 1063 ut:

396 1116 567 1177 Qualis
589 1131 723 1180 saepe
742 1122 832 1168 viae
854 1119 1125 1182 deprensus
1150 1123 1199 1170 in
1227 1135 1417 1185 aggere
1438 1136 1672 1185 serpens.

269 1201 380 1266 lter
402 1210 491 1265 vel
516 1210 626 1266 itus
650 1219 735 1267 est
767 1212 874 1277 via,
896 1228 1003 1283 qua
1041 1212 1107 1266 iri
1148 1214 1217 1268 ab
1258 1214 1480 1269 homine
1516 1231 1865 1285 quaquaver-

270 1317 391 1358 sum
434 1312 640 1374 potest.
684 1303 793 1358 lter
838 1314 1020 1359 autem
1066 1312 1122 1360 et
1166 1306 1333 1360 itiner
1376 1307 1649 1362 diversam
1691 1307 1864 1376 signi-

272 1392 589 1449 ﬁcationem
644 1395 866 1451 habent.
920 1396 1028 1450 Iter
1085 1397 1230 1452 enim
1280 1405 1368 1452 est
1418 1398 1569 1454 locus
1632 1399 1863 1453 transitu

272 1484 479 1551 facilis,
530 1485 676 1540 unde
730 1495 786 1541 et
849 1487 1182 1558 appellamus
1248 1489 1404 1542 itum.
1456 1488 1622 1543 Itiner
1682 1498 1863 1544 autem

274 1576 381 1631 itus
422 1585 511 1631 est
556 1576 732 1649 longa:
780 1578 919 1643 viae,
963 1586 1020 1633 et
1063 1579 1179 1650 ipse
1221 1579 1375 1635 labor
1416 1580 1759 1645 ambulandi,
1805 1589 1864 1635 ut

272 1684 379 1739 quo
417 1668 555 1724 velis
610 1670 916 1739 pervenias.
953 1668 1160 1725 Semita
1217 1671 1430 1726 itineris
1474 1672 1784 1734 dimidium,
1832 1687 1862 1726 a

271 1758 405 1812 senii
447 1758 529 1813 itu
572 1759 800 1814 dictum.
848 1758 1054 1814 Semita
1085 1768 1266 1815 autem
1297 1761 1575 1815 hominum
1606 1771 1708 1817 est.
1741 1761 1863 1817 Cal-

271 1848 339 1905 lis
379 1849 623 1906 ferarum
670 1861 728 1907 et
778 1854 1068 1924 pecudum.
1109 1853 1273 1909 Callis
1315 1856 1399 1910 es’t
1440 1857 1546 1910 iter
1589 1857 1857 1926 pecudum
1890 1852 1936 1910 B

1971 560 2251 618 vocatum,
2305 552 2420 607 sive
2470 552 2607 607 callo
2658 554 2922 624 pecudum
2976 558 3346 626 perduratum.
3406 562 3548 619 Tra-

1970 645 2127 699 Inites
2174 652 2300 699 sunt
2346 652 2659 699 transversa
2706 645 2759 699 in
2809 646 2957 718 agris
2997 647 3193 703 itinera
3240 651 3356 705 sive
3400 662 3548 708 recta

1967 736 2052 789 via
2084 754 2097 790 :
2124 735 2255 791 dicti
2283 777 2299 802 ,
2328 738 2472 806 quod
2501 739 2896 793 transmittant.
2926 740 3166 795 Divortia
3210 751 3337 796 sunt
3381 742 3552 799 ﬂexus

1969 827 2213 894 viarum,
2242 827 2345 883 hoc
2374 837 2494 893 est,
2537 830 2638 884 viae
2681 830 2735 883 in
2779 830 2996 885 diversa
3042 832 3349 887 tendentes.
3398 832 3551 888 Nunc

1969 919 2289 975 diverticula
2324 927 2468 985 sunt,
2495 920 2598 975 hoc
2652 927 2738 975 est
2788 921 3016 977 diversa:
3077 938 3147 989 at;
3191 923 3378 977 divisae
3429 924 3550 987 viae,

1968 1014 2084 1068 sive
2125 1014 2335 1068 semita:
2376 1023 2719 1078 transversm,
2745 1027 2866 1083 quae
2890 1021 3015 1067 sunt
3044 1029 3075 1067 a
3104 1013 3278 1068 latere
3306 1014 3425 1067 vim.
3460 1015 3553 1067 Bi-

1981 1105 2150 1169 rium,
2179 1104 2309 1174 quia
2351 1103 2545 1171 duplex
2588 1112 2673 1158 est
2712 1104 2822 1157 via.
2866 1102 3146 1174 Compita,
3200 1105 3329 1174 quia
3370 1104 3554 1173 plures

1969 1196 2023 1250 in
2072 1211 2137 1251 ea
2187 1204 2503 1266 competunt
2554 1197 2689 1261 viae,
2739 1197 2896 1265 quasi
2959 1196 3162 1260 trivia»,
3229 1197 3549 1266 quadrivize.

1968 1286 2085 1341 Hoc
2135 1302 2351 1356 quoque
2408 1287 2804 1342 observandum
2857 1295 2940 1343 est
2995 1288 3048 1341 in
3105 1287 3240 1343 locis
3291 1286 3549 1359 singulis,

1967 1380 2056 1435 ubi
2102 1380 2204 1435 ista
2245 1380 2467 1434 nomina
2509 1380 2723 1434 viarum
2761 1386 2889 1434 sunt
2929 1379 3213 1441 denotata,
3250 1386 3310 1433 ut
3348 1394 3377 1432 a
3415 1392 3554 1447 prte-

1968 1471 2291 1526 cedentibus
2336 1471 2423 1526 vel
2469 1471 2930 1540 consequentibus
2981 1469 3223 1539 ejusdem
3272 1469 3554 1538 scripturae

1967 1563 2102 1620 locis
2138 1580 2326 1619 earum
2364 1564 2692 1636 signiﬁcatio
2737 1564 3091 1636 intelligatur.
3134 1563 3269 1630 Quia
3312 1562 3391 1617 sic
3427 1576 3553 1616 con-

1966 1676 2134 1729 gruus
2185 1675 2379 1715 sensus
2418 1658 2576 1713 facile
2625 1658 2677 1711 in
2732 1658 2812 1713 eis
2856 1657 3214 1728 dignoscitur,
3253 1664 3434 1709 utrum
3485 1651 3553 1708 ad

1966 1750 2163 1805 bonam
2202 1750 2288 1806 vel
2331 1750 2529 1805 malam
2569 1757 2779 1819 partem
2828 1749 3165 1818 pertineant.

1203 2083 1506 2162 LIBER
1559 2083 2031 2177 QUINTUS
2095 2085 2412 2162 DECIM
2432 2086 2582 2162 US.

795 2345 1021 2404 CAPUT
1061 2346 1350 2405 PRIMUM.

845 2439 925 2493 De
947 2438 1285 2509 philosophis.

341 2528 656 2599 Philosophi
685 2543 861 2598 graeca
891 2530 1250 2599 appellatione
1278 2538 1564 2596 vocantur,
1594 2531 1684 2601 qui
1728 2531 1856 2585 lati-

273 2637 340 2677 ne
398 2632 679 2677 amatores
743 2621 1020 2692 sapientia:
1076 2622 1524 2693 interpretantur.
1569 2625 1665 2680 Est
1711 2625 1854 2680 enim

272 2711 654 2784 Philosophus,
694 2715 786 2783 qui
834 2714 1141 2769 divinarum
1171 2723 1227 2770 et
1274 2717 1634 2772 humanarum
1676 2733 1861 2771 rerum

270 2804 554 2859 scientiam
579 2805 761 2859 habet.
786 2802 1014 2860 Omnem
1029 2805 1165 2861 bene
1181 2806 1392 2861 vivendi
1408 2807 1677 2861 tramitem
1696 2814 1859 2862 tenet.

270 2893 478 2951 Nomen
514 2895 964 2966 philosophorum
1008 2898 1241 2967 primum
1276 2914 1307 2953 a
1339 2898 1643 2969 Pythagora
1690 2897 1863 2955 fertur

265 2997 543 3045 exortum.
575 2988 713 3044 Nam
742 2991 871 3045 dum
912 3001 1069 3046 antea
1099 2992 1262 3062 graeci
1304 3001 1518 3047 veteres
1558 2991 1859 3062 Sophistas,

1966 2366 2092 2405 nem
2138 2349 2384 2404 veritatis
2423 2348 2630 2406 inducit
2682 2349 2980 2404 hominem.
3029 2345 3244 2403 Justitia
3299 2347 3551 2405 dilectio-

1968 2454 2089 2494 nem
2128 2440 2221 2494 Dei
2245 2448 2300 2493 ct
2322 2440 2550 2510 proximi
2575 2449 2774 2495 servat.
2806 2438 3086 2493 Fortitudo
3113 2439 3281 2495 vincit
3302 2441 3547 2507 adversa,

1967 2542 2304 2602 mortemque
2340 2535 2657 2588 contemnit.
2707 2532 3084 2605 Temperantia
3138 2534 3363 2590 vitiosas
3400 2535 3551 2590 volu-

1964 2633 2141 2694 ptates
2177 2626 2443 2695 reprimit,
2474 2636 2529 2680 et
2550 2626 2729 2680 omnia
2763 2627 3097 2680 moderatur.
3131 2625 3329 2697 Logica
3368 2637 3549 2682 autem

1968 2715 2224 2770 dividitur
2252 2717 2305 2770 in
2329 2717 2461 2771 duas
2484 2718 2716 2787 species,
2744 2718 2847 2772 hoc
2861 2726 2944 2771 est
2961 2717 3308 2773 Dialecticam
3333 2728 3389 2774 ct
3410 2719 3552 2774 Rhe-

1968 2807 2216 2863 toricam.
2265 2808 2555 2862 Dialectica
2587 2817 2671 2863 est
2695 2809 2990 2878 disputatio
3019 2818 3197 2873 acuta,
3226 2824 3415 2864 verum
3442 2811 3552 2865 dis-

1967 2902 2216 2971 tinguens
2260 2915 2291 2953 a
2331 2900 2488 2955 falso.
2536 2900 2830 2956 Rhetorica
2873 2909 2953 2956 est
2990 2899 3273 2971 disciplina
3318 2901 3384 2956 ad
3422 2917 3550 2972 per-

1966 2991 2299 3045 suadendum
2327 3006 2555 3061 quteque
2594 2992 2806 3047 idonea.
2842 2992 3011 3047 Divisi
3056 3001 3182 3047 sunt
3217 3004 3395 3048 autem
3447 2994 3549 3064 ipsi

263 3080 318 3137 id
346 3090 458 3148 est,
486 3082 785 3153 sapientes,
816 3091 911 3137 aut
946 3083 1197 3138 doctores
1222 3083 1502 3152 sapientia;
1537 3086 1862 3155 semetipsos
1889 3101 1933 3162 ς
1965 3082 2268 3154 philosophi
2306 3083 2357 3137 in
2409 3084 2708 3140 haeresibus
2735 3085 2870 3151 suis,
2916 3085 3179 3141 habentes
3206 3087 3425 3156 quidam
3454 3104 3550 3142 no-

260 3170 562 3240 jactantius
591 3173 958 3240 nominarent,
994 3174 1098 3228 iste
1135 3175 1516 3245 interrogatus,
1562 3175 1691 3244 quid
1731 3189 1859 3244 pro—

267 3265 537 3331 fiteretur,
600 3266 906 3321 verecundo
963 3267 1180 3321 nomine
1227 3266 1628 3336 philosophum,
1675 3265 1858 3331 idest,

266 3366 574 3413 amatorem
624 3358 904 3428 sapientiae
952 3372 1011 3412 se
1067 3373 1188 3414 esse
1241 3358 1562 3427 respondit:
1602 3358 1858 3427 quoniam

265 3449 575 3519 sapientem
614 3450 861 3519 proﬁteri
896 3451 1401 3520 arrogantissimum
1442 3450 1747 3505 videbatur.
1782 3450 1861 3505 Ita

265 3541 528 3613 deinceps
564 3542 801 3612 posteris
851 3541 1075 3612 placuit,
1112 3548 1171 3595 ut
1217 3540 1553 3610 quantalibet
1597 3543 1664 3595 de
1702 3542 1862 3595 rebus

266 3634 334 3688 ad
387 3634 717 3705 sapientiam
770 3632 1166 3702 pertinentibus
1210 3630 1455 3686 doctrina
1501 3631 1730 3700 quisque
1778 3631 1861 3685 vel

265 3724 368 3780 sibi
392 3725 482 3780 vel
503 3724 625 3779 aliis
645 3724 918 3778 videretur
937 3722 1223 3787 excellere,
1249 3738 1352 3777 non
1377 3722 1480 3776 nisi
1510 3721 1862 3793 philosOphus

265 3823 583 3873 vocaretur.
599 3814 765 3870 Iidem
786 3824 963 3870 autem
978 3813 1281 3884 philosophi
1303 3814 1497 3885 triplici
1512 3827 1709 3882 genere
1725 3813 1862 3868 divi-

269 3911 493 3967 duntur.
520 3909 655 3965 Nam
679 3918 774 3964 aut
800 3909 1005 3980 physici
1028 3916 1174 3971 sunt,
1207 3918 1301 3962 aut
1328 3909 1516 3973 ethici,
1546 3918 1640 3962 aut
1674 3907 1856 3978 logici.

267 4003 490 4076 Pbysici
510 4002 664 4066 dicti,
689 4003 815 4074 quia
834 4003 899 4058 de
921 4001 1127 4057 naturis
1144 4009 1378 4056 tractant
1404 4020 1417 4055 :
1442 4011 1634 4056 natura
1661 4002 1861 4071 quippe

268 4113 447 4171 grrece
477 4098 668 4169 physis
701 4103 946 4151 vocatur.
985 4095 1183 4159 Ethici,
1214 4096 1340 4164 quia
1376 4095 1442 4150 de
1473 4094 1713 4150 moribus
1745 4103 1858 4147 tra-

269 4198 444 4246 ctant.
504 4188 620 4244 Mos
674 4187 818 4245 enim
866 4188 1009 4256 apud
1067 4186 1285 4242 Gnaeos
1321 4187 1478 4242 ethos
1536 4184 1856 4255 appellatur.

267 4280 458 4353 Logici
498 4288 702 4344 autem,
752 4279 878 4349 quia
904 4280 960 4333 in
1006 4278 1217 4333 naturis
1258 4278 1396 4333 etin
1425 4279 1667 4333 moribus
1698 4277 1860 4331 ratio—

269 4390 394 4430 netu
430 4372 735 4444 adjungnnt
760 4390 772 4426 :
806 4372 946 4426 ratio
976 4370 1121 4428 enim
1151 4385 1324 4440 graece
1352 4370 1502 4441 logos
1528 4371 1744 4425 dicitur.
1771 4370 1860 4423 Dis

1965 3177 2106 3230 mina
2150 3193 2217 3230 ex
2244 3178 2597 3232 auctoribus:
2633 3188 2693 3234 ut
2720 3177 3007 3244 Platonici,
3042 3179 3316 3249 Epicurei,
3341 3179 3549 3250 Pytha-

1963 3266 2178 3337 gorici:
2224 3267 2313 3321 alii
2348 3284 2379 3321 a
2425 3267 2560 3323 locis
2608 3270 3107 3325 conventiculorum
3150 3280 3204 3325 et
3249 3272 3546 3326 stationum

1963 3372 2205 3422 suarum,
2225 3368 2284 3412 ut
2303 3358 2671 3428 Peripatetici,
2706 3360 2895 3427 Stoici,
2919 3362 3247 3418 Academici.
3281 3364 3545 3418 Plat0nici

1962 3466 1991 3504 a
2022 3450 2262 3506 Platone.
2288 3452 2986 3513 Ilianimarumcreatorcm
3013 3474 3132 3513 esse
3148 3461 3339 3524 Deum,
3356 3474 3550 3528 corpo-

1963 3558 2080 3596 rum
2113 3546 2332 3616 angelos
2358 3555 2640 3601 asserunt:
2665 3562 2766 3617 per
2800 3549 2999 3604 multos
3025 3565 3286 3603 annorum
3315 3550 3548 3605 circulos

1962 3635 2016 3689 in
2046 3636 2257 3692 diversa
2282 3653 2512 3708 corpora
2530 3641 2709 3694 redire
2734 3639 2945 3694 animas
2973 3640 3353 3695 dicunt.Stoici
3380 3656 3408 3694 a
3429 3640 3547 3696 loco

1962 3727 2112 3783 dicti.
2142 3728 2393 3787 Porticus
2417 3732 2562 3786 cnim
2588 3732 2688 3805 fuit
2710 3731 2961 3796 Athenis,
2985 3749 3144 3802 quam
3176 3749 3350 3804 grtece
3380 3734 3545 3789 Stoau

1962 3823 2324 3893 appellabant,
2340 3826 2391 3879 in
2408 3841 2512 3894 qua
2536 3826 2678 3897 picta
2695 3834 2852 3881 erant
2875 3835 3024 3895 gesta
3040 3826 3364 3895 sapientum,
3384 3835 3548 3896 atque

1958 3918 2198 3972 virorum
2237 3919 2459 3973 fortium
2492 3920 2751 3975 historiae.
2777 3920 2834 3974 In
2869 3922 3010 3974 hanc
3044 3920 3310 3987 porticum
3353 3934 3550 3973 conve-

1961 4009 2172 4063 nientes
2197 4009 2471 4078 sapientes
2500 4010 3041 4079 philosophabamur,
3074 4026 3138 4063 ex
3170 4025 3274 4078 qua
3310 4018 3364 4062 et
3390 4010 3546 4064 stoici

1961 4100 2089 4155 dicti
2118 4109 2244 4156 sunt
2274 4117 2487 4170 :graece
2510 4103 2655 4156 enim
2709 4102 2951 4169 porticus
2996 4110 3111 4155 stoa
3143 4101 3359 4155 dicitur.
3392 4100 3543 4155 Hanc

1960 4200 2163 4246 sectam
2194 4192 2369 4261 primo
2396 4192 2542 4247 Zeno
2579 4192 2832 4246 instituit.
2868 4192 2932 4246 Ili
2953 4199 3169 4262 negant,
3200 4193 3318 4247 sine
3344 4193 3545 4247 virtute

1959 4281 2096 4336 clIici
2131 4297 2459 4352 quemquam
2490 4283 2726 4338 beatum.
2753 4282 2925 4338 Omne
2952 4292 3233 4353 peccatum
3277 4282 3548 4338 uniforme

1959 4387 2077 4428 esse
2093 4386 2366 4440 asserunt,
2391 4375 2659 4430 dicentes:
2678 4374 2758 4429 sic
2780 4373 2867 4429 ille
2882 4389 3079 4429 noeens
3104 4374 3225 4440 erit,
3253 4374 3343 4445 qui
3362 4374 3549 4445 paleas

267 4466 475 4522 viditur
499 4474 683 4520 autem
727 4464 956 4535 Physica
1006 4464 1062 4518 in
1103 4471 1310 4534 septem
1360 4472 1567 4532 partes,
1619 4463 1723 4518 hoc
1751 4471 1853 4530 est,
1885 4458 1936 4518 D
1964 4464 2244 4528 iuraverit,
2286 4481 2448 4534 quam
2476 4465 2568 4534 qui
2599 4480 2794 4520 aurum
2826 4465 2954 4536 :qni
2993 4479 3233 4537 mergum
3263 4467 3545 4533 occiderit,

266 4560 709 4625 Arithmeticam,
748 4559 1176 4623 Astronomiam,
1202 4557 1589 4628 Astrologiam,
1638 4556 1857 4612 Mecba-

268 4651 440 4716 uiam,
485 4649 831 4716 Medicinam,
875 4649 1241 4707 Geometriam
1299 4660 1356 4708 et
1403 4651 1689 4707 Musicani.
1736 4652 1860 4705 Ari-

268 4744 535 4801 thmetica
578 4754 664 4800 est
692 4758 1041 4799 numerorum
1084 4743 1334 4799 scientia.
1385 4744 1729 4799 Astronomia
1780 4753 1862 4800 est

267 4838 356 4893 lex
384 4845 686 4900 astrorum,
718 4850 825 4904 qua
845 4835 1097 4890 oriuntur
1117 4842 1172 4889 et
1199 4834 1455 4890 occidunt
1477 4843 1641 4889 astra.
1672 4835 1861 4889 Astro-

269 4926 411 4999 logia
431 4936 520 4983 est
547 4934 822 4982 astrorum
852 4927 991 4980 ratio
1018 4933 1074 4981 et
1106 4933 1298 4979 natura
1329 4934 1384 4978 et
1420 4934 1677 4997 potestas,
1705 4925 1855 4981 coeli-

269 5035 375 5091 que
402 5018 769 5074 conversatio.
814 5017 1090 5072 Mechania
1125 5024 1209 5071 est
1248 5015 1441 5086 peritia
1480 5015 1697 5070 fabrica:
1726 5017 1860 5071 artis

269 5112 326 5167 in
366 5110 600 5166 metallis
645 5118 701 5165 et
739 5111 793 5164 in
823 5108 982 5178 lignis
1028 5117 1084 5165 et
1131 5109 1416 5179 lapidibus.
1468 5107 1731 5163 Medicina
1778 5118 1862 5163 est

271 5202 500 5259 scientia
536 5202 906 5266 curationum,
930 5201 996 5256 ad
1025 5207 1514 5271 temperamentum
1538 5209 1594 5254 et
1631 5200 1861 5255 salutem

270 5292 517 5363 corporis
563 5289 807 5346 inventa.
853 5289 1161 5347 Geometria
1210 5299 1294 5345 est
1325 5289 1610 5360 disciplina
1645 5306 1863 5345 mensu-
1898 5358 1901 5361 _

270 5386 425 5441 randi
467 5384 644 5455 spatia
693 5383 957 5451 locorum,
998 5394 1053 5439 et
1095 5383 1498 5453 magnitudines
1550 5398 1860 5451 corporum.

271 5475 475 5533 lusica
503 5485 588 5531 est
640 5476 835 5531 divisio
864 5490 1142 5540 sonorum,
1174 5484 1230 5530 et
1256 5490 1449 5530 vocum
1496 5474 1752 5538 varietas,
1783 5482 1865 5528 cst

270 5569 570 5626 modulatio
608 5569 860 5625 canendi.
900 5568 1088 5623 Ethica
1120 5575 1302 5623 autem
1346 5566 1609 5621 dividitur
1651 5566 1704 5620 in
1732 5580 1866 5634 qua-

272 5670 397 5718 tuor:
422 5670 633 5733 partes,
662 5663 767 5716 hoc
792 5669 898 5725 est,
937 5659 989 5713 in
1022 5660 1388 5729 prudentiam,
1428 5657 1720 5729 justitiam,
1750 5654 1863 5711 for-

274 5757 563 5814 titudinem
602 5764 659 5812 et
709 5755 1143 5826 temperantiam.
1178 5754 1474 5810 Prudentia
1531 5753 1586 5809 in
1623 5751 1850 5825 agnitio-

1960 4570 2121 4626 quam
2136 4555 2227 4625 qui
2242 4571 2460 4624 equum.
2480 4554 2590 4609 Non
2604 4556 2746 4610 enim
2763 4555 2964 4610 animal
2981 4557 3207 4620 crimen,
3222 4557 3314 4610 sed
3333 4558 3548 4611 animus

1959 4647 2111 4703 facit.
2143 4647 2208 4702 Hi
2235 4652 2397 4704 etiam
2433 4650 2670 4703 animam
2705 4664 2830 4703 cum
2864 4663 3091 4720 corpore
3120 4649 3302 4720 perire
3339 4650 3545 4713 dicunt,

1961 4740 2193 4794 animam
2235 4732 2448 4810 quoque
2491 4741 2749 4795 virtutem
2782 4741 3148 4797 continentem
3191 4752 3247 4796 et
3284 4750 3545 4797 aeternam

1962 4848 2083 4887 esse
2132 4840 2375 4903 negant:
2416 4830 2673 4886 all‘ectant
2715 4831 2939 4902 gloriam
2977 4842 3256 4897 aeternam,
3304 4847 3426 4887 cum
3466 4830 3549 4885 fa-

1963 4934 2144 4981 tentur
2174 4941 2233 4981 se
2268 4941 2374 4981 non
2408 4941 2529 4982 esse
2567 4934 2820 4981 :eternos.
2859 4925 3169 4979 Academici
3213 4924 3462 4991 appellati
3511 4939 3543 4976 a

1961 5020 2087 5074 villa
2129 5019 2368 5076 Platonis
2396 5020 2672 5076 academia
2689 5020 3048 5083 Athenarum,
3094 5018 3183 5071 ubi
3221 5018 3361 5072 idem
3394 5016 3545 5070 Plato

1963 5113 2210 5167 docebat.
2230 5114 2296 5168 lli
2314 5115 2495 5168 omnia
2515 5115 2719 5169 incerta
2746 5113 3038 5182 opinantur
3062 5112 3186 5165 :sed
3211 5110 3353 5164 sicut
3372 5110 3547 5164 faten-

1964 5205 2088 5259 dum
2105 5212 2188 5259 est
2216 5203 2382 5258 multa
2406 5205 2610 5258 incerta
2625 5212 2680 5257 et
2699 5203 2909 5259 occulta
2930 5218 3073 5266 esse,
3091 5215 3208 5271 quae
3226 5201 3393 5256 voluit
3406 5201 3546 5257 Deus

1966 5297 2372 5367 intelligentiam
2401 5297 2636 5352 hominis
2658 5298 2921 5352 excedere
2957 5314 2970 5349 :
3002 5296 3080 5350 sic
3113 5305 3289 5349 tamen
3313 5293 3545 5364 plurima

1965 5403 2084 5442 esse
2096 5404 2217 5457 quae
2228 5388 2436 5456 possint
2451 5396 2714 5444 etsensus
2725 5388 3048 5457 penetrabili
3069 5387 3277 5442 ratione
3298 5402 3548 5457 compre-

1968 5480 2222 5534 hendere.
2250 5480 2401 5534 Hanc
2430 5488 2634 5535 sectam
2664 5479 3034 5543 Archesilaus,
3066 5478 3397 5550 Cyrenaicus
3425 5480 3549 5549 phi-

1968 5570 2469 5641 losophus,reperit,
2500 5569 2651 5639 cujus
2681 5578 2920 5625 sectator
2946 5568 3046 5624 fuit
3077 5569 3430 5633 Democritus,
3456 5571 3550 5641 qui

1968 5660 2121 5724 dixit,
2159 5668 2412 5729 tanquam
2461 5660 2514 5714 in
2564 5667 2728 5729 puteo
2751 5659 2881 5726 alto,
2931 5660 3007 5714 ita
3056 5669 3116 5715 ut
3144 5657 3343 5716 fundus
3371 5660 3551 5716 nullus

1969 5752 2059 5819 sit,
2106 5752 2182 5807 ita
2223 5751 2278 5806 in
2324 5751 2535 5807 occulto
2558 5750 2744 5821 jacere
2791 5754 3099 5810 veritatem.
3130 5752 3475 5825 Peripatetici
3519 5768 3548 5807 a
