3974 6188
418 337 521 395 H5

1051 335 1113 391 Β.
1151 333 1403 392 RABANI
1445 333 1662 392 MAURI
1701 333 1976 390 ARCHlEl

2079 333 2373 390 HOGUNT.
2411 331 2696 390 ΟΡΕΙΠῩΜ
2729 335 2912 390 PARS
2947 334 3012 390 ll.

3567 337 3673 392 416

413 445 848 504 deambulatian
891 448 1040 512 dicti,
1095 465 1162 504 eo
1210 451 1355 520 quod
1408 449 1747 514 Aristoteles,
1803 458 1994 504 auctor
2021 450 2067 510 Α
2097 453 2152 499 et
2191 443 2280 499 ubi
2318 445 2544 500 materia
2591 461 2715 501 cum
2767 445 2880 500 Deo
2933 455 3178 516 mquatnr
3229 447 3462 503 Zenonis
3509 450 3676 505 disci-

411 553 625 604 eorum,
661 539 1012 594 deambulans
1051 541 1366 610 disputaret.
1391 539 1455 595 Hi
1493 542 1678 596 dicunt
1703 541 1992 610 quamdam

411 631 733 699 particulam
766 629 960 684 anima:
985 646 1105 686 esse
1140 641 1424 696 retentam,
1452 633 1519 686 de
1560 632 1768 700 reliquo
1797 647 1990 703 magna

412 738 478 777 ex
505 732 656 792 parte
693 723 974 778 mortalem
1014 738 1154 778 esse.
1184 724 1372 796 Cynici
1407 727 1476 782 ab
1513 725 1847 780 immunditia
1895 725 1996 780 im-

411 812 680 881 pudentia:
703 813 993 882 nuncupati
1027 831 1039 865 :
1059 821 1246 868 contra
1264 815 1556 869 humanam
1571 816 1716 869 enim
1734 829 1995 871 verecun-

411 903 555 956 diam
596 902 648 956 in
697 905 980 972 propatulo
1019 905 1166 959 coire
1197 919 1321 958 cum
1356 903 1699 976 coniugibus,
1759 907 1840 962 eis
1877 923 1993 962 mos

413 999 530 1044 erat
556 1002 873 1047 :censentes
897 993 1100 1047 licitum
1138 1001 1194 1048 et
1216 994 1500 1049 honestum
1526 1010 1648 1050 esse
1674 997 1850 1067 palam
1867 1012 1990 1051 eum

420 1094 586 1134 uxore
607 1081 963 1136 concumbere
993 1097 1010 1134 :
1049 1083 1174 1150 quia
1203 1082 1511 1153 conjugium
1527 1081 1734 1151 justum
1757 1094 1860 1150 est,
1893 1077 1992 1156 pu-

417 1173 559 1228 blice
584 1172 636 1226 id
671 1173 1027 1242 praedicantes
1047 1175 1312 1245 agendum
1335 1189 1475 1240 esse,
1505 1184 1564 1229 ut
1589 1191 1754 1231 canes
1782 1177 1836 1230 in
1859 1177 1990 1232 vicis

413 1264 496 1316 vel
517 1263 727 1332 plateis.
763 1261 913 1318 Unde
947 1273 1004 1318 et
1029 1279 1058 1318 a
1089 1265 1314 1320 canibus
1346 1281 1578 1336 quorum
1605 1267 1770 1322 vitam
1813 1265 1990 1320 imita-

414 1359 650 1412 bantur.
698 1354 862 1408 etiam
923 1355 1238 1412 vocabulum
1295 1372 1602 1427 nomenque
1663 1365 1984 1413 traxerunt:

409 1444 660 1513 Epicurei
691 1445 820 1500 dicti
845 1445 912 1500 ab
939 1447 1171 1516 Epicuro
1199 1449 1431 1516 quodam
1457 1448 1799 1520 philosopho,
1831 1464 1987 1503 ama-

409 1543 526 1590 tore
549 1539 802 1592 vanitatis
831 1555 935 1593 non
966 1539 1267 1608 sapientiae,
1297 1555 1458 1610 quem
1497 1541 1658 1595 etiam
1683 1539 1986 1611 philosophi

408 1643 630 1698 porcum
683 1630 1137 1685 neminaverunt:
1170 1631 1296 1700 quia
1327 1646 1386 1686 se
1413 1631 1663 1686 volutans
1697 1631 1753 1686 in
1806 1647 1984 1696 emno,

407 1718 679 1772 carnalem
721 1719 1046 1789 voluptatem
1078 1721 1323 1792 corporis
1351 1736 1622 1776 summum
1667 1720 1864 1776 bonum
1899 1737 1988 1776 as-

2093 534 2234 606 plina
2273 543 2376 591 est.
2429 535 2495 589 Et
2537 535 2627 590 ubi
2675 535 2806 606 quid
2845 537 2912 590 de
2951 535 3110 606 igneo
3145 536 3255 590 Deo
3303 537 3521 606 legitur,
3570 537 3676 593 lico

2093 624 2312 680 raclitus
2347 623 2654 678 intervenit.
2690 623 2891 680 Eadem
2941 626 3166 680 materia
3198 626 3342 695 apud
3387 627 3676 682 haereticos

2091 725 2144 772 et
2202 717 2547 788 philosophos
2617 716 2911 782 volutatur,
2977 719 3140 774 iidem
3190 727 3519 776 retractatus
3570 721 3676 775 im—

2091 805 2394 875 plicantur:
2423 808 2518 862 sed
2545 805 2803 880 seriptis[
2829 807 3054 881 spretis]
3079 809 3357 864 erroribus
3385 795 3670 880 gentilium

2091 905 2250 966 atque
2295 897 2690 962 haereticorum,
2735 913 2858 968 qua:
2901 897 2973 952 sit
3018 914 3148 954 vera
3194 896 3534 970 philosophia
3577 915 3670 956 se-

2090 990 2323 1045 cundum
2380 989 2769 1045 catholicorum
2828 999 3048 1062 patrum
3111 1006 3330 1047 sensum
3379 991 3670 1048 dicendum

2090 1078 2246 1135 nobis
2288 1088 2392 1136 est.
2444 1079 2784 1152 Philosophia
2831 1097 2961 1153 ergo
2989 1092 3076 1137 est
3114 1090 3322 1138 natura:
3367 1083 3668 1152 inquisitio,

2089 1185 2270 1226 rerum
2319 1169 2675 1226 humanarum
2714 1171 3126 1243 divinarumque
3181 1174 3436 1245 cognitio,
3495 1190 3674 1246 quan-

2090 1269 2204 1316 tum
2250 1261 2453 1315 homini
2497 1261 2754 1331 possibile
2797 1272 2882 1317 est
2911 1263 3119 1318 rimari.
3172 1263 3268 1318 Est
3297 1278 3512 1334 quoque
3549 1264 3674 1334 phi-

2089 1350 2326 1419 losophia
2357 1351 2610 1406 honestas
2643 1351 2798 1416 vitae,
2845 1352 3081 1406 studium
3107 1353 3245 1408 bene
3273 1353 3524 1420 vivendi,
3557 1369 3670 1409 me~

2088 1439 2277 1494 dilatio
2315 1441 2535 1503 mortis,
2569 1449 2908 1512 contemptus
2946 1441 3127 1498 sazculi
3159 1443 3301 1512 quod
3336 1445 3510 1516 magis
3537 1460 3671 1500 con-

2088 1531 2237 1585 venit
2277 1532 2609 1596 christianis,
2641 1532 2735 1602 qui
2766 1533 2953 1588 smculi
2989 1535 3285 1590 ambitione
3326 1535 3554 1601 calcata,
3587 1537 3670 1591 di-

2088 1620 2410 1691 sciplinabili
2441 1621 2795 1676 similitudine
2842 1621 3033 1678 futura:
3065 1625 3254 1694 patria:
3290 1625 3495 1680 vivunt.
3555 1624 3668 1680 Ma-

2090 1711 2225 1765 teria
2247 1725 2375 1780 ergo
2417 1711 2768 1783 philosophia:
2812 1722 3026 1770 constat
3061 1731 3128 1770 ex
3179 1715 3410 1772 scientia
3459 1727 3519 1772 et
3546 1719 3667 1788 opi-

407 1809 594 1864 seruit,
641 1809 741 1878 Qui
785 1811 949 1866 etiam
1001 1812 1137 1866 dixit
1165 1854 1180 1874 ,
1231 1811 1375 1867 nulla
1421 1812 1600 1866 divina
1651 1813 1986 1883 providentia
2017 1801 2062 1860 Β
2090 1801 2270 1858 nione.
2299 1803 2534 1858 Scientia
2581 1811 2682 1858 est.
2716 1819 2839 1859 cum
2892 1820 2982 1862 res
3022 1805 3202 1878 aliqua
3249 1817 3399 1862 certa
3451 1811 3672 1864 ratione

407 1899 732 1954 instructum
777 1916 898 1956 esse
946 1911 1039 1958 aut
1087 1903 1198 1974 regi
1246 1903 1504 1959 mundum
1539 1922 1554 1960 :
1587 1905 1682 1960 sed
1721 1904 1984 1976 originem

407 2005 588 2045 rerum
634 1993 851 2058 atomis,
900 1995 952 2048 id
993 2003 1078 2048 est
1110 1994 1492 2050 insecabilibus
1540 2009 1606 2050 ac
1638 1995 1825 2051 solidis
1865 2011 1986 2050 cor-

403 2083 627 2153 poribus
655 2083 966 2153 assignavit,
1001 2101 1230 2154 quorum
1271 2084 1510 2140 fortuitis
1537 2084 1985 2140 concursionibus

403 2177 653 2228 universa
705 2183 999 2229 nascantur
1042 2184 1098 2230 et
1138 2185 1266 2230 nata
1313 2177 1440 2230 sint.
1479 2177 1749 2231 Asserunt
1776 2184 1982 2242 autem,

403 2263 574 2319 Deum
605 2263 736 2318 nihil
765 2279 948 2334 agere,
978 2265 1161 2320 omnia
1200 2273 1456 2322 constare
1479 2267 1824 2336 corporibus,
1859 2265 1982 2320 aui-

401 2372 544 2410 mam
583 2356 716 2411 nihil
745 2357 890 2412 aliud
938 2373 1059 2414 esse
1097 2373 1260 2430 quam
1289 2374 1504 2430 corpus.
1534 2358 1690 2416 Unde
1713 2365 1770 2414 et
1799 2359 1936 2414 dixit
1965 2376 1978 2412 :

401 2445 527 2501 Non
577 2465 687 2513 ero,
742 2458 1077 2520 posteaquam
1144 2460 1382 2505 mortuus
1445 2451 1614 2520 fuero.
1677 2450 1981 2524 Gymnoso-

397 2539 591 2611 phistte
648 2541 774 2594 nudi
818 2555 916 2609 per
965 2556 1166 2610 epaeas
1223 2541 1388 2596 ludia:
1425 2543 1748 2598 solitudines
1799 2542 1982 2612 perhi-

397 2629 594 2684 bentur
617 2629 1014 2700 philosophari,
1047 2631 1368 2686 adhibentes
1415 2639 1624 2686 tantum
1659 2632 1981 2700 genitalibus

398 2720 657 2791 tegmina.
679 2718 1026 2792 Gymnasium
1047 2722 1190 2777 enim
1213 2737 1278 2778 ex
1301 2738 1366 2778 eo
1387 2723 1590 2778 dictum
1611 2731 1715 2789 est,
1732 2723 1872 2792 quod
1884 2721 1978 2791 ju-

395 2825 562 2867 venes
583 2812 712 2868 nudi
737 2823 1058 2870 exercentur
1077 2814 1130 2868 in
1153 2830 1366 2886 campo,
1385 2815 1476 2870 ubi
1499 2816 1744 2884 pudenda
1771 2824 1978 2871 tantum

395 2903 665 2972 operiunt.
687 2903 752 2959 ili
779 2911 836 2960 et
875 2919 905 2958 a
937 2906 1248 2976 generando
1297 2921 1357 2961 se
1383 2907 1664 2962 cohibent.
1714 2905 1975 2978 Theologi

395 3005 577 3050 autem
606 2995 766 3050 iidem
797 3004 942 3061 sunt,
969 2996 1133 3066 quiet
1151 2997 1360 3068 physici
1395 3015 1408 3052 :
1441 2997 1568 3052 dicti
1599 3005 1781 3052 autem
1802 2995 1976 3052 Theo-

394 3083 524 3156 logi,
556 3086 810 3157 quoniam
857 3087 911 3142 in
955 3087 1240 3158 scripturis
1277 3088 1392 3143 suis
1436 3089 1500 3144 de
1541 3089 1652 3145 Deo
1698 3089 1973 3144 dixerunt.

2084 1893 2381 1964 percipitur
2405 1912 2419 1948 :
2451 1902 2510 1948 ut
2539 1893 2756 1963 eclipsis
2783 1895 2934 1960 solis,
2959 1895 3166 1952 lunaris
3213 1899 3454 1968 corporis
3483 1901 3532 1953 oi
3547 1897 3667 1967 jec-

2087 1999 2172 2043 tus
2198 1995 2281 2044 est
2308 2003 2324 2043 :
2357 1988 2441 2042 vel
2474 1989 2526 2042 in
2551 1989 2832 2059 scripturis
2857 1990 3096 2045 historia:
3125 1999 3322 2055 textus,
3351 1993 3443 2062 qui
3477 2009 3662 2048 rerum

2083 2088 2356 2150 gestarum
2370 2081 2626 2150 exprimit
2643 2081 2944 2146 veritatem,
2969 2083 3085 2138 sive
3106 2083 3325 2138 moralis
3344 2084 3466 2138 vitae
3491 2083 3668 2138 ﬁdelis

2082 2171 2368 2227 institutio.
2419 2169 2667 2239 Opinatio
2702 2179 2806 2234 est,
2853 2187 2976 2224 cum
3011 2171 3217 2226 incerta
3273 2187 3359 2227 res
3405 2171 3578 2238 latet,
3606 2181 3664 2227 ct

2081 2261 2226 2316 nulla
2271 2260 2424 2314 iiuna
2474 2261 2682 2314 ratione
2729 2259 2940 2315 deliniri
2985 2270 3180 2330 potest,
3236 2271 3294 2315 ut
3343 2263 3662 2331 magnitudo

2081 2351 2224 2418 coeli,
2262 2352 2342 2407 vel
2379 2352 2717 2422 profunditas
2766 2361 2949 2418 ternr,
2973 2355 3088 2408 sive
3119 2355 3281 2408 etiam
3332 2355 3660 2412 invisibilem

2081 2461 2260 2501 rerum
2288 2454 2342 2500 et
2370 2445 2996 2516 iucomprehensibilium
3033 2446 3343 2516 disputatio.
3389 2447 3663 2503 Dividitur

2079 2553 2210 2609 ergo
2230 2537 2564 2608 philosophia
2607 2537 2660 2592 in
2691 2545 2807 2592 tres
2856 2545 3063 2608 partes,
3103 2539 3206 2593 hoc
3237 2545 3343 2602 est,
3389 2538 3442 2592 in
3467 2537 3660 2611 Physi-

2079 2643 2220 2690 cam,
2252 2627 2498 2682 Ethicam
2547 2637 2602 2682 et
2631 2627 2908 2698 Logieam,
2959 2627 3097 2683 sicut
3139 2628 3387 2698 superius
3417 2629 3660 2683 ostendi-

2079 2735 2216 2774 mus.
2261 2719 2318 2772 ln
2349 2719 2574 2790 Physica
2611 2719 2774 2788 igitur
2802 2734 2964 2774 causa
2995 2719 3294 2788 qmerendi,
3351 2719 3408 2774 in
3462 2717 3658 2776 Ethica

2077 2812 2211 2866 ordo
2229 2811 2465 2876 vivendi,
2515 2811 2566 2865 in
2598 2811 2792 2880 Logica
2841 2811 2980 2865 ratio
3009 2810 3341 2881 intelligendi
3373 2819 3651 2866 versatur.

2075 2901 2135 2956 ln
2190 2901 2385 2972 quibus
2434 2899 2685 2955 videlicet
2735 2900 3025 2972 generibus
3066 2901 3237 2956 tribus
3283 2899 3656 2971 Philosophia:

2075 2994 2256 3051 divina
2306 2993 2517 3064 eloquia
2563 2993 2882 3048 consistunt.
2921 2992 3054 3047 Nam
3084 3002 3177 3048 aut
3213 2994 3279 3048 de
3319 3004 3513 3048 natura
3540 2995 3658 3050 dis.

2073 3093 2265 3156 putare
2295 3084 2489 3151 solent,
2529 3094 2589 3140 ut
2629 3085 2684 3138 in
2731 3083 2950 3150 Genesi,
2979 3085 3114 3140 etin
3150 3085 3475 3142 Ecclesiaste
3511 3105 3525 3141 :
3563 3098 3658 3144 aut

395 3175 634 3243 Quorum
673 3177 824 3232 varia
849 3186 1062 3234 constat
1101 3179 1286 3250 opinio
1331 3179 1460 3249 quid
1485 3179 1628 3236 Deus
1668 3189 1812 3236 esset
1843 3180 1968 3235 dum
1999 3159 2046 3220 (ἶ
2077 3177 2142 3230 de
2170 3177 2412 3232 moribus
2437 3184 2498 3232 ut
2527 3176 2580 3230 in
2618 3177 2928 3232 Proverbiis
2953 3185 3008 3232 et
3052 3177 3104 3232 in
3135 3177 3385 3232 munibus
3419 3179 3658 3248 sparsim

394 3275 719 3338 quaererent.
752 3266 980 3334 Quidam
1019 3284 1282 3339 corporeo
1327 3285 1489 3325 sensu
1542 3271 1688 3327 hunc
1713 3273 1972 3326 mundum

393 3356 660 3410 visibilem
682 3373 745 3411 ex
777 3367 1010 3428 quatuor
1035 3359 1318 3415 elementis
1347 3361 1514 3416 Deum
1545 3377 1666 3417 esse
1695 3363 1969 3430 dixerunt,

393 3454 459 3500 ut
479 3446 768 3518 Dionysius
795 3449 998 3506 stoicus
1028 3467 1041 3504 :
1071 3450 1162 3506 alii
1186 3467 1316 3508 vero
1360 3453 1676 3524 spiritaliter
1697 3455 1976 3511 intellexe-

395 3545 524 3592 runt
538 3545 774 3594 mentem
797 3555 917 3596 esse
941 3540 1132 3609 Deum,
1162 3550 1222 3598 ut
1243 3542 1442 3599 Thales
1465 3543 1719 3600 Milesius.
1743 3544 1973 3613 Quidam

395 3636 580 3684 autem
621 3630 860 3690 animum
908 3631 963 3686 in
1006 3634 1258 3688 omnibus
1303 3646 1694 3691 commeantem
1743 3646 1799 3692 et
1832 3638 1939 3694 luci

395 3720 548 3784 dmn,
584 3727 644 3774 ut
693 3719 1028 3794 Pythagoras
1059 3739 1072 3778 :
1103 3723 1324 3794 quidam
1371 3725 1540 3780 Deum
1569 3726 1687 3782 sine
1733 3737 1974 3800 tempore

393 3812 915 3880 incommutabilem,
965 3824 1024 3870 ut
1058 3815 1214 3872 Plato
1247 3835 1261 3872 :
1295 3819 1516 3888 quidam
1567 3828 1802 3875 mentem
1831 3821 1973 3876 solu-

394 3913 526 3970 tam,
553 3915 614 3960 ut
649 3905 840 3962 Cicero
879 3925 892 3961 :
936 3909 1154 3978 quidam
1189 3918 1244 3965 et
1265 3911 1514 3982 spiritum
1551 3920 1606 3967 et
1633 3922 1889 3981 mentem,
1915 3923 1976 3969 ut

395 3995 564 4052 Maro.
590 3996 870 4052 Inventum
895 3999 1036 4054 enim
1053 3999 1390 4056 solummodo
1413 4001 1602 4068 Deum,
1621 4018 1725 4058 non
1750 4011 1810 4058 ut
1831 4005 1975 4059 inve-

395 4097 612 4154 nerunt,
651 4100 1016 4162 exposuerunt
1048 4111 1062 4146 :
1100 4092 1441 4148 Euanuerunt
1472 4095 1526 4148 in
1575 4094 1972 4166 cogitationibus

395 4183 506 4236 suis
533 4199 545 4235 :
571 4183 797 4237 dit-entes
818 4199 871 4237 se
893 4201 1002 4241 esse
1017 4189 1300 4257 sapientes,
1326 4184 1474 4238 stulti
1493 4183 1624 4254 facti
1655 4197 1775 4240 sunt
1794 4183 1968 4258 (Rom.

394 4273 457 4343 ι).
489 4271 751 4328 Platonici
775 4273 992 4343 quidem
1021 4273 1189 4329 Deum
1219 4284 1524 4331 curatorem
1555 4283 1610 4331 et
1630 4276 1892 4332 arbitrum
1919 4285 1975 4332 et

395 4363 633 4434 judieem
651 4375 930 4430 asserunt;
955 4365 1200 4435 Epicurei
1221 4367 1453 4423 otiosum
1468 4377 1522 4422 et
1540 4367 1970 4423 inexercitatum.

399 4453 653 4510 Mundum
699 4464 878 4510 autem
920 4455 1180 4512 Platonici
1227 4455 1494 4512 aﬂirmant
1541 4459 1968 4528 incorporalem:

396 4545 553 4600 stoici
610 4545 966 4614 corporalem.
1001 4546 1262 4616 Epicurus
1307 4563 1373 4603 ex
1399 4548 1614 4614 atomis,
1641 4549 1971 4620 Pythagoras

397 4651 462 4690 ex
494 4636 758 4697 numeris,
775 4634 1078 4694 Heraclitus
1105 4653 1172 4693 ex
1201 4639 1343 4708 igne.
1363 4639 1514 4695 Unde
1533 4649 1588 4694 et
1603 4640 1774 4696 Varro
1795 4641 1972 4714 ignem

395 4728 581 4782 mundi
611 4727 850 4782 animum
875 4728 1024 4792 dicit,
1065 4731 1292 4799 proinde
1316 4731 1459 4802 quod
1487 4732 1540 4786 in
1563 4734 1762 4788 mundo
1790 4735 1972 4790 omnia

395 4819 684 4891 gubernet,
720 4818 859 4873 sicut
888 4819 1102 4874 animus
1146 4821 1200 4876 in
1244 4823 1417 4888 nobis,
1461 4837 1623 4892 quam
1657 4824 1970 4890 vanissime,

395 4909 486 4979 qui
514 4924 638 4963 eum
675 4917 756 4962 est
785 4909 839 4962 in
871 4907 1048 4973 nobis,
1080 4909 1269 4978 inquit,
1307 4911 1405 4980 ipsi
1429 4926 1615 4967 smnus
1646 4929 1659 4964 :
1691 4927 1813 4966 cum
1837 4913 1967 4977 erit,

397 4999 710 5054 emorimur.
748 4997 888 5069 Ergo
912 5007 968 5053 et
990 4998 1130 5069 ignis
1165 5014 1286 5053 cum
1321 5001 1388 5056 de
1419 5003 1618 5056 mundo
1642 5016 1740 5070 per
1759 5000 1971 5073 fulgura

393 5091 774 5164 proﬁciscitur,
798 5090 1028 5146 mundus
1041 5091 1324 5146 emoritur.
1340 5090 1404 5145 Hi
1428 5093 1865 5162 phil050phorum
1885 5109 1972 5148 er-

395 5197 548 5238 rores
569 5181 732 5235 etiam
755 5181 896 5250 apud
911 5180 1208 5235 Ecclesiam
1233 5181 1557 5237 induxerunt
1577 5183 1827 5239 hasreses.
1842 5184 1971 5241 lude

393 5291 560 5330 cenes
607 5285 660 5330 ct
690 5273 876 5328 fortuna:
915 5276 1098 5328 nescio
1127 5287 1282 5342 qum:
1312 5274 1439 5330 inde
1467 5275 1606 5344 apud
1638 5275 1824 5330 Arium
1849 5276 1972 5330 Tri-

393 5368 537 5419 nitas
558 5364 826 5432 Numiuis,
851 5373 906 5420 et
929 5366 1072 5435 apud
1091 5364 1429 5420 Valentinum
1451 5365 1758 5422 Platonicus
1782 5365 1962 5421 furor:

393 5455 517 5509 inde
561 5455 848 5511 Marcionis
899 5454 1042 5510 Deus
1089 5455 1282 5510 melior
1324 5455 1392 5511 de
1430 5455 1864 5526 tranquillitate:
1897 5455 1966 5510 ab

393 5544 579 5600 stoicis
623 5547 766 5599 enim
798 5553 1036 5599 venerat.
1073 5545 1140 5599 Et
1165 5553 1225 5600 ut
1245 5547 1423 5600 anima
1463 5545 1684 5600 interire
1711 5545 1922 5600 dicatur
1947 5583 1963 5608 ,

393 5633 656 5702 Epicurus
687 5637 956 5699 observat,
999 5645 1056 5690 et
1079 5644 1140 5690 ut
1178 5635 1360 5692 carnis
1397 5635 1670 5691 restitutio
1715 5645 1960 5708 negetur,

389 5726 454 5782 (ie
489 5741 624 5780 vana
675 5728 915 5782 omnium
976 5727 1413 5798 philosophorum
1461 5729 1646 5784 schola
1689 5730 1957 5784 sumitur:

2001 4512 2052 4572 D

2073 3267 2266 3321 libris:
2305 3279 2397 3321 aut
2436 3267 2504 3322 de
2550 3267 2746 3338 logica,
2787 3283 2887 3338 pro
2932 3283 3038 3340 qua
3087 3269 3258 3324 nostri
3301 3267 3654 3342 Theologiam

2073 3358 2176 3414 sibi
2211 3361 2497 3415 vendicant
2518 3402 2532 3424 ,
2561 3361 2694 3415 utin
2722 3361 2946 3418 Cantica
2986 3364 3340 3432 canticorum,
3372 3371 3426 3421 et
3462 3376 3660 3422 sancto

2073 3453 2381 3523 Evangelio.
2421 3455 2743 3527 Thcologica
2787 3473 3005 3528 quoque
3038 3468 3143 3525 est,
3191 3476 3310 3532 qua:
3349 3463 3654 3534 inspectiva

2073 3544 2292 3610 dicitur,
2321 3561 2425 3616 qua
2477 3549 2810 3618 supergressi
2837 3544 3092 3614 visibilia,
3121 3554 3186 3608 de
3230 3554 3428 3611 divinis
3454 3564 3515 3610 et
3541 3572 3654 3610 cae-

2073 3634 2298 3691 lestibus
2339 3635 2540 3706 aliquid
2590 3646 2770 3693 mente
2810 3639 2986 3694 solum
3033 3644 3482 3714 contemplamur.
3516 3645 3655 3702 Nam

2075 3741 2287 3796 quoque
2316 3727 2368 3781 in
2405 3727 2504 3782 has
2529 3728 2660 3784 duas
2693 3738 2877 3799 partes
2909 3729 3250 3803 Philosophia
3289 3749 3416 3790 vera
3459 3736 3656 3792 dividi-

2075 3824 2182 3881 tur,
2213 3817 2265 3872 id
2289 3825 2392 3884 est,
2443 3817 2795 3889 inspectivam
2823 3831 2880 3876 et
2915 3823 3200 3879 actualem.
3248 3824 3492 3881 Actualis
3543 3839 3654 3892 est,

2075 3909 2266 3978 qumiu
2307 3911 2714 3979 operationibus
2739 3915 2864 3970 huic
2911 3916 3034 3971 vitm
3071 3917 3286 3972 mortali
3327 3922 3662 3978 necessariis

2073 3999 2340 4054 consistit.
2390 4001 2498 4056 Per
2522 4003 2662 4058 hanc
2709 4003 2903 4076 legitur
2947 4023 3062 4063 mos
3111 4009 3344 4074 vivendi,
3391 4012 3656 4070 honestus

2075 4090 2362 4160 appetitus,
2416 4100 2472 4146 et
2523 4092 2768 4148 instituta
2818 4097 2886 4150 ad
2912 4097 3140 4153 virtutes
3177 4101 3451 4158 tendentia
3495 4117 3656 4159 exer-

2074 4189 2266 4236 centur
2293 4195 2309 4236 :
2338 4197 2437 4251 per
2477 4183 2622 4239 illam
2668 4202 2799 4242 vero
2832 4185 2974 4244 Deus
3027 4202 3261 4256 amatur,
3318 4207 3413 4262 spe
3443 4203 3500 4250 et
3545 4195 3654 4250 ﬁde.

2075 4275 2290 4330 colitur.
2341 4275 2492 4331 Unde
2537 4292 2758 4333 necesse
2803 4288 2910 4346 est,
2968 4290 3027 4336 ut
3079 4283 3383 4354 quicunque
3429 4287 3659 4356 sapiens.

2075 4379 2197 4422 esse
2230 4367 2518 4432 desiderat,
2569 4377 2622 4424 et
2671 4372 2737 4424 ad
2779 4373 3110 4442 agnitionem
3153 4389 3297 4429 veru:
3347 4377 3652 4446 sapientiai,

2075 4470 2239 4530 atque
2261 4461 2328 4516 ad
2377 4465 2888 4536 contemplationem
2932 4468 3104 4538 ipsius
3159 4471 3405 4525 veritatis
3455 4487 3654 4541 perve—

2075 4552 2192 4606 nire
2219 4553 2466 4618 velucrit,
2515 4571 2698 4612 sacras
2726 4556 3036 4628 Scripturas
3063 4562 3357 4616 secundum
3406 4563 3652 4633 regulam

2071 4646 2348 4702 catholica:
2395 4647 2515 4703 ﬁdei
2552 4649 2754 4706 intente
2794 4651 2953 4723 legat,
3007 4661 3060 4707 et
3112 4653 3406 4708 secundum
3450 4669 3652 4709 earum

2072 4737 2317 4793 instituta
2340 4739 2390 4792 in
2412 4743 2585 4795 sacris
2606 4741 2894 4798 virtutibus
2905 4743 3042 4798 bene
3057 4744 3283 4799 vivendo
3297 4747 3652 4816 semetipsum

2071 4843 2328 4884 exercere
2376 4833 2610 4896 studeat.
2662 4837 3028 4906 mundumque
3066 4851 3161 4890 cor
3196 4835 3264 4890 ab
3306 4838 3454 4892 omni
3505 4837 3656 4892 male

2073 4920 2339 4976 desiderio
2368 4931 2422 4977 et
2457 4925 2640 4978 mundi
2675 4926 2966 4995 cupiditate
2996 4927 3200 4982 habere
3227 4936 3398 4983 certet
3423 4945 3437 4980 :
3459 4929 3656 4997 sicque

2077 5011 2146 5066 ad
2173 5012 2534 5068 desideratum
2580 5013 2800 5080 bonum,
2844 5015 2954 5072 Deo
2991 5017 3288 5086 opitulante
3314 5057 3328 5081 ,
3365 5020 3654 5088 pervenire

2075 5101 2300 5156 valebit:
2329 5103 2432 5158 hoc
2460 5105 2602 5159 enim
2635 5103 2916 5160 Psalmista
2952 5107 3106 5161 nobis
3131 5107 3388 5171 osten.2it,
3415 5107 3610 5163 dicens
3635 5127 3652 5163 :

2075 5191 2222 5247 Beati
2261 5195 2586 5248 immaculati
2626 5197 2678 5250 in
2711 5197 2793 5250 via
2837 5199 2928 5268 qui
2963 5197 3232 5251 ambulant
3280 5198 3332 5251 iu
3372 5197 3484 5269 lege
3529 5198 3650 5254 Dei.

2073 5283 2246 5348 Beati,
2269 5286 2356 5355 qui
2400 5297 2703 5340 scrutantur
2729 5289 3025 5341 testimonia
3056 5289 3190 5357 ejus,
3241 5290 3294 5341 in
3335 5299 3446 5343 toto
3493 5291 3658 5344 corde

2073 5376 2352 5445 exquirunt
2397 5392 2514 5429 eum
2566 5376 2736 5448 (Psal.
2767 5379 2976 5448 εει-ιιι).
3017 5378 3116 5434 llic
3165 5389 3223 5434 et
3274 5380 3390 5450 ipsa
3436 5377 3658 5436 Veritas

2071 5463 2149 5518 ait
2177 5481 2190 5518 :
2217 5463 2364 5518 Beati
2384 5464 2578 5519 mundo
2603 5464 2778 5530 corde,
2805 5467 3054 5536 quoniam
3075 5467 3176 5538 ipsi
3210 5467 3372 5520 Deum
3399 5468 3652 5522 ridebunt

2071 5553 2284 5624 (Matth.
2311 5553 2385 5623 ν).
2431 5553 2615 5622 itaque
2639 5555 2816 5622 primo
2861 5555 3139 5609 sciendum
3165 5565 3273 5620 est,
3319 5555 3463 5624 quod
3504 5571 3655 5624 qum-

2069 5641 2193 5696 datn
2218 5656 2306 5696 res
2345 5650 2452 5695 tam
2485 5641 2646 5696 clune
2677 5651 2734 5698 et
2757 5643 2966 5700 nobiles
3007 5653 3132 5700 sunt
3173 5654 3236 5700 ut
3280 5661 3387 5701 non
3425 5657 3654 5716 propter

2069 5731 2211 5785 aliud
2263 5729 2680 5786 emolumentum
2731 5734 3044 5802 expetenda:
3099 5735 3224 5800 sint,
3281 5733 3375 5790 sed
3425 5747 3654 5806 propter
