  <div class='ocr_page' id='page_1' title='image "/cluster/home/n/w/nwhite01/storage/ocr_20150623/111/hvd.32044054759766/215.png"; bbox 0 0 3974 6188; ppageno 0'>
   <div class='ocr_carea' id='block_1_1' title="bbox 377 346 484 403">
    <p class='ocr_par' dir='ltr' id='par_1_1' title="bbox 377 346 484 403">
     <span class='ocr_line' id='line_1_1' title="bbox 377 346 484 403; baseline -0.009 0"><span class='ocrx_word' id='word_1_1' title='bbox 377 346 484 403; x_wconf 62' lang='grc' dir='ltr'><strong>ιιι</strong></span> 
     </span>
    </p>
   </div>
   <div class='ocr_carea' id='block_1_2' title="bbox 1015 311 2985 392">
    <p class='ocr_par' dir='ltr' id='par_1_2' title="bbox 1015 311 2985 392">
     <span class='ocr_line' id='line_1_2' title="bbox 1015 311 2985 392; baseline -0.013 0"><span class='ocrx_word' id='word_1_2' title='bbox 1015 336 1079 392; x_wconf 83' lang='grc' dir='ltr'><strong>Β.</strong></span> <span class='ocrx_word' id='word_1_3' title='bbox 1118 331 1373 390; x_wconf 77' lang='lat' dir='ltr'><strong>RABANI</strong></span> <span class='ocrx_word' id='word_1_4' title='bbox 1411 326 1634 386; x_wconf 75' lang='lat' dir='ltr'><strong>MAUlll</strong></span> <span class='ocrx_word' id='word_1_5' title='bbox 1669 321 1990 380; x_wconf 81' lang='lat' dir='ltr'><strong>ARClllEP.</strong></span> <span class='ocrx_word' id='word_1_6' title='bbox 2031 315 2342 376; x_wconf 77' lang='lat' dir='ltr'><strong>MOGUNT.</strong></span> <span class='ocrx_word' id='word_1_7' title='bbox 2381 313 2669 374; x_wconf 73' lang='lat' dir='ltr'><strong>OPERUM</strong></span> <span class='ocrx_word' id='word_1_8' title='bbox 2704 312 2885 369; x_wconf 80' lang='lat' dir='ltr'><strong>PARS</strong></span> <span class='ocrx_word' id='word_1_9' title='bbox 2921 311 2985 368; x_wconf 92' lang='grc'><strong>11.</strong></span> 
     </span>
    </p>
   </div>
   <div class='ocr_carea' id='block_1_3' title="bbox 3534 303 3649 362">
    <p class='ocr_par' dir='ltr' id='par_1_3' title="bbox 3534 303 3649 362">
     <span class='ocr_line' id='line_1_3' title="bbox 3534 303 3649 362; baseline -0.017 0"><span class='ocrx_word' id='word_1_10' title='bbox 3534 303 3649 362; x_wconf 67' lang='grc' dir='ltr'><strong>4Ξῦ</strong></span> 
     </span>
    </p>
   </div>
   <div class='ocr_carea' id='block_1_4' title="bbox 376 419 3656 526">
    <p class='ocr_par' dir='ltr' id='par_1_4' title="bbox 376 419 3656 526">
     <span class='ocr_line' id='line_1_4' title="bbox 376 419 3656 526; baseline -0.013 -10"><span class='ocrx_word' id='word_1_11' title='bbox 376 475 498 516; x_wconf 85' lang='lat' dir='ltr'><strong>sum</strong></span> <span class='ocrx_word' id='word_1_12' title='bbox 527 455 800 526; x_wconf 72' lang='lat' dir='ltr'><strong>sapientes</strong></span> <span class='ocrx_word' id='word_1_13' title='bbox 820 451 1072 506; x_wconf 88' lang='lat' dir='ltr'><strong>dicuntur</strong></span> <span class='ocrx_word' id='word_1_14' title='bbox 1092 443 1417 518; x_wconf 87' lang='lat' dir='ltr'><strong>philosophi,</strong></span> <span class='ocrx_word' id='word_1_15' title='bbox 1444 439 1612 496; x_wconf 66' lang='grc' dir='ltr'>ιιιᾶωί</span> <span class='ocrx_word' id='word_1_16' title='bbox 1645 439 1759 493; x_wconf 83' lang='lat' dir='ltr'><strong>sive</strong></span> <span class='ocrx_word' id='word_1_17' title='bbox 1785 437 1958 490; x_wconf 81' lang='lat' dir='ltr'><strong>haere-</strong></span> <span class='ocrx_word' id='word_1_18' title='bbox 1986 437 2034 495; x_wconf 80' lang='grc' dir='ltr'><strong>Α</strong></span> <span class='ocrx_word' id='word_1_19' title='bbox 2063 447 2168 526; x_wconf 84' lang='lat' dir='ltr'><strong>non</strong></span> <span class='ocrx_word' id='word_1_20' title='bbox 2193 431 2248 485; x_wconf 89' lang='lat' dir='ltr'><strong>in</strong></span> <span class='ocrx_word' id='word_1_21' title='bbox 2268 431 2376 526; x_wconf 66' lang='lat' dir='ltr'><strong>hoc</strong></span> <span class='ocrx_word' id='word_1_22' title='bbox 2399 421 3110 526; x_wconf 58' lang='lat' dir='ltr'><strong>interloquentescrrptore)</strong></span> <span class='ocrx_word' id='word_1_23' title='bbox 3156 419 3452 526; x_wconf 66' lang='lat' dir='ltr'><strong>manifeste</strong></span> <span class='ocrx_word' id='word_1_24' title='bbox 3489 433 3656 490; x_wconf 78' lang='lat' dir='ltr'><strong>repe-</strong></span> 
     </span>
    </p>
   </div>
   <div class='ocr_carea' id='block_1_5' title="bbox 381 530 1963 617">
    <p class='ocr_par' dir='ltr' id='par_1_5' title="bbox 381 530 1963 617">
     <span class='ocr_line' id='line_1_5' title="bbox 381 530 1963 617; baseline -0.019 -9"><span class='ocrx_word' id='word_1_25' title='bbox 381 551 496 611; x_wconf 85' lang='lat' dir='ltr'><strong>tici.</strong></span> <span class='ocrx_word' id='word_1_26' title='bbox 523 550 589 604; x_wconf 90' lang='lat' dir='ltr'><strong>de</strong></span> <span class='ocrx_word' id='word_1_27' title='bbox 617 547 812 617; x_wconf 85' lang='lat' dir='ltr'><strong>quibus</strong></span> <span class='ocrx_word' id='word_1_28' title='bbox 860 540 1150 612; x_wconf 71' lang='lat' dir='ltr'><strong>Apostolus</strong></span> <span class='ocrx_word' id='word_1_29' title='bbox 1189 538 1266 592; x_wconf 91' lang='lat' dir='ltr'><strong>ait</strong></span> <span class='ocrx_word' id='word_1_30' title='bbox 1294 551 1310 590; x_wconf 89' lang='lat'><strong>:</strong></span> <span class='ocrx_word' id='word_1_31' title='bbox 1351 535 1589 588; x_wconf 67' lang='lat' dir='ltr'><strong>Dicente:</strong></span> <span class='ocrx_word' id='word_1_32' title='bbox 1607 530 1746 584; x_wconf 82' lang='lat' dir='ltr'><strong>enim</strong></span> <span class='ocrx_word' id='word_1_33' title='bbox 1775 543 1830 580; x_wconf 78' lang='lat' dir='ltr'><strong>se</strong></span> <span class='ocrx_word' id='word_1_34' title='bbox 1852 539 1963 579; x_wconf 79' lang='lat' dir='ltr'><strong>esse</strong></span> 
     </span>
    </p>
   </div>
   <div class='ocr_carea' id='block_1_6' title="bbox 381 621 1966 713">
    <p class='ocr_par' dir='ltr' id='par_1_6' title="bbox 381 621 1966 713">
     <span class='ocr_line' id='line_1_6' title="bbox 381 621 1966 713; baseline -0.018 -15"><span class='ocrx_word' id='word_1_35' title='bbox 381 643 662 713; x_wconf 72' lang='lat' dir='ltr'><strong>sapientes,</strong></span> <span class='ocrx_word' id='word_1_36' title='bbox 702 635 850 692; x_wconf 83' lang='lat' dir='ltr'><strong>stulti</strong></span> <span class='ocrx_word' id='word_1_37' title='bbox 897 633 1024 704; x_wconf 79' lang='lat' dir='ltr'><strong>{acti</strong></span> <span class='ocrx_word' id='word_1_38' title='bbox 1055 639 1174 685; x_wconf 75' lang='lat' dir='ltr'><strong>sunt</strong></span> <span class='ocrx_word' id='word_1_39' title='bbox 1205 627 1385 701; x_wconf 82' lang='lat' dir='ltr'><strong>(Rom.</strong></span> <span class='ocrx_word' id='word_1_40' title='bbox 1419 625 1482 696; x_wconf 89' lang='grc' dir='ltr'><strong>ι).</strong></span> <span class='ocrx_word' id='word_1_41' title='bbox 1518 621 1680 678; x_wconf 83' lang='lat' dir='ltr'><strong>Stulti</strong></span> <span class='ocrx_word' id='word_1_42' title='bbox 1713 633 1841 713; x_wconf 78' lang='lat' dir='ltr'><strong>ergo</strong></span> <span class='ocrx_word' id='word_1_43' title='bbox 1875 631 1966 713; x_wconf 79' lang='lat' dir='ltr'><strong>se-</strong></span> 
     </span>
    </p>
   </div>
   <div class='ocr_carea' id='block_1_7' title="bbox 383 709 1962 790">
    <p class='ocr_par' dir='ltr' id='par_1_7' title="bbox 383 709 1962 790">
     <span class='ocr_line' id='line_1_7' title="bbox 383 709 1962 790; baseline -0.018 0"><span class='ocrx_word' id='word_1_44' title='bbox 383 709 616 790; x_wconf 82' lang='lat' dir='ltr'><strong>cundum</strong></span> <span class='ocrx_word' id='word_1_45' title='bbox 651 727 906 784; x_wconf 70' lang='lat' dir='ltr'><strong>smculum</strong></span> <span class='ocrx_word' id='word_1_46' title='bbox 949 733 1076 779; x_wconf 88' lang='lat' dir='ltr'><strong>sunt</strong></span> <span class='ocrx_word' id='word_1_47' title='bbox 1100 720 1296 776; x_wconf 91' lang='lat' dir='ltr'><strong>sancti.</strong></span> <span class='ocrx_word' id='word_1_48' title='bbox 1327 717 1478 772; x_wconf 87' lang='lat' dir='ltr'><strong>Unde</strong></span> <span class='ocrx_word' id='word_1_49' title='bbox 1517 711 1806 784; x_wconf 77' lang='lat' dir='ltr'><strong>Apostolus</strong></span> <span class='ocrx_word' id='word_1_50' title='bbox 1842 709 1917 763; x_wconf 90' lang='lat' dir='ltr'><strong>ait</strong></span> <span class='ocrx_word' id='word_1_51' title='bbox 1948 725 1962 761; x_wconf 90' lang='lat'><strong>:</strong></span> 
     </span>
    </p>
   </div>
   <div class='ocr_carea' id='block_1_8' title="bbox 388 798 1966 883">
    <p class='ocr_par' dir='ltr' id='par_1_8' title="bbox 388 798 1966 883">
     <span class='ocr_line' id='line_1_8' title="bbox 388 798 1966 883; baseline -0.018 -4"><span class='ocrx_word' id='word_1_52' title='bbox 388 824 564 880; x_wconf 80' lang='lat' dir='ltr'><strong>Stulta</strong></span> <span class='ocrx_word' id='word_1_53' title='bbox 614 819 795 875; x_wconf 82' lang='lat' dir='ltr'><strong>mundi</strong></span> <span class='ocrx_word' id='word_1_54' title='bbox 841 827 889 871; x_wconf 82' lang='lat' dir='ltr'><strong>et</strong></span> <span class='ocrx_word' id='word_1_55' title='bbox 945 815 1159 883; x_wconf 78' lang='lat' dir='ltr'><strong>infirma</strong></span> <span class='ocrx_word' id='word_1_56' title='bbox 1207 810 1356 880; x_wconf 82' lang='lat' dir='ltr'><strong>elegit</strong></span> <span class='ocrx_word' id='word_1_57' title='bbox 1393 807 1570 869; x_wconf 85' lang='lat' dir='ltr'><strong>Deus,</strong></span> <span class='ocrx_word' id='word_1_58' title='bbox 1597 814 1652 858; x_wconf 88' lang='lat' dir='ltr'><strong>ut</strong></span> <span class='ocrx_word' id='word_1_59' title='bbox 1679 798 1966 870; x_wconf 74' lang='lat' dir='ltr'><strong>confundat</strong></span> 
     </span>
    </p>
   </div>
   <div class='ocr_carea' id='block_1_9' title="bbox 387 886 1968 985">
    <p class='ocr_par' dir='ltr' id='par_1_9' title="bbox 387 886 1968 985">
     <span class='ocr_line' id='line_1_9' title="bbox 387 886 1968 985; baseline -0.019 -16"><span class='ocrx_word' id='word_1_60' title='bbox 387 915 544 985; x_wconf 75' lang='lat' dir='ltr'><strong>fortia</strong></span> <span class='ocrx_word' id='word_1_61' title='bbox 597 911 649 984; x_wconf 85' lang='grc' dir='ltr'><strong>(Ι</strong></span> <span class='ocrx_word' id='word_1_62' title='bbox 703 909 826 962; x_wconf 90' lang='lat' dir='ltr'><strong>Cor.</strong></span> <span class='ocrx_word' id='word_1_63' title='bbox 869 911 954 978; x_wconf 88' lang='grc' dir='ltr'><strong>ι).</strong></span> <span class='ocrx_word' id='word_1_64' title='bbox 1008 903 1295 970; x_wconf 91' lang='lat' dir='ltr'><strong>Sapientes</strong></span> <span class='ocrx_word' id='word_1_65' title='bbox 1337 907 1518 950; x_wconf 90' lang='lat' dir='ltr'><strong>autem</strong></span> <span class='ocrx_word' id='word_1_66' title='bbox 1547 889 1730 985; x_wconf 82' lang='lat' dir='ltr'><strong>hujus</strong></span> <span class='ocrx_word' id='word_1_67' title='bbox 1783 886 1968 985; x_wconf 84' lang='lat' dir='ltr'><strong>mundi</strong></span> 
     </span>
    </p>
   </div>
   <div class='ocr_carea' id='block_1_10' title="bbox 389 979 1968 1068">
    <p class='ocr_par' dir='ltr' id='par_1_10' title="bbox 389 979 1968 1068">
     <span class='ocr_line' id='line_1_10' title="bbox 389 979 1968 1068; baseline -0.02 -9"><span class='ocrx_word' id='word_1_68' title='bbox 389 979 536 1060; x_wconf 79' lang='lat' dir='ltr'><strong>stulti</strong></span> <span class='ocrx_word' id='word_1_69' title='bbox 570 979 696 1056; x_wconf 83' lang='lat' dir='ltr'><strong>sunt</strong></span> <span class='ocrx_word' id='word_1_70' title='bbox 727 999 866 1068; x_wconf 86' lang='lat' dir='ltr'><strong>apud</strong></span> <span class='ocrx_word' id='word_1_71' title='bbox 903 997 1090 1050; x_wconf 87' lang='lat' dir='ltr'><strong>Deum.</strong></span> <span class='ocrx_word' id='word_1_72' title='bbox 1124 991 1277 1048; x_wconf 83' lang='lat' dir='ltr'><strong>Unde</strong></span> <span class='ocrx_word' id='word_1_73' title='bbox 1328 989 1380 1042; x_wconf 91' lang='lat' dir='ltr'><strong>in</strong></span> <span class='ocrx_word' id='word_1_74' title='bbox 1439 983 1654 1040; x_wconf 86' lang='lat' dir='ltr'><strong>Psalmo</strong></span> <span class='ocrx_word' id='word_1_75' title='bbox 1707 979 1968 1068; x_wconf 86' lang='lat' dir='ltr'><strong>scriptum</strong></span> 
     </span>
    </p>
   </div>
   <div class='ocr_carea' id='block_1_11' title="bbox 389 1064 1968 1156">
    <p class='ocr_par' dir='ltr' id='par_1_11' title="bbox 389 1064 1968 1156">
     <span class='ocr_line' id='line_1_11' title="bbox 389 1064 1968 1156; baseline -0.019 -8"><span class='ocrx_word' id='word_1_76' title='bbox 389 1104 473 1148; x_wconf 85' lang='lat' dir='ltr'><strong>est</strong></span> <span class='ocrx_word' id='word_1_77' title='bbox 502 1111 514 1146; x_wconf 88' lang='lat'><strong>:</strong></span> <span class='ocrx_word' id='word_1_78' title='bbox 550 1088 719 1146; x_wconf 80' lang='lat' dir='ltr'><strong>Simul</strong></span> <span class='ocrx_word' id='word_1_79' title='bbox 741 1064 988 1156; x_wconf 78' lang='lat' dir='ltr'><strong>insipiens</strong></span> <span class='ocrx_word' id='word_1_80' title='bbox 1007 1093 1053 1138; x_wconf 83' lang='lat' dir='ltr'><strong>et</strong></span> <span class='ocrx_word' id='word_1_81' title='bbox 1079 1081 1270 1136; x_wconf 82' lang='lat' dir='ltr'><strong>stultus</strong></span> <span class='ocrx_word' id='word_1_82' title='bbox 1295 1075 1532 1149; x_wconf 81' lang='lat' dir='ltr'><strong>peribunt</strong></span> <span class='ocrx_word' id='word_1_83' title='bbox 1559 1069 1733 1144; x_wconf 69' lang='lat' dir='ltr'><strong>(Paul.</strong></span> <span class='ocrx_word' id='word_1_84' title='bbox 1757 1064 1968 1137; x_wconf 70' lang='lat' dir='ltr'><strong>xtvtu).</strong></span> 
     </span>
    </p>
   </div>
   <div class='ocr_carea' id='block_1_12' title="bbox 1015 1211 1342 1269">
    <p class='ocr_par' dir='ltr' id='par_1_12' title="bbox 1015 1211 1342 1269">
     <span class='ocr_line' id='line_1_12' title="bbox 1015 1211 1342 1269; baseline -0.015 0"><span class='ocrx_word' id='word_1_85' title='bbox 1015 1212 1242 1269; x_wconf 69' lang='lat' dir='ltr'><strong>CAPUT</strong></span> <span class='ocrx_word' id='word_1_86' title='bbox 1282 1211 1342 1264; x_wconf 90' lang='grc'><strong>11.</strong></span> 
     </span>
    </p>
   </div>
   <div class='ocr_carea' id='block_1_13' title="bbox 1027 1323 1312 1378">
    <p class='ocr_par' dir='ltr' id='par_1_13' title="bbox 1027 1323 1312 1378">
     <span class='ocr_line' id='line_1_13' title="bbox 1027 1323 1312 1378; baseline -0.011 0"><span class='ocrx_word' id='word_1_87' title='bbox 1027 1325 1100 1378; x_wconf 88' lang='lat' dir='ltr'><strong>De</strong></span> <span class='ocrx_word' id='word_1_88' title='bbox 1129 1323 1312 1378; x_wconf 75' lang='lat' dir='ltr'><strong>noctis.</strong></span> 
     </span>
    </p>
   </div>
   <div class='ocr_carea' id='block_1_14' title="bbox 463 1343 1978 1478">
    <p class='ocr_par' dir='ltr' id='par_1_14' title="bbox 463 1343 1978 1478">
     <span class='ocr_line' id='line_1_14' title="bbox 1027 1343 1312 1378; baseline -0.011 0"><span class='ocrx_word' id='word_1_89' title='bbox 1027 1343 1100 1378; x_wconf 80' lang='grc' dir='ltr'><strong>υε</strong></span> <span class='ocrx_word' id='word_1_90' title='bbox 1163 1343 1312 1377; x_wconf 77' lang='grc' dir='ltr'>οειιιι.</span> 
     </span>
     <span class='ocr_line' id='line_1_15' title="bbox 463 1343 1978 1478; baseline -0.01 -6"><span class='ocrx_word' id='word_1_91' title='bbox 463 1420 644 1472; x_wconf 65' lang='lat' dir='ltr'><strong>Poetae</strong></span> <span class='ocrx_word' id='word_1_92' title='bbox 675 1419 816 1473; x_wconf 88' lang='lat' dir='ltr'><strong>unde</strong></span> <span class='ocrx_word' id='word_1_93' title='bbox 855 1419 963 1474; x_wconf 90' lang='lat' dir='ltr'><strong>sint</strong></span> <span class='ocrx_word' id='word_1_94' title='bbox 1007 1343 1159 1478; x_wconf 47' lang='lat' dir='ltr'><strong>dicti}:</strong></span> <span class='ocrx_word' id='word_1_95' title='bbox 1189 1414 1270 1469; x_wconf 90' lang='lat' dir='ltr'><strong>sic</strong></span> <span class='ocrx_word' id='word_1_96' title='bbox 1315 1411 1395 1466; x_wconf 91' lang='lat' dir='ltr'><strong>ait</strong></span> <span class='ocrx_word' id='word_1_97' title='bbox 1418 1407 1764 1478; x_wconf 86' lang='lat' dir='ltr'><strong>Tranquillus</strong></span> <span class='ocrx_word' id='word_1_98' title='bbox 1793 1423 1806 1459; x_wconf 91' lang='lat'>:</span> <span class='ocrx_word' id='word_1_99' title='bbox 1841 1403 1978 1460; x_wconf 85' lang='lat' dir='ltr'><strong>Cum</strong></span> 
     </span>
    </p>
   </div>
   <div class='ocr_carea' id='block_1_15' title="bbox 408 1502 1981 1587">
    <p class='ocr_par' dir='ltr' id='par_1_15' title="bbox 408 1502 1981 1587">
     <span class='ocr_line' id='line_1_16' title="bbox 408 1502 1981 1587; baseline -0.01 -19"><span class='ocrx_word' id='word_1_100' title='bbox 408 1515 644 1587; x_wconf 89' lang='lat' dir='ltr'><strong>primum</strong></span> <span class='ocrx_word' id='word_1_101' title='bbox 671 1513 917 1568; x_wconf 85' lang='lat' dir='ltr'><strong>homines</strong></span> <span class='ocrx_word' id='word_1_102' title='bbox 937 1511 1091 1578; x_wconf 84' lang='lat' dir='ltr'><strong>juxta</strong></span> <span class='ocrx_word' id='word_1_103' title='bbox 1121 1509 1333 1564; x_wconf 89' lang='lat' dir='ltr'><strong>initium</strong></span> <span class='ocrx_word' id='word_1_104' title='bbox 1357 1502 1794 1567; x_wconf 79' lang='lat' dir='ltr'><strong>Christianitatis,</strong></span> <span class='ocrx_word' id='word_1_105' title='bbox 1815 1508 1981 1554; x_wconf 77' lang='lat' dir='ltr'><strong>exuta</strong></span> 
     </span>
    </p>
   </div>
   <div class='ocr_carea' id='block_1_16' title="bbox 407 1596 1986 1672">
    <p class='ocr_par' dir='ltr' id='par_1_16' title="bbox 407 1596 1986 1672">
     <span class='ocr_line' id='line_1_17' title="bbox 407 1596 1986 1672; baseline -0.01 -10"><span class='ocrx_word' id='word_1_106' title='bbox 407 1605 648 1672; x_wconf 83' lang='lat' dir='ltr'><strong>feritate,</strong></span> <span class='ocrx_word' id='word_1_107' title='bbox 684 1605 956 1658; x_wconf 89' lang='lat' dir='ltr'><strong>rationem</strong></span> <span class='ocrx_word' id='word_1_108' title='bbox 997 1602 1120 1654; x_wconf 70' lang='lat' dir='ltr'><strong>vitm</strong></span> <span class='ocrx_word' id='word_1_109' title='bbox 1152 1601 1352 1654; x_wconf 90' lang='lat' dir='ltr'><strong>habere</strong></span> <span class='ocrx_word' id='word_1_110' title='bbox 1383 1596 1702 1666; x_wconf 73' lang='lat' dir='ltr'><strong>cmpissent,</strong></span> <span class='ocrx_word' id='word_1_111' title='bbox 1724 1608 1888 1662; x_wconf 82' lang='lat' dir='ltr'><strong>seque</strong></span> <span class='ocrx_word' id='word_1_112' title='bbox 1923 1605 1986 1646; x_wconf 87' lang='lat' dir='ltr'><strong>ac</strong></span> 
     </span>
    </p>
   </div>
   <div class='ocr_carea' id='block_1_17' title="bbox 411 1681 1982 1751">
    <p class='ocr_par' dir='ltr' id='par_1_17' title="bbox 411 1681 1982 1751">
     <span class='ocr_line' id='line_1_18' title="bbox 411 1681 1982 1751; baseline -0.009 -9"><span class='ocrx_word' id='word_1_113' title='bbox 411 1687 552 1744; x_wconf 85' lang='lat' dir='ltr'><strong>Deos</strong></span> <span class='ocrx_word' id='word_1_114' title='bbox 586 1703 714 1743; x_wconf 87' lang='lat' dir='ltr'><strong>suos</strong></span> <span class='ocrx_word' id='word_1_115' title='bbox 745 1703 906 1741; x_wconf 90' lang='lat' dir='ltr'><strong>nosse</strong></span> <span class='ocrx_word' id='word_1_116' title='bbox 936 1728 951 1751; x_wconf 91' lang='lat'><strong>,</strong></span> <span class='ocrx_word' id='word_1_117' title='bbox 997 1685 1202 1738; x_wconf 89' lang='lat' dir='ltr'><strong>cultum</strong></span> <span class='ocrx_word' id='word_1_118' title='bbox 1238 1681 1525 1735; x_wconf 65' lang='lat' dir='ltr'><strong>aedil&#39;uium</strong></span> <span class='ocrx_word' id='word_1_119' title='bbox 1567 1693 1632 1732; x_wconf 91' lang='lat' dir='ltr'><strong>ac</strong></span> <span class='ocrx_word' id='word_1_120' title='bbox 1672 1690 1982 1731; x_wconf 86' lang='lat' dir='ltr'><strong>sermonem</strong></span> 
     </span>
    </p>
   </div>
   <div class='ocr_carea' id='block_1_18' title="bbox 413 1767 2056 1871">
    <p class='ocr_par' dir='ltr' id='par_1_18' title="bbox 413 1767 2056 1871">
     <span class='ocr_line' id='line_1_19' title="bbox 413 1767 2056 1871; baseline -0.012 -35"><span class='ocrx_word' id='word_1_121' title='bbox 413 1778 704 1836; x_wconf 85' lang='lat' dir='ltr'><strong>commenti</strong></span> <span class='ocrx_word' id='word_1_122' title='bbox 730 1777 835 1833; x_wconf 83' lang='lat' dir='ltr'><strong>sibi</strong></span> <span class='ocrx_word' id='word_1_123' title='bbox 859 1776 1142 1843; x_wconf 86' lang='lat' dir='ltr'><strong>utriusque</strong></span> <span class='ocrx_word' id='word_1_124' title='bbox 1167 1772 1561 1827; x_wconf 88' lang='lat' dir='ltr'><strong>necessarium.</strong></span> <span class='ocrx_word' id='word_1_125' title='bbox 1579 1771 1644 1823; x_wconf 85' lang='lat' dir='ltr'><strong>ad</strong></span> <span class='ocrx_word' id='word_1_126' title='bbox 1669 1767 1984 1837; x_wconf 75' lang='lat' dir='ltr'><strong>religionem</strong></span> <span class='ocrx_word' id='word_1_127' title='bbox 2011 1813 2056 1871; x_wconf 75' lang='grc' dir='ltr'><strong>Β</strong></span> 
     </span>
    </p>
   </div>
   <div class='ocr_carea' id='block_1_19' title="bbox 413 1859 1987 1938">
    <p class='ocr_par' dir='ltr' id='par_1_19' title="bbox 413 1859 1987 1938">
     <span class='ocr_line' id='line_1_20' title="bbox 413 1859 1987 1938; baseline -0.009 -13"><span class='ocrx_word' id='word_1_128' title='bbox 413 1879 468 1925; x_wconf 88' lang='lat' dir='ltr'><strong>et</strong></span> <span class='ocrx_word' id='word_1_129' title='bbox 485 1867 940 1938; x_wconf 84' lang='lat' dir='ltr'><strong>magnificentiam</strong></span> <span class='ocrx_word' id='word_1_130' title='bbox 969 1867 1200 1921; x_wconf 87' lang='lat' dir='ltr'><strong>Deorum</strong></span> <span class='ocrx_word' id='word_1_131' title='bbox 1227 1863 1698 1932; x_wconf 74' lang='lat' dir='ltr'><strong>excogitaverunt.</strong></span> <span class='ocrx_word' id='word_1_132' title='bbox 1729 1859 1899 1926; x_wconf 85' lang='lat' dir='ltr'><strong>lgitur</strong></span> <span class='ocrx_word' id='word_1_133' title='bbox 1926 1866 1987 1912; x_wconf 91' lang='lat' dir='ltr'><strong>ut</strong></span> 
     </span>
    </p>
   </div>
   <div class='ocr_carea' id='block_1_20' title="bbox 399 1957 1984 2036">
    <p class='ocr_par' dir='ltr' id='par_1_20' title="bbox 399 1957 1984 2036">
     <span class='ocr_line' id='line_1_21' title="bbox 399 1957 1984 2036; baseline -0.009 -12"><span class='ocrx_word' id='word_1_134' title='bbox 399 1966 596 2036; x_wconf 88' lang='lat' dir='ltr'><strong>templa</strong></span> <span class='ocrx_word' id='word_1_135' title='bbox 627 1965 735 2020; x_wconf 89' lang='lat' dir='ltr'><strong>illis</strong></span> <span class='ocrx_word' id='word_1_136' title='bbox 759 2005 774 2028; x_wconf 92' lang='lat'><strong>,</strong></span> <span class='ocrx_word' id='word_1_137' title='bbox 813 1963 1062 2018; x_wconf 70' lang='lat' dir='ltr'><strong>domibus</strong></span> <span class='ocrx_word' id='word_1_138' title='bbox 1089 1961 1422 2031; x_wconf 83' lang='lat' dir='ltr'><strong>pulchriora,</strong></span> <span class='ocrx_word' id='word_1_139' title='bbox 1446 1968 1502 2014; x_wconf 91' lang='lat' dir='ltr'><strong>et</strong></span> <span class='ocrx_word' id='word_1_140' title='bbox 1530 1957 1820 2014; x_wconf 82' lang='lat' dir='ltr'><strong>simulacra</strong></span> <span class='ocrx_word' id='word_1_141' title='bbox 1860 1971 1984 2012; x_wconf 91' lang='lat' dir='ltr'><strong>cor-</strong></span> 
     </span>
    </p>
   </div>
   <div class='ocr_carea' id='block_1_21' title="bbox 399 2047 1984 2130">
    <p class='ocr_par' dir='ltr' id='par_1_21' title="bbox 399 2047 1984 2130">
     <span class='ocr_line' id='line_1_22' title="bbox 399 2047 1984 2130; baseline -0.008 -17"><span class='ocrx_word' id='word_1_142' title='bbox 399 2058 622 2130; x_wconf 88' lang='lat' dir='ltr'><strong>poribus</strong></span> <span class='ocrx_word' id='word_1_143' title='bbox 645 2055 902 2124; x_wconf 88' lang='lat' dir='ltr'><strong>ampliora</strong></span> <span class='ocrx_word' id='word_1_144' title='bbox 940 2052 1212 2107; x_wconf 80' lang='lat' dir='ltr'><strong>faciebant</strong></span> <span class='ocrx_word' id='word_1_145' title='bbox 1249 2069 1262 2104; x_wconf 89' lang='lat'><strong>:</strong></span> <span class='ocrx_word' id='word_1_146' title='bbox 1295 2051 1368 2106; x_wconf 88' lang='lat' dir='ltr'><strong>ita</strong></span> <span class='ocrx_word' id='word_1_147' title='bbox 1397 2050 1611 2121; x_wconf 88' lang='lat' dir='ltr'><strong>eloquio</strong></span> <span class='ocrx_word' id='word_1_148' title='bbox 1635 2049 1800 2104; x_wconf 89' lang='lat' dir='ltr'><strong>etiam</strong></span> <span class='ocrx_word' id='word_1_149' title='bbox 1827 2047 1984 2118; x_wconf 88' lang='lat' dir='ltr'><strong>quasi</strong></span> 
     </span>
    </p>
   </div>
   <div class='ocr_carea' id='block_1_22' title="bbox 401 2143 1982 2223">
    <p class='ocr_par' dir='ltr' id='par_1_22' title="bbox 401 2143 1982 2223">
     <span class='ocr_line' id='line_1_23' title="bbox 401 2143 1982 2223; baseline -0.004 -18"><span class='ocrx_word' id='word_1_150' title='bbox 401 2149 696 2223; x_wconf 70' lang='lat' dir='ltr'><strong>augustiori</strong></span> <span class='ocrx_word' id='word_1_151' title='bbox 753 2147 1097 2202; x_wconf 89' lang='lat' dir='ltr'><strong>honorandos</strong></span> <span class='ocrx_word' id='word_1_152' title='bbox 1123 2154 1382 2217; x_wconf 87' lang='lat' dir='ltr'><strong>putavere</strong></span> <span class='ocrx_word' id='word_1_153' title='bbox 1414 2163 1427 2198; x_wconf 91' lang='lat'>:</span> <span class='ocrx_word' id='word_1_154' title='bbox 1458 2143 1752 2214; x_wconf 85' lang='lat' dir='ltr'><strong>laudesque</strong></span> <span class='ocrx_word' id='word_1_155' title='bbox 1795 2159 1982 2198; x_wconf 91' lang='lat' dir='ltr'><strong>eorum</strong></span> 
     </span>
    </p>
   </div>
   <div class='ocr_carea' id='block_1_23' title="bbox 402 2235 1985 2308">
    <p class='ocr_par' dir='ltr' id='par_1_23' title="bbox 402 2235 1985 2308">
     <span class='ocr_line' id='line_1_24' title="bbox 402 2235 1985 2308; baseline -0.004 -11"><span class='ocrx_word' id='word_1_156' title='bbox 402 2251 459 2297; x_wconf 90' lang='lat' dir='ltr'><strong>et</strong></span> <span class='ocrx_word' id='word_1_157' title='bbox 503 2241 686 2295; x_wconf 87' lang='lat' dir='ltr'><strong>verbis</strong></span> <span class='ocrx_word' id='word_1_158' title='bbox 738 2237 1121 2294; x_wconf 82' lang='lat' dir='ltr'><strong>illustrioribus</strong></span> <span class='ocrx_word' id='word_1_159' title='bbox 1175 2245 1232 2292; x_wconf 89' lang='lat' dir='ltr'><strong>et</strong></span> <span class='ocrx_word' id='word_1_160' title='bbox 1283 2237 1693 2308; x_wconf 90' lang='lat' dir='ltr'><strong>jucundioribus</strong></span> <span class='ocrx_word' id='word_1_161' title='bbox 1743 2235 1985 2290; x_wconf 87' lang='lat' dir='ltr'><strong>numeris</strong></span> 
     </span>
    </p>
   </div>
   <div class='ocr_carea' id='block_1_24' title="bbox 401 2327 1980 2398">
    <p class='ocr_par' dir='ltr' id='par_1_24' title="bbox 401 2327 1980 2398">
     <span class='ocr_line' id='line_1_25' title="bbox 401 2327 1980 2398; baseline -0.005 -11"><span class='ocrx_word' id='word_1_162' title='bbox 401 2331 728 2388; x_wconf 77' lang='lat' dir='ltr'><strong>extulerunt.</strong></span> <span class='ocrx_word' id='word_1_163' title='bbox 779 2330 836 2384; x_wconf 91' lang='lat' dir='ltr'><strong>ld</strong></span> <span class='ocrx_word' id='word_1_164' title='bbox 889 2339 1070 2384; x_wconf 89' lang='lat' dir='ltr'><strong>autem</strong></span> <span class='ocrx_word' id='word_1_165' title='bbox 1099 2328 1227 2398; x_wconf 90' lang='lat' dir='ltr'><strong>quia</strong></span> <span class='ocrx_word' id='word_1_166' title='bbox 1258 2327 1430 2382; x_wconf 90' lang='lat' dir='ltr'><strong>forma</strong></span> <span class='ocrx_word' id='word_1_167' title='bbox 1454 2328 1686 2396; x_wconf 89' lang='lat' dir='ltr'><strong>quadam</strong></span> <span class='ocrx_word' id='word_1_168' title='bbox 1712 2327 1942 2382; x_wconf 76' lang='lat' dir='ltr'><strong>edicitur</strong></span> <span class='ocrx_word' id='word_1_169' title='bbox 1965 2368 1980 2394; x_wconf 93' lang='lat'><strong>,</strong></span> 
     </span>
    </p>
   </div>
   <div class='ocr_carea' id='block_1_25' title="bbox 404 2417 1985 2493">
    <p class='ocr_par' dir='ltr' id='par_1_25' title="bbox 404 2417 1985 2493">
     <span class='ocr_line' id='line_1_26' title="bbox 404 2417 1985 2493; baseline -0.002 -17"><span class='ocrx_word' id='word_1_170' title='bbox 404 2437 523 2493; x_wconf 66' lang='lat' dir='ltr'><strong>qua:</strong></span> <span class='ocrx_word' id='word_1_171' title='bbox 550 2422 732 2492; x_wconf 88' lang='lat' dir='ltr'><strong>poesis</strong></span> <span class='ocrx_word' id='word_1_172' title='bbox 759 2421 977 2486; x_wconf 89' lang='lat' dir='ltr'><strong>dicitur,</strong></span> <span class='ocrx_word' id='word_1_173' title='bbox 1018 2435 1210 2490; x_wconf 83' lang='lat' dir='ltr'><strong>poema</strong></span> <span class='ocrx_word' id='word_1_174' title='bbox 1257 2419 1555 2474; x_wconf 89' lang='lat' dir='ltr'><strong>vocitatum</strong></span> <span class='ocrx_word' id='word_1_175' title='bbox 1595 2426 1707 2485; x_wconf 90' lang='lat' dir='ltr'><strong>est,</strong></span> <span class='ocrx_word' id='word_1_176' title='bbox 1763 2417 1985 2488; x_wconf 87' lang='lat' dir='ltr'><strong>ejusque</strong></span> 
     </span>
    </p>
   </div>
   <div class='ocr_carea' id='block_1_26' title="bbox 405 2511 1986 2582">
    <p class='ocr_par' dir='ltr' id='par_1_26' title="bbox 405 2511 1986 2582">
     <span class='ocr_line' id='line_1_27' title="bbox 405 2511 1986 2582; baseline -0.001 -14"><span class='ocrx_word' id='word_1_177' title='bbox 405 2512 644 2568; x_wconf 77' lang='lat' dir='ltr'><strong>factores</strong></span> <span class='ocrx_word' id='word_1_178' title='bbox 677 2520 868 2582; x_wconf 62' lang='lat' dir='ltr'><strong>poetae.</strong></span> <span class='ocrx_word' id='word_1_179' title='bbox 894 2511 1058 2566; x_wconf 90' lang='lat' dir='ltr'><strong>Vates</strong></span> <span class='ocrx_word' id='word_1_180' title='bbox 1086 2527 1116 2564; x_wconf 91' lang='lat' dir='ltr'><strong>a</strong></span> <span class='ocrx_word' id='word_1_181' title='bbox 1150 2511 1202 2565; x_wconf 94' lang='lat' dir='ltr'><strong>vi</strong></span> <span class='ocrx_word' id='word_1_182' title='bbox 1231 2511 1426 2566; x_wconf 90' lang='lat' dir='ltr'><strong>mentis</strong></span> <span class='ocrx_word' id='word_1_183' title='bbox 1451 2511 1750 2582; x_wconf 87' lang='lat' dir='ltr'><strong>appellatos</strong></span> <span class='ocrx_word' id='word_1_184' title='bbox 1770 2553 1784 2578; x_wconf 91' lang='lat'><strong>,</strong></span> <span class='ocrx_word' id='word_1_185' title='bbox 1814 2511 1986 2567; x_wconf 89' lang='lat' dir='ltr'><strong>Varro</strong></span> 
     </span>
    </p>
   </div>
   <div class='ocr_carea' id='block_1_27' title="bbox 405 2602 1988 2668">
    <p class='ocr_par' dir='ltr' id='par_1_27' title="bbox 405 2602 1988 2668">
     <span class='ocr_line' id='line_1_28' title="bbox 405 2602 1988 2668; baseline -0.001 -8"><span class='ocrx_word' id='word_1_186' title='bbox 405 2613 597 2660; x_wconf 87' lang='lat' dir='ltr'><strong>auctor</strong></span> <span class='ocrx_word' id='word_1_187' title='bbox 629 2611 715 2658; x_wconf 90' lang='lat' dir='ltr'><strong>est</strong></span> <span class='ocrx_word' id='word_1_188' title='bbox 745 2621 758 2656; x_wconf 90' lang='lat'><strong>:</strong></span> <span class='ocrx_word' id='word_1_189' title='bbox 786 2602 868 2658; x_wconf 85' lang='lat' dir='ltr'><strong>vel</strong></span> <span class='ocrx_word' id='word_1_190' title='bbox 896 2617 926 2656; x_wconf 87' lang='lat' dir='ltr'><strong>a</strong></span> <span class='ocrx_word' id='word_1_191' title='bbox 963 2603 1172 2658; x_wconf 86' lang='lat' dir='ltr'><strong>viendis</strong></span> <span class='ocrx_word' id='word_1_192' title='bbox 1198 2603 1549 2668; x_wconf 86' lang='lat' dir='ltr'><strong>carminibus,</strong></span> <span class='ocrx_word' id='word_1_193' title='bbox 1567 2604 1619 2658; x_wconf 92' lang='lat' dir='ltr'><strong>id</strong></span> <span class='ocrx_word' id='word_1_194' title='bbox 1652 2613 1755 2668; x_wconf 89' lang='lat' dir='ltr'><strong>est,</strong></span> <span class='ocrx_word' id='word_1_195' title='bbox 1773 2603 1988 2660; x_wconf 83' lang='lat' dir='ltr'><strong>flecten-</strong></span> 
     </span>
    </p>
   </div>
   <div class='ocr_carea' id='block_1_28' title="bbox 403 2694 1988 2766">
    <p class='ocr_par' dir='ltr' id='par_1_28' title="bbox 403 2694 1988 2766">
     <span class='ocr_line' id='line_1_29' title="bbox 403 2694 1988 2766; baseline 0 -15"><span class='ocrx_word' id='word_1_196' title='bbox 403 2697 510 2762; x_wconf 89' lang='lat' dir='ltr'><strong>dis,</strong></span> <span class='ocrx_word' id='word_1_197' title='bbox 546 2696 650 2750; x_wconf 89' lang='lat' dir='ltr'><strong>hoc</strong></span> <span class='ocrx_word' id='word_1_198' title='bbox 679 2702 762 2750; x_wconf 91' lang='lat' dir='ltr'><strong>est</strong></span> <span class='ocrx_word' id='word_1_199' title='bbox 783 2735 798 2760; x_wconf 94' lang='lat'><strong>,</strong></span> <span class='ocrx_word' id='word_1_200' title='bbox 845 2694 1224 2750; x_wconf 87' lang='lat' dir='ltr'><strong>modulandis:</strong></span> <span class='ocrx_word' id='word_1_201' title='bbox 1257 2703 1310 2750; x_wconf 90' lang='lat' dir='ltr'><strong>et</strong></span> <span class='ocrx_word' id='word_1_202' title='bbox 1343 2695 1570 2766; x_wconf 88' lang='lat' dir='ltr'><strong>proinde</strong></span> <span class='ocrx_word' id='word_1_203' title='bbox 1595 2703 1787 2766; x_wconf 69' lang='lat' dir='ltr'><strong>poetae,</strong></span> <span class='ocrx_word' id='word_1_204' title='bbox 1822 2695 1988 2752; x_wconf 88' lang='lat' dir='ltr'><strong>latine</strong></span> 
     </span>
    </p>
   </div>
   <div class='ocr_carea' id='block_1_29' title="bbox 401 2785 1988 2858">
    <p class='ocr_par' dir='ltr' id='par_1_29' title="bbox 401 2785 1988 2858">
     <span class='ocr_line' id='line_1_30' title="bbox 401 2785 1988 2858; baseline -0.001 -18"><span class='ocrx_word' id='word_1_205' title='bbox 401 2793 552 2841; x_wconf 88' lang='lat' dir='ltr'><strong>vates</strong></span> <span class='ocrx_word' id='word_1_206' title='bbox 573 2785 724 2851; x_wconf 91' lang='lat' dir='ltr'><strong>olim,</strong></span> <span class='ocrx_word' id='word_1_207' title='bbox 741 2793 792 2840; x_wconf 90' lang='lat' dir='ltr'><strong>et</strong></span> <span class='ocrx_word' id='word_1_208' title='bbox 816 2785 1016 2855; x_wconf 82' lang='lat' dir='ltr'><strong>scripta</strong></span> <span class='ocrx_word' id='word_1_209' title='bbox 1037 2800 1226 2840; x_wconf 90' lang='lat' dir='ltr'><strong>eorum</strong></span> <span class='ocrx_word' id='word_1_210' title='bbox 1248 2786 1500 2840; x_wconf 80' lang='lat' dir='ltr'><strong>vaticinia</strong></span> <span class='ocrx_word' id='word_1_211' title='bbox 1520 2786 1856 2840; x_wconf 84' lang='lat' dir='ltr'><strong>dicebantur.</strong></span> <span class='ocrx_word' id='word_1_212' title='bbox 1880 2785 1988 2858; x_wconf 83' lang='lat' dir='ltr'><strong>Ly-</strong></span> 
     </span>
    </p>
   </div>
   <div class='ocr_carea' id='block_1_30' title="bbox 401 2876 1981 2949">
    <p class='ocr_par' dir='ltr' id='par_1_30' title="bbox 401 2876 1981 2949">
     <span class='ocr_line' id='line_1_31' title="bbox 401 2876 1981 2949; baseline 0.001 -16"><span class='ocrx_word' id='word_1_213' title='bbox 401 2877 500 2933; x_wconf 85' lang='lat' dir='ltr'><strong>rici</strong></span> <span class='ocrx_word' id='word_1_214' title='bbox 512 2885 684 2949; x_wconf 65' lang='lat' dir='ltr'><strong>poetae</strong></span> <span class='ocrx_word' id='word_1_215' title='bbox 699 2893 800 2948; x_wconf 88' lang='lat' dir='ltr'><strong>apo</strong></span> <span class='ocrx_word' id='word_1_216' title='bbox 822 2887 910 2932; x_wconf 92' lang='lat' dir='ltr'><strong>tou</strong></span> <span class='ocrx_word' id='word_1_217' title='bbox 926 2876 1119 2949; x_wconf 80' lang='lat' dir='ltr'><strong>lyrein,</strong></span> <span class='ocrx_word' id='word_1_218' title='bbox 1139 2878 1190 2932; x_wconf 87' lang='lat' dir='ltr'><strong>id</strong></span> <span class='ocrx_word' id='word_1_219' title='bbox 1204 2887 1306 2944; x_wconf 88' lang='lat' dir='ltr'><strong>est,</strong></span> <span class='ocrx_word' id='word_1_220' title='bbox 1323 2893 1353 2931; x_wconf 91' lang='lat' dir='ltr'><strong>a</strong></span> <span class='ocrx_word' id='word_1_221' title='bbox 1373 2879 1636 2934; x_wconf 87' lang='lat' dir='ltr'><strong>varietate</strong></span> <span class='ocrx_word' id='word_1_222' title='bbox 1647 2879 1981 2934; x_wconf 88' lang='lat' dir='ltr'><strong>carminum:</strong></span> 
     </span>
    </p>
   </div>
   <div class='ocr_carea' id='block_1_31' title="bbox 403 2967 1987 3040">
    <p class='ocr_par' dir='ltr' id='par_1_31' title="bbox 403 2967 1987 3040">
     <span class='ocr_line' id='line_1_32' title="bbox 403 2967 1987 3040; baseline 0.001 -17"><span class='ocrx_word' id='word_1_223' title='bbox 403 2968 547 3024; x_wconf 89' lang='lat' dir='ltr'><strong>unde</strong></span> <span class='ocrx_word' id='word_1_224' title='bbox 579 2977 636 3024; x_wconf 92' lang='lat' dir='ltr'><strong>et</strong></span> <span class='ocrx_word' id='word_1_225' title='bbox 669 2967 783 3039; x_wconf 82' lang='lat' dir='ltr'><strong>lyra</strong></span> <span class='ocrx_word' id='word_1_226' title='bbox 815 2968 978 3023; x_wconf 90' lang='lat' dir='ltr'><strong>dicta.</strong></span> <span class='ocrx_word' id='word_1_227' title='bbox 1035 2967 1248 3040; x_wconf 75' lang='lat' dir='ltr'><strong>Tragici</strong></span> <span class='ocrx_word' id='word_1_228' title='bbox 1305 2967 1478 3034; x_wconf 88' lang='lat' dir='ltr'><strong>dicti,</strong></span> <span class='ocrx_word' id='word_1_229' title='bbox 1518 2969 1663 3039; x_wconf 90' lang='lat' dir='ltr'><strong>quod</strong></span> <span class='ocrx_word' id='word_1_230' title='bbox 1699 2969 1854 3024; x_wconf 91' lang='lat' dir='ltr'><strong>initio</strong></span> <span class='ocrx_word' id='word_1_231' title='bbox 1896 2985 1987 3024; x_wconf 89' lang='lat' dir='ltr'><strong>ca-</strong></span> 
     </span>
    </p>
   </div>
   <div class='ocr_carea' id='block_1_32' title="bbox 403 3057 1985 3130">
    <p class='ocr_par' dir='ltr' id='par_1_32' title="bbox 403 3057 1985 3130">
     <span class='ocr_line' id='line_1_33' title="bbox 403 3057 1985 3130; baseline -0.001 -16"><span class='ocrx_word' id='word_1_232' title='bbox 403 3058 656 3115; x_wconf 89' lang='lat' dir='ltr'><strong>nentibus</strong></span> <span class='ocrx_word' id='word_1_233' title='bbox 695 3059 974 3128; x_wconf 68' lang='lat' dir='ltr'><strong>praemium</strong></span> <span class='ocrx_word' id='word_1_234' title='bbox 1011 3068 1129 3112; x_wconf 90' lang='lat' dir='ltr'><strong>erat</strong></span> <span class='ocrx_word' id='word_1_235' title='bbox 1159 3057 1375 3122; x_wconf 90' lang='lat' dir='ltr'><strong>hircus,</strong></span> <span class='ocrx_word' id='word_1_236' title='bbox 1406 3074 1568 3129; x_wconf 87' lang='lat' dir='ltr'><strong>quem</strong></span> <span class='ocrx_word' id='word_1_237' title='bbox 1595 3058 1769 3115; x_wconf 69' lang='grc' dir='ltr'><strong>(ἓτωοί</strong></span> <span class='ocrx_word' id='word_1_238' title='bbox 1794 3068 1985 3130; x_wconf 83' lang='lat' dir='ltr'><strong>tragon</strong></span> 
     </span>
    </p>
   </div>
   <div class='ocr_carea' id='block_1_33' title="bbox 407 3147 1212 3204">
    <p class='ocr_par' dir='ltr' id='par_1_33' title="bbox 407 3147 1212 3204">
     <span class='ocr_line' id='line_1_34' title="bbox 407 3147 1212 3204; baseline -0.001 -1"><span class='ocrx_word' id='word_1_239' title='bbox 407 3157 624 3204; x_wconf 86' lang='lat' dir='ltr'><strong>vocant.</strong></span> <span class='ocrx_word' id='word_1_240' title='bbox 659 3147 814 3204; x_wconf 87' lang='lat' dir='ltr'><strong>Unde</strong></span> <span class='ocrx_word' id='word_1_241' title='bbox 839 3156 896 3203; x_wconf 90' lang='lat' dir='ltr'><strong>et</strong></span> <span class='ocrx_word' id='word_1_242' title='bbox 923 3148 1212 3203; x_wconf 78' lang='lat' dir='ltr'><strong>Horatius:</strong></span> 
     </span>
    </p>
   </div>
   <div class='ocr_carea' id='block_1_34' title="bbox 533 3261 1779 3323">
    <p class='ocr_par' dir='ltr' id='par_1_34' title="bbox 533 3261 1779 3323">
     <span class='ocr_line' id='line_1_35' title="bbox 533 3261 1779 3323; baseline 0.001 -12"><span class='ocrx_word' id='word_1_243' title='bbox 533 3261 760 3311; x_wconf 84' lang='lat' dir='ltr'><strong>Carmine</strong></span> <span class='ocrx_word' id='word_1_244' title='bbox 781 3263 863 3322; x_wconf 87' lang='lat' dir='ltr'><strong>qui</strong></span> <span class='ocrx_word' id='word_1_245' title='bbox 886 3263 1074 3323; x_wconf 85' lang='lat' dir='ltr'><strong>tragico</strong></span> <span class='ocrx_word' id='word_1_246' title='bbox 1094 3262 1242 3310; x_wconf 89' lang='lat' dir='ltr'><strong>vilem</strong></span> <span class='ocrx_word' id='word_1_247' title='bbox 1267 3265 1469 3312; x_wconf 82' lang='lat' dir='ltr'><strong>certavit</strong></span> <span class='ocrx_word' id='word_1_248' title='bbox 1489 3261 1554 3312; x_wconf 86' lang='lat' dir='ltr'><strong>ob</strong></span> <span class='ocrx_word' id='word_1_249' title='bbox 1579 3263 1779 3312; x_wconf 82' lang='lat' dir='ltr'><strong>hircum.</strong></span> 
     </span>
    </p>
   </div>
   <div class='ocr_carea' id='block_1_35' title="bbox 402 3366 1990 3440">
    <p class='ocr_par' dir='ltr' id='par_1_35' title="bbox 402 3366 1990 3440">
     <span class='ocr_line' id='line_1_36' title="bbox 402 3366 1990 3440; baseline 0.001 -18"><span class='ocrx_word' id='word_1_250' title='bbox 402 3366 524 3423; x_wconf 81' lang='lat' dir='ltr'><strong>Jam</strong></span> <span class='ocrx_word' id='word_1_251' title='bbox 578 3369 774 3424; x_wconf 90' lang='lat' dir='ltr'><strong>dehinc</strong></span> <span class='ocrx_word' id='word_1_252' title='bbox 833 3377 1122 3438; x_wconf 89' lang='lat' dir='ltr'><strong>sequentes</strong></span> <span class='ocrx_word' id='word_1_253' title='bbox 1193 3369 1384 3440; x_wconf 81' lang='lat' dir='ltr'><strong>tragici</strong></span> <span class='ocrx_word' id='word_1_254' title='bbox 1447 3369 1676 3424; x_wconf 85' lang='lat' dir='ltr'><strong>multum</strong></span> <span class='ocrx_word' id='word_1_255' title='bbox 1727 3370 1990 3426; x_wconf 89' lang='lat' dir='ltr'><strong>honorem</strong></span> 
     </span>
    </p>
   </div>
   <div class='ocr_carea' id='block_1_36' title="bbox 402 3459 1987 3532">
    <p class='ocr_par' dir='ltr' id='par_1_36' title="bbox 402 3459 1987 3532">
     <span class='ocr_line' id='line_1_37' title="bbox 402 3459 1987 3532; baseline 0.001 -17"><span class='ocrx_word' id='word_1_256' title='bbox 402 3459 583 3530; x_wconf 84' lang='lat' dir='ltr'><strong>adepti</strong></span> <span class='ocrx_word' id='word_1_257' title='bbox 641 3469 788 3525; x_wconf 87' lang='lat' dir='ltr'><strong>sunt,</strong></span> <span class='ocrx_word' id='word_1_258' title='bbox 840 3459 1166 3515; x_wconf 81' lang='lat' dir='ltr'><strong>excellentes</strong></span> <span class='ocrx_word' id='word_1_259' title='bbox 1205 3460 1258 3514; x_wconf 91' lang='lat' dir='ltr'><strong>in</strong></span> <span class='ocrx_word' id='word_1_260' title='bbox 1295 3461 1628 3532; x_wconf 80' lang='lat' dir='ltr'><strong>argumentis</strong></span> <span class='ocrx_word' id='word_1_261' title='bbox 1681 3460 1987 3516; x_wconf 86' lang='lat' dir='ltr'><strong>fabularum</strong></span> 
     </span>
    </p>
   </div>
   <div class='ocr_carea' id='block_1_37' title="bbox 401 3550 1986 3624">
    <p class='ocr_par' dir='ltr' id='par_1_37' title="bbox 401 3550 1986 3624">
     <span class='ocr_line' id='line_1_38' title="bbox 401 3550 1986 3624; baseline 0.003 -18"><span class='ocrx_word' id='word_1_262' title='bbox 401 3552 469 3606; x_wconf 87' lang='lat' dir='ltr'><strong>ad</strong></span> <span class='ocrx_word' id='word_1_263' title='bbox 498 3551 746 3606; x_wconf 86' lang='lat' dir='ltr'><strong>veritatis</strong></span> <span class='ocrx_word' id='word_1_264' title='bbox 791 3552 1082 3622; x_wconf 84' lang='lat' dir='ltr'><strong>imaginem</strong></span> <span class='ocrx_word' id='word_1_265' title='bbox 1131 3550 1291 3607; x_wconf 88' lang='lat' dir='ltr'><strong>fictis.</strong></span> <span class='ocrx_word' id='word_1_266' title='bbox 1326 3552 1532 3608; x_wconf 90' lang='lat' dir='ltr'><strong>Comici</strong></span> <span class='ocrx_word' id='word_1_267' title='bbox 1571 3553 1844 3624; x_wconf 87' lang='lat' dir='ltr'><strong>appellati,</strong></span> <span class='ocrx_word' id='word_1_268' title='bbox 1871 3554 1986 3610; x_wconf 83' lang='lat' dir='ltr'><strong>sive</strong></span> 
     </span>
    </p>
   </div>
   <div class='ocr_carea' id='block_1_38' title="bbox 405 3642 1986 3715">
    <p class='ocr_par' dir='ltr' id='par_1_38' title="bbox 405 3642 1986 3715">
     <span class='ocr_line' id='line_1_39' title="bbox 405 3642 1986 3715; baseline 0.003 -17"><span class='ocrx_word' id='word_1_269' title='bbox 405 3659 436 3698; x_wconf 90' lang='lat' dir='ltr'><strong>a</strong></span> <span class='ocrx_word' id='word_1_270' title='bbox 461 3642 596 3706; x_wconf 92' lang='lat' dir='ltr'><strong>loco,</strong></span> <span class='ocrx_word' id='word_1_271' title='bbox 631 3644 755 3713; x_wconf 84' lang='lat' dir='ltr'><strong>quia</strong></span> <span class='ocrx_word' id='word_1_272' title='bbox 787 3644 991 3699; x_wconf 90' lang='lat' dir='ltr'><strong>circum</strong></span> <span class='ocrx_word' id='word_1_273' title='bbox 1027 3658 1194 3714; x_wconf 84' lang='lat' dir='ltr'><strong>pagos</strong></span> <span class='ocrx_word' id='word_1_274' title='bbox 1235 3643 1488 3714; x_wconf 79' lang='lat' dir='ltr'><strong>agebant,</strong></span> <span class='ocrx_word' id='word_1_275' title='bbox 1520 3659 1658 3715; x_wconf 89' lang='lat' dir='ltr'><strong>quos</strong></span> <span class='ocrx_word' id='word_1_276' title='bbox 1682 3645 1854 3700; x_wconf 65' lang='lat' dir='ltr'><strong>Graeci</strong></span> <span class='ocrx_word' id='word_1_277' title='bbox 1893 3663 1986 3702; x_wconf 88' lang='lat' dir='ltr'><strong>co-</strong></span> 
     </span>
    </p>
   </div>
   <div class='ocr_carea' id='block_1_39' title="bbox 405 3735 1987 3793">
    <p class='ocr_par' dir='ltr' id='par_1_39' title="bbox 405 3735 1987 3793">
     <span class='ocr_line' id='line_1_40' title="bbox 405 3735 1987 3793; baseline 0.001 -2"><span class='ocrx_word' id='word_1_278' title='bbox 405 3752 525 3792; x_wconf 92' lang='lat' dir='ltr'><strong>mas</strong></span> <span class='ocrx_word' id='word_1_279' title='bbox 558 3745 800 3792; x_wconf 90' lang='lat' dir='ltr'><strong>vocant:</strong></span> <span class='ocrx_word' id='word_1_280' title='bbox 847 3751 942 3791; x_wconf 90' lang='lat' dir='ltr'><strong>seu</strong></span> <span class='ocrx_word' id='word_1_281' title='bbox 993 3752 1022 3790; x_wconf 93' lang='lat' dir='ltr'><strong>a</strong></span> <span class='ocrx_word' id='word_1_282' title='bbox 1073 3735 1488 3792; x_wconf 87' lang='lat' dir='ltr'><strong>comessatione.</strong></span> <span class='ocrx_word' id='word_1_283' title='bbox 1538 3736 1796 3793; x_wconf 86' lang='lat' dir='ltr'><strong>Solebant</strong></span> <span class='ocrx_word' id='word_1_284' title='bbox 1841 3739 1987 3793; x_wconf 89' lang='lat' dir='ltr'><strong>enim</strong></span> 
     </span>
    </p>
   </div>
   <div class='ocr_carea' id='block_1_40' title="bbox 401 3826 1987 3897">
    <p class='ocr_par' dir='ltr' id='par_1_40' title="bbox 401 3826 1987 3897">
     <span class='ocr_line' id='line_1_41' title="bbox 401 3826 1987 3897; baseline 0.003 -17"><span class='ocrx_word' id='word_1_285' title='bbox 401 3835 523 3897; x_wconf 84' lang='lat' dir='ltr'><strong>post</strong></span> <span class='ocrx_word' id='word_1_286' title='bbox 548 3827 728 3882; x_wconf 87' lang='lat' dir='ltr'><strong>cibum</strong></span> <span class='ocrx_word' id='word_1_287' title='bbox 759 3826 1005 3882; x_wconf 87' lang='lat' dir='ltr'><strong>homines</strong></span> <span class='ocrx_word' id='word_1_288' title='bbox 1033 3827 1221 3882; x_wconf 89' lang='lat' dir='ltr'><strong>venire</strong></span> <span class='ocrx_word' id='word_1_289' title='bbox 1268 3827 1336 3881; x_wconf 89' lang='lat' dir='ltr'><strong>ad</strong></span> <span class='ocrx_word' id='word_1_290' title='bbox 1375 3843 1470 3884; x_wconf 89' lang='lat' dir='ltr'><strong>eos</strong></span> <span class='ocrx_word' id='word_1_291' title='bbox 1507 3828 1822 3884; x_wconf 88' lang='lat' dir='ltr'><strong>audiendos.</strong></span> <span class='ocrx_word' id='word_1_292' title='bbox 1879 3829 1987 3886; x_wconf 89' lang='lat' dir='ltr'><strong>Sed</strong></span> 
     </span>
    </p>
   </div>
   <div class='ocr_carea' id='block_1_41' title="bbox 403 3916 1996 3993">
    <p class='ocr_par' dir='ltr' id='par_1_41' title="bbox 403 3916 1996 3993">
     <span class='ocr_line' id='line_1_42' title="bbox 403 3916 1996 3993; baseline 0.004 -23"><span class='ocrx_word' id='word_1_293' title='bbox 403 3916 595 3972; x_wconf 88' lang='lat' dir='ltr'><strong>comici</strong></span> <span class='ocrx_word' id='word_1_294' title='bbox 624 3916 956 3986; x_wconf 91' lang='lat' dir='ltr'><strong>privatorum</strong></span> <span class='ocrx_word' id='word_1_295' title='bbox 990 3917 1264 3972; x_wconf 88' lang='lat' dir='ltr'><strong>hominum</strong></span> <span class='ocrx_word' id='word_1_296' title='bbox 1291 3919 1590 3989; x_wconf 59' lang='lat' dir='ltr'><strong>praedicant</strong></span> <span class='ocrx_word' id='word_1_297' title='bbox 1611 3929 1730 3974; x_wconf 87' lang='lat' dir='ltr'><strong>acta</strong></span> <span class='ocrx_word' id='word_1_298' title='bbox 1755 3939 1767 3974; x_wconf 91' lang='lat'>:</span> <span class='ocrx_word' id='word_1_299' title='bbox 1797 3923 1996 3993; x_wconf 78' lang='lat' dir='ltr'><strong>tragici</strong></span> 
     </span>
    </p>
   </div>
   <div class='ocr_carea' id='block_1_42' title="bbox 400 4009 1987 4084">
    <p class='ocr_par' dir='ltr' id='par_1_42' title="bbox 400 4009 1987 4084">
     <span class='ocr_line' id='line_1_43' title="bbox 400 4009 1987 4084; baseline 0.006 -22"><span class='ocrx_word' id='word_1_300' title='bbox 400 4022 532 4063; x_wconf 90' lang='lat' dir='ltr'><strong>vero</strong></span> <span class='ocrx_word' id='word_1_301' title='bbox 571 4009 904 4080; x_wconf 82' lang='lat' dir='ltr'><strong>respublicas</strong></span> <span class='ocrx_word' id='word_1_302' title='bbox 938 4019 993 4066; x_wconf 90' lang='lat' dir='ltr'><strong>et</strong></span> <span class='ocrx_word' id='word_1_303' title='bbox 1021 4025 1208 4084; x_wconf 88' lang='lat' dir='ltr'><strong>regum</strong></span> <span class='ocrx_word' id='word_1_304' title='bbox 1237 4012 1516 4070; x_wconf 87' lang='lat' dir='ltr'><strong>historias.</strong></span> <span class='ocrx_word' id='word_1_305' title='bbox 1551 4013 1780 4081; x_wconf 85' lang='lat' dir='ltr'><strong>Quidam</strong></span> <span class='ocrx_word' id='word_1_306' title='bbox 1806 4025 1987 4072; x_wconf 90' lang='lat' dir='ltr'><strong>autem</strong></span> 
     </span>
    </p>
   </div>
   <div class='ocr_carea' id='block_1_43' title="bbox 400 4100 1980 4174">
    <p class='ocr_par' dir='ltr' id='par_1_43' title="bbox 400 4100 1980 4174">
     <span class='ocr_line' id='line_1_44' title="bbox 400 4100 1980 4174; baseline 0.006 -22"><span class='ocrx_word' id='word_1_307' title='bbox 400 4109 574 4172; x_wconf 65' lang='lat' dir='ltr'><strong>poetae</strong></span> <span class='ocrx_word' id='word_1_308' title='bbox 610 4100 844 4174; x_wconf 80' lang='lat' dir='ltr'><strong>theologi</strong></span> <span class='ocrx_word' id='word_1_309' title='bbox 893 4102 1020 4157; x_wconf 87' lang='lat' dir='ltr'><strong>dicti</strong></span> <span class='ocrx_word' id='word_1_310' title='bbox 1065 4112 1190 4158; x_wconf 91' lang='lat' dir='ltr'><strong>sunt</strong></span> <span class='ocrx_word' id='word_1_311' title='bbox 1241 4121 1254 4157; x_wconf 92' lang='lat'>:</span> <span class='ocrx_word' id='word_1_312' title='bbox 1305 4105 1562 4174; x_wconf 91' lang='lat' dir='ltr'><strong>quoniam</strong></span> <span class='ocrx_word' id='word_1_313' title='bbox 1614 4107 1682 4162; x_wconf 92' lang='lat' dir='ltr'><strong>de</strong></span> <span class='ocrx_word' id='word_1_314' title='bbox 1729 4106 1835 4163; x_wconf 90' lang='lat' dir='ltr'><strong>diis</strong></span> <span class='ocrx_word' id='word_1_315' title='bbox 1867 4125 1980 4164; x_wconf 86' lang='lat' dir='ltr'><strong>car-</strong></span> 
     </span>
    </p>
   </div>
   <div class='ocr_carea' id='block_1_44' title="bbox 401 4191 1984 4267">
    <p class='ocr_par' dir='ltr' id='par_1_44' title="bbox 401 4191 1984 4267">
     <span class='ocr_line' id='line_1_45' title="bbox 401 4191 1984 4267; baseline 0.004 -19"><span class='ocrx_word' id='word_1_316' title='bbox 401 4193 548 4248; x_wconf 87' lang='lat' dir='ltr'><strong>mina</strong></span> <span class='ocrx_word' id='word_1_317' title='bbox 599 4192 890 4248; x_wconf 86' lang='lat' dir='ltr'><strong>faciebant.</strong></span> <span class='ocrx_word' id='word_1_318' title='bbox 940 4191 1188 4250; x_wconf 82' lang='lat' dir='ltr'><strong>Ollicium</strong></span> <span class='ocrx_word' id='word_1_319' title='bbox 1240 4204 1414 4265; x_wconf 66' lang='lat' dir='ltr'><strong>poetae</strong></span> <span class='ocrx_word' id='word_1_320' title='bbox 1453 4197 1508 4252; x_wconf 89' lang='lat' dir='ltr'><strong>in</strong></span> <span class='ocrx_word' id='word_1_321' title='bbox 1537 4211 1603 4252; x_wconf 89' lang='lat' dir='ltr'><strong>eo</strong></span> <span class='ocrx_word' id='word_1_322' title='bbox 1638 4206 1720 4254; x_wconf 89' lang='lat' dir='ltr'><strong>est</strong></span> <span class='ocrx_word' id='word_1_323' title='bbox 1747 4239 1762 4264; x_wconf 93' lang='lat'><strong>,</strong></span> <span class='ocrx_word' id='word_1_324' title='bbox 1791 4209 1851 4254; x_wconf 92' lang='lat' dir='ltr'><strong>ut</strong></span> <span class='ocrx_word' id='word_1_325' title='bbox 1879 4216 1944 4255; x_wconf 88' lang='lat' dir='ltr'><strong>ea</strong></span> <span class='ocrx_word' id='word_1_326' title='bbox 1968 4241 1984 4267; x_wconf 91' lang='lat'><strong>,</strong></span> 
     </span>
    </p>
   </div>
   <div class='ocr_carea' id='block_1_45' title="bbox 401 4285 1989 4362">
    <p class='ocr_par' dir='ltr' id='par_1_45' title="bbox 401 4285 1989 4362">
     <span class='ocr_line' id='line_1_46' title="bbox 401 4285 1989 4362; baseline 0.004 -23"><span class='ocrx_word' id='word_1_327' title='bbox 401 4299 523 4354; x_wconf 68' lang='lat' dir='ltr'><strong>qua:</strong></span> <span class='ocrx_word' id='word_1_328' title='bbox 547 4299 676 4339; x_wconf 88' lang='lat' dir='ltr'><strong>vere</strong></span> <span class='ocrx_word' id='word_1_329' title='bbox 703 4292 858 4354; x_wconf 87' lang='lat' dir='ltr'><strong>gesta</strong></span> <span class='ocrx_word' id='word_1_330' title='bbox 897 4295 1052 4352; x_wconf 89' lang='lat' dir='ltr'><strong>sunt,</strong></span> <span class='ocrx_word' id='word_1_331' title='bbox 1085 4285 1140 4340; x_wconf 90' lang='lat' dir='ltr'><strong>in</strong></span> <span class='ocrx_word' id='word_1_332' title='bbox 1171 4285 1306 4342; x_wconf 89' lang='lat' dir='ltr'><strong>alias</strong></span> <span class='ocrx_word' id='word_1_333' title='bbox 1333 4288 1542 4358; x_wconf 88' lang='lat' dir='ltr'><strong>species</strong></span> <span class='ocrx_word' id='word_1_334' title='bbox 1575 4285 1810 4360; x_wconf 85' lang='lat' dir='ltr'><strong>obliquis</strong></span> <span class='ocrx_word' id='word_1_335' title='bbox 1856 4291 1989 4362; x_wconf 86' lang='lat' dir='ltr'><strong>figu-</strong></span> 
     </span>
    </p>
   </div>
   <div class='ocr_carea' id='block_1_46' title="bbox 401 4375 1983 4448">
    <p class='ocr_par' dir='ltr' id='par_1_46' title="bbox 401 4375 1983 4448">
     <span class='ocr_line' id='line_1_47' title="bbox 401 4375 1983 4448; baseline 0.004 -16"><span class='ocrx_word' id='word_1_336' title='bbox 401 4377 706 4432; x_wconf 79' lang='lat' dir='ltr'><strong>rationibus</strong></span> <span class='ocrx_word' id='word_1_337' title='bbox 733 4392 856 4431; x_wconf 91' lang='lat' dir='ltr'><strong>cum</strong></span> <span class='ocrx_word' id='word_1_338' title='bbox 883 4375 1082 4432; x_wconf 89' lang='lat' dir='ltr'><strong>decore</strong></span> <span class='ocrx_word' id='word_1_339' title='bbox 1122 4377 1307 4448; x_wconf 89' lang='lat' dir='ltr'><strong>aliquo</strong></span> <span class='ocrx_word' id='word_1_340' title='bbox 1356 4395 1620 4436; x_wconf 85' lang='lat' dir='ltr'><strong>conversa</strong></span> <span class='ocrx_word' id='word_1_341' title='bbox 1651 4383 1983 4439; x_wconf 89' lang='lat' dir='ltr'><strong>transducat.</strong></span> 
     </span>
    </p>
   </div>
   <div class='ocr_carea' id='block_1_47' title="bbox 403 4469 1988 4544">
    <p class='ocr_par' dir='ltr' id='par_1_47' title="bbox 403 4469 1988 4544">
     <span class='ocr_line' id='line_1_48' title="bbox 403 4469 1988 4544; baseline 0.004 -20"><span class='ocrx_word' id='word_1_342' title='bbox 403 4469 560 4526; x_wconf 86' lang='lat' dir='ltr'><strong>Unde</strong></span> <span class='ocrx_word' id='word_1_343' title='bbox 589 4477 644 4524; x_wconf 88' lang='lat' dir='ltr'><strong>et</strong></span> <span class='ocrx_word' id='word_1_344' title='bbox 669 4469 922 4523; x_wconf 86' lang='lat' dir='ltr'><strong>Lucanus</strong></span> <span class='ocrx_word' id='word_1_345' title='bbox 962 4469 1083 4524; x_wconf 88' lang='lat' dir='ltr'><strong>ideo</strong></span> <span class='ocrx_word' id='word_1_346' title='bbox 1111 4469 1166 4524; x_wconf 93' lang='lat' dir='ltr'><strong>in</strong></span> <span class='ocrx_word' id='word_1_347' title='bbox 1193 4485 1422 4527; x_wconf 89' lang='lat' dir='ltr'><strong>numero</strong></span> <span class='ocrx_word' id='word_1_348' title='bbox 1446 4481 1726 4542; x_wconf 86' lang='lat' dir='ltr'><strong>poetarum</strong></span> <span class='ocrx_word' id='word_1_349' title='bbox 1755 4489 1862 4530; x_wconf 89' lang='lat' dir='ltr'><strong>non</strong></span> <span class='ocrx_word' id='word_1_350' title='bbox 1886 4489 1988 4544; x_wconf 89' lang='lat' dir='ltr'><strong>po-</strong></span> 
     </span>
    </p>
   </div>
   <div class='ocr_carea' id='block_1_48' title="bbox 402 4560 1985 4633">
    <p class='ocr_par' dir='ltr' id='par_1_48' title="bbox 402 4560 1985 4633">
     <span class='ocr_line' id='line_1_49' title="bbox 402 4560 1985 4633; baseline 0.004 -19"><span class='ocrx_word' id='word_1_351' title='bbox 402 4561 549 4614; x_wconf 90' lang='lat' dir='ltr'><strong>nitur</strong></span> <span class='ocrx_word' id='word_1_352' title='bbox 588 4571 615 4613; x_wconf 87' lang='lat'><strong>&#39;:</strong></span> <span class='ocrx_word' id='word_1_353' title='bbox 665 4560 791 4630; x_wconf 88' lang='lat' dir='ltr'><strong>quia</strong></span> <span class='ocrx_word' id='word_1_354' title='bbox 845 4560 1102 4616; x_wconf 87' lang='lat' dir='ltr'><strong>historias</strong></span> <span class='ocrx_word' id='word_1_355' title='bbox 1145 4563 1516 4633; x_wconf 89' lang='lat' dir='ltr'><strong>composuisse</strong></span> <span class='ocrx_word' id='word_1_356' title='bbox 1561 4565 1813 4630; x_wconf 80' lang='lat' dir='ltr'><strong>videtur,</strong></span> <span class='ocrx_word' id='word_1_357' title='bbox 1880 4581 1985 4621; x_wconf 90' lang='lat' dir='ltr'><strong>non</strong></span> 
     </span>
    </p>
   </div>
   <div class='ocr_carea' id='block_1_49' title="bbox 403 4649 1988 4723">
    <p class='ocr_par' dir='ltr' id='par_1_49' title="bbox 403 4649 1988 4723">
     <span class='ocr_line' id='line_1_50' title="bbox 403 4649 1988 4723; baseline 0.003 -17"><span class='ocrx_word' id='word_1_358' title='bbox 403 4666 612 4723; x_wconf 87' lang='lat' dir='ltr'><strong>poema.</strong></span> <span class='ocrx_word' id='word_1_359' title='bbox 637 4649 912 4706; x_wconf 86' lang='lat' dir='ltr'><strong>Poematis</strong></span> <span class='ocrx_word' id='word_1_360' title='bbox 934 4666 1132 4721; x_wconf 88' lang='lat' dir='ltr'><strong>genera</strong></span> <span class='ocrx_word' id='word_1_361' title='bbox 1158 4660 1286 4707; x_wconf 89' lang='lat' dir='ltr'><strong>sunt</strong></span> <span class='ocrx_word' id='word_1_362' title='bbox 1313 4653 1438 4707; x_wconf 89' lang='lat' dir='ltr'><strong>tria.</strong></span> <span class='ocrx_word' id='word_1_363' title='bbox 1461 4653 1570 4708; x_wconf 77' lang='lat' dir='ltr'><strong>Aut</strong></span> <span class='ocrx_word' id='word_1_364' title='bbox 1597 4654 1740 4710; x_wconf 91' lang='lat' dir='ltr'><strong>enim</strong></span> <span class='ocrx_word' id='word_1_365' title='bbox 1771 4661 1988 4710; x_wconf 85' lang='lat' dir='ltr'><strong>actuum</strong></span> 
     </span>
    </p>
   </div>
   <div class='ocr_carea' id='block_1_50' title="bbox 401 4741 1992 4812">
    <p class='ocr_par' dir='ltr' id='par_1_50' title="bbox 401 4741 1992 4812">
     <span class='ocr_line' id='line_1_51' title="bbox 401 4741 1992 4812; baseline 0.003 -15"><span class='ocrx_word' id='word_1_366' title='bbox 401 4742 485 4798; x_wconf 86' lang='lat' dir='ltr'><strong>vel</strong></span> <span class='ocrx_word' id='word_1_367' title='bbox 527 4741 887 4798; x_wconf 87' lang='lat' dir='ltr'><strong>imitationum</strong></span> <span class='ocrx_word' id='word_1_368' title='bbox 912 4749 1016 4805; x_wconf 87' lang='lat' dir='ltr'><strong>est,</strong></span> <span class='ocrx_word' id='word_1_369' title='bbox 1051 4743 1195 4812; x_wconf 88' lang='lat' dir='ltr'><strong>quod</strong></span> <span class='ocrx_word' id='word_1_370' title='bbox 1221 4742 1397 4799; x_wconf 74' lang='lat' dir='ltr'><strong>Graeci</strong></span> <span class='ocrx_word' id='word_1_371' title='bbox 1425 4745 1764 4800; x_wconf 86' lang='lat' dir='ltr'><strong>dramaticon</strong></span> <span class='ocrx_word' id='word_1_372' title='bbox 1795 4757 1992 4802; x_wconf 88' lang='lat' dir='ltr'><strong>vocant</strong></span> 
     </span>
    </p>
   </div>
   <div class='ocr_carea' id='block_1_51' title="bbox 401 4831 1986 4906">
    <p class='ocr_par' dir='ltr' id='par_1_51' title="bbox 401 4831 1986 4906">
     <span class='ocr_line' id='line_1_52' title="bbox 401 4831 1986 4906; baseline 0.003 -18"><span class='ocrx_word' id='word_1_373' title='bbox 401 4834 486 4890; x_wconf 87' lang='lat' dir='ltr'><strong>vel</strong></span> <span class='ocrx_word' id='word_1_374' title='bbox 539 4833 792 4889; x_wconf 90' lang='lat' dir='ltr'><strong>micticon</strong></span> <span class='ocrx_word' id='word_1_375' title='bbox 833 4831 1180 4906; x_wconf 88' lang='lat' dir='ltr'><strong>[mimiticon]</strong></span> <span class='ocrx_word' id='word_1_376' title='bbox 1217 4833 1508 4904; x_wconf 89' lang='lat' dir='ltr'><strong>appellant.</strong></span> <span class='ocrx_word' id='word_1_377' title='bbox 1561 4835 1670 4890; x_wconf 83' lang='lat' dir='ltr'><strong>Aut</strong></span> <span class='ocrx_word' id='word_1_378' title='bbox 1714 4838 1986 4892; x_wconf 88' lang='lat' dir='ltr'><strong>enarrati-</strong></span> 
     </span>
    </p>
   </div>
   <div class='ocr_carea' id='block_1_52' title="bbox 399 4923 1982 4998">
    <p class='ocr_par' dir='ltr' id='par_1_52' title="bbox 399 4923 1982 4998">
     <span class='ocr_line' id='line_1_53' title="bbox 399 4923 1982 4998; baseline 0.002 -18"><span class='ocrx_word' id='word_1_379' title='bbox 399 4941 570 4992; x_wconf 89' lang='lat' dir='ltr'><strong>vum,</strong></span> <span class='ocrx_word' id='word_1_380' title='bbox 623 4924 766 4995; x_wconf 88' lang='lat' dir='ltr'><strong>quod</strong></span> <span class='ocrx_word' id='word_1_381' title='bbox 815 4923 976 4996; x_wconf 61' lang='lat' dir='ltr'><strong>graeci</strong></span> <span class='ocrx_word' id='word_1_382' title='bbox 1019 4925 1422 4994; x_wconf 77' lang='lat' dir='ltr'><strong>exegematicon</strong></span> <span class='ocrx_word' id='word_1_383' title='bbox 1481 4925 1566 4980; x_wconf 91' lang='lat' dir='ltr'><strong>vel</strong></span> <span class='ocrx_word' id='word_1_384' title='bbox 1621 4927 1982 4998; x_wconf 87' lang='lat' dir='ltr'><strong>panegyricon</strong></span> 
     </span>
    </p>
   </div>
   <div class='ocr_carea' id='block_1_53' title="bbox 401 5018 1982 5094">
    <p class='ocr_par' dir='ltr' id='par_1_53' title="bbox 401 5018 1982 5094">
     <span class='ocr_line' id='line_1_54' title="bbox 401 5018 1982 5094; baseline 0.001 -16"><span class='ocrx_word' id='word_1_385' title='bbox 401 5028 733 5092; x_wconf 87' lang='lat' dir='ltr'><strong>nuncupant.</strong></span> <span class='ocrx_word' id='word_1_386' title='bbox 783 5018 892 5074; x_wconf 82' lang='lat' dir='ltr'><strong>Aut</strong></span> <span class='ocrx_word' id='word_1_387' title='bbox 922 5034 1208 5075; x_wconf 87' lang='lat' dir='ltr'><strong>commune</strong></span> <span class='ocrx_word' id='word_1_388' title='bbox 1230 5019 1318 5075; x_wconf 87' lang='lat' dir='ltr'><strong>vel</strong></span> <span class='ocrx_word' id='word_1_389' title='bbox 1339 5019 1589 5086; x_wconf 82' lang='lat' dir='ltr'><strong>mixtum,</strong></span> <span class='ocrx_word' id='word_1_390' title='bbox 1632 5023 1774 5092; x_wconf 88' lang='lat' dir='ltr'><strong>quod</strong></span> <span class='ocrx_word' id='word_1_391' title='bbox 1807 5039 1982 5094; x_wconf 63' lang='lat' dir='ltr'><strong>graece</strong></span> 
     </span>
    </p>
   </div>
   <div class='ocr_carea' id='block_1_54' title="bbox 402 5108 1982 5180">
    <p class='ocr_par' dir='ltr' id='par_1_54' title="bbox 402 5108 1982 5180">
     <span class='ocr_line' id='line_1_55' title="bbox 402 5108 1982 5180; baseline 0.001 -11"><span class='ocrx_word' id='word_1_392' title='bbox 402 5127 597 5169; x_wconf 71' lang='lat' dir='ltr'><strong>emnon</strong></span> <span class='ocrx_word' id='word_1_393' title='bbox 628 5111 710 5166; x_wconf 84' lang='lat' dir='ltr'><strong>vel</strong></span> <span class='ocrx_word' id='word_1_394' title='bbox 742 5112 942 5167; x_wconf 91' lang='lat' dir='ltr'><strong>micton</strong></span> <span class='ocrx_word' id='word_1_395' title='bbox 995 5108 1286 5180; x_wconf 88' lang='lat' dir='ltr'><strong>appellant.</strong></span> <span class='ocrx_word' id='word_1_396' title='bbox 1339 5111 1687 5169; x_wconf 87' lang='lat' dir='ltr'><strong>Dramaticon</strong></span> <span class='ocrx_word' id='word_1_397' title='bbox 1721 5122 1807 5169; x_wconf 88' lang='lat' dir='ltr'><strong>est</strong></span> <span class='ocrx_word' id='word_1_398' title='bbox 1847 5115 1982 5170; x_wconf 91' lang='lat' dir='ltr'><strong>acti-</strong></span> 
     </span>
    </p>
   </div>
   <div class='ocr_carea' id='block_1_55' title="bbox 400 5201 1982 5274">
    <p class='ocr_par' dir='ltr' id='par_1_55' title="bbox 400 5201 1982 5274">
     <span class='ocr_line' id='line_1_56' title="bbox 400 5201 1982 5274; baseline 0.003 -14"><span class='ocrx_word' id='word_1_399' title='bbox 400 5221 548 5270; x_wconf 90' lang='lat' dir='ltr'><strong>vum,</strong></span> <span class='ocrx_word' id='word_1_400' title='bbox 589 5205 641 5259; x_wconf 91' lang='lat' dir='ltr'><strong>in</strong></span> <span class='ocrx_word' id='word_1_401' title='bbox 670 5217 779 5274; x_wconf 91' lang='lat' dir='ltr'><strong>quo</strong></span> <span class='ocrx_word' id='word_1_402' title='bbox 805 5216 1053 5273; x_wconf 69' lang='lat' dir='ltr'><strong>personae</strong></span> <span class='ocrx_word' id='word_1_403' title='bbox 1084 5201 1367 5272; x_wconf 85' lang='lat' dir='ltr'><strong>loquentes</strong></span> <span class='ocrx_word' id='word_1_404' title='bbox 1412 5202 1828 5261; x_wconf 77' lang='lat' dir='ltr'><strong>introducantur</strong></span> <span class='ocrx_word' id='word_1_405' title='bbox 1864 5207 1982 5264; x_wconf 90' lang='lat' dir='ltr'><strong>sine</strong></span> 
     </span>
    </p>
   </div>
   <div class='ocr_carea' id='block_1_56' title="bbox 398 5290 1979 5366">
    <p class='ocr_par' dir='ltr' id='par_1_56' title="bbox 398 5290 1979 5366">
     <span class='ocr_line' id='line_1_57' title="bbox 398 5290 1979 5366; baseline 0.003 -17"><span class='ocrx_word' id='word_1_406' title='bbox 398 5305 571 5366; x_wconf 81' lang='lat' dir='ltr'><strong>poetae</strong></span> <span class='ocrx_word' id='word_1_407' title='bbox 593 5292 1005 5349; x_wconf 84' lang='lat' dir='ltr'><strong>interlocutione</strong></span> <span class='ocrx_word' id='word_1_408' title='bbox 1026 5331 1042 5357; x_wconf 92' lang='lat'><strong>,</strong></span> <span class='ocrx_word' id='word_1_409' title='bbox 1067 5299 1129 5345; x_wconf 91' lang='lat' dir='ltr'><strong>ut</strong></span> <span class='ocrx_word' id='word_1_410' title='bbox 1153 5305 1212 5348; x_wconf 87' lang='lat' dir='ltr'><strong>se</strong></span> <span class='ocrx_word' id='word_1_411' title='bbox 1245 5290 1446 5348; x_wconf 87' lang='lat' dir='ltr'><strong>habent</strong></span> <span class='ocrx_word' id='word_1_412' title='bbox 1471 5295 1747 5365; x_wconf 68' lang='lat' dir='ltr'><strong>tragoedia:</strong></span> <span class='ocrx_word' id='word_1_413' title='bbox 1790 5306 1846 5353; x_wconf 91' lang='lat' dir='ltr'><strong>et</strong></span> <span class='ocrx_word' id='word_1_414' title='bbox 1897 5297 1979 5353; x_wconf 88' lang='lat' dir='ltr'><strong>fa-</strong></span> 
     </span>
    </p>
   </div>
   <div class='ocr_carea' id='block_1_57' title="bbox 399 5381 1982 5460">
    <p class='ocr_par' dir='ltr' id='par_1_57' title="bbox 399 5381 1982 5460">
     <span class='ocr_line' id='line_1_58' title="bbox 399 5381 1982 5460; baseline 0.002 -18"><span class='ocrx_word' id='word_1_415' title='bbox 399 5385 558 5442; x_wconf 70' lang='lat' dir='ltr'><strong>bulze.</strong></span> <span class='ocrx_word' id='word_1_416' title='bbox 587 5385 782 5440; x_wconf 88' lang='lat' dir='ltr'><strong>Drama</strong></span> <span class='ocrx_word' id='word_1_417' title='bbox 807 5383 950 5439; x_wconf 89' lang='lat' dir='ltr'><strong>enim</strong></span> <span class='ocrx_word' id='word_1_418' title='bbox 983 5383 1150 5438; x_wconf 86' lang='lat' dir='ltr'><strong>latine</strong></span> <span class='ocrx_word' id='word_1_419' title='bbox 1178 5381 1358 5439; x_wconf 86' lang='lat' dir='ltr'><strong>fabula</strong></span> <span class='ocrx_word' id='word_1_420' title='bbox 1387 5383 1616 5452; x_wconf 86' lang='lat' dir='ltr'><strong>dicitur,</strong></span> <span class='ocrx_word' id='word_1_421' title='bbox 1649 5401 1757 5456; x_wconf 89' lang='lat' dir='ltr'><strong>quo</strong></span> <span class='ocrx_word' id='word_1_422' title='bbox 1774 5403 1982 5460; x_wconf 86' lang='lat' dir='ltr'><strong>genere</strong></span> 
     </span>
    </p>
   </div>
   <div class='ocr_carea' id='block_1_58' title="bbox 400 5477 750 5548">
    <p class='ocr_par' dir='ltr' id='par_1_58' title="bbox 400 5477 750 5548">
     <span class='ocr_line' id='line_1_59' title="bbox 400 5477 750 5548; baseline -0.009 -15"><span class='ocrx_word' id='word_1_423' title='bbox 400 5477 599 5548; x_wconf 82' lang='lat' dir='ltr'><strong>scripta</strong></span> <span class='ocrx_word' id='word_1_424' title='bbox 623 5485 708 5532; x_wconf 88' lang='lat' dir='ltr'><strong>est</strong></span> <span class='ocrx_word' id='word_1_425' title='bbox 737 5495 750 5530; x_wconf 88' lang='lat'><strong>:</strong></span> 
     </span>
    </p>
   </div>
   <div class='ocr_carea' id='block_1_59' title="bbox 525 5565 1906 5631">
    <p class='ocr_par' dir='ltr' id='par_1_59' title="bbox 525 5565 1906 5631">
     <span class='ocr_line' id='line_1_60' title="bbox 525 5565 1906 5631; baseline 0.003 -13"><span class='ocrx_word' id='word_1_426' title='bbox 525 5569 632 5628; x_wconf 79' lang='lat' dir='ltr'><strong>Quo</strong></span> <span class='ocrx_word' id='word_1_427' title='bbox 656 5577 728 5628; x_wconf 89' lang='lat' dir='ltr'><strong>te,</strong></span> <span class='ocrx_word' id='word_1_428' title='bbox 755 5565 912 5627; x_wconf 67' lang='lat' dir='ltr'><strong>Moeri,</strong></span> <span class='ocrx_word' id='word_1_429' title='bbox 941 5567 1114 5629; x_wconf 87' lang='lat' dir='ltr'><strong>pedes,</strong></span> <span class='ocrx_word' id='word_1_430' title='bbox 1139 5579 1198 5616; x_wconf 86' lang='lat' dir='ltr'><strong>an</strong></span> <span class='ocrx_word' id='word_1_431' title='bbox 1229 5580 1324 5631; x_wconf 83' lang='lat' dir='ltr'><strong>qua</strong></span> <span class='ocrx_word' id='word_1_432' title='bbox 1349 5569 1426 5618; x_wconf 76' lang='lat' dir='ltr'><strong>via</strong></span> <span class='ocrx_word' id='word_1_433' title='bbox 1450 5567 1584 5618; x_wconf 86' lang='lat' dir='ltr'><strong>ducit</strong></span> <span class='ocrx_word' id='word_1_434' title='bbox 1611 5572 1659 5616; x_wconf 90' lang='lat' dir='ltr'><strong>tn</strong></span> <span class='ocrx_word' id='word_1_435' title='bbox 1687 5568 1860 5618; x_wconf 87' lang='lat' dir='ltr'><strong>urbem</strong></span> <span class='ocrx_word' id='word_1_436' title='bbox 1878 5571 1906 5622; x_wconf 73' lang='grc' dir='ltr'><strong><em>τ</em></strong></span> 
     </span>
    </p>
   </div>
   <div class='ocr_carea' id='block_1_60' title="bbox 403 5651 1981 5726">
    <p class='ocr_par' dir='ltr' id='par_1_60' title="bbox 403 5651 1981 5726">
     <span class='ocr_line' id='line_1_61' title="bbox 403 5651 1981 5726; baseline 0.005 -22"><span class='ocrx_word' id='word_1_437' title='bbox 403 5651 518 5718; x_wconf 81' lang='lat' dir='ltr'><strong>Quo</strong></span> <span class='ocrx_word' id='word_1_438' title='bbox 567 5652 710 5722; x_wconf 85' lang='lat' dir='ltr'><strong>apud</strong></span> <span class='ocrx_word' id='word_1_439' title='bbox 759 5666 859 5706; x_wconf 91' lang='lat' dir='ltr'><strong>nos</strong></span> <span class='ocrx_word' id='word_1_440' title='bbox 905 5668 1104 5721; x_wconf 82' lang='lat' dir='ltr'><strong>genere</strong></span> <span class='ocrx_word' id='word_1_441' title='bbox 1149 5655 1482 5709; x_wconf 87' lang='lat' dir='ltr'><strong>canticorum</strong></span> <span class='ocrx_word' id='word_1_442' title='bbox 1521 5653 1740 5710; x_wconf 85' lang='lat' dir='ltr'><strong>Cantica</strong></span> <span class='ocrx_word' id='word_1_443' title='bbox 1779 5657 1981 5726; x_wconf 87' lang='lat' dir='ltr'><strong>scripta</strong></span> 
     </span>
    </p>
   </div>
   <div class='ocr_carea' id='block_1_61' title="bbox 400 5741 1978 5818">
    <p class='ocr_par' dir='ltr' id='par_1_61' title="bbox 400 5741 1978 5818">
     <span class='ocr_line' id='line_1_62' title="bbox 400 5741 1978 5818; baseline 0.003 -21"><span class='ocrx_word' id='word_1_444' title='bbox 400 5751 546 5806; x_wconf 88' lang='lat' dir='ltr'><strong>sunt,</strong></span> <span class='ocrx_word' id='word_1_445' title='bbox 575 5741 667 5795; x_wconf 89' lang='lat' dir='ltr'><strong>ubi</strong></span> <span class='ocrx_word' id='word_1_446' title='bbox 705 5755 811 5796; x_wconf 81' lang='lat' dir='ltr'><strong>vox</strong></span> <span class='ocrx_word' id='word_1_447' title='bbox 843 5741 1118 5798; x_wconf 86' lang='lat' dir='ltr'><strong>alternans</strong></span> <span class='ocrx_word' id='word_1_448' title='bbox 1146 5743 1348 5800; x_wconf 84' lang='lat' dir='ltr'><strong>Christi</strong></span> <span class='ocrx_word' id='word_1_449' title='bbox 1373 5754 1427 5800; x_wconf 92' lang='lat' dir='ltr'><strong>et</strong></span> <span class='ocrx_word' id='word_1_450' title='bbox 1457 5745 1709 5801; x_wconf 81' lang='lat' dir='ltr'><strong>Ecclesiae</strong></span> <span class='ocrx_word' id='word_1_451' title='bbox 1739 5745 1978 5818; x_wconf 86' lang='lat' dir='ltr'><strong>(tametsi</strong></span> 
     </span>
    </p>
   </div>
   <div class='ocr_carea' id='block_1_62' title="bbox 2065 511 3654 590">
    <p class='ocr_par' dir='ltr' id='par_1_62' title="bbox 2065 511 3654 590">
     <span class='ocr_line' id='line_1_63' title="bbox 2065 511 3654 590; baseline -0.006 -14"><span class='ocrx_word' id='word_1_452' title='bbox 2065 523 2224 576; x_wconf 90' lang='lat' dir='ltr'><strong>ritur.</strong></span> <span class='ocrx_word' id='word_1_453' title='bbox 2268 519 2685 590; x_wconf 79' lang='lat' dir='ltr'><strong>Exegematicon</strong></span> <span class='ocrx_word' id='word_1_454' title='bbox 2733 525 2818 572; x_wconf 86' lang='lat' dir='ltr'><strong>est</strong></span> <span class='ocrx_word' id='word_1_455' title='bbox 2853 514 2938 571; x_wconf 91' lang='lat' dir='ltr'><strong>vel</strong></span> <span class='ocrx_word' id='word_1_456' title='bbox 2987 513 3352 569; x_wconf 86' lang='lat' dir='ltr'><strong>euarrativum</strong></span> <span class='ocrx_word' id='word_1_457' title='bbox 3383 551 3400 578; x_wconf 96' lang='lat'><strong>,</strong></span> <span class='ocrx_word' id='word_1_458' title='bbox 3438 511 3493 566; x_wconf 89' lang='lat' dir='ltr'><strong>in</strong></span> <span class='ocrx_word' id='word_1_459' title='bbox 3541 527 3654 575; x_wconf 83' lang='lat' dir='ltr'><strong>quo</strong></span> 
     </span>
    </p>
   </div>
   <div class='ocr_carea' id='block_1_63' title="bbox 2062 601 3658 682">
    <p class='ocr_par' dir='ltr' id='par_1_63' title="bbox 2062 601 3658 682">
     <span class='ocr_line' id='line_1_64' title="bbox 2062 601 3658 682; baseline -0.007 -16"><span class='ocrx_word' id='word_1_460' title='bbox 2062 620 2222 682; x_wconf 85' lang='lat' dir='ltr'><strong>poeta</strong></span> <span class='ocrx_word' id='word_1_461' title='bbox 2252 609 2370 680; x_wconf 88' lang='lat' dir='ltr'><strong>ipse</strong></span> <span class='ocrx_word' id='word_1_462' title='bbox 2399 601 2640 679; x_wconf 88' lang='lat' dir='ltr'><strong>loquitur</strong></span> <span class='ocrx_word' id='word_1_463' title='bbox 2669 608 2788 662; x_wconf 89' lang='lat' dir='ltr'><strong>sine</strong></span> <span class='ocrx_word' id='word_1_464' title='bbox 2814 606 2978 661; x_wconf 90' lang='lat' dir='ltr'><strong>ullius</strong></span> <span class='ocrx_word' id='word_1_465' title='bbox 3025 603 3437 674; x_wconf 87' lang='lat' dir='ltr'><strong>interpositione</strong></span> <span class='ocrx_word' id='word_1_466' title='bbox 3465 615 3658 671; x_wconf 88' lang='lat' dir='ltr'><strong>perso-</strong></span> 
     </span>
    </p>
   </div>
   <div class='ocr_carea' id='block_1_64' title="bbox 2067 694 3658 768">
    <p class='ocr_par' dir='ltr' id='par_1_64' title="bbox 2067 694 3658 768">
     <span class='ocr_line' id='line_1_65' title="bbox 2067 694 3658 768; baseline -0.006 -12"><span class='ocrx_word' id='word_1_467' title='bbox 2067 717 2170 768; x_wconf 76' lang='lat' dir='ltr'><strong>me,</strong></span> <span class='ocrx_word' id='word_1_468' title='bbox 2207 711 2269 757; x_wconf 91' lang='lat' dir='ltr'><strong>ut</strong></span> <span class='ocrx_word' id='word_1_469' title='bbox 2309 701 2367 757; x_wconf 70' lang='lat' dir='ltr'><strong>Se</strong></span> <span class='ocrx_word' id='word_1_470' title='bbox 2398 700 2601 757; x_wconf 87' lang='lat' dir='ltr'><strong>habent</strong></span> <span class='ocrx_word' id='word_1_471' title='bbox 2629 708 2742 756; x_wconf 90' lang='lat' dir='ltr'><strong>tres</strong></span> <span class='ocrx_word' id='word_1_472' title='bbox 2767 699 2891 754; x_wconf 88' lang='lat' dir='ltr'><strong>libri</strong></span> <span class='ocrx_word' id='word_1_473' title='bbox 2925 697 3175 768; x_wconf 86' lang='lat' dir='ltr'><strong>Georgici</strong></span> <span class='ocrx_word' id='word_1_474' title='bbox 3225 696 3346 759; x_wconf 87' lang='lat' dir='ltr'><strong>toti,</strong></span> <span class='ocrx_word' id='word_1_475' title='bbox 3376 703 3431 750; x_wconf 90' lang='lat' dir='ltr'><strong>et</strong></span> <span class='ocrx_word' id='word_1_476' title='bbox 3473 694 3658 764; x_wconf 85' lang='lat' dir='ltr'><strong>prima</strong></span> 
     </span>
    </p>
   </div>
   <div class='ocr_carea' id='block_1_65' title="bbox 2066 786 3652 864">
    <p class='ocr_par' dir='ltr' id='par_1_65' title="bbox 2066 786 3652 864">
     <span class='ocr_line' id='line_1_66' title="bbox 2066 786 3652 864; baseline -0.004 -18"><span class='ocrx_word' id='word_1_477' title='bbox 2066 809 2192 864; x_wconf 90' lang='lat' dir='ltr'><strong>pars</strong></span> <span class='ocrx_word' id='word_1_478' title='bbox 2219 793 2420 864; x_wconf 89' lang='lat' dir='ltr'><strong>quarti.</strong></span> <span class='ocrx_word' id='word_1_479' title='bbox 2455 791 2590 846; x_wconf 81' lang='lat' dir='ltr'><strong>Item</strong></span> <span class='ocrx_word' id='word_1_480' title='bbox 2619 791 2858 846; x_wconf 83' lang='lat' dir='ltr'><strong>Lucretii</strong></span> <span class='ocrx_word' id='word_1_481' title='bbox 2885 790 3126 845; x_wconf 86' lang='lat' dir='ltr'><strong>carmina</strong></span> <span class='ocrx_word' id='word_1_482' title='bbox 3151 829 3166 854; x_wconf 93' lang='lat'><strong>,</strong></span> <span class='ocrx_word' id='word_1_483' title='bbox 3194 797 3252 842; x_wconf 90' lang='lat' dir='ltr'><strong>et</strong></span> <span class='ocrx_word' id='word_1_484' title='bbox 3281 787 3367 843; x_wconf 88' lang='lat' dir='ltr'><strong>his</strong></span> <span class='ocrx_word' id='word_1_485' title='bbox 3406 786 3606 842; x_wconf 85' lang='lat' dir='ltr'><strong>similia</strong></span> <span class='ocrx_word' id='word_1_486' title='bbox 3637 801 3652 840; x_wconf 89' lang='lat'><strong>:</strong></span> 
     </span>
    </p>
   </div>
   <div class='ocr_carea' id='block_1_66' title="bbox 2067 879 3662 957">
    <p class='ocr_par' dir='ltr' id='par_1_66' title="bbox 2067 879 3662 957">
     <span class='ocr_line' id='line_1_67' title="bbox 2067 879 3662 957; baseline -0.003 -19"><span class='ocrx_word' id='word_1_487' title='bbox 2067 900 2176 954; x_wconf 90' lang='lat' dir='ltr'><strong>quo</strong></span> <span class='ocrx_word' id='word_1_488' title='bbox 2204 899 2402 957; x_wconf 88' lang='lat' dir='ltr'><strong>genere</strong></span> <span class='ocrx_word' id='word_1_489' title='bbox 2433 883 2575 954; x_wconf 88' lang='lat' dir='ltr'><strong>apud</strong></span> <span class='ocrx_word' id='word_1_490' title='bbox 2606 898 2706 938; x_wconf 87' lang='lat' dir='ltr'><strong>nos</strong></span> <span class='ocrx_word' id='word_1_491' title='bbox 2730 883 2948 952; x_wconf 64' lang='lat' dir='ltr'><strong>scriptae</strong></span> <span class='ocrx_word' id='word_1_492' title='bbox 2975 891 3099 936; x_wconf 90' lang='lat' dir='ltr'><strong>sunt</strong></span> <span class='ocrx_word' id='word_1_493' title='bbox 3123 879 3431 952; x_wconf 66' lang='lat' dir='ltr'><strong>parabolae,</strong></span> <span class='ocrx_word' id='word_1_494' title='bbox 3463 887 3519 933; x_wconf 90' lang='lat' dir='ltr'><strong>et</strong></span> <span class='ocrx_word' id='word_1_495' title='bbox 3557 879 3662 934; x_wconf 84' lang='lat' dir='ltr'><strong>Ec-</strong></span> 
     </span>
    </p>
   </div>
   <div class='ocr_carea' id='block_1_67' title="bbox 2069 969 3664 1044">
    <p class='ocr_par' dir='ltr' id='par_1_67' title="bbox 2069 969 3664 1044">
     <span class='ocr_line' id='line_1_68' title="bbox 2069 969 3664 1044; baseline -0.002 -17"><span class='ocrx_word' id='word_1_496' title='bbox 2069 972 2349 1028; x_wconf 87' lang='lat' dir='ltr'><strong>clesiastes</strong></span> <span class='ocrx_word' id='word_1_497' title='bbox 2377 985 2394 1027; x_wconf 85' lang='lat'><strong>:</strong></span> <span class='ocrx_word' id='word_1_498' title='bbox 2420 988 2544 1042; x_wconf 54' lang='lat' dir='ltr'><strong>quae</strong></span> <span class='ocrx_word' id='word_1_499' title='bbox 2571 987 2671 1028; x_wconf 91' lang='lat' dir='ltr'><strong>sua</strong></span> <span class='ocrx_word' id='word_1_500' title='bbox 2701 973 2905 1044; x_wconf 84' lang='lat' dir='ltr'><strong>lingua,</strong></span> <span class='ocrx_word' id='word_1_501' title='bbox 2935 971 3074 1027; x_wconf 91' lang='lat' dir='ltr'><strong>sicut</strong></span> <span class='ocrx_word' id='word_1_502' title='bbox 3096 980 3152 1026; x_wconf 87' lang='lat' dir='ltr'><strong>et</strong></span> <span class='ocrx_word' id='word_1_503' title='bbox 3170 969 3516 1035; x_wconf 87' lang='lat' dir='ltr'><strong>Psalterium,</strong></span> <span class='ocrx_word' id='word_1_504' title='bbox 3539 985 3664 1024; x_wconf 84' lang='lat' dir='ltr'><strong>me-</strong></span> 
     </span>
    </p>
   </div>
   <div class='ocr_carea' id='block_1_68' title="bbox 2071 1062 3662 1134">
    <p class='ocr_par' dir='ltr' id='par_1_68' title="bbox 2071 1062 3662 1134">
     <span class='ocr_line' id='line_1_69' title="bbox 2071 1062 3662 1134; baseline -0.004 -14"><span class='ocrx_word' id='word_1_505' title='bbox 2071 1074 2160 1120; x_wconf 87' lang='lat' dir='ltr'><strong>tro</strong></span> <span class='ocrx_word' id='word_1_506' title='bbox 2184 1073 2396 1121; x_wconf 88' lang='lat' dir='ltr'><strong>constat</strong></span> <span class='ocrx_word' id='word_1_507' title='bbox 2425 1080 2552 1121; x_wconf 89' lang='lat' dir='ltr'><strong>esse</strong></span> <span class='ocrx_word' id='word_1_508' title='bbox 2582 1065 2915 1134; x_wconf 82' lang='lat' dir='ltr'><strong>conscripta.</strong></span> <span class='ocrx_word' id='word_1_509' title='bbox 2945 1063 3150 1119; x_wconf 59' lang='lat' dir='ltr'><strong>Coenon</strong></span> <span class='ocrx_word' id='word_1_510' title='bbox 3184 1062 3269 1117; x_wconf 87' lang='lat' dir='ltr'><strong>vel</strong></span> <span class='ocrx_word' id='word_1_511' title='bbox 3299 1063 3499 1118; x_wconf 85' lang='lat' dir='ltr'><strong>micton</strong></span> <span class='ocrx_word' id='word_1_512' title='bbox 3528 1070 3614 1114; x_wconf 90' lang='lat' dir='ltr'><strong>est</strong></span> <span class='ocrx_word' id='word_1_513' title='bbox 3645 1100 3662 1124; x_wconf 90' lang='lat'><strong>,</strong></span> 
     </span>
    </p>
   </div>
   <div class='ocr_carea' id='block_1_69' title="bbox 2074 1152 3664 1228">
    <p class='ocr_par' dir='ltr' id='par_1_69' title="bbox 2074 1152 3664 1228">
     <span class='ocr_line' id='line_1_70' title="bbox 2074 1152 3664 1228; baseline -0.004 -18"><span class='ocrx_word' id='word_1_514' title='bbox 2074 1159 2129 1210; x_wconf 91' lang='lat' dir='ltr'><strong>in</strong></span> <span class='ocrx_word' id='word_1_515' title='bbox 2159 1173 2266 1227; x_wconf 91' lang='lat' dir='ltr'><strong>quo</strong></span> <span class='ocrx_word' id='word_1_516' title='bbox 2309 1164 2469 1228; x_wconf 87' lang='lat' dir='ltr'><strong>poeta</strong></span> <span class='ocrx_word' id='word_1_517' title='bbox 2519 1157 2635 1228; x_wconf 89' lang='lat' dir='ltr'><strong>ipse</strong></span> <span class='ocrx_word' id='word_1_518' title='bbox 2682 1155 2946 1226; x_wconf 80' lang='lat' dir='ltr'><strong>loquitur,</strong></span> <span class='ocrx_word' id='word_1_519' title='bbox 2998 1163 3052 1208; x_wconf 85' lang='lat' dir='ltr'><strong>et</strong></span> <span class='ocrx_word' id='word_1_520' title='bbox 3090 1168 3336 1225; x_wconf 65' lang='lat' dir='ltr'><strong>personae</strong></span> <span class='ocrx_word' id='word_1_521' title='bbox 3377 1152 3664 1222; x_wconf 85' lang='lat' dir='ltr'><strong>loquentes</strong></span> 
     </span>
    </p>
   </div>
   <div class='ocr_carea' id='block_1_70' title="bbox 2076 1241 3664 1317">
    <p class='ocr_par' dir='ltr' id='par_1_70' title="bbox 2076 1241 3664 1317">
     <span class='ocr_line' id='line_1_71' title="bbox 2076 1241 3664 1317; baseline -0.004 -15"><span class='ocrx_word' id='word_1_522' title='bbox 2076 1248 2526 1313; x_wconf 88' lang='lat' dir='ltr'><strong>introducuntur,</strong></span> <span class='ocrx_word' id='word_1_523' title='bbox 2567 1255 2626 1302; x_wconf 91' lang='lat' dir='ltr'><strong>ut</strong></span> <span class='ocrx_word' id='word_1_524' title='bbox 2650 1253 2776 1301; x_wconf 90' lang='lat' dir='ltr'><strong>sunt</strong></span> <span class='ocrx_word' id='word_1_525' title='bbox 2805 1245 3007 1317; x_wconf 87' lang='lat' dir='ltr'><strong>scripta</strong></span> <span class='ocrx_word' id='word_1_526' title='bbox 3047 1245 3174 1299; x_wconf 83' lang='lat' dir='ltr'><strong>Ilias</strong></span> <span class='ocrx_word' id='word_1_527' title='bbox 3202 1251 3256 1298; x_wconf 90' lang='lat' dir='ltr'><strong>et</strong></span> <span class='ocrx_word' id='word_1_528' title='bbox 3281 1243 3519 1314; x_wconf 85' lang='lat' dir='ltr'><strong>Odyssea</strong></span> <span class='ocrx_word' id='word_1_529' title='bbox 3548 1241 3664 1296; x_wconf 78' lang='lat' dir='ltr'><strong>llo-</strong></span> 
     </span>
    </p>
   </div>
   <div class='ocr_carea' id='block_1_71' title="bbox 2077 1337 3666 1410">
    <p class='ocr_par' dir='ltr' id='par_1_71' title="bbox 2077 1337 3666 1410">
     <span class='ocr_line' id='line_1_72' title="bbox 2077 1337 3666 1410; baseline -0.004 -16"><span class='ocrx_word' id='word_1_530' title='bbox 2077 1340 2214 1395; x_wconf 90' lang='lat' dir='ltr'><strong>meri</strong></span> <span class='ocrx_word' id='word_1_531' title='bbox 2245 1348 2302 1395; x_wconf 93' lang='lat' dir='ltr'><strong>et</strong></span> <span class='ocrx_word' id='word_1_532' title='bbox 2326 1339 2590 1394; x_wconf 64' lang='lat' dir='ltr'><strong>zEneidos</strong></span> <span class='ocrx_word' id='word_1_533' title='bbox 2621 1339 2852 1410; x_wconf 76' lang='lat' dir='ltr'><strong>Virgilii,</strong></span> <span class='ocrx_word' id='word_1_534' title='bbox 2883 1347 2939 1394; x_wconf 91' lang='lat' dir='ltr'><strong>et</strong></span> <span class='ocrx_word' id='word_1_535' title='bbox 2963 1339 3103 1408; x_wconf 88' lang='lat' dir='ltr'><strong>apud</strong></span> <span class='ocrx_word' id='word_1_536' title='bbox 3133 1353 3233 1392; x_wconf 91' lang='lat' dir='ltr'><strong>nos</strong></span> <span class='ocrx_word' id='word_1_537' title='bbox 3260 1337 3486 1392; x_wconf 88' lang='lat' dir='ltr'><strong>historia</strong></span> <span class='ocrx_word' id='word_1_538' title='bbox 3519 1337 3666 1390; x_wconf 83' lang='lat' dir='ltr'><strong>beati</strong></span> 
     </span>
    </p>
   </div>
   <div class='ocr_carea' id='block_1_72' title="bbox 2077 1426 3666 1500">
    <p class='ocr_par' dir='ltr' id='par_1_72' title="bbox 2077 1426 3666 1500">
     <span class='ocr_line' id='line_1_73' title="bbox 2077 1426 3666 1500; baseline -0.001 -18"><span class='ocrx_word' id='word_1_539' title='bbox 2077 1427 2178 1484; x_wconf 79' lang='lat' dir='ltr'><strong>Job</strong></span> <span class='ocrx_word' id='word_1_540' title='bbox 2203 1443 2218 1482; x_wconf 91' lang='lat'><strong>:</strong></span> <span class='ocrx_word' id='word_1_541' title='bbox 2249 1429 2499 1500; x_wconf 88' lang='lat' dir='ltr'><strong>quamvis</strong></span> <span class='ocrx_word' id='word_1_542' title='bbox 2530 1429 2647 1483; x_wconf 68' lang='lat' dir='ltr'><strong>haec</strong></span> <span class='ocrx_word' id='word_1_543' title='bbox 2677 1429 2730 1482; x_wconf 91' lang='lat' dir='ltr'><strong>in</strong></span> <span class='ocrx_word' id='word_1_544' title='bbox 2755 1443 2852 1482; x_wconf 88' lang='lat' dir='ltr'><strong>sua</strong></span> <span class='ocrx_word' id='word_1_545' title='bbox 2891 1427 3074 1498; x_wconf 82' lang='lat' dir='ltr'><strong>lingua</strong></span> <span class='ocrx_word' id='word_1_546' title='bbox 3131 1443 3238 1482; x_wconf 89' lang='lat' dir='ltr'><strong>non</strong></span> <span class='ocrx_word' id='word_1_547' title='bbox 3287 1435 3399 1481; x_wconf 88' lang='lat' dir='ltr'><strong>tota</strong></span> <span class='ocrx_word' id='word_1_548' title='bbox 3431 1426 3666 1496; x_wconf 83' lang='lat' dir='ltr'><strong>poetica.</strong></span> 
     </span>
    </p>
   </div>
   <div class='ocr_carea' id='block_1_73' title="bbox 2079 1521 3669 1592">
    <p class='ocr_par' dir='ltr' id='par_1_73' title="bbox 2079 1521 3669 1592">
     <span class='ocr_line' id='line_1_74' title="bbox 2079 1521 3669 1592; baseline -0.001 -14"><span class='ocrx_word' id='word_1_549' title='bbox 2079 1523 2173 1578; x_wconf 88' lang='lat' dir='ltr'><strong>sed</strong></span> <span class='ocrx_word' id='word_1_550' title='bbox 2210 1522 2410 1592; x_wconf 88' lang='lat' dir='ltr'><strong>partim</strong></span> <span class='ocrx_word' id='word_1_551' title='bbox 2443 1522 2514 1578; x_wconf 91' lang='lat' dir='ltr'><strong>sit</strong></span> <span class='ocrx_word' id='word_1_552' title='bbox 2557 1521 2784 1576; x_wconf 89' lang='lat' dir='ltr'><strong>metrico</strong></span> <span class='ocrx_word' id='word_1_553' title='bbox 2837 1521 2921 1576; x_wconf 90' lang='lat' dir='ltr'><strong>vel</strong></span> <span class='ocrx_word' id='word_1_554' title='bbox 2975 1521 3246 1592; x_wconf 84' lang='lat' dir='ltr'><strong>rythmico</strong></span> <span class='ocrx_word' id='word_1_555' title='bbox 3296 1523 3499 1592; x_wconf 88' lang='lat' dir='ltr'><strong>scripta</strong></span> <span class='ocrx_word' id='word_1_556' title='bbox 3546 1537 3669 1576; x_wconf 87' lang='lat' dir='ltr'><strong>ser—</strong></span> 
     </span>
    </p>
   </div>
   <div class='ocr_carea' id='block_1_74' title="bbox 2079 1629 2260 1670">
    <p class='ocr_par' dir='ltr' id='par_1_74' title="bbox 2079 1629 2260 1670">
     <span class='ocr_line' id='line_1_75' title="bbox 2079 1629 2260 1670; baseline -0.006 -2"><span class='ocrx_word' id='word_1_557' title='bbox 2079 1629 2260 1670; x_wconf 85' lang='lat' dir='ltr'><strong>mone.</strong></span> 
     </span>
    </p>
   </div>
   <div class='ocr_carea' id='block_1_75' title="bbox 2698 1703 3050 1761">
    <p class='ocr_par' dir='ltr' id='par_1_75' title="bbox 2698 1703 3050 1761">
     <span class='ocr_line' id='line_1_76' title="bbox 2698 1703 3050 1761; baseline -0.003 -1"><span class='ocrx_word' id='word_1_558' title='bbox 2698 1703 2927 1761; x_wconf 81' lang='lat' dir='ltr'><strong>CAPUT</strong></span> <span class='ocrx_word' id='word_1_559' title='bbox 2965 1705 3050 1760; x_wconf 91' lang='grc'><strong>111.</strong></span> 
     </span>
    </p>
   </div>
   <div class='ocr_carea' id='block_1_76' title="bbox 2696 1817 3038 1888">
    <p class='ocr_par' dir='ltr' id='par_1_76' title="bbox 2696 1817 3038 1888">
     <span class='ocr_line' id='line_1_77' title="bbox 2696 1817 3038 1888; baseline 0.009 -18"><span class='ocrx_word' id='word_1_560' title='bbox 2696 1817 2774 1872; x_wconf 84' lang='lat' dir='ltr'><strong>De</strong></span> <span class='ocrx_word' id='word_1_561' title='bbox 2801 1817 3038 1888; x_wconf 79' lang='lat' dir='ltr'><strong>Sibyllis.</strong></span> 
     </span>
    </p>
   </div>
   <div class='ocr_carea' id='block_1_77' title="bbox 2157 1925 3677 2000">
    <p class='ocr_par' dir='ltr' id='par_1_77' title="bbox 2157 1925 3677 2000">
     <span class='ocr_line' id='line_1_78' title="bbox 2157 1925 3677 2000; baseline 0.002 -18"><span class='ocrx_word' id='word_1_562' title='bbox 2157 1925 2373 2000; x_wconf 76' lang='lat' dir='ltr'><strong>Sibyllae</strong></span> <span class='ocrx_word' id='word_1_563' title='bbox 2401 1927 2729 1998; x_wconf 87' lang='lat' dir='ltr'><strong>generaliter</strong></span> <span class='ocrx_word' id='word_1_564' title='bbox 2759 1928 3014 1982; x_wconf 91' lang='lat' dir='ltr'><strong>dicuntur</strong></span> <span class='ocrx_word' id='word_1_565' title='bbox 3043 1945 3232 1984; x_wconf 86' lang='lat' dir='ltr'><strong>omnes</strong></span> <span class='ocrx_word' id='word_1_566' title='bbox 3278 1929 3494 1986; x_wconf 63' lang='lat' dir='ltr'><strong>feminae</strong></span> <span class='ocrx_word' id='word_1_567' title='bbox 3517 1940 3677 1986; x_wconf 81' lang='lat' dir='ltr'><strong>vates</strong></span> 
     </span>
    </p>
   </div>
   <div class='ocr_carea' id='block_1_78' title="bbox 2084 2017 3670 2090">
    <p class='ocr_par' dir='ltr' id='par_1_78' title="bbox 2084 2017 3670 2090">
     <span class='ocr_line' id='line_1_79' title="bbox 2084 2017 3670 2090; baseline 0.001 -19"><span class='ocrx_word' id='word_1_568' title='bbox 2084 2017 2263 2090; x_wconf 82' lang='lat' dir='ltr'><strong>lingua</strong></span> <span class='ocrx_word' id='word_1_569' title='bbox 2282 2035 2458 2090; x_wconf 63' lang='lat' dir='ltr'><strong>graeca</strong></span> <span class='ocrx_word' id='word_1_570' title='bbox 2479 2037 2492 2072; x_wconf 91' lang='lat'><strong>:</strong></span> <span class='ocrx_word' id='word_1_571' title='bbox 2512 2035 2638 2073; x_wconf 89' lang='lat' dir='ltr'><strong>nam</strong></span> <span class='ocrx_word' id='word_1_572' title='bbox 2659 2019 2770 2074; x_wconf 84' lang='lat' dir='ltr'><strong>sios</strong></span> <span class='ocrx_word' id='word_1_573' title='bbox 2782 2017 2996 2074; x_wconf 70' lang='lat' dir='ltr'><strong>IEolico</strong></span> <span class='ocrx_word' id='word_1_574' title='bbox 3018 2035 3269 2075; x_wconf 88' lang='lat' dir='ltr'><strong>sermone</strong></span> <span class='ocrx_word' id='word_1_575' title='bbox 3287 2023 3448 2076; x_wconf 89' lang='lat' dir='ltr'><strong>Deus.</strong></span> <span class='ocrx_word' id='word_1_576' title='bbox 3471 2021 3670 2074; x_wconf 75' lang='grc' dir='ltr'>Βοιιιιιι.</span> 
     </span>
    </p>
   </div>
   <div class='ocr_carea' id='block_1_79' title="bbox 2083 2114 3666 2182">
    <p class='ocr_par' dir='ltr' id='par_1_79' title="bbox 2083 2114 3666 2182">
     <span class='ocr_line' id='line_1_80' title="bbox 2083 2114 3666 2182; baseline 0.006 -22"><span class='ocrx_word' id='word_1_577' title='bbox 2083 2126 2260 2181; x_wconf 73' lang='lat' dir='ltr'><strong>grmce</strong></span> <span class='ocrx_word' id='word_1_578' title='bbox 2280 2122 2513 2166; x_wconf 87' lang='lat' dir='ltr'><strong>mentem</strong></span> <span class='ocrx_word' id='word_1_579' title='bbox 2538 2121 2873 2182; x_wconf 86' lang='lat' dir='ltr'><strong>nuncupant,</strong></span> <span class='ocrx_word' id='word_1_580' title='bbox 2897 2114 3049 2182; x_wconf 88' lang='lat' dir='ltr'><strong>quasi</strong></span> <span class='ocrx_word' id='word_1_581' title='bbox 3079 2115 3174 2168; x_wconf 91' lang='lat' dir='ltr'><strong>Dei</strong></span> <span class='ocrx_word' id='word_1_582' title='bbox 3201 2114 3666 2169; x_wconf 84' lang='lat' dir='ltr'><strong>meutem.Proiu-</strong></span> 
     </span>
    </p>
   </div>
   <div class='ocr_carea' id='block_1_80' title="bbox 2085 2200 3666 2272">
    <p class='ocr_par' dir='ltr' id='par_1_80' title="bbox 2085 2200 3666 2272">
     <span class='ocr_line' id='line_1_81' title="bbox 2085 2200 3666 2272; baseline 0.001 -18"><span class='ocrx_word' id='word_1_583' title='bbox 2085 2201 2152 2255; x_wconf 87' lang='lat' dir='ltr'><strong>de</strong></span> <span class='ocrx_word' id='word_1_584' title='bbox 2181 2200 2359 2272; x_wconf 82' lang='lat' dir='ltr'><strong>igitur,</strong></span> <span class='ocrx_word' id='word_1_585' title='bbox 2385 2202 2513 2270; x_wconf 90' lang='lat' dir='ltr'><strong>quia</strong></span> <span class='ocrx_word' id='word_1_586' title='bbox 2537 2201 2774 2256; x_wconf 89' lang='lat' dir='ltr'><strong>divinam</strong></span> <span class='ocrx_word' id='word_1_587' title='bbox 2805 2203 3133 2258; x_wconf 82' lang='lat' dir='ltr'><strong>voluntatem</strong></span> <span class='ocrx_word' id='word_1_588' title='bbox 3171 2203 3481 2258; x_wconf 89' lang='lat' dir='ltr'><strong>hominibus</strong></span> <span class='ocrx_word' id='word_1_589' title='bbox 3509 2207 3666 2259; x_wconf 54' lang='lat' dir='ltr'><strong>inter-</strong></span> 
     </span>
    </p>
   </div>
   <div class='ocr_carea' id='block_1_81' title="bbox 2084 2290 3654 2364">
    <p class='ocr_par' dir='ltr' id='par_1_81' title="bbox 2084 2290 3654 2364">
     <span class='ocr_line' id='line_1_82' title="bbox 2084 2290 3654 2364; baseline 0.001 -21"><span class='ocrx_word' id='word_1_590' title='bbox 2084 2293 2286 2362; x_wconf 87' lang='lat' dir='ltr'><strong>pretari</strong></span> <span class='ocrx_word' id='word_1_591' title='bbox 2313 2291 2576 2357; x_wconf 88' lang='lat' dir='ltr'><strong>solebant,</strong></span> <span class='ocrx_word' id='word_1_592' title='bbox 2614 2290 2831 2364; x_wconf 74' lang='lat' dir='ltr'><strong>Sibylla:</strong></span> <span class='ocrx_word' id='word_1_593' title='bbox 2858 2293 3148 2347; x_wconf 73' lang='lat' dir='ltr'><strong>nominatae</strong></span> <span class='ocrx_word' id='word_1_594' title='bbox 3173 2302 3320 2347; x_wconf 88' lang='lat' dir='ltr'><strong>sunt.</strong></span> <span class='ocrx_word' id='word_1_595' title='bbox 3351 2293 3508 2348; x_wconf 88' lang='lat' dir='ltr'><strong>Sicut</strong></span> <span class='ocrx_word' id='word_1_596' title='bbox 3529 2311 3576 2348; x_wconf 86' lang='lat' dir='ltr'><strong>e.</strong></span> <span class='ocrx_word' id='word_1_597' title='bbox 3605 2297 3654 2346; x_wconf 57' lang='lat' dir='ltr'><strong>in.</strong></span> 
     </span>
    </p>
   </div>
   <div class='ocr_carea' id='block_1_82' title="bbox 2085 2387 3672 2457">
    <p class='ocr_par' dir='ltr' id='par_1_82' title="bbox 2085 2387 3672 2457">
     <span class='ocr_line' id='line_1_83' title="bbox 2085 2387 3672 2457; baseline -0.003 -15"><span class='ocrx_word' id='word_1_598' title='bbox 2085 2387 2262 2442; x_wconf 88' lang='lat' dir='ltr'><strong>omnis</strong></span> <span class='ocrx_word' id='word_1_599' title='bbox 2322 2388 2408 2442; x_wconf 90' lang='lat' dir='ltr'><strong>vir</strong></span> <span class='ocrx_word' id='word_1_600' title='bbox 2460 2387 2794 2456; x_wconf 89' lang='lat' dir='ltr'><strong>prophetans</strong></span> <span class='ocrx_word' id='word_1_601' title='bbox 2844 2387 2927 2441; x_wconf 84' lang='lat' dir='ltr'><strong>vel</strong></span> <span class='ocrx_word' id='word_1_602' title='bbox 2975 2397 3127 2443; x_wconf 87' lang='lat' dir='ltr'><strong>vates</strong></span> <span class='ocrx_word' id='word_1_603' title='bbox 3181 2387 3378 2442; x_wconf 90' lang='lat' dir='ltr'><strong>dicitur</strong></span> <span class='ocrx_word' id='word_1_604' title='bbox 3416 2388 3501 2442; x_wconf 89' lang='lat' dir='ltr'><strong>vel</strong></span> <span class='ocrx_word' id='word_1_605' title='bbox 3552 2405 3672 2457; x_wconf 57' lang='lat' dir='ltr'><strong>pm-</strong></span> 
     </span>
    </p>
   </div>
   <div class='ocr_carea' id='block_1_83' title="bbox 2085 2478 3678 2553">
    <p class='ocr_par' dir='ltr' id='par_1_83' title="bbox 2085 2478 3678 2553">
     <span class='ocr_line' id='line_1_84' title="bbox 2085 2478 3678 2553; baseline -0.001 -19"><span class='ocrx_word' id='word_1_606' title='bbox 2085 2480 2248 2548; x_wconf 88' lang='lat' dir='ltr'><strong>pheta</strong></span> <span class='ocrx_word' id='word_1_607' title='bbox 2283 2496 2299 2537; x_wconf 92' lang='lat'><strong>:</strong></span> <span class='ocrx_word' id='word_1_608' title='bbox 2332 2479 2407 2534; x_wconf 90' lang='lat' dir='ltr'><strong>ita</strong></span> <span class='ocrx_word' id='word_1_609' title='bbox 2432 2480 2609 2534; x_wconf 90' lang='lat' dir='ltr'><strong>omnis</strong></span> <span class='ocrx_word' id='word_1_610' title='bbox 2654 2478 2854 2534; x_wconf 84' lang='lat' dir='ltr'><strong>femina</strong></span> <span class='ocrx_word' id='word_1_611' title='bbox 2903 2481 3238 2551; x_wconf 87' lang='lat' dir='ltr'><strong>prophetaus</strong></span> <span class='ocrx_word' id='word_1_612' title='bbox 3276 2481 3478 2553; x_wconf 85' lang='lat' dir='ltr'><strong>Sibylla</strong></span> <span class='ocrx_word' id='word_1_613' title='bbox 3521 2498 3678 2535; x_wconf 60' lang='grc' dir='ltr'><strong>ιυιτλ-</strong></span> 
     </span>
    </p>
   </div>
   <div class='ocr_carea' id='block_1_84' title="bbox 2090 2571 3670 2643">
    <p class='ocr_par' dir='ltr' id='par_1_84' title="bbox 2090 2571 3670 2643">
     <span class='ocr_line' id='line_1_85' title="bbox 2090 2571 3670 2643; baseline 0 -17"><span class='ocrx_word' id='word_1_614' title='bbox 2090 2581 2216 2626; x_wconf 86' lang='lat' dir='ltr'><strong>tur:</strong></span> <span class='ocrx_word' id='word_1_615' title='bbox 2249 2571 2394 2642; x_wconf 91' lang='lat' dir='ltr'><strong>quod</strong></span> <span class='ocrx_word' id='word_1_616' title='bbox 2445 2587 2642 2626; x_wconf 89' lang='lat' dir='ltr'><strong>nomen</strong></span> <span class='ocrx_word' id='word_1_617' title='bbox 2689 2587 2754 2626; x_wconf 78' lang='lat' dir='ltr'><strong>ex</strong></span> <span class='ocrx_word' id='word_1_618' title='bbox 2800 2571 2976 2626; x_wconf 84' lang='lat' dir='ltr'><strong>cilicio</strong></span> <span class='ocrx_word' id='word_1_619' title='bbox 3003 2613 3020 2637; x_wconf 94' lang='lat'><strong>,</strong></span> <span class='ocrx_word' id='word_1_620' title='bbox 3075 2589 3182 2628; x_wconf 89' lang='lat' dir='ltr'><strong>non</strong></span> <span class='ocrx_word' id='word_1_621' title='bbox 3233 2588 3299 2628; x_wconf 81' lang='lat' dir='ltr'><strong>ex</strong></span> <span class='ocrx_word' id='word_1_622' title='bbox 3339 2573 3670 2643; x_wconf 54' lang='lat' dir='ltr'><strong>proprii-tatu</strong></span> 
     </span>
    </p>
   </div>
   <div class='ocr_carea' id='block_1_85' title="bbox 2087 2660 3673 2734">
    <p class='ocr_par' dir='ltr' id='par_1_85' title="bbox 2087 2660 3673 2734">
     <span class='ocr_line' id='line_1_86' title="bbox 2087 2660 3673 2734; baseline 0.001 -20"><span class='ocrx_word' id='word_1_623' title='bbox 2087 2660 2332 2716; x_wconf 86' lang='lat' dir='ltr'><strong>vocabuli</strong></span> <span class='ocrx_word' id='word_1_624' title='bbox 2355 2670 2458 2716; x_wconf 92' lang='lat' dir='ltr'><strong>est.</strong></span> <span class='ocrx_word' id='word_1_625' title='bbox 2489 2661 2682 2716; x_wconf 88' lang='lat' dir='ltr'><strong>Decem</strong></span> <span class='ocrx_word' id='word_1_626' title='bbox 2708 2671 2886 2716; x_wconf 89' lang='lat' dir='ltr'><strong>autem</strong></span> <span class='ocrx_word' id='word_1_627' title='bbox 2911 2661 3128 2734; x_wconf 68' lang='lat' dir='ltr'><strong>Sibyllte</strong></span> <span class='ocrx_word' id='word_1_628' title='bbox 3160 2679 3190 2716; x_wconf 88' lang='lat' dir='ltr'><strong>a</strong></span> <span class='ocrx_word' id='word_1_629' title='bbox 3215 2662 3550 2718; x_wconf 66' lang='lat' dir='ltr'><strong>doctissimis</strong></span> <span class='ocrx_word' id='word_1_630' title='bbox 3581 2682 3673 2718; x_wconf 87' lang='lat' dir='ltr'><strong>au-</strong></span> 
     </span>
    </p>
   </div>
   <div class='ocr_carea' id='block_1_86' title="bbox 2087 2751 3675 2824">
    <p class='ocr_par' dir='ltr' id='par_1_86' title="bbox 2087 2751 3675 2824">
     <span class='ocr_line' id='line_1_87' title="bbox 2087 2751 3675 2824; baseline -0.001 -16"><span class='ocrx_word' id='word_1_631' title='bbox 2087 2751 2331 2808; x_wconf 87' lang='lat' dir='ltr'><strong>ctoribus</strong></span> <span class='ocrx_word' id='word_1_632' title='bbox 2375 2751 2542 2808; x_wconf 87' lang='lat' dir='ltr'><strong>fuisse</strong></span> <span class='ocrx_word' id='word_1_633' title='bbox 2581 2753 2890 2817; x_wconf 89' lang='lat' dir='ltr'><strong>traduntur,</strong></span> <span class='ocrx_word' id='word_1_634' title='bbox 2937 2769 3166 2824; x_wconf 84' lang='lat' dir='ltr'><strong>quarum</strong></span> <span class='ocrx_word' id='word_1_635' title='bbox 3194 2754 3368 2823; x_wconf 86' lang='lat' dir='ltr'><strong>prima</strong></span> <span class='ocrx_word' id='word_1_636' title='bbox 3397 2754 3466 2810; x_wconf 88' lang='lat' dir='ltr'><strong>de</strong></span> <span class='ocrx_word' id='word_1_637' title='bbox 3490 2755 3675 2809; x_wconf 53' lang='lat' dir='ltr'><strong>Persi»</strong></span> 
     </span>
    </p>
   </div>
   <div class='ocr_carea' id='block_1_87' title="bbox 2089 2842 3678 2918">
    <p class='ocr_par' dir='ltr' id='par_1_87' title="bbox 2089 2842 3678 2918">
     <span class='ocr_line' id='line_1_88' title="bbox 2089 2842 3678 2918; baseline 0.005 -22"><span class='ocrx_word' id='word_1_638' title='bbox 2089 2842 2229 2908; x_wconf 90' lang='lat' dir='ltr'><strong>fuit,</strong></span> <span class='ocrx_word' id='word_1_639' title='bbox 2277 2845 2513 2899; x_wconf 88' lang='lat' dir='ltr'><strong>secunda</strong></span> <span class='ocrx_word' id='word_1_640' title='bbox 2552 2845 2793 2916; x_wconf 86' lang='lat' dir='ltr'><strong>Libyca,</strong></span> <span class='ocrx_word' id='word_1_641' title='bbox 2843 2849 3000 2900; x_wconf 90' lang='lat' dir='ltr'><strong>tertia</strong></span> <span class='ocrx_word' id='word_1_642' title='bbox 3044 2845 3316 2917; x_wconf 82' lang='lat' dir='ltr'><strong>Delphica,</strong></span> <span class='ocrx_word' id='word_1_643' title='bbox 3367 2848 3422 2901; x_wconf 89' lang='lat' dir='ltr'><strong>in</strong></span> <span class='ocrx_word' id='word_1_644' title='bbox 3475 2849 3678 2918; x_wconf 82' lang='lat' dir='ltr'><strong>templo</strong></span> 
     </span>
    </p>
   </div>
   <div class='ocr_carea' id='block_1_88' title="bbox 2089 2932 3672 3008">
    <p class='ocr_par' dir='ltr' id='par_1_88' title="bbox 2089 2932 3672 3008">
     <span class='ocr_line' id='line_1_89' title="bbox 2089 2932 3672 3008; baseline 0.004 -22"><span class='ocrx_word' id='word_1_645' title='bbox 2089 2932 2333 3003; x_wconf 89' lang='lat' dir='ltr'><strong>Delphici</strong></span> <span class='ocrx_word' id='word_1_646' title='bbox 2384 2934 2648 3005; x_wconf 83' lang='lat' dir='ltr'><strong>Apollinis</strong></span> <span class='ocrx_word' id='word_1_647' title='bbox 2686 2937 2867 3007; x_wconf 84' lang='lat' dir='ltr'><strong>genita</strong></span> <span class='ocrx_word' id='word_1_648' title='bbox 2919 2952 3040 3008; x_wconf 67' lang='lat' dir='ltr'><strong>quaa</strong></span> <span class='ocrx_word' id='word_1_649' title='bbox 3082 2947 3210 2992; x_wconf 90' lang='lat' dir='ltr'><strong>ante</strong></span> <span class='ocrx_word' id='word_1_650' title='bbox 3251 2937 3487 3008; x_wconf 84' lang='lat' dir='ltr'><strong>Trojaua</strong></span> <span class='ocrx_word' id='word_1_651' title='bbox 3537 2941 3672 2994; x_wconf 80' lang='lat' dir='ltr'><strong>bella</strong></span> 
     </span>
    </p>
   </div>
   <div class='ocr_carea' id='block_1_89' title="bbox 2089 3026 3674 3101">
    <p class='ocr_par' dir='ltr' id='par_1_89' title="bbox 2089 3026 3674 3101">
     <span class='ocr_line' id='line_1_90' title="bbox 2089 3026 3674 3101; baseline 0.003 -23"><span class='ocrx_word' id='word_1_652' title='bbox 2089 3027 2377 3080; x_wconf 86' lang='lat' dir='ltr'><strong>vaticinata</strong></span> <span class='ocrx_word' id='word_1_653' title='bbox 2405 3037 2520 3093; x_wconf 89' lang='lat' dir='ltr'><strong>est,</strong></span> <span class='ocrx_word' id='word_1_654' title='bbox 2551 3026 2706 3098; x_wconf 87' lang='lat' dir='ltr'><strong>cujus</strong></span> <span class='ocrx_word' id='word_1_655' title='bbox 2737 3029 2998 3099; x_wconf 89' lang='lat' dir='ltr'><strong>plurimos</strong></span> <span class='ocrx_word' id='word_1_656' title='bbox 3033 3045 3226 3086; x_wconf 89' lang='lat' dir='ltr'><strong>versus</strong></span> <span class='ocrx_word' id='word_1_657' title='bbox 3249 3031 3400 3101; x_wconf 88' lang='lat' dir='ltr'><strong>operi</strong></span> <span class='ocrx_word' id='word_1_658' title='bbox 3439 3047 3541 3087; x_wconf 87' lang='lat' dir='ltr'><strong>suo</strong></span> <span class='ocrx_word' id='word_1_659' title='bbox 3567 3033 3674 3086; x_wconf 79' lang='lat' dir='ltr'><strong>llo-</strong></span> 
     </span>
    </p>
   </div>
   <div class='ocr_carea' id='block_1_90' title="bbox 2092 3119 3680 3190">
    <p class='ocr_par' dir='ltr' id='par_1_90' title="bbox 2092 3119 3680 3190">
     <span class='ocr_line' id='line_1_91' title="bbox 2092 3119 3680 3190; baseline 0.004 -18"><span class='ocrx_word' id='word_1_660' title='bbox 2092 3135 2275 3174; x_wconf 88' lang='lat' dir='ltr'><strong>merus</strong></span> <span class='ocrx_word' id='word_1_661' title='bbox 2307 3119 2551 3176; x_wconf 89' lang='lat' dir='ltr'><strong>inseruit.</strong></span> <span class='ocrx_word' id='word_1_662' title='bbox 2594 3121 2798 3186; x_wconf 82' lang='lat' dir='ltr'><strong>Quarta</strong></span> <span class='ocrx_word' id='word_1_663' title='bbox 2836 3120 3125 3177; x_wconf 85' lang='lat' dir='ltr'><strong>Cimmeria</strong></span> <span class='ocrx_word' id='word_1_664' title='bbox 3158 3123 3212 3176; x_wconf 92' lang='lat' dir='ltr'><strong>in</strong></span> <span class='ocrx_word' id='word_1_665' title='bbox 3259 3121 3431 3177; x_wconf 81' lang='lat' dir='ltr'><strong>Italia.</strong></span> <span class='ocrx_word' id='word_1_666' title='bbox 3479 3123 3680 3190; x_wconf 80' lang='lat' dir='ltr'><strong>Quinta</strong></span> 
     </span>
    </p>
   </div>
   <div class='ocr_carea' id='block_1_91' title="bbox 2091 3209 3697 3284">
    <p class='ocr_par' dir='ltr' id='par_1_91' title="bbox 2091 3209 3697 3284">
     <span class='ocr_line' id='line_1_92' title="bbox 2091 3209 3697 3284; baseline 0.005 -22"><span class='ocrx_word' id='word_1_667' title='bbox 2091 3209 2368 3282; x_wconf 77' lang='lat' dir='ltr'><strong>Erythraea</strong></span> <span class='ocrx_word' id='word_1_668' title='bbox 2395 3211 2614 3266; x_wconf 89' lang='lat' dir='ltr'><strong>nomine</strong></span> <span class='ocrx_word' id='word_1_669' title='bbox 2645 3211 2912 3283; x_wconf 86' lang='lat' dir='ltr'><strong>Erophyla</strong></span> <span class='ocrx_word' id='word_1_670' title='bbox 2956 3212 3009 3266; x_wconf 90' lang='lat' dir='ltr'><strong>in</strong></span> <span class='ocrx_word' id='word_1_671' title='bbox 3056 3212 3330 3284; x_wconf 73' lang='lat' dir='ltr'><strong>Babylone</strong></span> <span class='ocrx_word' id='word_1_672' title='bbox 3364 3224 3508 3278; x_wconf 88' lang='lat' dir='ltr'><strong>orta,</strong></span> <span class='ocrx_word' id='word_1_673' title='bbox 3561 3231 3697 3284; x_wconf 57' lang='lat' dir='ltr'><strong>qua:</strong></span> 
     </span>
    </p>
   </div>
   <div class='ocr_carea' id='block_1_92' title="bbox 2091 3299 3680 3374">
    <p class='ocr_par' dir='ltr' id='par_1_92' title="bbox 2091 3299 3680 3374">
     <span class='ocr_line' id='line_1_93' title="bbox 2091 3299 3680 3374; baseline 0.003 -19"><span class='ocrx_word' id='word_1_674' title='bbox 2091 3299 2296 3356; x_wconf 69' lang='lat' dir='ltr'><strong>Grazcis</strong></span> <span class='ocrx_word' id='word_1_675' title='bbox 2347 3301 2502 3356; x_wconf 89' lang='lat' dir='ltr'><strong>llium</strong></span> <span class='ocrx_word' id='word_1_676' title='bbox 2535 3303 2842 3372; x_wconf 87' lang='lat' dir='ltr'><strong>petentibus</strong></span> <span class='ocrx_word' id='word_1_677' title='bbox 2883 3303 3172 3357; x_wconf 83' lang='lat' dir='ltr'><strong>vaticinata</strong></span> <span class='ocrx_word' id='word_1_678' title='bbox 3226 3313 3310 3358; x_wconf 91' lang='lat' dir='ltr'><strong>est</strong></span> <span class='ocrx_word' id='word_1_679' title='bbox 3377 3305 3680 3374; x_wconf 84' lang='lat' dir='ltr'><strong>perituram</strong></span> 
     </span>
    </p>
   </div>
   <div class='ocr_carea' id='block_1_93' title="bbox 2090 3390 3678 3464">
    <p class='ocr_par' dir='ltr' id='par_1_93' title="bbox 2090 3390 3678 3464">
     <span class='ocr_line' id='line_1_94' title="bbox 2090 3390 3678 3464; baseline 0.003 -20"><span class='ocrx_word' id='word_1_680' title='bbox 2090 3404 2213 3446; x_wconf 90' lang='lat' dir='ltr'><strong>esse</strong></span> <span class='ocrx_word' id='word_1_681' title='bbox 2252 3390 2604 3462; x_wconf 82' lang='lat' dir='ltr'><strong>&#39;l‘rojam,.et</strong></span> <span class='ocrx_word' id='word_1_682' title='bbox 2653 3391 2945 3448; x_wconf 79' lang='lat' dir='ltr'><strong>Homerum</strong></span> <span class='ocrx_word' id='word_1_683' title='bbox 2995 3394 3272 3449; x_wconf 88' lang='lat' dir='ltr'><strong>mendacia</strong></span> <span class='ocrx_word' id='word_1_684' title='bbox 3322 3395 3678 3464; x_wconf 87' lang='lat' dir='ltr'><strong>scripturum.</strong></span> 
     </span>
    </p>
   </div>
   <div class='ocr_carea' id='block_1_94' title="bbox 2091 3482 3680 3554">
    <p class='ocr_par' dir='ltr' id='par_1_94' title="bbox 2091 3482 3680 3554">
     <span class='ocr_line' id='line_1_95' title="bbox 2091 3482 3680 3554; baseline 0.004 -18"><span class='ocrx_word' id='word_1_685' title='bbox 2091 3482 2244 3536; x_wconf 88' lang='lat' dir='ltr'><strong>Dicta</strong></span> <span class='ocrx_word' id='word_1_686' title='bbox 2298 3493 2479 3537; x_wconf 88' lang='lat' dir='ltr'><strong>autem</strong></span> <span class='ocrx_word' id='word_1_687' title='bbox 2513 3483 2792 3554; x_wconf 64' lang='lat' dir='ltr'><strong>Erythraea</strong></span> <span class='ocrx_word' id='word_1_688' title='bbox 2819 3525 2834 3548; x_wconf 91' lang='lat'><strong>,</strong></span> <span class='ocrx_word' id='word_1_689' title='bbox 2868 3485 2994 3554; x_wconf 87' lang='lat' dir='ltr'><strong>quia</strong></span> <span class='ocrx_word' id='word_1_690' title='bbox 3031 3485 3083 3538; x_wconf 91' lang='lat' dir='ltr'><strong>in</strong></span> <span class='ocrx_word' id='word_1_691' title='bbox 3121 3486 3309 3539; x_wconf 89' lang='lat' dir='ltr'><strong>eadem</strong></span> <span class='ocrx_word' id='word_1_692' title='bbox 3348 3485 3523 3542; x_wconf 88' lang='lat' dir='ltr'><strong>insula</strong></span> <span class='ocrx_word' id='word_1_693' title='bbox 3562 3485 3680 3553; x_wconf 85' lang='lat' dir='ltr'><strong>ejus</strong></span> 
     </span>
    </p>
   </div>
   <div class='ocr_carea' id='block_1_95' title="bbox 2090 3573 3684 3648">
    <p class='ocr_par' dir='ltr' id='par_1_95' title="bbox 2090 3573 3684 3648">
     <span class='ocr_line' id='line_1_96' title="bbox 2090 3573 3684 3648; baseline 0.004 -20"><span class='ocrx_word' id='word_1_694' title='bbox 2090 3573 2310 3629; x_wconf 87' lang='lat' dir='ltr'><strong>inventa</strong></span> <span class='ocrx_word' id='word_1_695' title='bbox 2350 3583 2479 3630; x_wconf 90' lang='lat' dir='ltr'><strong>sunt</strong></span> <span class='ocrx_word' id='word_1_696' title='bbox 2507 3576 2768 3630; x_wconf 87' lang='lat' dir='ltr'><strong>carmina.</strong></span> <span class='ocrx_word' id='word_1_697' title='bbox 2807 3575 2991 3642; x_wconf 80' lang='lat' dir='ltr'><strong>Sexta,</strong></span> <span class='ocrx_word' id='word_1_698' title='bbox 3018 3577 3226 3642; x_wconf 88' lang='lat' dir='ltr'><strong>Samia,</strong></span> <span class='ocrx_word' id='word_1_699' title='bbox 3254 3594 3373 3648; x_wconf 73' lang='lat' dir='ltr'><strong>qua:</strong></span> <span class='ocrx_word' id='word_1_700' title='bbox 3399 3578 3684 3634; x_wconf 87' lang='lat' dir='ltr'><strong>Pbemone</strong></span> 
     </span>
    </p>
   </div>
   <div class='ocr_carea' id='block_1_96' title="bbox 2089 3665 3679 3742">
    <p class='ocr_par' dir='ltr' id='par_1_96' title="bbox 2089 3665 3679 3742">
     <span class='ocr_line' id='line_1_97' title="bbox 2089 3665 3679 3742; baseline 0.004 -22"><span class='ocrx_word' id='word_1_701' title='bbox 2089 3665 2232 3720; x_wconf 85' lang='lat' dir='ltr'><strong>dicta</strong></span> <span class='ocrx_word' id='word_1_702' title='bbox 2259 3673 2363 3732; x_wconf 89' lang='lat' dir='ltr'><strong>est,</strong></span> <span class='ocrx_word' id='word_1_703' title='bbox 2391 3681 2422 3719; x_wconf 90' lang='lat' dir='ltr'><strong>a</strong></span> <span class='ocrx_word' id='word_1_704' title='bbox 2450 3666 2614 3722; x_wconf 88' lang='lat' dir='ltr'><strong>Samo</strong></span> <span class='ocrx_word' id='word_1_705' title='bbox 2639 3667 2821 3721; x_wconf 88' lang='lat' dir='ltr'><strong>Insula</strong></span> <span class='ocrx_word' id='word_1_706' title='bbox 2841 3708 2856 3731; x_wconf 91' lang='lat'><strong>,</strong></span> <span class='ocrx_word' id='word_1_707' title='bbox 2907 3667 3050 3722; x_wconf 88' lang='lat' dir='ltr'><strong>unde</strong></span> <span class='ocrx_word' id='word_1_708' title='bbox 3095 3667 3192 3722; x_wconf 86' lang='lat' dir='ltr'><strong>fuit</strong></span> <span class='ocrx_word' id='word_1_709' title='bbox 3217 3709 3233 3734; x_wconf 91' lang='lat'><strong>,</strong></span> <span class='ocrx_word' id='word_1_710' title='bbox 3277 3671 3679 3742; x_wconf 74' lang='lat' dir='ltr'><strong>cognominata.</strong></span> 
     </span>
    </p>
   </div>
   <div class='ocr_carea' id='block_1_97' title="bbox 2091 3757 3680 3832">
    <p class='ocr_par' dir='ltr' id='par_1_97' title="bbox 2091 3757 3680 3832">
     <span class='ocr_line' id='line_1_98' title="bbox 2091 3757 3680 3832; baseline 0.003 -20"><span class='ocrx_word' id='word_1_711' title='bbox 2091 3757 2331 3826; x_wconf 82' lang='lat' dir='ltr'><strong>Septima</strong></span> <span class='ocrx_word' id='word_1_712' title='bbox 2361 3799 2376 3823; x_wconf 94' lang='lat'><strong>,</strong></span> <span class='ocrx_word' id='word_1_713' title='bbox 2406 3758 2650 3814; x_wconf 88' lang='lat' dir='ltr'><strong>Cumana</strong></span> <span class='ocrx_word' id='word_1_714' title='bbox 2674 3801 2688 3825; x_wconf 92' lang='lat'><strong>,</strong></span> <span class='ocrx_word' id='word_1_715' title='bbox 2722 3761 2938 3815; x_wconf 87' lang='lat' dir='ltr'><strong>nomine</strong></span> <span class='ocrx_word' id='word_1_716' title='bbox 2978 3761 3297 3825; x_wconf 69' lang='lat' dir='ltr'><strong>Atnalthma,</strong></span> <span class='ocrx_word' id='word_1_717' title='bbox 3331 3778 3453 3832; x_wconf 62' lang='lat' dir='ltr'><strong>quae</strong></span> <span class='ocrx_word' id='word_1_718' title='bbox 3482 3780 3680 3820; x_wconf 84' lang='lat' dir='ltr'><strong>novem</strong></span> 
     </span>
    </p>
   </div>
   <div class='ocr_carea' id='block_1_98' title="bbox 2090 3849 3685 3921">
    <p class='ocr_par' dir='ltr' id='par_1_98' title="bbox 2090 3849 3685 3921">
     <span class='ocr_line' id='line_1_99' title="bbox 2090 3849 3685 3921; baseline 0.004 -18"><span class='ocrx_word' id='word_1_719' title='bbox 2090 3849 2256 3905; x_wconf 89' lang='lat' dir='ltr'><strong>libros</strong></span> <span class='ocrx_word' id='word_1_720' title='bbox 2287 3851 2467 3905; x_wconf 90' lang='lat' dir='ltr'><strong>attulit</strong></span> <span class='ocrx_word' id='word_1_721' title='bbox 2493 3851 2789 3920; x_wconf 88' lang='lat' dir='ltr'><strong>Tarquinio</strong></span> <span class='ocrx_word' id='word_1_722' title='bbox 2816 3851 3002 3906; x_wconf 82' lang='lat' dir='ltr'><strong>Prisco</strong></span> <span class='ocrx_word' id='word_1_723' title='bbox 3029 3893 3044 3916; x_wconf 95' lang='lat'><strong>,</strong></span> <span class='ocrx_word' id='word_1_724' title='bbox 3099 3854 3150 3906; x_wconf 92' lang='lat' dir='ltr'><strong>in</strong></span> <span class='ocrx_word' id='word_1_725' title='bbox 3183 3853 3380 3921; x_wconf 86' lang='lat' dir='ltr'><strong>quibus</strong></span> <span class='ocrx_word' id='word_1_726' title='bbox 3405 3863 3566 3909; x_wconf 89' lang='lat' dir='ltr'><strong>erant</strong></span> <span class='ocrx_word' id='word_1_727' title='bbox 3592 3855 3685 3909; x_wconf 88' lang='lat' dir='ltr'><strong>de—</strong></span> 
     </span>
    </p>
   </div>
   <div class='ocr_carea' id='block_1_99' title="bbox 2089 3944 3680 4018">
    <p class='ocr_par' dir='ltr' id='par_1_99' title="bbox 2089 3944 3680 4018">
     <span class='ocr_line' id='line_1_100' title="bbox 2089 3944 3680 4018; baseline 0.002 -21"><span class='ocrx_word' id='word_1_728' title='bbox 2089 3952 2236 3999; x_wconf 90' lang='lat' dir='ltr'><strong>creta</strong></span> <span class='ocrx_word' id='word_1_729' title='bbox 2265 3944 2509 3999; x_wconf 82' lang='lat' dir='ltr'><strong>Romana</strong></span> <span class='ocrx_word' id='word_1_730' title='bbox 2539 3945 2844 4015; x_wconf 84' lang='lat' dir='ltr'><strong>conscripta</strong></span> <span class='ocrx_word' id='word_1_731' title='bbox 2875 3963 2888 4000; x_wconf 91' lang='lat'>:</span> <span class='ocrx_word' id='word_1_732' title='bbox 2923 3945 3038 4016; x_wconf 91' lang='lat' dir='ltr'><strong>ipsa</strong></span> <span class='ocrx_word' id='word_1_733' title='bbox 3075 3954 3158 4000; x_wconf 90' lang='lat' dir='ltr'><strong>est</strong></span> <span class='ocrx_word' id='word_1_734' title='bbox 3193 3944 3428 4002; x_wconf 64' lang='lat' dir='ltr'><strong>Cumaea.</strong></span> <span class='ocrx_word' id='word_1_735' title='bbox 3463 3949 3542 4002; x_wconf 89' lang='lat' dir='ltr'><strong>De</strong></span> <span class='ocrx_word' id='word_1_736' title='bbox 3571 3963 3680 4018; x_wconf 85' lang='lat' dir='ltr'><strong>qua</strong></span> 
     </span>
    </p>
   </div>
   <div class='ocr_carea' id='block_1_100' title="bbox 2090 4032 2392 4106">
    <p class='ocr_par' dir='ltr' id='par_1_100' title="bbox 2090 4032 2392 4106">
     <span class='ocr_line' id='line_1_101' title="bbox 2090 4032 2392 4106; baseline 0.007 -20"><span class='ocrx_word' id='word_1_737' title='bbox 2090 4032 2346 4106; x_wconf 81' lang='lat' dir='ltr'><strong>Virgilius</strong></span> <span class='ocrx_word' id='word_1_738' title='bbox 2377 4051 2392 4088; x_wconf 93' lang='lat'><strong>:</strong></span> 
     </span>
    </p>
   </div>
   <div class='ocr_carea' id='block_1_101' title="bbox 2273 4147 3329 4211">
    <p class='ocr_par' dir='ltr' id='par_1_101' title="bbox 2273 4147 3329 4211">
     <span class='ocr_line' id='line_1_102' title="bbox 2273 4147 3329 4211; baseline 0 -13"><span class='ocrx_word' id='word_1_739' title='bbox 2273 4147 2451 4198; x_wconf 78' lang='lat' dir='ltr'><strong>Ultima</strong></span> <span class='ocrx_word' id='word_1_740' title='bbox 2475 4149 2654 4200; x_wconf 66' lang='grc' dir='ltr'>(ἶιιιιιωί</span> <span class='ocrx_word' id='word_1_741' title='bbox 2679 4149 2812 4200; x_wconf 87' lang='lat' dir='ltr'><strong>venit</strong></span> <span class='ocrx_word' id='word_1_742' title='bbox 2833 4150 2929 4211; x_wconf 83' lang='lat' dir='ltr'><strong>jam</strong></span> <span class='ocrx_word' id='word_1_743' title='bbox 2953 4150 3175 4198; x_wconf 85' lang='lat' dir='ltr'><strong>carminis</strong></span> <span class='ocrx_word' id='word_1_744' title='bbox 3197 4157 3329 4200; x_wconf 63' lang='lat' dir='ltr'><strong>a‘tas.</strong></span> 
     </span>
    </p>
   </div>
   <div class='ocr_carea' id='block_1_102' title="bbox 2091 4252 3679 4323">
    <p class='ocr_par' dir='ltr' id='par_1_102' title="bbox 2091 4252 3679 4323">
     <span class='ocr_line' id='line_1_103' title="bbox 2091 4252 3679 4323; baseline 0.003 -16"><span class='ocrx_word' id='word_1_745' title='bbox 2091 4253 2242 4308; x_wconf 89' lang='lat' dir='ltr'><strong>Dicta</strong></span> <span class='ocrx_word' id='word_1_746' title='bbox 2288 4261 2467 4308; x_wconf 89' lang='lat' dir='ltr'><strong>autem</strong></span> <span class='ocrx_word' id='word_1_747' title='bbox 2509 4252 2747 4308; x_wconf 90' lang='lat' dir='ltr'><strong>Cumana</strong></span> <span class='ocrx_word' id='word_1_748' title='bbox 2773 4268 2803 4307; x_wconf 93' lang='lat' dir='ltr'><strong>a</strong></span> <span class='ocrx_word' id='word_1_749' title='bbox 2833 4253 3050 4308; x_wconf 85' lang='lat' dir='ltr'><strong>civitate</strong></span> <span class='ocrx_word' id='word_1_750' title='bbox 3077 4252 3263 4308; x_wconf 89' lang='lat' dir='ltr'><strong>Cumis</strong></span> <span class='ocrx_word' id='word_1_751' title='bbox 3288 4295 3302 4314; x_wconf 90' lang='lat'><strong>,</strong></span> <span class='ocrx_word' id='word_1_752' title='bbox 3345 4268 3466 4323; x_wconf 66' lang='lat' dir='ltr'><strong>quae</strong></span> <span class='ocrx_word' id='word_1_753' title='bbox 3495 4262 3580 4309; x_wconf 82' lang='lat' dir='ltr'><strong>est</strong></span> <span class='ocrx_word' id='word_1_754' title='bbox 3622 4256 3679 4312; x_wconf 92' lang='lat' dir='ltr'><strong>in</strong></span> 
     </span>
    </p>
   </div>
   <div class='ocr_carea' id='block_1_103' title="bbox 2089 4341 3677 4415">
    <p class='ocr_par' dir='ltr' id='par_1_103' title="bbox 2089 4341 3677 4415">
     <span class='ocr_line' id='line_1_104' title="bbox 2089 4341 3677 4415; baseline 0.003 -17"><span class='ocrx_word' id='word_1_755' title='bbox 2089 4343 2408 4415; x_wconf 84' lang='lat' dir='ltr'><strong>Campania,</strong></span> <span class='ocrx_word' id='word_1_756' title='bbox 2437 4341 2590 4412; x_wconf 88' lang='lat' dir='ltr'><strong>cujus</strong></span> <span class='ocrx_word' id='word_1_757' title='bbox 2629 4342 2938 4414; x_wconf 88' lang='lat' dir='ltr'><strong>sepulcrum</strong></span> <span class='ocrx_word' id='word_1_758' title='bbox 2965 4343 3142 4398; x_wconf 88' lang='lat' dir='ltr'><strong>adhuc</strong></span> <span class='ocrx_word' id='word_1_759' title='bbox 3164 4343 3217 4398; x_wconf 90' lang='lat' dir='ltr'><strong>in</strong></span> <span class='ocrx_word' id='word_1_760' title='bbox 3253 4343 3434 4398; x_wconf 86' lang='lat' dir='ltr'><strong>Sicilia</strong></span> <span class='ocrx_word' id='word_1_761' title='bbox 3466 4358 3677 4402; x_wconf 89' lang='lat' dir='ltr'><strong>manet.</strong></span> 
     </span>
    </p>
   </div>
   <div class='ocr_carea' id='block_1_104' title="bbox 2089 4431 3680 4505">
    <p class='ocr_par' dir='ltr' id='par_1_104' title="bbox 2089 4431 3680 4505">
     <span class='ocr_line' id='line_1_105' title="bbox 2089 4431 3680 4505; baseline 0.002 -16"><span class='ocrx_word' id='word_1_762' title='bbox 2089 4431 2314 4499; x_wconf 87' lang='lat' dir='ltr'><strong>Octava,</strong></span> <span class='ocrx_word' id='word_1_763' title='bbox 2345 4433 2707 4504; x_wconf 84' lang='lat' dir='ltr'><strong>Hcllespontia</strong></span> <span class='ocrx_word' id='word_1_764' title='bbox 2737 4434 2789 4488; x_wconf 92' lang='lat' dir='ltr'><strong>in</strong></span> <span class='ocrx_word' id='word_1_765' title='bbox 2819 4449 2948 4504; x_wconf 87' lang='lat' dir='ltr'><strong>agro</strong></span> <span class='ocrx_word' id='word_1_766' title='bbox 2975 4433 3210 4500; x_wconf 77' lang='lat' dir='ltr'><strong>Trojano</strong></span> <span class='ocrx_word' id='word_1_767' title='bbox 3235 4443 3519 4505; x_wconf 78' lang='lat' dir='ltr'><strong>nata,qu:n</strong></span> <span class='ocrx_word' id='word_1_768' title='bbox 3543 4439 3680 4492; x_wconf 80' lang='lat' dir='ltr'><strong>scri-</strong></span> 
     </span>
    </p>
   </div>
   <div class='ocr_carea' id='block_1_105' title="bbox 2021 4515 3680 4603">
    <p class='ocr_par' dir='ltr' id='par_1_105' title="bbox 2021 4515 3680 4603">
     <span class='ocr_line' id='line_1_106' title="bbox 2021 4515 3680 4603; baseline 0.001 -19"><span class='ocrx_word' id='word_1_769' title='bbox 2021 4515 2068 4574; x_wconf 81' lang='grc' dir='ltr'><strong>Ῑ)</strong></span> <span class='ocrx_word' id='word_1_770' title='bbox 2093 4529 2240 4584; x_wconf 91' lang='lat' dir='ltr'><strong>bitur</strong></span> <span class='ocrx_word' id='word_1_771' title='bbox 2271 4527 2486 4583; x_wconf 90' lang='lat' dir='ltr'><strong>Solonis</strong></span> <span class='ocrx_word' id='word_1_772' title='bbox 2507 4537 2562 4582; x_wconf 92' lang='lat' dir='ltr'><strong>et</strong></span> <span class='ocrx_word' id='word_1_773' title='bbox 2587 4527 2712 4600; x_wconf 87' lang='lat' dir='ltr'><strong>Cyri</strong></span> <span class='ocrx_word' id='word_1_774' title='bbox 2740 4527 2909 4584; x_wconf 89' lang='lat' dir='ltr'><strong>fuisse</strong></span> <span class='ocrx_word' id='word_1_775' title='bbox 2935 4529 3288 4598; x_wconf 85' lang='lat' dir='ltr'><strong>temporibus.</strong></span> <span class='ocrx_word' id='word_1_776' title='bbox 3327 4528 3474 4584; x_wconf 88' lang='lat' dir='ltr'><strong>Noua</strong></span> <span class='ocrx_word' id='word_1_777' title='bbox 3505 4529 3680 4603; x_wconf 85' lang='lat' dir='ltr'><strong>Phry-</strong></span> 
     </span>
    </p>
   </div>
   <div class='ocr_carea' id='block_1_106' title="bbox 2091 4625 3682 4698">
    <p class='ocr_par' dir='ltr' id='par_1_106' title="bbox 2091 4625 3682 4698">
     <span class='ocr_line' id='line_1_107' title="bbox 2091 4625 3682 4698; baseline 0 -18"><span class='ocrx_word' id='word_1_778' title='bbox 2091 4627 2199 4698; x_wconf 90' lang='lat' dir='ltr'><strong>gia,</strong></span> <span class='ocrx_word' id='word_1_779' title='bbox 2261 4643 2382 4697; x_wconf 73' lang='lat' dir='ltr'><strong>qum</strong></span> <span class='ocrx_word' id='word_1_780' title='bbox 2433 4626 2728 4682; x_wconf 88' lang='lat' dir='ltr'><strong>vaticinata</strong></span> <span class='ocrx_word' id='word_1_781' title='bbox 2774 4635 2859 4681; x_wconf 89' lang='lat' dir='ltr'><strong>est</strong></span> <span class='ocrx_word' id='word_1_782' title='bbox 2909 4625 3174 4697; x_wconf 71' lang='lat' dir='ltr'><strong>Ancyrim.</strong></span> <span class='ocrx_word' id='word_1_783' title='bbox 3239 4626 3498 4692; x_wconf 88' lang='lat' dir='ltr'><strong>Decima,</strong></span> <span class='ocrx_word' id='word_1_784' title='bbox 3557 4642 3682 4696; x_wconf 72' lang='lat' dir='ltr'><strong>qum</strong></span> 
     </span>
    </p>
   </div>
   <div class='ocr_carea' id='block_1_107' title="bbox 2091 4717 3681 4790">
    <p class='ocr_par' dir='ltr' id='par_1_107' title="bbox 2091 4717 3681 4790">
     <span class='ocr_line' id='line_1_108' title="bbox 2091 4717 3681 4790; baseline -0.001 -16"><span class='ocrx_word' id='word_1_785' title='bbox 2091 4719 2337 4790; x_wconf 81' lang='lat' dir='ltr'><strong>Tyburtii</strong></span> <span class='ocrx_word' id='word_1_786' title='bbox 2370 4719 2588 4775; x_wconf 90' lang='lat' dir='ltr'><strong>nomine</strong></span> <span class='ocrx_word' id='word_1_787' title='bbox 2637 4717 2902 4773; x_wconf 83' lang='lat' dir='ltr'><strong>Albunea.</strong></span> <span class='ocrx_word' id='word_1_788' title='bbox 2975 4717 3215 4785; x_wconf 87' lang='lat' dir='ltr'><strong>Quarum</strong></span> <span class='ocrx_word' id='word_1_789' title='bbox 3260 4719 3501 4773; x_wconf 88' lang='lat' dir='ltr'><strong>omnium</strong></span> <span class='ocrx_word' id='word_1_790' title='bbox 3553 4734 3681 4773; x_wconf 87' lang='lat' dir='ltr'><strong>car-</strong></span> 
     </span>
    </p>
   </div>
   <div class='ocr_carea' id='block_1_108' title="bbox 2089 4807 3683 4881">
    <p class='ocr_par' dir='ltr' id='par_1_108' title="bbox 2089 4807 3683 4881">
     <span class='ocr_line' id='line_1_109' title="bbox 2089 4807 3683 4881; baseline -0.003 -14"><span class='ocrx_word' id='word_1_791' title='bbox 2089 4813 2236 4867; x_wconf 89' lang='lat' dir='ltr'><strong>mina</strong></span> <span class='ocrx_word' id='word_1_792' title='bbox 2264 4810 2580 4871; x_wconf 73' lang='lat' dir='ltr'><strong>eﬂeruntttr.</strong></span> <span class='ocrx_word' id='word_1_793' title='bbox 2636 4809 2691 4864; x_wconf 90' lang='lat' dir='ltr'><strong>in</strong></span> <span class='ocrx_word' id='word_1_794' title='bbox 2748 4811 2944 4881; x_wconf 88' lang='lat' dir='ltr'><strong>quibus</strong></span> <span class='ocrx_word' id='word_1_795' title='bbox 2985 4807 3052 4865; x_wconf 92' lang='lat' dir='ltr'><strong>de</strong></span> <span class='ocrx_word' id='word_1_796' title='bbox 3099 4809 3210 4864; x_wconf 87' lang='lat' dir='ltr'><strong>Deo</strong></span> <span class='ocrx_word' id='word_1_797' title='bbox 3252 4819 3304 4866; x_wconf 90' lang='lat' dir='ltr'><strong>et</strong></span> <span class='ocrx_word' id='word_1_798' title='bbox 3359 4809 3577 4865; x_wconf 90' lang='lat' dir='ltr'><strong>Christo</strong></span> <span class='ocrx_word' id='word_1_799' title='bbox 3625 4819 3683 4866; x_wconf 88' lang='lat' dir='ltr'><strong>et</strong></span> 
     </span>
    </p>
   </div>
   <div class='ocr_carea' id='block_1_109' title="bbox 2089 4899 3681 4974">
    <p class='ocr_par' dir='ltr' id='par_1_109' title="bbox 2089 4899 3681 4974">
     <span class='ocr_line' id='line_1_110' title="bbox 2089 4899 3681 4974; baseline -0.003 -17"><span class='ocrx_word' id='word_1_800' title='bbox 2089 4902 2339 4974; x_wconf 84' lang='lat' dir='ltr'><strong>gentibus</strong></span> <span class='ocrx_word' id='word_1_801' title='bbox 2394 4901 2560 4955; x_wconf 82' lang='lat' dir='ltr'><strong>multa</strong></span> <span class='ocrx_word' id='word_1_802' title='bbox 2609 4900 2894 4971; x_wconf 89' lang='lat' dir='ltr'><strong>scripsisse</strong></span> <span class='ocrx_word' id='word_1_803' title='bbox 2941 4899 3381 4956; x_wconf 78' lang='lat' dir='ltr'><strong>manifestiSsime</strong></span> <span class='ocrx_word' id='word_1_804' title='bbox 3426 4916 3681 4970; x_wconf 83' lang='lat' dir='ltr'><strong>compro-</strong></span> 
     </span>
    </p>
   </div>
   <div class='ocr_carea' id='block_1_110' title="bbox 2088 4989 3678 5060">
    <p class='ocr_par' dir='ltr' id='par_1_110' title="bbox 2088 4989 3678 5060">
     <span class='ocr_line' id='line_1_111' title="bbox 2088 4989 3678 5060; baseline -0.001 -14"><span class='ocrx_word' id='word_1_805' title='bbox 2088 4991 2306 5046; x_wconf 89' lang='lat' dir='ltr'><strong>bantur.</strong></span> <span class='ocrx_word' id='word_1_806' title='bbox 2331 4989 2607 5046; x_wconf 83' lang='lat' dir='ltr'><strong>Celebrior</strong></span> <span class='ocrx_word' id='word_1_807' title='bbox 2629 4991 2770 5044; x_wconf 91' lang='lat' dir='ltr'><strong>inter</strong></span> <span class='ocrx_word' id='word_1_808' title='bbox 2789 4998 3014 5045; x_wconf 70' lang='lat' dir='ltr'><strong>cmteras</strong></span> <span class='ocrx_word' id='word_1_809' title='bbox 3042 5005 3105 5044; x_wconf 89' lang='lat' dir='ltr'><strong>ac</strong></span> <span class='ocrx_word' id='word_1_810' title='bbox 3141 4990 3370 5045; x_wconf 90' lang='lat' dir='ltr'><strong>nobilior</strong></span> <span class='ocrx_word' id='word_1_811' title='bbox 3392 4989 3678 5060; x_wconf 51' lang='lat' dir='ltr'><strong>Erythraea</strong></span> 
     </span>
    </p>
   </div>
   <div class='ocr_carea' id='block_1_111' title="bbox 2088 5079 3682 5152">
    <p class='ocr_par' dir='ltr' id='par_1_111' title="bbox 2088 5079 3682 5152">
     <span class='ocr_line' id='line_1_112' title="bbox 2088 5079 3682 5152; baseline -0.001 -15"><span class='ocrx_word' id='word_1_812' title='bbox 2088 5081 2408 5152; x_wconf 91' lang='lat' dir='ltr'><strong>perhibetur</strong></span> <span class='ocrx_word' id='word_1_813' title='bbox 2440 5122 2455 5147; x_wconf 97' lang='lat'><strong>,</strong></span> <span class='ocrx_word' id='word_1_814' title='bbox 2490 5097 2611 5151; x_wconf 70' lang='lat' dir='ltr'><strong>qum</strong></span> <span class='ocrx_word' id='word_1_815' title='bbox 2649 5081 2716 5136; x_wconf 85' lang='lat' dir='ltr'><strong>de</strong></span> <span class='ocrx_word' id='word_1_816' title='bbox 2758 5081 2976 5136; x_wconf 93' lang='lat' dir='ltr'><strong>Christo</strong></span> <span class='ocrx_word' id='word_1_817' title='bbox 3007 5079 3250 5150; x_wconf 72' lang='lat' dir='ltr'><strong>qumdam</strong></span> <span class='ocrx_word' id='word_1_818' title='bbox 3305 5079 3563 5150; x_wconf 87' lang='lat' dir='ltr'><strong>scripsit,</strong></span> <span class='ocrx_word' id='word_1_819' title='bbox 3621 5092 3682 5136; x_wconf 89' lang='lat' dir='ltr'><strong>nt</strong></span> 
     </span>
    </p>
   </div>
   <div class='ocr_carea' id='block_1_112' title="bbox 2089 5172 3681 5244">
    <p class='ocr_par' dir='ltr' id='par_1_112' title="bbox 2089 5172 3681 5244">
     <span class='ocr_line' id='line_1_113' title="bbox 2089 5172 3681 5244; baseline -0.003 -14"><span class='ocrx_word' id='word_1_820' title='bbox 2089 5183 2217 5230; x_wconf 89' lang='lat' dir='ltr'><strong>sunt</strong></span> <span class='ocrx_word' id='word_1_821' title='bbox 2261 5189 2451 5230; x_wconf 90' lang='lat' dir='ltr'><strong>versus</strong></span> <span class='ocrx_word' id='word_1_822' title='bbox 2484 5173 2756 5244; x_wconf 82' lang='lat' dir='ltr'><strong>ejusdem,</strong></span> <span class='ocrx_word' id='word_1_823' title='bbox 2801 5174 2855 5229; x_wconf 93' lang='lat' dir='ltr'><strong>in</strong></span> <span class='ocrx_word' id='word_1_824' title='bbox 2904 5189 3132 5244; x_wconf 87' lang='lat' dir='ltr'><strong>quorum</strong></span> <span class='ocrx_word' id='word_1_825' title='bbox 3190 5172 3458 5243; x_wconf 88' lang='lat' dir='ltr'><strong>capitibus</strong></span> <span class='ocrx_word' id='word_1_826' title='bbox 3497 5188 3681 5242; x_wconf 72' lang='lat' dir='ltr'><strong>graeca</strong></span> 
     </span>
    </p>
   </div>
   <div class='ocr_carea' id='block_1_113' title="bbox 2089 5264 3680 5338">
    <p class='ocr_par' dir='ltr' id='par_1_113' title="bbox 2089 5264 3680 5338">
     <span class='ocr_line' id='line_1_114' title="bbox 2089 5264 3680 5338; baseline -0.001 -19"><span class='ocrx_word' id='word_1_827' title='bbox 2089 5265 2270 5338; x_wconf 83' lang='lat' dir='ltr'><strong>lingua</strong></span> <span class='ocrx_word' id='word_1_828' title='bbox 2308 5266 2492 5322; x_wconf 88' lang='lat' dir='ltr'><strong>lcsous</strong></span> <span class='ocrx_word' id='word_1_829' title='bbox 2520 5265 2766 5321; x_wconf 71' lang='lat' dir='ltr'><strong>Clu-istos</strong></span> <span class='ocrx_word' id='word_1_830' title='bbox 2818 5264 2996 5320; x_wconf 79' lang='lat' dir='ltr'><strong>Tlteou</strong></span> <span class='ocrx_word' id='word_1_831' title='bbox 3034 5265 3145 5336; x_wconf 83' lang='lat' dir='ltr'><strong>yios</strong></span> <span class='ocrx_word' id='word_1_832' title='bbox 3174 5275 3312 5318; x_wconf 85' lang='lat' dir='ltr'><strong>soter</strong></span> <span class='ocrx_word' id='word_1_833' title='bbox 3342 5265 3680 5328; x_wconf 86' lang='lat' dir='ltr'><strong>continetur,</strong></span> 
     </span>
    </p>
   </div>
   <div class='ocr_carea' id='block_1_114' title="bbox 2089 5353 3683 5429">
    <p class='ocr_par' dir='ltr' id='par_1_114' title="bbox 2089 5353 3683 5429">
     <span class='ocr_line' id='line_1_115' title="bbox 2089 5353 3683 5429; baseline -0.003 -15"><span class='ocrx_word' id='word_1_834' title='bbox 2089 5359 2234 5429; x_wconf 87' lang='lat' dir='ltr'><strong>quod</strong></span> <span class='ocrx_word' id='word_1_835' title='bbox 2258 5358 2424 5414; x_wconf 86' lang='lat' dir='ltr'><strong>latine</strong></span> <span class='ocrx_word' id='word_1_836' title='bbox 2462 5359 2878 5429; x_wconf 84' lang='lat' dir='ltr'><strong>interpretatur,</strong></span> <span class='ocrx_word' id='word_1_837' title='bbox 2908 5354 3066 5412; x_wconf 72' lang='lat' dir='ltr'><strong>Iesus</strong></span> <span class='ocrx_word' id='word_1_838' title='bbox 3097 5354 3338 5416; x_wconf 71' lang='lat' dir='ltr'><strong>Christus</strong></span> <span class='ocrx_word' id='word_1_839' title='bbox 3373 5354 3472 5409; x_wconf 82' lang='lat' dir='ltr'><strong>Dei</strong></span> <span class='ocrx_word' id='word_1_840' title='bbox 3504 5353 3683 5410; x_wconf 73' lang='lat' dir='ltr'><strong>Filius</strong></span> 
     </span>
    </p>
   </div>
   <div class='ocr_carea' id='block_1_115' title="bbox 2088 5446 3680 5518">
    <p class='ocr_par' dir='ltr' id='par_1_115' title="bbox 2088 5446 3680 5518">
     <span class='ocr_line' id='line_1_116' title="bbox 2088 5446 3680 5518; baseline -0.003 -14"><span class='ocrx_word' id='word_1_841' title='bbox 2088 5447 2348 5504; x_wconf 83' lang='lat' dir='ltr'><strong>Salvator.</strong></span> <span class='ocrx_word' id='word_1_842' title='bbox 2378 5449 2442 5504; x_wconf 80' lang='lat' dir='ltr'><strong>lli</strong></span> <span class='ocrx_word' id='word_1_843' title='bbox 2473 5459 2651 5505; x_wconf 90' lang='lat' dir='ltr'><strong>autem</strong></span> <span class='ocrx_word' id='word_1_844' title='bbox 2681 5464 2890 5512; x_wconf 88' lang='lat' dir='ltr'><strong>versus,</strong></span> <span class='ocrx_word' id='word_1_845' title='bbox 2915 5463 3141 5518; x_wconf 91' lang='lat' dir='ltr'><strong>quorum</strong></span> <span class='ocrx_word' id='word_1_846' title='bbox 3168 5447 3359 5518; x_wconf 72' lang='lat' dir='ltr'><strong>prima:</strong></span> <span class='ocrx_word' id='word_1_847' title='bbox 3383 5446 3583 5502; x_wconf 73' lang='lat' dir='ltr'><strong>littera:</strong></span> <span class='ocrx_word' id='word_1_848' title='bbox 3611 5446 3680 5500; x_wconf 87' lang='lat' dir='ltr'><strong>il-</strong></span> 
     </span>
    </p>
   </div>
   <div class='ocr_carea' id='block_1_116' title="bbox 2085 5536 3681 5610">
    <p class='ocr_par' dir='ltr' id='par_1_116' title="bbox 2085 5536 3681 5610">
     <span class='ocr_line' id='line_1_117' title="bbox 2085 5536 3681 5610; baseline -0.002 -17"><span class='ocrx_word' id='word_1_849' title='bbox 2085 5539 2195 5594; x_wconf 88' lang='lat' dir='ltr'><strong>lum</strong></span> <span class='ocrx_word' id='word_1_850' title='bbox 2218 5555 2453 5604; x_wconf 89' lang='lat' dir='ltr'><strong>sensum,</strong></span> <span class='ocrx_word' id='word_1_851' title='bbox 2471 5555 2628 5610; x_wconf 87' lang='lat' dir='ltr'><strong>quem</strong></span> <span class='ocrx_word' id='word_1_852' title='bbox 2657 5538 2891 5594; x_wconf 80' lang='lat' dir='ltr'><strong>diximus</strong></span> <span class='ocrx_word' id='word_1_853' title='bbox 2909 5538 3156 5601; x_wconf 86' lang='lat' dir='ltr'><strong>reddant,</strong></span> <span class='ocrx_word' id='word_1_854' title='bbox 3180 5536 3321 5591; x_wconf 91' lang='lat' dir='ltr'><strong>sicut</strong></span> <span class='ocrx_word' id='word_1_855' title='bbox 3340 5551 3434 5591; x_wconf 85' lang='lat' dir='ltr'><strong>eos</strong></span> <span class='ocrx_word' id='word_1_856' title='bbox 3454 5537 3681 5606; x_wconf 86' lang='lat' dir='ltr'><strong>quidam</strong></span> 
     </span>
    </p>
   </div>
   <div class='ocr_carea' id='block_1_117' title="bbox 2085 5626 3683 5699">
    <p class='ocr_par' dir='ltr' id='par_1_117' title="bbox 2085 5626 3683 5699">
     <span class='ocr_line' id='line_1_118' title="bbox 2085 5626 3683 5699; baseline -0.004 -14"><span class='ocrx_word' id='word_1_857' title='bbox 2085 5629 2267 5686; x_wconf 86' lang='lat' dir='ltr'><strong>latinis</strong></span> <span class='ocrx_word' id='word_1_858' title='bbox 2311 5631 2647 5686; x_wconf 80' lang='lat' dir='ltr'><strong>exstantibus</strong></span> <span class='ocrx_word' id='word_1_859' title='bbox 2695 5628 2940 5685; x_wconf 86' lang='lat' dir='ltr'><strong>versibus</strong></span> <span class='ocrx_word' id='word_1_860' title='bbox 2982 5637 3065 5684; x_wconf 90' lang='lat' dir='ltr'><strong>est</strong></span> <span class='ocrx_word' id='word_1_861' title='bbox 3099 5628 3530 5699; x_wconf 82' lang='lat' dir='ltr'><strong>interpretatus,</strong></span> <span class='ocrx_word' id='word_1_862' title='bbox 3577 5626 3683 5681; x_wconf 86' lang='lat' dir='ltr'><strong>hoc</strong></span> 
     </span>
    </p>
   </div>
   <div class='ocr_carea' id='block_1_118' title="bbox 2083 5723 2406 5784">
    <p class='ocr_par' dir='ltr' id='par_1_118' title="bbox 2083 5723 2406 5784">
     <span class='ocr_line' id='line_1_119' title="bbox 2083 5723 2406 5784; baseline -0.003 -5"><span class='ocrx_word' id='word_1_863' title='bbox 2083 5723 2360 5784; x_wconf 83' lang='lat' dir='ltr'><strong>continent</strong></span> <span class='ocrx_word' id='word_1_864' title='bbox 2392 5742 2406 5778; x_wconf 75' lang='grc' dir='ltr'><strong><em>ε</em></strong></span> 
     </span>
    </p>
   </div>
  </div>
