3974 6188
270 276 370 331 Εἰ

395 388 571 439 Judlcii
597 389 817 447 signum,
844 383 995 435 tellus
1015 380 1202 447 sudore
1220 382 1472 447 madescit.

399 451 435 499 Ε
458 452 584 502 cudo
609 443 698 498 rex
727 443 956 495 adveniet
982 459 1069 507 per
1092 443 1239 507 stet-Ia,
1259 445 1466 505 futurus,

396 513 598 562 Scilicet
624 522 678 559 ut
704 522 851 557 carne
877 505 1093 570 praesens
1115 505 1345 570 dgijudicet
1367 508 1536 570 urbem
1563 521 1571 570 ξ

402 573 537 622 I'ude
565 574 726 621 Deum
758 566 966 619 cernent
992 568 1271 617 incredulus
1293 576 1441 625 atque
1471 566 1646 627 lldelis,

399 636 593 684 Celsum
622 648 732 681 cum
756 634 957 689 sanetis,
983 632 1070 677 aLvi
1096 629 1188 688 iam
1217 630 1428 677 termino
1454 628 1500 675 in
1527 630 1650 687 ipso.

398 695 480 745 Sic
502 699 680 746 anime
703 709 812 742 cum
836 704 984 740 carne
1019 692 1241 743 aderunt.
1270 703 1388 751 (ptas
1407 691 1585 749 judieat
1609 694 1734 750 ipse,

397 759 512 807 Cum
536 761 662 815 jacet
693 757 902 802 incultus
924 753 1090 800 densis
1116 756 1161 798 in
1189 753 1420 813 vepribus
1442 752 1571 798 urbis
1599 790 1610 807 ,

400 821 642 876 Ilejicient
662 816 914 866 simulacra
940 816 1050 874 viri,
1076 821 1295 861 cunctam
1321 824 1516 873 miomne
1544 826 1731 874 gazam,

398 881 595 930 lintret
621 888 777 928 terras
806 877 931 935 ignis
955 883 1255 937 pontumque
1283 877 1562 937 polumque,

403 942 676 1003 Inquitens,
704 943 818 1003 tetri
846 935 1007 1003 portas
1032 935 1264 1003 etfringet
1288 935 1487 1003 Averni.

399 996 683 1052 Sanctorum}
704 1000 792 1048 sed
820 1001 948 1048 enim
971 1007 1156 1046 cuncta:
1181 998 1260 1043 lux
1289 996 1440 1044 libera
1466 998 1596 1043 carni

398 1065 661 1121 Tradetur,
687 1070 859 1114 suntcs
881 1068 1063 1107 aeterna
1095 1058 1281 1106 llatuma
1300 1059 1551 1121 cremabit.

400 1127 625 1176 Occultos
645 1118 733 1174 act
755 1136 781 1172 s
805 1131 1041 1177 retegens
1064 1127 1180 1167 tunc
1203 1120 1411 1179 quisque
1446 1118 1676 1179 loquetur

400 1190 626 1245 Secreta,
651 1196 800 1246 atque
823 1184 954 1232 Deus
976 1186 1218 1246 reserabit
1244 1188 1439 1246 pectora
1467 1180 1581 1228 luci.

401 1250 537 1298 'I‘unc
564 1242 659 1297 erit
686 1242 738 1295 et
762 1249 936 1306 luctus,
958 1257 982 1291 s
1005 1242 1491 1306 ridebuntdenttbus
1509 1254 1695 1306 attines.

402 1311 625 1372 Eripitur
648 1308 762 1372 solis
782 1304 943 1372 juba‘r,
967 1312 1019 1353 et
1030 1305 1216 1372 chorus
1238 1304 1584 1372 i‘nterit‘as'ris.

400 1365 637 1421 Voli‘etur
661 1365 859 1430 caelum,
888 1367 1068 1430 lunaris
1089 1365 1320 1430 splendor
1333 1366 1512 1430 obibit.

398 1433 613 1491 Deiciet
636 1433 809 1488 colles,
837 1426 988 1476 valles
1014 1426 1222 1491 extollet
1246 1428 1306 1491 ab
1329 1428 1440 1472 imo.

399 1485 503 1544 Non
530 1497 625 1543 erit
649 1496 695 1540 in
712 1485 862 1540 rebus
886 1492 1132 1537 hominum
1151 1488 1362 1535 sublime
1382 1486 1458 1535 vel
1483 1485 1651 1534 altum.

399 1558 506 1606 Jam
533 1562 788 1616 aquantur
808 1554 989 1616 campis
1013 1558 1203 1616 montes
1226 1557 1278 1597 et
1303 1548 1656 1616 caerulaponti.

396 1620 572 1669 Omnia
596 1610 878 1676 cessabunt,
906 1610 1054 1662 tellus
1075 1610 1316 1676 confracta
1343 1610 1542 1676 peribit.

397 1682 483 1731 Sic
509 1682 695 1741 pariter
716 1670 886 1741 futues
901 1682 1149 1741 torrentur
1172 1673 1469 1741 ﬂuminaque
1492 1670 1611 1741 igni.

395 1743 496 1791 Sed
509 1732 638 1789 'tuba
663 1747 765 1788 tum
787 1739 994 1786 sonitum
1019 1736 1206 1783 tristem
1229 1734 1438 1780 dimittet
1462 1733 1521 1778 ab
1548 1732 1643 1778 alto

396 1804 553 1862 Orbe,
578 1812 792 1863 gemens
814 1799 998 1863 facinus
1019 1807 1253 1863 miserum
1266 1805 1536 1863 varumque
1556 1791 1768 1863 labores.

398 1855 796 1922 Tartareumque
825 1862 969 1908 chaos
992 1857 1280 1906 monstrabit
1304 1864 1435 1903 terra
1458 1855 1738 1922 dehiscens.

398 1926 464 1975 Et
486 1939 653 1975 coram
679 1916 758 1972 hic
785 1922 990 1969 Domino
1011 1931 1163 1980 rcges
1180 1924 1416 1964 sistentur
1439 1916 1496 1962 ad
1524 1928 1687 1963 unum.

403 1989 609 2037 ltecizlet
635 1999 664 2034 e
695 1985 819 2034 cuzlo
840 1984 1064 2044 ignisque
1087 1987 1139 2029 et
1161 1980 1409 2041 s..|pburis
1428 1981 1601 2029 atitnis.

266 2122 328 2177 In
354 2119 440 2174 his
464 2115 651 2170 latinis
671 2113 943 2177 versibus,
973 2111 1038 2166 de
1068 2124 1244 2181 grzeco
1265 2117 1542 2177 utcunque
1571 2104 1864 2170 translatis,

270 2211 345 2265 ibi
371 2224 476 2264 non
509 2206 600 2261 ille
627 2219 821 2260 sensus
848 2215 1138 2257 occurrere
1161 2200 1359 2269 potuit,
1390 2198 1479 2267 qui
1511 2198 1570 2251 tit
1613 2212 1735 2252 cum
1781 2196 1870 2250 lit—
1912 2244 1922 2258 ,

271 2313 402 2356 tene
435 2314 558 2371 qua:
598 2305 725 2352 sunt
770 2294 827 2351 in
881 2308 1067 2349 eorum
1117 2292 1384 2362 capitibus
1431 2298 1826 2345 connectuntur
1852 2328 1867 2353 ,

269 2394 364 2449 ubi
398 2402 435 2447 1·
468 2393 655 2447 littera
692 2390 745 2442 in
780 2402 958 2459 graeco
1007 2385 1186 2456 posita
1222 2392 1321 2447 est,
1361 2383 1487 2452 quia
1532 2398 1639 2437 non
1681 2393 1871 2453 potue-

278 2493 409 2539 runt
462 2482 631 2537 latina
689 2478 923 2535 inveniri
975 2477 1172 2541 verba,
1223 2490 1343 2545 qua:
1375 2474 1442 2529 ab
1469 2475 1659 2530 eadem
1691 2475 1870 2530 littera

273 2574 598 2643 inciperent,
628 2580 685 2624 et
723 2568 1010 2624 sententiae
1040 2566 1414 2621 convenirent.
1448 2564 1511 2619 Hi
1537 2574 1716 2620 autem
1744 2574 1870 2620 sunt

277 2681 464 2723 versus
492 2674 627 2729 tres,
674 2664 898 2732 quintus
942 2670 998 2715 et
1049 2668 1275 2715 octavus
1322 2659 1583 2724 decimus,
1612 2668 1667 2715 et
1696 2675 1870 2715 nonus

274 2759 538 2814 decimus.
566 2756 813 2826 Denique
838 2762 894 2810 et
928 2753 977 2808 si
1021 2754 1251 2817 litteras,
1282 2768 1404 2822 qua:
1432 2760 1557 2807 sunt
1584 2753 1636 2806 in
1681 2752 1872 2821 capiti—

276 2851 374 2905 bus
402 2850 649 2904 omnium
681 2861 932 2901 versuum
960 2885 976 2910 ,
1022 2851 1407 2900 connectentes
1438 2843 1632 2897 horum
1664 2842 1824 2896 trium
1852 2881 1869 2905 ,

276 2960 392 3015 quae
420 2945 627 3013 scripta
666 2950 816 3006 sunt,
846 2957 953 2996 non
985 2940 1214 3011 legimus
1243 2957 1255 2994 :
1290 2939 1385 2994 sed
1423 2954 1522 3009 pro
1560 2939 1642 2993 eis
1663 2950 1702 2994 Υ
1725 2938 1871 2992 litte-

276 3050 412 3099 ram,
438 3043 702 3102 tanquam
729 3032 782 3085 in
809 3031 1011 3097 eisdem
1034 3030 1146 3099 ipsa
1174 3029 1244 3083 sit
1264 3028 1465 3098 posita,
1490 3028 1868 3083 recordamur:

272 3125 597 3193 exprimitur
631 3124 687 3177 in
711 3122 951 3192 quinque
980 3120 1158 3175 verbis
1205 3117 1364 3173 Iesus
1410 3116 1650 3172 Christus
1695 3115 1867 3171 Filius

272 3217 367 3269 Dei
397 3215 656 3270 Salvator
676 3228 696 3266 :
726 3214 822 3269 sed
855 3229 978 3269 cum
1009 3227 1181 3282 graece
1212 3213 1315 3267 hoc
1339 3212 1537 3267 dicitur
1560 3251 1576 3276 ,
1629 3226 1737 3265 non
1793 3210 1871 3263 la-

275 3308 385 3362 tine
418 3322 434 3359 :
467 3314 525 3361 et
565 3314 695 3360 sunt
737 3319 928 3359 versus
959 3301 1147 3374 viginti
1193 3309 1421 3371 septem,
1463 3300 1555 3369 qui
1611 3313 1871 3354 numerus

271 3400 601 3467 quadratum
633 3394 931 3452 ternarium
961 3394 1191 3449 solidum
1221 3393 1414 3448 reddit.
1456 3391 1580 3446 Tria
1613 3391 1759 3446 enim
1790 3398 1873 3445 ter

271 3489 432 3543 ducta
471 3488 613 3541 ﬁunt
640 3501 836 3541 novem
869 3502 882 3540 :
911 3492 967 3539 et
1006 3485 1125 3555 ipsa
1157 3498 1349 3539 novem
1387 3483 1433 3537 si
1464 3483 1536 3536 ita
1567 3483 1832 3537 ducantur
1854 3521 1868 3546 ,

270 3591 329 3634 ut
350 3581 463 3635 lato
490 3580 547 3634 in
572 3578 741 3633 altum
771 3577 940 3648 Iigura
965 3583 1277 3646 consurgat,
1294 3572 1360 3627 ad
1375 3572 1562 3643 viginti
1588 3578 1643 3626 et
1667 3578 1869 3641 septem

272 3671 621 3741 perveniunt.
674 3669 877 3724 Horum
929 3676 1107 3722 autem
1140 3681 1436 3738 graecorum
1463 3664 1703 3733 quinque
1752 3677 1874 3717 ver-

272 3764 487 3827 borum,
519 3778 645 3832 qute
675 3768 823 3826 sunt,
854 3759 1039 3814 lesous
1068 3757 1303 3813 Clu-istos
1341 3757 1519 3811 Theou
1548 3758 1660 3827 yios
1687 3766 1827 3810 soter
1851 3768 1871 3808 :

273 3855 416 3924 quod
445 3863 534 3909 est
563 3852 751 3917 latine,
783 3852 937 3906 Iesus
965 3849 1206 3904 Christus
1244 3847 1343 3902 Dei
1393 3845 1567 3900 Filius
1605 3844 1872 3911 Salvator,

275 3946 318 4000 si
346 3945 563 4014 primas
597 3942 811 3998 litteras
832 3940 1064 4011 jungas,
1095 3939 1199 3995 erit
1234 3940 1390 4011 ἰχθὺς
1438 3936 1493 3991 id
1537 3945 1641 4002 est,
1692 3935 1872 4006 piscis,

276 4036 327 4090 in
360 4050 471 4105 quo
500 4034 725 4089 nomine
756 4032 984 4104 mystice
1010 4030 1326 4102 intelligitur
1352 4028 1621 4094 Christus,
1639 4043 1704 4082 eo
1731 4025 1875 4096 quod

276 4129 330 4184 in
363 4126 525 4196 hujus
557 4124 906 4182 mortalitatis
940 4126 1162 4195 abysso,
1194 4121 1343 4177 velut
1372 4122 1426 4175 in
1457 4134 1717 4190 aquarum
1746 4133 1875 4188 pro-

278 4218 568 4279 funditate,
596 4231 775 4281 Vivus,
804 4215 909 4269 hoc
936 4222 1037 4277 est,
1071 4213 1190 4268 sine
1227 4219 1453 4282 peccato
1476 4226 1598 4265 esse
1617 4208 1873 4279 potuerit.

279 4306 405 4364 Haec
431 4315 617 4361 autem
653 4304 881 4377 Sibylla,
919 4304 1036 4360 sive
1066 4304 1368 4373 Erythram,
1407 4302 1523 4356 sive
1550 4301 1632 4371 (ut
1656 4298 1874 4368 quidam

279 4398 454 4469 magis
482 4395 736 4466 credunt)
766 4395 1003 4459 Cumrea,
1049 4393 1184 4449 nihil
1210 4393 1377 4448 habet
1404 4392 1459 4447 in
1492 4399 1604 4446 toto
1631 4389 1874 4447 carmine

279 4504 377 4545 suo
408 4487 590 4561 (cujus
618 4487 811 4558 exigua
845 4486 948 4540 ista
978 4483 1242 4554 particula
1274 4482 1388 4553 est)
1431 4480 1574 4551 quod
1615 4480 1681 4533 ad
1730 4479 1872 4533 Deo-

280 4595 400 4634 rum
437 4579 700 4635 falsorum
733 4578 847 4632 sive
878 4575 1128 4631 lictorum
1170 4573 1374 4630 cultum
1429 4573 1664 4641 pertinet
1704 4585 1718 4624 :
1749 4570 1871 4640 qui-

283 4672 429 4727 nimo
455 4671 535 4726 ita
563 4670 731 4725 etiam
760 4677 951 4724 contra
997 4682 1092 4722 eos
1120 4676 1173 4721 et
1203 4672 1390 4722 contra
1421 4663 1657 4718 cultores
1685 4676 1873 4716 eorum

282 4763 521 4831 loquitur
549 4802 564 4826 ,
600 4768 663 4814 ut
690 4760 745 4814 in
773 4775 965 4815 eorum
994 4772 1226 4812 numero
1254 4754 1556 4825 deputanda
1586 4753 1832 4806 videatur
1857 4791 1872 4817 ,

282 4854 371 4924 qui
411 4854 650 4925 pertinet
674 4851 740 4905 ad
771 4851 1046 4906 civitatem
1075 4848 1193 4902 Dei.
1223 4845 1419 4901 Inserit
1445 4844 1610 4898 etiam
1640 4842 1875 4896 Lactan-

285 4947 386 5001 tius
414 4947 564 5016 operi
596 4961 697 4999 suo
728 4943 977 5013 quaedam
1007 4943 1072 4997 de
1101 4940 1317 4996 Christo
1344 4936 1595 4992 vaticinia
1627 4934 1865 5005 Sibyllze,

283 5037 523 5106 quamvis
554 5051 660 5090 non
688 5034 976 5104 exprimat,
1003 5030 1174 5100 cujus.
1202 5031 1308 5086 Sed
1336 5046 1453 5099 qua:
1483 5030 1597 5097 ipse
1629 5026 1870 5098 singilla-

284 5126 429 5181 latim
470 5125 695 5197 posuit,
748 5140 849 5194 ego
893 5123 1187 5177 arbitratus
1231 5137 1349 5176 sum
1403 5117 1693 5188 conjuncta
1749 5132 1869 5172 esse

285 5215 825 5284 pauenda,tanquam
851 5226 1017 5265 unum
1042 5210 1114 5265 sit
1137 5208 1427 5278 prolixum,
1456 5222 1576 5278 qua:
1602 5205 1690 5260 ille
1714 5203 1868 5274 plura

287 5306 732 5363 commemoravit
774 5313 830 5361 et
866 5304 1094 5359 brevia:
1129 5321 1147 5354 ‹
1182 5301 1240 5356 In
1268 5316 1477 5363 manus,
1512 5299 1707 5368 inquit,
1749 5296 1869 5351 inti-

286 5398 478 5453 dclium
531 5405 718 5469 postea
767 5396 966 5450 veniet.
1019 5393 1239 5450 Dabunt
1288 5400 1465 5446 autem
1527 5389 1710 5460 alapas
1762 5388 1872 5442 Deo

290 5490 530 5545 manibus
570 5488 816 5553 incestis,
864 5495 921 5542 et
968 5487 1182 5557 impuro
1222 5497 1317 5539 ore
1344 5490 1579 5551 expuent
1610 5487 1868 5533 venenata

287 5588 459 5647 sputa.
504 5581 667 5637 Dabit
705 5593 835 5634 vero
887 5578 955 5633 ad
1002 5578 1224 5632 verbera
1277 5573 1595 5643 simpliciter
1622 5581 1870 5627 sanctum

284 5671 500 5728 dorsum
547 5688 563 5727 :
611 5680 666 5728 et
710 5669 967 5739 colaphos
1017 5667 1291 5737 accipiens
1351 5662 1590 5735 tacebit,
1645 5679 1711 5721 ne
1749 5663 1872 5734 quis

1245 270 1332 326 DE
1371 270 1723 351 UNIVER§O
1760 272 1940 328 LIBRI
1982 271 2144 329 XXII.
2187 302 2258 314 --
2294 271 2420 328 LIB.
2463 271 2579 328 XV.

1898 4451 1952 4510 D

3442 272 3551 332 ης

1886 388 1937 448 Α
1966 393 2249 458 agnoscat,
2279 387 2424 458 quod
2456 387 2686 442 Verbum
2714 393 2797 443 est
2825 428 2840 453 ,
2867 388 2952 443 vel
2982 389 3122 445 unde
3165 389 3312 446 venit
3358 400 3418 447 ut
3468 392 3552 447 ln-

1965 478 2094 533 l‘eris
2121 477 2392 549 loquatur,
2425 487 2480 535 et
2503 495 2701 535 corona
2726 482 2911 550 spinea
2936 491 3242 539 coronetur.
3266 485 3344 540 Ad
3366 487 3548 543 cibum

1963 578 2144 623 autem
2196 568 2265 625 fel
2291 612 2303 633 ,
2336 579 2391 625 et
2415 569 2480 624 ad
2511 570 2658 625 sitim
2687 580 2901 626 acetum
2930 574 3213 629 dederunt.
3243 577 3549 648 Inhospita-

1964 660 2132 714 litatis
2185 660 2325 716 hanc
2376 660 2755 716 ministrabant
2818 662 3046 718 Domino
3108 680 3372 721 mensam.
3432 668 3549 738 Ipsa

1966 753 2229 822 ins'piens
2253 761 2402 807 tuum
2432 769 2538 807 non
2571 754 2879 809 intellexisti
2912 757 3078 810 Deum
3106 756 3378 812 ludentem
3407 775 3552 813 mor-

1965 844 2186 907 talium,
2231 845 2325 899 sed
2357 845 2528 914 spinis
2570 849 2871 909 coronasti,
2920 856 2974 902 et
3021 848 3299 903 horridum
3336 848 3405 903 l'el
3447 850 3552 904 mi-

1963 933 2173 988 scuisti.
2206 933 2413 1004 Templi
2448 950 2575 990 vero
2603 937 2779 991 velum
2812 940 3089 994 scindetur
3125 959 3136 994 :
3168 950 3223 994 et
3257 941 3436 995 medio
3466 942 3553 998 die

1962 1040 2067 1079 nox
2096 1025 2202 1079 erit
2253 1026 2536 1080 tenebrosa
2586 1028 2745 1082 nimis
2776 1030 2829 1083 in
2867 1030 3040 1085 tribus
3069 1032 3236 1085 horis.
3270 1032 3335 1085 Et
3380 1042 3555 1089 morte

1963 1116 2246 1181 morietur,
2278 1117 2449 1172 tribus
2477 1119 2663 1173 diebus
2694 1136 2883 1176 somno
2913 1134 3194 1193 suscepto;
3227 1135 3353 1180 tunc
3382 1127 3449 1181 ab
3474 1128 3556 1181 in-

1962 1207 2132 1262 fernis
2162 1224 2439 1279 regressus
2464 1211 2529 1265 ad
2561 1211 2732 1266 lucem
2754 1214 2933 1269 veniet
2953 1217 3180 1285 primus,
3209 1221 3557 1275 resurrectio-

1961 1300 2046 1353 nis
2105 1300 2373 1371 principio
2409 1303 2675 1357 revocatis
2722 1313 2959 1361 ostenso.
3000 1326 3018 1357 ›
3078 1307 3182 1361 Ista
3238 1308 3555 1366 Lactantius

1963 1393 2192 1461 carptim
2225 1407 2321 1462 per
2374 1394 2652 1450 intervalla
2701 1396 3067 1467 dispositionis
3113 1417 3243 1465 suae,
3302 1402 3440 1456 sicut
3493 1418 3554 1456 ea

1962 1496 2185 1551 poscere
2210 1482 2554 1548 videbantur,
2593 1501 2710 1554 qum
2747 1487 2977 1555 probare
3034 1490 3360 1553 intenderat,
3405 1491 3556 1545 adhi-

1961 1570 2080 1624 buit
2110 1572 2415 1626 testimonia
2446 1574 2705 1644 Sibyllina
2740 1594 2752 1629 :
2782 1592 2901 1645 quae
2933 1578 3067 1632 nihil
3100 1580 3510 1650 interponentes
3537 1621 3552 1645 ,

1963 1663 2059 1717 sed
2089 1663 2141 1717 in
2174 1679 2336 1717 unam
2366 1664 2562 1719 seriem
2606 1682 2848 1721 connexa
2890 1679 3172 1738 ponentes,
3205 1670 3335 1725 solis
3367 1672 3557 1741 capiti-

1898 1740 1938 1796 Β
1969 1755 2087 1817 bus,
2114 1764 2173 1808 ut
2193 1755 2484 1824 scriptorcs
2509 1757 2762 1827 deinceps
2788 1774 2852 1813 ea
2878 1773 3097 1815 servare
3124 1775 3228 1815 non
3261 1740 3555 1833 negligant,

1968 1845 2347 1917 distinguenda
2374 1849 2701 1903 curavimus.

2604 1960 2833 2017 CAPUT
2871 1963 2961 2018 IV.

2637 2052 2716 2105 De
2742 2054 2931 2122 magis.

2039 2141 2315 2213 Magorum
2358 2144 2567 2212 primus
2612 2143 2898 2198 Zoroastes
2924 2184 2937 2207 ,
2983 2159 3078 2197 rex
3123 2143 3556 2212 Bactrianorum,

1968 2252 2130 2306 quem
2158 2236 2318 2290 nimis
2341 2236 2577 2308 [Ninus],
2613 2253 2708 2291 rex
2737 2236 3103 2307 Assyriorum,
3130 2238 3315 2306 prmlio
3338 2236 3534 2293 interfe

1970 2331 2064 2386 cit.
2100 2330 2174 2383 De
2201 2345 2308 2400 quo
2335 2329 2654 2384 Aristotcles
2699 2329 2908 2393 scribit,
2954 2331 3099 2398 quod
3144 2330 3313 2385 vicies
3341 2340 3558 2385 centum

1970 2420 2133 2476 millia
2162 2435 2415 2475 versuum
2452 2421 2520 2473 ab
2562 2420 2679 2488 ipso
2716 2418 2933 2474 condita
2978 2419 3197 2473 indiciis
3227 2419 3556 2474 voluminum

1970 2512 2085 2581 ejus
2132 2509 2491 2565 declarentur.
2551 2508 2702 2563 Ilanc
2754 2519 2925 2563 artem
2979 2518 3103 2578 post
3147 2509 3318 2563 multa
3363 2509 3561 2564 saecula

1970 2600 2311 2656 Democritus
2339 2599 2639 2668 ampliavit,
2679 2600 2896 2668 quando
2933 2609 2986 2653 et
3016 2598 3367 2669 Ilippocrates
3394 2598 3564 2653 medi-

1970 2693 2107 2747 cina:
2135 2690 2418 2760 disciplina
2452 2689 2703 2744 emeruit.
2736 2689 2890 2759 Apud
2933 2690 3184 2760 Assyrios
3232 2698 3411 2744 autem
3448 2703 3566 2744 nta-

1972 2784 2104 2856 gica}
2125 2794 2271 2837 artes
2295 2783 2527 2852 copiosa:
2553 2791 2699 2846 sunt,
2736 2791 2968 2838 testante
2996 2783 3218 2838 Lucano
3250 2801 3264 2837 :

2387 2932 2403 2947 .
2439 2934 2451 2945 .
2492 2934 2506 2946 .
2541 2930 2555 2945 .
2594 2934 2606 2947 .
2645 2898 2762 2954 Quis
2786 2908 2990 2945 noscere
3016 2896 3132 2944 libra

2094 2959 2213 3009 Fata
2238 2960 2428 3021 queat?
2449 2960 2561 3021 quis
2599 2960 2763 3019 prodat
2789 2972 2907 3006 axes
2933 2965 3015 3004 aut
3040 2957 3231 3016 fulgura
3255 2957 3365 3007 ςαξιί

2101 3020 2280 3072 Servet
2304 3028 2355 3070 et.
2376 3020 2569 3083 Assyria
2593 3029 2843 3069 scrutetur
2867 3021 3026 3068 sidera
3051 3032 3185 3067 cura.

1972 3128 2157 3197 Itaque
2199 3128 2315 3182 hzec
2341 3126 2554 3182 vanitas
2591 3125 2917 3196 magicarum
2953 3125 3151 3178 artium
3181 3140 3247 3179 ex
3274 3124 3560 3179 traditione

1973 3220 2285 3290 angelorum
2334 3217 2599 3272 malorum
2627 3218 2678 3271 in
2710 3224 2822 3271 toto
2860 3226 3129 3270 terrarum
3161 3215 3289 3268 urbe
3316 3214 3560 3284 plurimis

1972 3312 2184 3366 Steculis
2228 3309 2414 3364 valuit.
2455 3308 2559 3363 Per
2600 3308 2885 3379 quamdam
2928 3308 3210 3362 scientiam
3254 3305 3559 3361 futurorum

1972 3411 2026 3455 et
2053 3398 2384 3454 infcrnorutn
2417 3398 2777 3452 evocationes.
2811 3397 3008 3452 Eorum
3044 3397 3257 3450 inventa
3281 3404 3405 3451 sunt
3433 3411 3552 3449 arn-

1973 3490 2171 3560 spieia,
2221 3489 2598 3557 augurationes
2648 3495 2703 3541 et
2747 3488 2858 3555 ipsa
2903 3502 3023 3556 quae
3067 3487 3318 3541 dicuntur
3345 3486 3562 3541 oracula

1973 3590 2029 3635 et
2081 3580 2469 3634 necromantia.
2525 3577 2637 3632 Nec
2688 3579 2881 3631 mirum
2922 3579 2987 3632 de
3034 3593 3311 3649 magorum
3354 3577 3564 3647 prmsti-

1975 3670 2107 3740 giis,
2150 3684 2375 3738 quorum
2422 3669 2690 3722 intantnm
2732 3668 2979 3737 prodiere
3025 3670 3435 3724 malefactorum
3477 3666 3561 3723 vel

1973 3760 2343 3815 malelicornm
2367 3770 2535 3823 artes,
2573 3767 2633 3812 ut
2665 3760 2827 3813 etiam
2865 3758 3030 3830 Moysi
3060 3760 3351 3815 simillimis
3388 3760 3559 3831 signis

1976 3848 2306 3911 resisterent,
2338 3856 2610 3902 vertentes
2641 3847 2818 3917 virgas
2850 3849 2903 3902 in
2934 3849 3198 3903 dracones
3227 3889 3241 3913 ,
3284 3864 3453 3918 aquas
3501 3850 3557 3905 in

1974 3941 2314 4010 sanguinem.
2349 3939 2488 4005 Quid
2517 3938 2703 4008 plura?
2727 3939 2770 3992 si
2801 3939 3022 3992 credere
3057 3937 3139 3993 fas
3164 3946 3246 3992 est
3275 3939 3340 3992 de
3367 3940 3559 4008 pytho-

1976 4030 2142 4093 nissa,
2174 4037 2233 4082 ut
2261 4028 2540 4097 Propheta:
2572 4026 2836 4081 Samuelis
2864 4027 3100 4080 animam
3141 4026 3206 4081 de
3231 4026 3426 4082 inferni
3457 4027 3556 4079 ab-

1976 4121 2104 4177 ditis
2130 4128 2399 4181 evocaret,
2426 4127 2481 4172 et
2505 4118 2748 4171 vivorum
2768 4123 3117 4186 praesentaret
3144 4115 3554 4184 conspectibus:

1976 4213 2020 4268 si
2063 4221 2243 4266 tamen
2302 4212 2537 4263 animam
2583 4208 2865 4278 Propheta:
2920 4206 3087 4262 fuisse
3134 4208 3457 4270 credamus,
3503 4216 3559 4261 et

1976 4319 2082 4357 non
2114 4303 2348 4372 aliquam
2371 4296 2855 4371 phantasmaticam
2883 4297 3184 4352 illusionem
3212 4295 3428 4352 Satana:
3458 4296 3560 4350 fal-

1978 4396 2111 4451 lacia
2140 4396 2358 4451 factam.
2388 4392 2715 4448 Prudentius
2739 4392 2804 4447 de
2832 4391 3094 4446 Mercurio
3115 4390 3191 4445 sic
3217 4390 3292 4444 ait
3321 4407 3335 4443 :

2099 4513 2327 4562 Traditur
2345 4514 2610 4562 exstinctos
2632 4518 2820 4572 sumpto
2848 4509 3179 4558 moderamine
3200 4508 3349 4570 virgae

2104 4576 2155 4625 In
2181 4576 2339 4623 lucem
2361 4586 2617 4622 revocasse
2641 4586 2699 4619 an
2723 4585 2839 4619 mas.
2882 4608 2892 4618 .
2929 4608 2941 4619 .
2977 4605 2990 4618 .
3029 4605 3043 4618 .

2103 4673 2116 4686 .
2155 4673 2170 4687 .
2208 4672 2220 4685 .
2259 4670 2272 4685 .
2311 4673 2322 4684 .
2362 4639 2451 4685 Ast
2472 4637 2587 4683 alias
2610 4636 2864 4682 damaasse
2899 4634 3029 4682 neci.

1978 4745 2043 4800 Et
2069 4753 2187 4815 post
2212 4742 2481 4813 paululum
2514 4741 2711 4811 adjecit
2734 4760 2750 4795 :

2102 4837 2351 4885 Murmure
2377 4849 2481 4883 nam
2510 4836 2696 4895 magico
2720 4841 2899 4883 tenues
2921 4833 3090 4895 excire
3109 4832 3306 4890 liguras,

2102 4904 2262 4961 Atque
2278 4893 2721 4961 sepulcrales—scim
2744 4899 2989 4944 incantare
3017 4893 3214 4961 favillas.

2102 4956 2208 5008 Vita
2231 4956 2396 5008 tndem
2423 4958 2588 5021 spolia:
2607 4972 2634 5006 e
2661 4957 2796 5019 ..lins,
2822 4971 2900 5005 ars
2920 4970 3059 5005 nona
3094 4956 3243 5002 novit.

1976 5041 2113 5114 Magi
2168 5051 2313 5107 sunt,
2345 5041 2435 5111 qui
2470 5041 2624 5109 vulgo
2657 5039 2887 5093 malelici
2925 5041 2991 5091 ob
3023 5037 3320 5090 facinorum
3351 5031 3558 5100 magni-

1979 5137 2218 5189 tudinem
2264 5140 2677 5201 nuncupantur:
2708 5130 2761 5183 hi
2792 5137 2847 5183 et
2887 5127 3152 5181 elementa
3199 5124 3552 5178 concutiunt:

1977 5228 2195 5283 turbant
2215 5235 2421 5278 mentes
2455 5222 2753 5282 hominum,
2771 5235 2833 5272 ac
2852 5218 2969 5272 sine
2994 5215 3101 5269 ullo
3122 5214 3310 5268 veneni
3335 5212 3554 5276 haustu,

1975 5319 2231 5375 violentia
2263 5324 2469 5370 tantum
2495 5311 2753 5367 carminis
2783 5308 3118 5364 interimunt.
3157 5304 3311 5361 Unde
3355 5312 3409 5358 et
3446 5302 3555 5357 Lu-

1978 5429 2146 5471 οίιηιιε
2180 5430 2193 5465 ἒ

2102 5505 2243 5554 ﬂens
2264 5502 2413 5551 hausti
2436 5499 2562 5548 nulla
2586 5498 2722 5548 sanie
2758 5494 2936 5558 polluta
2963 5494 3145 5544 veneni

2103 5569 2345 5616 lneantata
2373 5570 2516 5625 perit.
2552 5595 2566 5609 .
2603 5591 2619 5608 .
2653 5592 2669 5607 .
2708 5594 2720 5606 .

1975 5649 2319 5708 Daemonibus
2341 5645 2484 5702 enim
2513 5640 2702 5702 accitis
2727 5639 2923 5697 audent
2946 5636 3232 5707 ventilare,
3248 5643 3306 5690 ut
3329 5634 3561 5707 quisque
