3974 6188
401 275 507 333 ηδ

1034 270 1094 325 Β.
1136 266 1387 324 ΒΑΒΑΝῙ
1427 266 1645 323 MAURI
1680 264 1997 322 ARCHIEP.
2040 263 2346 323 MOGUNT.
2386 262 2671 322 OPERUM
2710 262 2889 318 PARS
2927 261 2991 318 ll.

3546 264 3660 322 ιει

398 402 526 445 suos
550 385 780 458 perimat
818 384 977 440 malis
1018 382 1225 438 artibus
1260 380 1529 436 inimicos.
1563 379 1628 434 Ili
1657 379 1820 433 etiam
1851 394 1973 432 san-
2003 386 2047 441 Α
2078 385 2207 433 tato.
2240 378 2489 448 Sortilegi
2519 385 2664 442 sunt,
2695 376 2785 446 qui
2810 376 2912 430 sub
2932 373 3149 447 nomine
3196 374 3337 430 fictae
3382 372 3660 447 religionis

400 479 559 549 guine
604 484 831 531 utuntur
860 484 917 530 et
958 474 1214 537 victimis.
1258 480 1315 527 et
1341 487 1481 543 stepe
1510 471 1828 542 contingunt
1857 486 1976 526 cor—

399 583 531 638 pora
571 575 930 622 mortuorum.
973 563 1339 618 Necromantii
1378 570 1536 625 sunt,
1579 575 1806 630 quorum
1837 575 1974 629 prae-

399 658 793 715 cautationibus
832 657 1082 711 videntur
1134 652 1437 707 resuscitati
1482 652 1678 706 mortui
1710 650 1975 715 divinare,

400 757 456 804 et
497 749 565 802 ad
616 748 944 817 interrogata
990 744 1333 814 respondere.
1366 741 1568 796 Necros
1611 742 1751 796 enim
1804 755 1979 812 graece

401 848 646 893 mortuus
674 878 689 901 ,
725 837 962 892 manteia
995 833 1252 889 divinatio
1302 840 1677 901 nuncupatur,
1724 831 1789 885 ad
1846 846 1980 899 quos

399 928 739 983 suscitandas
770 925 1015 981 cadaveri
1047 924 1263 993 sanguis
1304 923 1575 991 adjicitur.
1618 920 1750 974 Nam
1794 934 1980 973 amare

401 1018 671 1072 daemones
719 1016 1031 1087 sanguinem
1068 1015 1251 1069 dicunt
1292 1028 1307 1067 :
1347 1013 1572 1082 ideoque
1606 1012 1855 1081 quotiens
1886 1025 1979 1064 ne—

398 1110 695 1165 cromantia
721 1110 976 1174 lit,cruor
998 1125 1135 1179 aqua
1173 1110 1449 1173 miscetur,
1476 1116 1531 1161 ut
1556 1107 1736 1161 colore
1758 1106 1978 1176 sangui-

404 1203 488 1257 nis
515 1203 724 1257 facilius
748 1210 1121 1272 provocentur.
1155 1200 1527 1272 llydromantii
1551 1200 1618 1254 ab
1647 1215 1784 1267 aqua
1810 1198 1940 1252 dicit
1964 1211 1978 1251 :

400 1305 483 1349 est
531 1296 672 1349 enim
705 1294 1099 1364 hydromantis,
1133 1293 1184 1346 in
1212 1306 1363 1362 aqua:
1399 1291 1732 1360 inspectione
1759 1290 1981 1344 umbras

403 1386 704 1440 da'momtm
735 1400 982 1449 evocare,
1038 1393 1093 1438 et
1152 1384 1411 1454 imagines
1459 1382 1540 1436 vel
1590 1381 1981 1435 ludificationes

401 1489 588 1529 eorum
618 1475 821 1539 videre,
853 1474 1031 1543 ibique
1060 1474 1128 1528 ab
1155 1473 1235 1527 eis
1266 1473 1444 1544 aliqua
1473 1472 1682 1535 audire,
1707 1472 1795 1525 ubi
1828 1470 1982 1525 adhi-

401 1564 515 1618 bito
546 1565 805 1636 sanguine
827 1565 991 1619 etiam
1014 1565 1081 1619 ab
1103 1564 1288 1619 inferis
1315 1564 1667 1634 perhibentur
1681 1562 1979 1619 sciscitari:

397 1655 541 1722 quod
601 1671 769 1725 genus
821 1655 1165 1710 divinationis
1215 1670 1244 1707 a
1285 1654 1467 1709 Persis
1515 1653 1687 1709 fertur
1732 1653 1974 1708 allatum.

2077 489 2175 543 per
2205 472 2463 539 quasdam
2495 511 2509 535 ,
2541 485 2675 540 quas
2702 477 2877 523 sortes
2907 475 3214 522 sanctormn
3260 476 3487 531 vocant,
3520 468 3661 523 divi-

2078 562 2309 615 nationis
2353 560 2636 615 scientiam
2676 557 3022 628 profitentur,
3064 566 3158 610 aut
3207 572 3661 627 quarumcumque

2078 652 2469 720 scripturarum
2500 650 2835 719 inspectione
2864 647 3044 701 futura
3072 648 3413 717 promittunt.
3459 646 3663 702 Saliso-

2079 750 2224 796 tores
2253 742 2429 795 vocati
2460 750 2626 804 sunt,
2660 740 2785 809 quia
2825 740 2951 794 dum
2983 738 3062 793 eis
3110 739 3477 792 membrorum
3519 753 3664 807 qum-

2079 847 2291 903 cunque
2319 844 2504 902 partes
2529 832 2772 886 salierint
2790 873 2805 897 ,
2849 831 3049 900 aliquid
3078 830 3180 885 sibi
3214 830 3410 885 exinde
3435 844 3663 899 prospe-

2080 940 2198 977 rum
2231 940 2325 978 seu
2358 923 2512 978 triste
2541 923 2849 992 significare
2891 921 3205 992 prtcdicunt.
3236 921 3318 976 Ad
3342 922 3454 976 lucc
3478 924 3662 976 omnia

2078 1017 2421 1084 pertinentet
2444 1015 2686 1086 ligatum:
2712 1015 3119 1068 exsecrabilium
3153 1015 3512 1069 remediorum
3537 1030 3666 1070 con-

2082 1105 2416 1168 temnenda}.
2460 1106 2573 1160 sive
2608 1105 2659 1159 in
2711 1105 3246 1174 prmeantationibus,
3271 1105 3385 1160 sive
3426 1105 3481 1159 in
3529 1106 3663 1159 cha-

2081 1196 2413 1269 racteribus,
2466 1196 2550 1249 vel
2598 1197 2650 1250 in
2707 1196 3010 1264 quibusque
3060 1196 3223 1250 rebus
3268 1196 3663 1266 suspendendis

2081 1299 2240 1361 atque
2268 1292 2495 1358 ligandis
2524 1310 2537 1346 :
2567 1292 2619 1346 in
2644 1292 2841 1361 quibus
2863 1291 3115 1346 omnibus
3140 1307 3229 1345 ars
3252 1293 3553 1346 daemonum
3579 1301 3665 1347 est

2081 1397 2145 1436 ex
2176 1384 2406 1451 quadam
2454 1382 2708 1451 pestifera
2743 1382 3002 1436 societate
3028 1382 3305 1436 hominum
3351 1390 3407 1436 et
3441 1383 3664 1453 angelo-

2084 1487 2204 1526 rum
2234 1471 2496 1526 malorum
2542 1482 2750 1527 exorta.
2801 1472 2954 1529 Unde
3003 1481 3195 1527 cuncta
3223 1473 3439 1527 vitanda
3469 1482 3595 1527 sunt
3628 1488 3660 1526 a

2081 1561 2389 1617 Christiano
2409 1563 2693 1617 etomnino
2709 1562 2921 1631 penitus
2935 1562 3307 1616 exsecratione
3327 1564 3662 1632 repudianda

2083 1661 2245 1720 atque
2293 1651 2619 1706 damnanda.
2676 1653 2913 1724 Auguria
2963 1653 3143 1706 avium
3218 1651 3457 1724 Phryges
3496 1653 3661 1723 pritui

398 1747 569 1802 Varro
601 1744 728 1799 dicit
774 1742 1117 1798 divinationis
1157 1751 1388 1812 quatuor
1434 1758 1554 1798 esse
1595 1758 1791 1813 genera
1820 1761 1834 1797 :
1868 1752 1976 1799 ter-
2003 1725 2049 1783 Β
2079 1742 2400 1796 invenerunt
2430 1761 2442 1796 :
2468 1744 2798 1814 pnestigium
2842 1758 2974 1798 vero
3001 1742 3298 1798 Mercurius
3341 1744 3549 1813 primus
3579 1744 3664 1798 di-

401 1853 541 1902 ram,
568 1852 784 1906 aquam,
810 1851 1010 1901 aerem,
1048 1844 1104 1891 et
1141 1836 1338 1906 ignem.
1390 1834 1525 1890 llinc
1572 1837 1930 1905 geomantiam
1956 1877 1973 1903 ,

406 1925 865 1995 hydromantiam,
893 1925 1304 1989 aeromantiam,
1328 1925 1726 1996 pyromantiam
1752 1927 1973 1981 dictam.

400 2014 574 2068 Diﬂni
603 2014 752 2080 dicti,
801 2015 956 2084 quasi
997 2013 1106 2069 Deo
1152 2014 1294 2084 pleni
1341 2032 1353 2067 :
1401 2014 1682 2070 divinitate
1725 2017 1871 2071 enim
1918 2016 1978 2072 s'e

403 2106 591 2175 plenos
617 2107 951 2171 assimulant,
982 2117 1037 2160 et
1063 2117 1237 2162 astuta
1278 2106 1638 2163 fraudulentia
1669 2110 1977 2167 hominibus

397 2194 578 2249 futura
623 2198 945 2267 coniectant.
1001 2199 1115 2251 Duo
1170 2208 1296 2253 sunt
1335 2214 1532 2270 genera
1581 2199 1973 2256 divinationis:

398 2302 487 2341 ars
514 2298 569 2342 et
599 2287 767 2343 furor.
800 2288 1171 2344 lncantatores
1211 2291 1387 2345 vocati
1423 2298 1586 2357 sunt,
1627 2292 1752 2360 quia
1802 2300 1976 2347 artem

407 2380 580 2433 verbis
611 2380 930 2449 compleant.
971 2380 1137 2435 Arioli
1174 2382 1348 2435 vocati
1374 2422 1389 2447 ,
1422 2393 1640 2452 prapter
1662 2384 1806 2452 quod
1835 2384 1978 2438 circa

402 2482 527 2520 aras
556 2466 816 2522 idolorum
870 2468 1103 2523 nefarias
1144 2484 1335 2538 preces
1370 2471 1658 2538 emittunt,
1683 2482 1737 2527 et
1765 2475 1978 2528 funesta

402 2555 664 2609 sacrificia
700 2554 951 2621 offerunt,
1003 2558 1189 2625 bisque
1229 2558 1631 2614 celebritatibus
1675 2561 1975 2615 daemonum

402 2657 659 2712 responsa
689 2644 974 2713 accipiunt.
1012 2644 1301 2715 Aruspices
1346 2650 1670 2718 nuncupati,
1699 2652 1851 2719 quasi
1883 2653 1979 2706 ho-

405 2747 586 2787 rarum
637 2735 972 2805 inspectores
1004 2754 1018 2790 :
1048 2737 1162 2792 dies
1194 2739 1338 2792 enim
1365 2749 1420 2793 et
1445 2740 1607 2795 horas
1655 2742 1708 2796 in
1757 2744 1978 2813 agendis

402 2828 633 2898 negotiis
681 2830 1039 2901 operibusque
1088 2832 1395 2887 custodiunt
1425 2850 1438 2886 :
1466 2834 1671 2903 etquid
1719 2850 1816 2905 per
1868 2837 1980 2891 sin-

400 2923 525 2991 gula
572 2931 814 2993 tempora
855 2925 1143 2980 observare
1196 2926 1389 2981 debeat
1433 2927 1613 2993 homo,
1651 2926 1973 2981 intendunt:

405 3013 457 3066 ιιί
514 3013 674 3067 etiam
725 3020 847 3068 exta
883 3016 1142 3083 pecudum
1181 3016 1496 3085 inspiciunt,
1520 3024 1574 3072 et
1598 3033 1665 3071 ex
1691 3018 1770 3072 eis
1795 3016 1974 3070 futura

403 3104 718 3173 praedicant.
768 3105 1012 3176 Augures
1040 3116 1166 3160 sunt
1190 3106 1413 3169 scilicet,
1446 3107 1539 3176 qui
1566 3106 1772 3161 volatus
1794 3106 1972 3160 avium

399 3202 452 3246 et
478 3208 640 3248 voces
668 3193 974 3257 intendunt,
1002 3194 1214 3264 aliaque
1253 3196 1404 3265 signa
1443 3210 1644 3260 rerum,
1677 3193 1758 3247 vel
1787 3193 1973 3249 obser-

398 3283 643 3337 vationes
668 3283 957 3353 improvise
981 3285 1288 3340 hominibus
1312 3294 1659 3339 occurrentes
1690 3305 1702 3338 :
1739 3285 1895 3339 iidem
1924 3293 1979 3338 ct

406 3377 672 3446 auspices.
708 3375 842 3431 Nam
872 3379 1107 3448 auspicia
1136 3387 1279 3445 sunt,
1327 3395 1445 3449 qua:
1472 3380 1575 3433 iter
1600 3378 1858 3434 facientes
1883 3380 1979 3434 ob-

400 3473 637 3519 servant.
686 3465 840 3521 Dicta
895 3477 1074 3522 autem
1119 3476 1245 3523 sunt
1291 3470 1547 3539 auspicia,
1597 3471 1751 3540 quasi
1797 3471 1977 3524 avium

401 3556 621 3625 aspicia,
664 3566 720 3611 et
768 3563 1013 3630 auguria,
1046 3560 1200 3629 quasi
1250 3561 1426 3614 avium
1472 3560 1673 3630 garria,
1712 3561 1815 3616 hoc
1856 3572 1974 3627 est,

402 3648 582 3701 avium
613 3663 770 3703 voces
804 3657 859 3703 et
895 3649 1107 3721 linguae.
1159 3650 1291 3705 Item
1321 3652 1637 3723 augurium,
1669 3652 1823 3722 quasi
1870 3651 1980 3706 avi-

399 3739 629 3808 gerium,
661 3740 805 3809 quod
844 3756 970 3794 aves
999 3750 1210 3812 gerunt.
1259 3742 1375 3797 Duo
1404 3751 1531 3797 sunt
1567 3752 1748 3798 autem
1782 3758 1979 3812 genera

401 3829 763 3898 auspiciorum
796 3847 809 3883 :
856 3823 1020 3885 unum
1046 3831 1113 3887 ad
1144 3831 1329 3888 oculos
1352 3872 1368 3898 ,
1399 3832 1544 3887 aliud
1568 3832 1637 3886 ad
1664 3846 1823 3886 aures
1857 3846 1981 3901 per-

410 3921 607 3974 tinens.
640 3919 721 3974 Ad
755 3921 942 3976 oculos
989 3921 1196 3977 scilicet
1239 3922 1452 3977 volatus
1498 3939 1512 3976 :
1549 3922 1617 3977 ad
1669 3936 1828 3976 aures
1874 3937 1979 3977 vox

403 4011 603 4064 avium.
628 4010 964 4083 Pythonissa:
992 4028 1022 4066 a
1056 4012 1249 4084 Pythio
1269 4011 1517 4083 Apolline
1539 4013 1715 4078 dictas,
1747 4027 1812 4067 eo
1839 4012 1981 4083 quod

406 4102 454 4157 is
480 4114 670 4158 auctor
715 4102 819 4158 fuit
845 4103 1141 4158 divinandi.
1171 4103 1439 4174 Astrologi
1481 4103 1608 4158 dicti
1635 4118 1723 4169 eo,
1753 4103 1894 4173 quod
1926 4103 1980 4157 in

404 4194 566 4249 astris
605 4204 961 4265 augurantur.
1001 4193 1338 4251 Genethliaci
1365 4193 1613 4265 appellati
1638 4204 1856 4264 propter
1891 4208 1984 4246 na-

406 4286 593 4340 talium
638 4286 1120 4341 considerationem
1169 4286 1397 4341 dierum.
1426 4285 1679 4340 Genesim
1727 4299 1857 4338 vero
1887 4284 1985 4339 ho-

2076 1835 2218 1889 eitur
2238 1834 2527 1888 invenisse.
2562 1834 2771 1888 Dictum
2798 1845 2880 1890 est
2909 1843 3088 1890 autem
3116 1836 3470 1908 praestigium,
3513 1837 3663 1906 quod

2076 1926 2404 1997 praestringit
2431 1927 2601 1979 aciem
2632 1925 2931 1981 oculorum.
2958 1927 3036 1981 De
3066 1926 3288 1997 magicis
3323 1935 3502 1979 autem
3531 1926 3665 1981 arti-

2078 2020 2179 2072 bus
2215 2026 2378 2086 atque
2420 2018 2878 2073 incantationibus
2900 2027 2955 2073 et
2982 2018 3455 2089 superstitionibus
3477 2019 3663 2072 diver-

2077 2106 2175 2171 sis,
2200 2121 2339 2175 quas
2359 2105 2588 2176 gentiles
2617 2115 2672 2160 et
2694 2105 2813 2162 falsi
2842 2107 3127 2162 christiani
3157 2108 3209 2161 in
3237 2107 3662 2163 divinationibus

2076 2198 2191 2253 suis
2237 2206 2294 2251 ct
2330 2197 2803 2252 observationibus
2845 2198 3116 2267 perversis
3159 2199 3311 2267 sequi
3365 2198 3659 2263 videnlur,

2077 2291 2205 2361 quid
2246 2290 2329 2345 lex
2380 2290 2559 2345 divina
2602 2290 2811 2344 sanciat
2859 2309 2871 2343 :
2906 2289 2960 2343 in
3006 2290 3421 2345 auctoritatibus
3458 2290 3661 2346 veteris

2078 2382 2408 2438 Testamenti
2458 2396 2522 2436 ac
2549 2383 2673 2435 novi
2717 2379 2873 2436 facile
2903 2388 2987 2435 est
3034 2380 3296 2435 invenire.
3346 2379 3661 2434 Detestatur

2076 2474 2219 2528 enim
2251 2488 2345 2528 eos
2372 2473 2458 2529 lex
2491 2474 2672 2528 divina
2698 2513 2713 2538 ,
2741 2487 2861 2543 quas
2890 2472 2944 2527 in
2996 2473 3135 2528 libro
3176 2471 3346 2527 Exodi
3376 2473 3450 2526 ita
3481 2473 3654 2527 dicit:

2080 2564 2344 2634 Maleﬁcos
2372 2566 2427 2619 in
2461 2573 2600 2618 terra
2630 2576 2721 2618 tua
2751 2581 2814 2619 ne
2838 2565 3058 2635 patiaris
3082 2566 3244 2619 vivere
3271 2563 3467 2635 (Exod.
3493 2566 3654 2638 xm).

2076 2655 2139 2709 Et
2170 2657 2296 2710 item
2329 2672 2343 2709 :
2377 2654 2479 2720 Qui
2504 2654 2764 2720 immolat,
2790 2655 2889 2719 ait,
2912 2655 3017 2710 diis
3043 2666 3231 2725 prteter
3251 2655 3351 2711 soli
3390 2655 3616 2711 Domino
3639 2696 3656 2722 ,

2076 2748 2339 2801 occidetur
2378 2746 2587 2818 (Ibid.).
2651 2746 2716 2801 Et
2752 2747 2803 2801 in
2847 2746 3087 2802 Levitico
3124 2764 3139 2801 :
3197 2745 3281 2800 Ne
3335 2748 3654 2811 comedetis,

2080 2846 2276 2910 inquit,
2294 2863 2414 2900 cum
2436 2849 2722 2916 sanguine:
2745 2863 2846 2899 non
2871 2844 3284 2913 ougurabimiui.
3309 2855 3399 2891 nec
3416 2839 3661 2890 ob.-erra-

2081 2939 2204 2992 bilis
2238 2939 2466 2998 somnia.
2497 2948 2546 2990 et
2581 2953 2739 3004 super
2778 2946 3043 2989 mortuum
3080 2950 3141 2987 ne
3175 2930 3410 2986 inciditis
3442 2938 3657 2980 carnem

2073 3033 2300 3078 restrain
2341 3039 2501 3090 neque
2539 3022 2742 3091 ﬁguras
2768 3030 2819 3074 et
2850 3022 3081 3084 sigmata
3115 3017 3321 3087 facietis
3345 3011 3509 3067 vobis.
3538 3007 3655 3080 Ego

2079 3117 2334 3169 Dominus
2371 3114 2522 3186 (Leo.
2554 3116 2692 3181 six).
2727 3114 2788 3168 Et
2817 3114 2947 3167 item
2965 3095 2997 3166 τ’
3012 3108 3095 3165 Ne
3115 3107 3417 3170 declinetis,
3449 3104 3550 3167 ait,
3582 3101 3655 3154 ad

2076 3224 2277 3274 magos,
2298 3223 2393 3261 nec
2424 3206 2487 3260 ab
2514 3204 2702 3260 ariolis
2725 3204 2929 3275 aliquid
2955 3200 3294 3258 sciscitemini
3319 3207 3373 3252 ut
3403 3211 3510 3251 non
3536 3192 3660 3262 pol-

2076 3294 2296 3348 luamini
2320 3310 2410 3363 per
2433 3311 2519 3347 eos
2550 3292 2759 3364 (lbid.).
2787 3292 2851 3345 Iit
2878 3292 3073 3345 iterum
3112 3308 3125 3344 :
3167 3289 3277 3353 Vir,
3310 3288 3482 3358 inquit
3506 3329 3522 3354 ,
3547 3290 3658 3344 sive

2076 3382 2301 3447 mulier,
2337 3383 2392 3435 in
2432 3383 2617 3452 quibus
2659 3380 2966 3451 pytltonicus
3009 3378 3083 3433 uel
3119 3378 3451 3433 divinationis
3493 3378 3658 3447 fuerit

2077 3475 2313 3539 spiritus,
2335 3484 2497 3526 morte
2517 3472 2774 3525 moriatur
2800 3469 3108 3553 :llapidibus
3138 3469 3351 3523 obruent
3372 3485 3460 3522 eos
3489 3481 3510 3519 :
3531 3484 3660 3521 san-

2078 3564 2191 3634 guis
2223 3580 2401 3617 eorum
2426 3562 2491 3616 sit
2519 3578 2674 3632 super
2697 3578 2784 3615 eos
2808 3559 2952 3627 (Leo.
2978 3560 3093 3631 xx).
3127 3559 3185 3613 lu
3234 3559 3659 3615 Deuteronomio

2081 3668 2292 3722 quoque
2306 3652 2384 3706 sic
2399 3652 2556 3705 dicit:
2575 3649 2798 3716 Quando
2812 3650 3072 3720 ingressus
3099 3648 3262 3718 fueris
3280 3658 3660 3717 terram,quam

2078 3744 2333 3798 Dominus
2362 3741 2500 3796 Deus
2531 3751 2650 3794 tuus
2684 3741 2905 3793 daturus
2924 3748 2998 3792 est
3026 3740 3145 3805 tibi,
3179 3755 3330 3803 cave,
3351 3745 3412 3791 ne
3434 3738 3659 3791 imiteris

2079 3835 2515 3889 abominationem
2536 3833 2747 3886 illarum
2772 3833 3020 3903 gentium.
3042 3830 3154 3885 Nec
3187 3831 3480 3885 inveniatur
3507 3831 3659 3893 inte,

2077 3927 2165 3997 qui
2189 3925 2368 3979 lustret
2395 3924 2563 3993 ﬁlium
2585 3939 2759 3987 suum,
2784 3932 2875 3976 aut
2909 3921 3291 3991 filiam,ducens
3326 3937 3417 3990 per
3450 3921 3659 3990 ignem:

2080 4029 2168 4073 aut
2184 4019 2269 4089 qui
2294 4016 2487 4071 ariolus
2513 4018 2804 4071 sciscitatur
2829 4027 2876 4069 et
2904 4016 3127 4070 observet
3160 4015 3363 4069 somnia
3384 4024 3540 4083 atque
3561 4031 3662 4067 au-

2080 4111 2232 4180 guria
2262 4126 2279 4170 ;
2308 4126 2401 4163 nec
2444 4110 2511 4163 sit
2552 4108 2838 4177 maleﬁcus,
2881 4123 3044 4177 neque
3090 4108 3404 4171 incontator,
3443 4122 3537 4159 nec
3566 4122 3664 4175 pg-

2081 4200 2261 4253 tltoucs
2304 4196 2564 4261 consulat,
2592 4214 2753 4268 neque
2793 4197 3015 4259 diuinos.
3055 4206 3100 4250 et
3132 4205 3333 4267 quamn
3358 4213 3390 4249 a
3438 4196 3663 4248 mortuis

2084 4292 2367 4344 ueritatem.
2397 4286 2589 4341 Omnia
2621 4288 2760 4340 enim
2804 4286 2914 4340 Ita'c
2947 4285 3281 4341 abominetur
3373 4282 3660 4337 Dominus.

407 4377 613 4431 minum
655 4393 753 4447 per
782 4379 1065 4433 duodecim
1094 4378 1216 4433 cceli
1247 4378 1397 4449 signa
1433 4379 1782 4442 describunt,
1835 4378 1979 4432 side-
2005 4406 2058 4466 Β
2086 4380 2155 4433 Et
2173 4391 2383 4450 propter
2420 4377 2720 4447 hujusmodi
2760 4376 2955 4431 scelera
2995 4375 3180 4430 delebit
3228 4391 3315 4428 eos
3338 4375 3391 4427 in
3434 4375 3664 4427 introitu

404 4482 633 4537 rumque
655 4483 817 4523 Clll‘Sll
842 4468 1183 4523 nascentium
1205 4484 1405 4530 mores,
1430 4477 1604 4534 actus,
1627 4475 1817 4522 eventa
1844 4483 1983 4538 prm-

404 4554 586 4609 dicare
608 4566 893 4621 conantur,
916 4557 968 4611 id
988 4566 1092 4622 est,
1114 4558 1235 4626 quis
1258 4557 1401 4628 quali
1426 4558 1578 4623 signo
1600 4556 1762 4612 fuerit
1784 4566 1942 4611 natus
1964 4573 1979 4611 :

407 4654 499 4698 aut
542 4660 701 4715 quem
737 4644 985 4700 effectum
1033 4648 1231 4703 habeat
1278 4649 1440 4714 vitae,
1487 4648 1580 4717 qui
1626 4648 1883 4703 nascitur.
1916 4647 1982 4703 lli

403 4743 550 4800 sunt,
581 4736 672 4805 qui
701 4736 860 4806 vulgo
890 4737 1253 4794 Mathematici
1290 4749 1569 4795 vocantur.
1595 4739 1759 4809 Cujus
1797 4754 1985 4810 super-

404 4825 644 4881 stitionis
671 4840 841 4897 genus
880 4828 1320 4885 constellationes
1364 4829 1517 4884 latini
1548 4839 1764 4894 vocant,
1797 4831 1852 4885 id
1876 4840 1982 4894 est,

405 4917 714 4973 notationes
749 4917 1028 4984 siderum,
1082 4921 1352 4989 quomodo
1406 4935 1464 4975 se
1522 4922 1797 4986 habeant,
1860 4937 1981 4977 cun.

405 5010 635 5080 quisque
682 5010 944 5064 nascitur.
999 5010 1241 5065 Primum
1287 5019 1467 5065 autem
1519 5010 1676 5066 iidem
1709 5011 1982 5066 stellarum

405 5100 729 5171 interpretes
754 5101 893 5171 magi
923 5101 1374 5171 nuncupabantur
1393 5119 1405 5155 :
1423 5103 1560 5157 sicut
1578 5101 1744 5157 dehis
1766 5101 1982 5170 legitur,

408 5190 500 5259 qui
541 5190 595 5243 in
642 5190 937 5262 Evangelia
986 5189 1259 5246 Christum
1309 5200 1492 5245 natum
1543 5191 1928 5246 nuntiaverunt
1967 5210 1979 5246 :

407 5287 594 5349 postea
639 5280 743 5334 hoc
787 5281 1004 5336 nomine
1058 5282 1154 5335 soli
1206 5279 1569 5335 Mathematici
1608 5298 1621 5334 :
1655 5280 1809 5350 cujus
1854 5281 1986 5335 artis

406 5369 635 5425 scientia
687 5387 858 5441 usque
909 5369 973 5426 ad
1017 5370 1364 5441 Evangelium
1418 5371 1519 5425 fuit
1556 5386 1811 5426 concessa
1865 5388 1878 5423 :
1928 5378 1988 5424 ut

411 5457 628 5513 Christo
658 5461 804 5516 edito
834 5477 992 5517 nemo
1034 5463 1227 5517 exinde
1272 5461 1610 5518 nativitatem
1659 5460 1888 5531 alicujus
1921 5460 1988 5515 de

410 5556 605 5603 caetero
634 5550 1100 5621 interpretaretur.
1152 5552 1465 5623 Horoscopi,
1506 5553 1649 5622 quod
1696 5566 1793 5621 per
1828 5552 1990 5606 horas

408 5638 719 5697 nativitates
745 5643 1021 5699 hominum
1045 5646 1411 5714 speculantur,
1433 5645 1677 5700 dissimili
1700 5654 1753 5698 et
1777 5644 1991 5700 diverse

2083 4481 2193 4523 tuo.
2219 4467 2489 4538 Perfectus
2510 4469 2611 4521 eris
2631 4476 2678 4521 et
2702 4468 2894 4537 absque
2928 4466 3136 4520 macula
3171 4481 3286 4519 cum
3309 4464 3527 4518 Domino
3553 4463 3664 4517 Deo

2084 4570 2193 4613 tuo.
2221 4558 2405 4612 Gentes
2440 4559 2555 4611 istae
2595 4573 2819 4628 quorum
2855 4556 3138 4628 possidebis
3175 4565 3389 4618 terram,
3429 4570 3662 4624 augures

2083 4659 2130 4703 et
2168 4648 2371 4701 divinos
2417 4646 2762 4700 audiunt:tu
2835 4656 3008 4700 autent
3055 4661 3088 4699 a
3144 4644 3366 4699 Domino
3407 4642 3519 4697 Deo
3571 4653 3666 4696 tuo

2084 4741 2237 4794 aliter
2273 4740 2541 4794 institutus
2572 4755 2625 4792 es
2660 4738 2834 4809 (Deut.
2860 4736 3033 4809 xvnt).
3066 4737 3134 4791 Et
3171 4737 3297 4807 quid
3328 4735 3667 4803 sequendum

2087 4833 2157 4888 sit
2207 4832 2291 4886 vel
2330 4832 2750 4895 obaudiendum,
2803 4846 2926 4885 mox
2957 4830 3218 4899 sequitur,
3263 4827 3490 4882 dicens:
3522 4823 3667 4879 Pro-

2089 4924 2290 4993 phetaut
2336 4922 2399 4975 de
2444 4931 2590 4992 gente
2633 4929 2724 4974 tua
2757 4930 2804 4975 et
2852 4920 2915 4973 de
2953 4919 3207 4989 fratribus
3252 4919 3357 4971 tuis
3407 4916 3543 4969 sicut
3584 4932 3668 4969 me

2088 5012 2357 5066 suscitabit
2407 5010 2499 5064 tibi
2546 5011 2801 5064 Dominus
2861 5009 3003 5063 Deus
3045 5019 3165 5062 tuus
3197 5008 3406 5077 :ipsum
3445 5007 3664 5069 audies,

2089 5110 2147 5156 ut
2174 5101 2348 5172 petisti
2385 5117 2417 5153 a
2458 5099 2679 5153 Domino
2705 5099 2809 5152 Deo
2851 5109 2940 5152 tuo
2981 5098 3036 5151 in
3089 5097 3245 5162 Oreb,
3280 5096 3493 5167 quando
3541 5113 3672 5149 con-

2090 5192 2327 5246 cionatus
2353 5208 2405 5245 es
2443 5200 2597 5260 atque
2641 5189 2820 5244 dixisti
2849 5205 2867 5242 :
2903 5186 3054 5242 Ultra
3105 5204 3208 5241 non
3241 5188 3457 5240 audiam
3490 5202 3670 5241 uocem

2089 5282 2301 5337 Domini
2330 5280 2424 5334 Dei
2459 5281 2601 5335 mei:
2628 5290 2676 5335 et
2719 5282 2891 5351 ignem
2932 5281 3069 5334 hunc
3108 5280 3395 5341 maximum
3440 5276 3672 5346 antplius

2091 5391 2192 5430 non
2235 5373 2437 5438 ridebo,
2468 5390 2532 5427 ne
2556 5374 2775 5426 moriar.
2825 5374 2890 5426 Et
2922 5375 2994 5427 ait
3034 5373 3288 5427 Dominus
3331 5372 3496 5426 mihi:
3526 5370 3676 5427 Bene

2091 5464 2268 5518 omnia
2307 5473 2428 5517 sunt
2476 5462 2658 5516 locuti.
2698 5462 3008 5532 Prop/tatam
3035 5464 3296 5517 suscitabo
3321 5464 3394 5517 eis
3412 5464 3475 5516 de
3496 5464 3672 5518 medio

2093 5554 2320 5624 fratrum
2358 5570 2573 5608 suorum
2622 5552 2848 5607 similem
2908 5554 3006 5617 tui,
3044 5564 3091 5608 et
3144 5571 3335 5624 ponam
3365 5554 3517 5607 verba
3555 5571 3672 5610 mea

2092 5646 2147 5698 in
2186 5662 2273 5699 ore
2311 5646 2423 5710 eius
2472 5667 2485 5706 :
2517 5646 2855 5717 loqueturque
2896 5645 2964 5700 ad
2997 5662 3083 5701 eos
3136 5646 3330 5713 omnia,
3370 5661 3490 5715 quo:
3542 5662 3682 5715 pra-
