3974 6188
395 345 504 416 227‘

1043 355 1101 410 Β.
1146 351 1398 409 RABANI
1437 350 1658 409 MAURI
1695 347 2010 408 ARCllIEP.
2053 346 2364 405 MOGUNT.
2403 344 2688 405 OPERUM
2722 344 2902 403 PARS
2937 344 2999 401 ll.

3556 348 3660 407 428

394 475 615 549 eﬂigles.
638 473 791 544 Apud
812 472 1030 528 (ἐι-ωερε
1051 479 1229 524 autem
1249 468 1484 539 Cecrops
1505 469 1604 522 sub
1627 483 1734 538 quo
1748 466 1981 537 prinmm
2009 475 2056 531 Α
2085 474 2274 519 contra
2314 479 2436 519 enm
2469 464 2774 532 dimicabit,
2813 476 2870 521 et
2903 461 3280 522 adversabitur
3310 465 3666 522 sacramentis

395 571 449 624 iu
478 581 603 621 arce
631 565 768 619 oliva
801 571 920 618 orta
967 571 1070 628 est,
1099 573 1154 616 et
1179 560 1588 616 Atheniensium
1629 561 1758 615 urbs
1787 574 1854 614 ex
1881 557 1981 613 Mi-

398 672 576 713 nerva:
596 653 954 726 appellatione
977 666 1169 706 nomen
1193 652 1382 706 sortita
1404 659 1508 705 est.
1525 649 1624 705 llic
1644 651 1851 720 primus
1868 663 1987 705 om-

399 749 546 802 nium
585 745 773 800 Jovem
813 741 1122 813 appellavit,
1153 740 1442 795 simulacra
1471 741 1691 809 reperit,
1724 753 1848 794 aras
1875 748 1987 793 sta-

397 837 521 901 tuit,
558 836 806 891 victimas
825 831 1125 888 immolavit
1151 849 1166 886 :
1191 845 1528 901 nequaquam
1553 830 1707 884 istius
1727 828 1868 882 modi
1898 844 1986 882 re-

397 929 497 982 bus
549 928 600 980 in
638 926 849 982 Graecia
883 939 1120 994 unquam
1163 922 1312 978 visis.
1353 921 1678 986 Idololatria,
1719 920 1984 975 idolorum

397 1021 630 1075 servitus
650 1021 764 1074 sive
791 1019 998 1074 cultura
1021 1019 1425 1086 interpretatur.
1455 1013 1590 1068 Nam
1614 1014 1805 1068 latreia
1832 1013 1985 1069 Grae-

395 1127 477 1176 ce,
514 1110 704 1164 Latine
733 1110 966 1164 servitus
993 1107 1209 1171 dicitur,
1249 1120 1395 1176 qum,
1415 1113 1677 1174 quantum
1711 1104 1776 1157 ad
1801 1119 1984 1157 veram

395 1203 708 1272 religionem
741 1202 954 1267 attinet,
987 1215 1093 1253 non
1122 1199 1224 1254 nisi
1254 1198 1345 1252 uni
1374 1205 1432 1252 et
1463 1196 1561 1251 soli
1594 1196 1704 1251 Deo
1738 1195 1983 1250 debetur.

309 1305 318 1312 '
397 1293 549 1348 llanc
573 1294 714 1347 sicut
740 1293 901 1362 impia
931 1290 1183 1360 superbia
1216 1289 1330 1344 sive
1355 1288 1633 1342 hominum
1656 1286 1770 1340 sive
1789 1284 1987 1339 dtemo-

396 1399 525 1438 nmn
551 1383 651 1438 sibi
681 1381 924 1436 exhiberi
947 1380 1030 1434 vel
1051 1379 1204 1450 jubet
1231 1377 1316 1433 vel
1341 1369 1487 1446 tupit
1519 1394 1532 1429 :
1561 1377 1632 1430 ita
1658 1375 1744 1446 pia
1773 1373 1988 1428 humili—

398 1485 484 1529 tas
511 1474 594 1528 vel
625 1472 900 1528 hominum
930 1470 1012 1524 vel
1037 1469 1348 1538 angelorum
1372 1475 1683 1522 sanctorum
1711 1463 1812 1520 sibi
1837 1462 1988 1517 obla-

402 1576 509 1621 tam
553 1572 788 1628 recusat,
825 1574 878 1617 et
905 1560 992 1617 cui
1033 1561 1259 1615 debetur
1291 1557 1546 1614 ostendit.
1575 1555 1776 1610 Idolum
1807 1563 1985 1609 autem

399 1669 482 1716 est
534 1658 915 1721 simulacrum,
973 1655 1116 1724 quod
1174 1655 1406 1708 lmmana
1448 1650 1621 1720 elIigie
1677 1649 1878 1704 factum
1934 1657 1989 1702 et

401 1756 780 1804 consecratum
831 1755 935 1808 est,
971 1745 1125 1816 juxta
1164 1741 1412 1798 vocabuli
1455 1739 1981 1812 interpretationem.

2086 556 2286 613 Christi
2310 566 2366 612 et
2388 557 2599 611 veritati
2627 557 2764 628 ejus.
2787 557 2922 612 Nam
2953 565 3008 612 et
3033 553 3290 625 templum
3314 551 3671 624 Jerosolymis

2086 663 2364 719 reparare,
2391 657 2448 703 et
2471 662 2660 703 omnes
2689 649 2890 704 veteris
2915 647 3048 718 legis
3075 643 3430 700 cmremonias
3459 654 3670 700 restau-

2085 753 2210 794 rare
2243 738 2490 794 tentabit.
2521 738 2629 793 Sed
2650 747 2707 793 et
2727 739 2816 794 ille
2847 736 3214 793 Antichristus
3242 743 3348 799 est,
3379 733 3474 804 qui
3507 744 3673 807 negat

2085 843 2204 883 esse
2240 827 2408 882 Deum
2444 826 2719 882 Christum
2755 845 2766 880 :
2795 825 3102 889 contrarius
3127 824 3273 880 enim
3319 832 3404 878 est
3429 821 3668 879 Christo.

2085 917 2286 974 Omnes
2319 917 2488 982 enim,
2529 917 2623 986 qui
2660 925 2862 972 exeunt
2893 917 2955 972 de
2983 913 3250 980 Ecclesia,
3279 920 3336 968 et
3365 913 3436 968 ab
3461 912 3676 968 unitate

2087 1008 2208 1065 ﬁdei
2231 1008 2620 1080 praaciduntur,
2644 1017 2700 1064 et
2750 1009 2850 1080 ipsi
2881 1006 3202 1063 Antichristi
3244 1015 3388 1062 sunt.
3433 1005 3528 1061 Bel
3561 1006 3672 1060 ido-

2087 1100 2198 1156 lum
2251 1108 2338 1156 est
2382 1098 2789 1171 Babylonicum,
2865 1099 3008 1169 quod
3063 1099 3455 1168 interpretatur
3505 1106 3673 1152 vetus.

2086 1193 2213 1248 Fuit
2246 1192 2389 1248 enim
2427 1193 2518 1248 hic
2558 1191 2718 1246 Belus
2743 1201 2900 1262 pater
2929 1190 3074 1256 Nini,
3115 1190 3325 1260 primus
3372 1203 3467 1243 rex
3514 1188 3680 1258 Assy-

2089 1285 2328 1349 riorum;
2359 1299 2520 1354 quem
2573 1283 2791 1353 quidam
2842 1281 3138 1338 Saturnum
3185 1281 3497 1354 appellant:
3531 1283 3678 1354 quod

2088 1388 2284 1428 nomen
2312 1380 2367 1428 ct
2418 1373 2557 1443 apud
2585 1373 2836 1444 Assyrios
2879 1383 2935 1428 et
2961 1374 3104 1444 apud
3137 1373 3300 1429 Afros
3330 1381 3519 1443 postea
3557 1375 3678 1429 eul-

2089 1473 2200 1518 tum
2223 1472 2326 1519 est.
2382 1463 2536 1519 Unde
2580 1472 2637 1518 et
2675 1463 2856 1534 lingua
2887 1464 3092 1520 Punica
3129 1464 3225 1520 Bal
3261 1467 3406 1521 Deus
3451 1466 3674 1521 dicitur.

2087 1557 2243 1627 Apud
2286 1557 2532 1628 Assyrios
2565 1565 2746 1612 autem
2768 1557 2863 1613 Bel
2907 1565 3154 1622 vocatur,
3203 1558 3437 1627 quadam
3490 1573 3680 1614 sacro-

2093 1665 2212 1702 rum
2245 1664 2464 1704 suorum
2493 1649 2721 1716 ratione,
2753 1658 2811 1706 et
2839 1647 3108 1704 Saturnus
3133 1659 3186 1703 et
3213 1647 3314 1705 sol.
3344 1649 3682 1721 Beelphegor

2091 1743 2478 1813 interpretatur
2522 1741 2722 1796 idolum
2773 1742 3094 1813 ignominiis.
3126 1741 3330 1798 Idolum
3365 1739 3467 1796 fuit
3521 1741 3683 1798 Moab

405 1837 570 1893 Eidos
587 1836 732 1892 enim
761 1835 947 1890 Graece
981 1841 1138 1888 sonat
1161 1833 1412 1896 formam,
1445 1839 1498 1886 et
1527 1831 1596 1886 ab
1625 1846 1690 1887 eo
1723 1845 1820 1901 per
1839 1829 1998 1884 dimi-
2026 1838 2071 1897 Β
2099 1842 2454 1906 cognomento
2481 1832 2607 1887 Baal
2651 1848 2816 1904 super
2854 1843 3092 1888 montem
3123 1832 3354 1904 Pbegor,
3383 1846 3548 1902 quem
3579 1831 3682 1886 La-

403 1929 678 1984 nutiouem
693 1925 894 1981 idolum
911 1925 1215 1989 deductum,
1244 1937 1397 1992 teque
1411 1922 1551 1993 apud
1573 1937 1672 1977 nos
1694 1920 1984 1976 formulam

406 2017 552 2072 facit.
588 2015 758 2086 Igitur
784 2013 963 2069 omnis
993 2013 1166 2067 forma
1187 2013 1273 2067 vel
1303 2011 1532 2066 formula
1560 2011 1758 2066 idolum
1790 2025 1848 2065 se
1880 2010 1985 2065 diei

401 2105 662 2177 exposcit.
720 2104 850 2159 lude
871 2102 1169 2158 idololatria
1193 2103 1371 2157 omnis
1408 2101 1554 2156 circa
1595 2116 1757 2156 omne
1783 2101 1984 2156 idolum

402 2197 692 2252 famulatus
737 2204 793 2250 et
842 2195 1095 2250 servitus.
1133 2193 1362 2261 Quidam
1409 2207 1538 2248 vero
1579 2191 1776 2258 Latini,
1835 2195 1986 2264 igno-

407 2297 594 2343 rantes
643 2286 891 2342 Grtccam
924 2285 1178 2358 linguam,
1213 2284 1464 2356 imperite
1501 2284 1702 2339 idolum
1744 2300 1810 2341 ex
1853 2285 1976 2340 dolo

403 2383 592 2436 dicunt
637 2379 935 2451 sumpsisse
986 2393 1204 2443 nomen,
1250 2376 1392 2448 quod
1426 2377 1673 2432 diabolus
1720 2385 1986 2432 creatura:

403 2473 606 2528 cultum
637 2469 810 2524 divini
856 2468 1089 2525 nominis
1129 2468 1356 2522 invexit.
1405 2468 1685 2522 Daemones
1711 2483 1743 2520 a
1783 2466 1987 2522 Graecis

405 2565 580 2619 dictos
621 2562 794 2626 aiunt,
841 2559 996 2628 quasi
1041 2557 1353 2613 daemonias
1393 2555 1760 2628 [daimonias],
1803 2555 1856 2610 id
1879 2564 1984 2621 est,

406 2655 609 2725 peritos
667 2667 731 2706 ac
791 2665 973 2706 rerum
1043 2649 1188 2706 scies
1213 2667 1227 2703 :
1251 2649 1543 2718 praescium
1601 2649 1746 2703 enim
1806 2647 1986 2702 futura

409 2743 602 2810 multa,
631 2742 783 2796 unde
823 2739 1000 2796 solent
1030 2754 1286 2810 responsa
1311 2738 1478 2793 multa
1498 2738 1649 2793 dare.
1673 2737 1818 2793 lnest
1841 2737 2004 2792 enim~

405 2836 511 2892 illis
549 2835 788 2908 cognitio
826 2849 1026 2898 rerum,
1069 2832 1352 2904 plusquam
1390 2829 1689 2886 inﬁrmitati
1715 2831 1983 2895 humanae,

409 2927 604 2997 partim
625 2924 927 2982 subtilioris
951 2938 1143 2980 sensus
1185 2922 1455 2988 acumine,
1481 2923 1677 2992 partim
1701 2921 1986 2992 experien-

405 3020 479 3076 tia
520 3017 848 3091 longissimae
885 3016 1032 3082 vitze,
1061 3015 1258 3086 partim
1298 3029 1397 3084 per
1441 3013 1537 3068 Dei
1571 3013 1786 3084 jussum
1825 3026 1988 3083 ange—

407 3111 510 3166 lica
556 3109 906 3166 revelatione.
946 3105 1011 3161 Hi
1034 3119 1325 3176 corporum
1367 3119 1652 3160 aercorum
1680 3115 1878 3160 natura
1899 3104 1986 3158 vi-

405 3209 554 3272 gent.
576 3199 718 3254 Ante
745 3197 1231 3270 transgressionem
1255 3197 1471 3266 quidem
1495 3197 1738 3252 cmlestia
1760 3211 1988 3266 corpora

405 3289 666 3361 gerebant
692 3306 707 3342 :
732 3287 868 3358 lapsi
914 3301 1046 3342 vero
1083 3287 1136 3341 in
1163 3287 1458 3342 artheream
1499 3287 1813 3358 qualitatem
1861 3301 1991 3342 oon-

409 3379 550 3434 versi
589 3385 734 3435 sunt.
780 3375 892 3432 Nec
919 3377 1064 3432 aeris
1093 3375 1236 3432 illius
1285 3377 1503 3446 puriora
1534 3378 1729 3448 spatia,
1767 3376 1864 3433 sed
1886 3376 1989 3432 ista

405 3469 703 3540 caliginosa
752 3467 1003 3538 permissi
1045 3476 1170 3523 sunt
1197 3477 1402 3535 tenere,
1451 3469 1544 3538 qui
1588 3470 1670 3526 eis
1694 3469 1846 3540 quasi
1869 3483 1988 3524 car-

408 3575 500 3616 cer
547 3567 632 3613 est
673 3569 844 3628 usque
871 3557 939 3612 ad
977 3565 1193 3628 tempus
1211 3555 1422 3628 judicii.
1453 3556 1518 3612 lli
1543 3559 1990 3630 pmvaricatores

405 3651 602 3722 angeli,
639 3664 866 3721 quorum
902 3648 1147 3704 diabolus
1169 3649 1418 3720 princeps
1453 3657 1556 3706 est.
1606 3649 1860 3706 Diabolus
1881 3649 1991 3705 lle-

406 3739 594 3794 .braice
637 3737 834 3794 dicitur
857 3736 1102 3791 deorsum
1135 3739 1332 3806 ﬂuens,
1382 3737 1504 3807 quia
1529 3739 1744 3808 quietus
1786 3739 1838 3793 in
1865 3739 1989 3794 (εωιὶ

417 3827 656 3884 culmine
705 3835 852 3882 stare
913 3827 1256 3898 contempsit,
1316 3828 1412 3883 sed
1451 3829 1716 3900 superbia:
1756 3829 1992 3898 pondere

411 3920 665 3974 deorsum
692 3931 954 3972 corruens
980 3917 1194 3975 cecidit.
1221 3916 1408 3973 Graece
1446 3919 1592 3972 enim
1618 3919 1864 3976 diabolus
1889 3922 1994 3974 cri-

409 4002 640 4064 minator
700 4016 945 4074 vocatur,
997 4008 1142 4079 quod
1204 4007 1289 4063 vel
1337 4008 1566 4064 crimina
1621 4010 1676 4065 in
1717 4026 1838 4080 quae
1877 4011 1993 4082 ipse

407 4099 564 4154 illicit
621 4099 690 4154 ad
736 4099 906 4154 Deum
940 4097 1166 4166 referat,
1211 4098 1298 4154 vel
1341 4099 1466 4170 quia
1514 4099 1811 4158 electorum
1837 4102 1993 4159 inno-

408 4191 642 4247 centiam
668 4189 988 4246 criminibus
1027 4189 1167 4250 lictis
1203 4199 1444 4247 accusat.
1477 4191 1633 4248 Unde
1664 4204 1718 4250 et
1767 4194 1821 4249 in
1851 4195 1996 4266 Apo-

407 4281 609 4352 calypsi
656 4295 787 4336 voce
827 4281 1074 4352 angelica
1100 4281 1302 4337 dicitur
1327 4300 1339 4336 :
1367 4282 1649 4354 Projectus
1671 4293 1746 4339 cst
1773 4303 1993 4341 accusa-

408 4383 492 4426 tor
525 4372 752 4440 fratrum
797 4381 1118 4436 uostrorum,
1155 4373 1245 4444 qui
1295 4373 1582 4430 accusabat
1636 4375 1758 4432 illos
1783 4376 1839 4432 in
1869 4393 1996 4432 con-

407 4473 584 4534 spectu
627 4463 726 4517 Dei
749 4464 915 4519 nostri
947 4465 1032 4520 die
1081 4483 1144 4520 ac
1177 4476 1326 4522 nocte
1357 4468 1540 4540 (Apoc.
1591 4471 1711 4542 xu).
1761 4471 1995 4529 Satanas

410 4553 464 4606 in
515 4551 766 4606 Latiumn
795 4563 953 4608 sonat
985 4555 1318 4612 adversarius
1343 4559 1456 4613 sive
1479 4539 1849 4632 transgressor.
1876 4563 1993 4636 lpse
2023 4539 2070 4597 θ

409 4648 494 4698 cst
534 4640 680 4694 enim
705 4641 1073 4707 adversarius,
1115 4645 1208 4714 qui
1233 4655 1315 4702 est
1336 4649 1588 4704 veritatis
1640 4651 1912 4720 inimicus,
1938 4664 1994 4711 et

409 4739 950 4801 sempersanctorum
977 4733 1270 4792 virtutibus
1309 4741 1583 4797 contraire
1628 4743 1838 4799 nititur.
1873 4745 1994 4816 Ipse

407 4824 880 4892 ettransgressor,
931 4823 1057 4893 quia
1085 4832 1141 4879 et
1199 4829 1584 4894 prtevaricator
1631 4830 1876 4889 effectus.
1924 4834 1992 4891 In

408 4916 622 4972 veritate
668 4932 774 4988 qua
813 4916 1063 4972 conditus
1119 4927 1224 4984 est,
1281 4935 1384 4974 non
1429 4923 1568 4976 stetit
1613 4921 1796 4993 (Joan.
1847 4927 1988 4999 vni).

410 5006 554 5064 Idem
599 5014 656 5062 et
709 5014 965 5073 tentator,
1027 5006 1152 5078 quia
1211 5009 1522 5064 tentandam
1579 5009 1851 5080 iustorum
1910 5017 1992 5072 in-

413 5097 711 5154 nocentiam
747 5095 1003 5168 postulat,
1027 5097 1168 5152 sicut
1199 5097 1253 5152 in
1278 5097 1380 5153 Job
1396 5099 1672 5156 scribitur.
1707 5103 1984 5160 Antichri-

410 5201 526 5245 stus
570 5189 895 5260 appellatur,
921 5190 1015 5260 qui
1039 5199 1226 5245 contra
1257 5189 1529 5247 Christum
1575 5203 1839 5250 venturus
1865 5207 1948 5252 est
1975 5217 1986 5252 :

410 5298 518 5338 non
591 5285 860 5354 quomodo
907 5284 1124 5354 quidam
1172 5283 1447 5354 simplices
1490 5286 1792 5359 intelligunt
1834 5289 1992 5343 Anti-
2029 5280 2068 5312 ’

408 5373 675 5430 chi-istum
702 5375 823 5430 ideo
867 5375 1069 5430 dictum
1118 5375 1264 5445 quod
1309 5385 1438 5431 ante
1480 5377 1754 5434 Christum
1800 5389 1992 5434 ventu-

410 5477 504 5520 rus
557 5465 652 5527 sit,
673 5463 726 5518 id
759 5473 862 5530 est,
890 5473 1012 5535 post
1054 5479 1179 5522 eum
1223 5465 1408 5522 veniat
1427 5465 1695 5524 Christus.
1745 5468 1852 5524 Sed
1878 5469 1994 5524 An-

413 5556 694 5614 tichristus
735 5557 922 5615 Grasce
959 5561 1174 5627 dicitur,
1225 5560 1371 5633 quod
1426 5559 1639 5626 Latine,
1698 5563 1998 5617 contrarius

413 5646 622 5704 Christo
646 5667 665 5716 ;
693 5651 802 5706 anti
827 5653 970 5706 enim
995 5653 1180 5710 Graece
1210 5655 1262 5710 in
1288 5653 1538 5710 Latinum
1569 5664 1750 5708 contra
1789 5653 1999 5725 signifi-

413 5753 522 5803 Cat.
566 5741 839 5803 Christum
874 5748 1020 5803 enim
1063 5765 1120 5809 se
1167 5749 1472 5813 incutietur,
1516 5747 1642 5804 dum
1684 5749 1914 5814 venerit,
1945 5759 2000 5806 et

2089 1925 2184 1980 tini
2238 1925 2494 1994 Priapum
2543 1933 2741 1979 vocant
2787 1925 2945 1978 deum
2986 1923 3289 1978 hortorum.
3320 1921 3450 1976 Fuit
3494 1929 3682 1976 autem

2087 2017 2153 2073 de
2204 2016 2502 2087 Lampsaco
2551 2017 2772 2072 civitate
2814 2015 3168 2085 Hellesponti,
3219 2013 3286 2070 de
3331 2029 3438 2084 qua
3489 2013 3686 2084 pulsus

2086 2118 2209 2174 est,
2265 2115 2322 2162 et
2368 2115 2588 2178 propter
2631 2105 2803 2161 virilis
2849 2106 3081 2162 membri
3145 2105 3575 2176 magnitudinem
3628 2099 3685 2159 in

2087 2214 2316 2254 numero
2360 2199 2584 2253 deorum
2621 2211 2844 2252 suorum
2873 2211 2998 2251 eum
3025 2195 3204 2251 Crteci
3255 2193 3681 2256 transtulerunt,

2085 2297 2140 2345 et
2193 2290 2246 2344 in
2304 2303 2504 2344 numen
2540 2289 2826 2344 hortorum
2874 2293 3253 2342 sacraverunt.
3295 2283 3452 2342 Unde
3499 2293 3556 2339 et
3597 2284 3686 2338 di-

2085 2381 2228 2436 citur
2279 2394 2509 2450 pneesse
2557 2379 2730 2434 hortis
2762 2387 2983 2450 propter
3023 2391 3212 2432 eorum
3263 2373 3683 2430 fecunditatem.

2086 2469 2386 2525 Beelzebub
2432 2468 2632 2524 idolum
2661 2467 2764 2522 fuit
2790 2469 3058 2533 Accaron,
3103 2466 3248 2536 quod
3287 2465 3687 2536 interpretatur

2086 2561 2165 2614 rir
2211 2575 2556 2614 muscarum:
2584 2558 2768 2614 Zebub
2797 2559 2940 2614 enim
2985 2571 3167 2613 musca
3213 2564 3456 2612 vocatur.
3506 2555 3688 2627 Spur-

2093 2649 2372 2704 clssimum
2425 2649 2622 2704 idolum
2673 2649 2794 2704 ideo
2835 2651 2916 2704 vir
2943 2665 3252 2707 muscarum
3284 2662 3535 2708 vocatum
3559 2669 3689 2724 pro-

2087 2751 2206 2812 pter
2229 2743 2417 2797 sordes
2443 2741 2779 2796 idololatriae.
2825 2742 3124 2798 Bebemoth
3186 2744 3239 2798 in
3267 2742 3518 2799 Latinam
3578 2742 3702 2807 lius

2087 2848 2248 2904 gnam
2297 2831 2496 2886 animal
2542 2841 2719 2898 sonat,
2756 2841 2974 2904 pr0pter
3023 2833 3166 2902 quod
3223 2834 3290 2888 de
3337 2833 3572 2889 excelsis
3613 2834 3685 2888 ad

2089 2934 2305 2980 terrena
2328 2924 2545 2991 cecidit,
2597 2935 2652 2979 et
2703 2941 2799 2994 pro
2825 2926 3019 2980 merito
3071 2940 3190 2990 suo,
3221 2934 3279 2980 ut
3322 2926 3525 2980 animal
3553 2927 3690 2981 bru-

2090 3025 2226 3083 tum,
2261 3015 2486 3072 effectus
2507 3017 2596 3072 sit.
2621 3017 2740 3088 Ipse
2774 3025 2859 3073 est
2888 3025 2943 3072 et
2981 3017 3303 3084 Leviathan,
3339 3019 3391 3073 id
3421 3028 3530 3082 est,
3557 3034 3658 3074 ser

2089 3121 2224 3179 pens
2252 3107 2317 3163 de
2344 3107 2500 3178 aquis
2529 3125 2542 3162 :
2573 3107 2698 3177 quia
2757 3108 2810 3161 in
2833 3108 2994 3179 hujus
3043 3109 3224 3164 saeculi
3267 3109 3402 3164 mari
3455 3109 3690 3166 volubili

2017 3187 2062 3248 C
2094 3206 2340 3253 versatur
2397 3199 2616 3253 astutia.
2686 3197 2980 3254 Leviathau
3041 3209 3221 3256 autem
3292 3200 3694 3270 interpretatur

2093 3273 2508 3340 additamentum
2561 3302 3040 3358 eorum:quorum
3105 3289 3312 3346 scilicet
3363 3291 3466 3347 nisi
3512 3293 3692 3348 homi-

2093 3395 2248 3446 num,
2295 3379 2492 3449 quibus
2523 3379 2574 3434 in
2616 3381 2871 3449 paradiso
2908 3383 3076 3436 semel
3114 3382 3327 3454 culpam
3357 3386 3690 3456 prazvarica-
3735 3377 3744 3385 ’

2095 3468 2256 3524 tionis
2309 3468 2509 3534 intulit,
2551 3478 2606 3524 el.
2643 3471 2782 3525 hanc
2831 3487 3001 3541 usque
3032 3474 3098 3528 ad
3147 3482 3406 3529 teternam
3447 3483 3691 3532 mortem

2093 3559 2332 3630 quotidie
2366 3562 2738 3632 persuadendo
2763 3562 2972 3632 .adjicit
2997 3563 3077 3620 vel
3127 3566 3390 3621 extendit.
3419 3565 3690 3634 Quaedam

2095 3654 2313 3709 nomina
2372 3656 2594 3712 deorum
2637 3673 2858 3714 suorum
2912 3660 3142 3731 gentiles
3175 3658 3318 3732 [per]
3369 3675 3541 3715 vanas
3600 3659 3690 3714 fa-

2093 3743 2249 3800 bulas
2277 3745 2344 3799 ad
2391 3747 2630 3804 rationes
2653 3749 2904 3822 physicas
2951 3761 3218 3806 conantur
3243 3749 3549 3816 traducere,
3587 3765 3688 3806 ea-

2095 3851 2200 3906 que
2233 3837 2286 3890 in
2316 3838 2496 3894 causis
2523 3839 2914 3896 elementorum
2942 3843 3242 3913 composita
3269 3857 3390 3897 esse
3417 3841 3694 3912 inter-prec

2098 3936 2302 3982 tantur.
2343 3928 2448 3984 Sed
2479 3931 2582 3986 hoc
2625 3946 2656 3986 a
2687 3932 2864 4002 poetis
2895 3941 3066 3988 totum
3096 3933 3280 3988 fictum
3320 3942 3424 3998 est,
3451 3943 3514 3988 ut
3552 3934 3693 3990 deos

2096 4033 2224 4074 suos
2248 4028 2508 4074 ornarent
2533 4019 2800 4090 aliquibus
2823 4021 3030 4093 ﬁguris,
3068 4039 3205 4092 quos
3225 4024 3460 4093 perditos
3497 4039 3565 4080 ac
3588 4025 3694 4080 de-

2099 4111 2311 4167 decoris
2333 4113 2555 4167 infamia
2597 4113 2787 4183 plenos
2815 4114 3004 4182 fuisse,
3035 4117 3278 4172 historia:
3304 4115 3648 4173 conﬁtentur
3673 4158 3687 4171 .

2098 4205 2320 4259 omnino
2341 4205 2486 4260 enim
2527 4205 2761 4278 ﬁngendi
2785 4207 2934 4264 locus
2957 4218 3137 4275 vacat,
3187 4209 3278 4264 ubi
3326 4209 3533 4265 veritas
3567 4225 3694 4266 ces-

2094 4303 2198 4349 sat.
2258 4293 2526 4350 Saturnus
2581 4297 2734 4367 origo
2787 4297 3010 4353 deorum
3060 4307 3116 4354 et
3179 4299 3343 4354 totius
3391 4300 3696 4370 posterita-

2095 4385 2167 4439 tis
2223 4399 2254 4438 a
2316 4386 2545 4456 paganis
2593 4385 2908 4458 designatur
2962 4401 2978 4443 :
3034 4387 3178 4444 hunc
3231 4387 3406 4443 Latini
3473 4402 3508 4443 a
3560 4398 3693 4444 satu

2097 4474 2422 4544 appellatum
2475 4473 2678 4543 ferunt,
2727 4477 2854 4546 quia
2906 4476 2974 4532 ad
3029 4478 3203 4550 ipsum
3259 4479 3400 4534 satio
3437 4478 3694 4534 onmium

2097 4571 2368 4641 pertineat
2405 4586 2585 4626 rerum
2617 4588 2631 4638 ;
2660 4571 2742 4626 vel
2774 4588 2804 4626 a
2856 4572 3114 4643 temporis
3137 4571 3492 4643 longitudine,
3537 4571 3692 4642 quod

2095 4672 2373 4718 saturetur
2418 4663 2596 4719 annis.
2647 4665 2799 4720 Unde
2847 4673 2903 4721 et
2949 4681 3072 4720 eum
3128 4665 3302 4721 Graeci
3351 4663 3544 4740 Χρόνος
3589 4681 3696 4722 no-

2097 4767 2220 4808 men
2252 4753 2454 4808 habere
2488 4754 2697 4819 dicunt,
2731 4755 2785 4812 id
2819 4763 2902 4812 est
2925 4765 3156 4826 tempus.
3181 4753 3336 4822 Quod
3383 4755 3528 4810 ﬁlios
3555 4771 3695 4814 suos

2098 4845 2268 4901 fertur
2297 4847 2607 4911 devorasse,
2640 4847 2744 4903 hoc
2783 4855 2868 4904 est
2907 4864 3100 4914 annos,
3131 4864 3268 4918 quos
3317 4857 3532 4918 tempus
3556 4863 3694 4919 pro-

2097 4937 2332 5006 duxerit,
2385 4939 2436 4993 in
2473 4954 2532 4995 se
2572 4940 2833 5006 revolvit;
2872 4941 2958 4996 vel
2985 4956 3050 4996 eo
3095 4941 3237 5010 quod
3279 4941 3510 5004 semina,
3540 4940 3694 4995 unde

2099 5029 2373 5096 oriuntur,
2423 5029 2673 5085 redeunt.
2712 5031 2865 5086 llunc
2898 5031 3032 5086 (Ζωιὶ
3067 5031 3238 5100 patris
3261 5029 3560 5086 abscidisse
3593 5045 3692 5102 ge-

2099 5117 2289 5174 nitalia
2353 5117 2584 5173 dicunt:
2629 5121 2754 5190 quia
2802 5121 2934 5176 nihil
2983 5123 3034 5175 in
3088 5120 3228 5176 cmlo
3267 5121 3332 5176 de
3377 5121 3693 5177 seminibus

2099 5212 2362 5266 nascitur.
2421 5210 2638 5268 Falcem
2716 5223 2862 5270 tenet
2909 5213 3227 5287 (inquiunt),
3263 5223 3490 5284 propter
3537 5215 3696 5285 agri-

2097 5301 2366 5356 culturam
2397 5303 2803 5374 signiﬁeandam
2836 5321 2852 5370 ;
2887 5305 2972 5360 vel
3009 5318 3229 5376 propter
3253 5320 3426 5360 annos
3451 5313 3509 5360 et
3546 5313 3697 5360 tem-

2098 5407 2250 5462 pora,
2305 5394 2448 5462 quod
2477 5394 2529 5448 in
2560 5411 2619 5450 se
2647 5396 2874 5451 redeant
2905 5413 2920 5462 ;
2951 5397 3035 5451 vel
3062 5406 3284 5470 propter
3331 5395 3689 5466 sapientiam,

2095 5481 2238 5553 quod
2267 5482 2412 5538 intus
2469 5493 2626 5541 acuta
2669 5486 2758 5542 sit.
2803 5485 2862 5542 In
2899 5487 3167 5558 aliquibus
3226 5496 3407 5544 autem
3443 5487 3696 5543 civitati-

2099 5572 2205 5629 bus
2229 5573 2464 5630 Saturno
2497 5575 2697 5633 liberos
2721 5592 2850 5634 suos
2878 5579 3018 5648 apud
3043 5579 3273 5650 gentiles
3300 5578 3690 5643 immolabant,

2101 5665 2246 5734 quod
2301 5664 2596 5722 Saturnum
2626 5677 2800 5740 poeta:
2833 5669 3036 5726 liberos
3070 5685 3198 5727 suos
3222 5669 3511 5726 devorasse
3546 5669 3692 5723 soli-

2101 5762 2212 5812 tum
2265 5753 2620 5813 tradiderunt.
2661 5757 2810 5814 Jovis
2835 5757 3006 5817 fertur
3035 5777 3064 5816 a
3093 5759 3330 5830 juvando
3369 5759 3570 5823 dictus,
3627 5768 3688 5814 et
